3974 6324
230 355 370 413 1M"!

937 367 940 370 ’
1016 354 1106 412 DE
1143 355 1531 415 SCHISMATE
1574 354 2107 414 DONATISTARUM
2148 357 2355 414 LIBER
2393 342 2719 416 TERTIUS.

3389 357 3528 416 1018

228 472 325 530 Dei
357 471 708 544 pertinaciter
731 471 1076 529 obstiterunt.
1113 473 1253 544 Ergo
1275 473 1470 529 videtis
1491 489 1517 527 a
1543 474 1747 546 Moyse,
1772 483 1827 529 et
1853 480 1905 543 Α
1928 472 2137 544 iudices
2160 515 2175 541 ,
2226 474 2424 531 bellum
2471 473 2780 531 Christiano
2828 472 3034 530 nomini
3071 472 3366 531 inferentes
3398 491 3413 529 :
3463 489 3533 531 ex

228 567 434 624 Pbinee
454 610 470 634 ,
498 570 560 622 et
580 567 695 622 Elia
716 608 730 633 ,
762 576 815 623 et
843 566 1095 633 Macario,
1120 568 1316 623 similia
1345 583 1467 624 esse
1494 566 1632 623 facta
1651 609 1666 635 ,
1698 568 1821 637 quia

225 661 294 716 ab
315 661 570 717 omnibus
598 661 757 716 unius
781 661 871 716 Dei
900 669 1167 733 praecepta
1198 670 1325 717 sunt
1353 660 1618 717 vindicata
1644 669 1689 715 α.
1717 660 1823 718 Sed

225 751 386 808 video
410 767 509 807 vos
540 751 644 807 hoc
672 752 791 807 loco
816 760 1058 823 tempora
1087 762 1403 823 separantes
1429 794 1444 820 ,
1484 761 1543 808 ut
1572 750 1675 807 alia
1703 752 1821 808 fue-

222 845 335 900 rint
381 853 625 914 tempora
676 855 802 900 ante
832 845 1181 917 Evangelintn
1209 887 1225 910 ,
1271 846 1372 900 alia
1422 854 1543 916 post
1569 846 1820 917 Evangco

221 937 393 994 lium:
444 938 497 994 in
530 954 636 1009 quo
665 939 889 1010 potestis
913 938 1096 995 dicere
1118 981 1133 1005 ,
1166 940 1285 1010 quia
1315 940 1575 1011 scriptum
1609 949 1692 995 est
1717 982 1732 1007 ,
1765 948 1824 995 ut

220 1049 252 1089 a
283 1036 450 1091 Petro
471 1034 583 1105 jam
611 1033 822 1105 gladius
844 1032 1195 1100 conderetur,
1219 1048 1326 1105 quo
1347 1034 1646 1089 auriculam
1674 1033 1823 1089 servi

218 1128 520 1184 sacerdotis
563 1128 861 1183 abstulerat
890 1127 1108 1202 (Matth.
1144 1129 1313 1196 xxvr),
1346 1143 1506 1199 quem
1533 1126 1562 1166 δ
1605 1143 1821 1184 servum

217 1228 473 1291 potuerat
497 1220 650 1292 quasi
672 1219 902 1276 devotus
923 1220 1119 1276 Petrus
1141 1220 1418 1277 occidere:
1445 1220 1539 1277 sed
1561 1219 1641 1293 (4)
1664 1221 1820 1277 Chri-

216 1323 339 1369 stus
379 1313 487 1384 pati
516 1314 783 1379 venerat',
821 1327 929 1370 non
958 1313 1196 1370 defendi.
1249 1314 1328 1386 (5)
1360 1314 1428 1370 Et
1457 1314 1502 1369 si
1526 1315 1818 1386 cogitatum

216 1418 374 1462 suum
410 1405 599 1462 Petrus
630 1405 921 1477 impleret,
955 1406 1006 1461 in
1036 1406 1291 1477 passione
1313 1404 1514 1461 Christi
1542 1405 1820 1462 videretur
1866 1452 1877 1465 .

214 1512 413 1555 servus
438 1498 719 1563 vindicari,
751 1513 858 1553 non
890 1500 1121 1570 potiulus
1148 1497 1368 1555 liberari
1397 1510 1440 1555 ε.

290 1590 427 1647 Vlll.
465 1591 755 1647 Macarium
800 1593 902 1647 non
943 1609 1093 1664 posse
1133 1592 1237 1677 diei
1269 1600 1642 1662 persecutorem
1667 1634 1683 1661 ,
1729 1609 1821 1648 nec

214 1701 303 1741 eos
328 1688 416 1756 qui
445 1686 509 1741 ab
541 1687 631 1742 illo
656 1686 795 1759 plezi
838 1697 956 1741 sunt
1004 1697 1255 1759 martyres
1299 1688 1553 1759 appellari
1581 1730 1595 1753 ,
1646 1696 1821 1759 utpote

211 1782 362 1853 pacis
389 1783 648 1836 inimicos.
674 1811 748 1823 —
774 1780 908 1837 Nam
953 1792 1006 1838 et
1034 1782 1299 1837 Macarius
1325 1782 1563 1854 gladium
1593 1794 1633 1834 ai
1654 1780 1819 1839 Petro

1931 568 2126 639 quibus
2172 568 2224 623 in
2275 569 2550 640 provincia
2584 569 2957 640 proconsulari
2991 569 3139 642 (ante
3170 583 3342 624 annos
3376 583 3535 625 sexa-

1928 663 2073 734 ginta
2101 672 2155 718 et
2180 663 2321 732 quod
2349 664 2589 719 excurrit
2618 663 2667 736 θ)
2701 663 2872 720 fuerat
2897 661 3253 731 Annlinns,in
3285 662 3533 719 Numidia

1931 753 2151 810 Florus.
2177 755 2448 811 Omnibus
2479 765 2664 811 notum
2697 765 2813 825 est,
2848 755 2974 826 quid
2999 770 3186 812 eorum
3212 767 3436 828 operata
3462 756 3534 813 sit

1928 849 2219 904 artiﬁciosa
2265 848 2610 905 crudelitas:
2660 848 2916 905 saeviebat
2962 849 3162 908 bellum
3210 848 3534 906 Christianis

1929 939 2230 1007 indictum;
2287 941 2340 996 in
2375 942 2592 1011 templis
2618 941 3006 998 dmmoniorum
3038 941 3286 1000 diabolus
3330 943 3525 999 trium-

1929 1033 2168 1104 phabat;
2220 1034 2511 1089 immundis
2558 1033 2839 1090 fumabant
2868 1050 2976 1090 arte
3006 1034 3323 1102 nidoribus;
3361 1035 3442 1109 (7)
3475 1043 3532 1092 et

1928 1126 2053 1196 quia
2082 1125 2149 1180 ad
2179 1126 2459 1198 sacrilegia
2487 1126 2597 1201 65
2625 1126 2811 1183 venire
2843 1141 2951 1182 non
2982 1135 3252 1197 poterant,
3286 1127 3533 1185 ubicum-

1927 1238 2033 1292 que
2081 1224 2206 1279 thus
2252 1237 2459 1292 ponere
2488 1222 2842 1295 cogebantur.
2893 1220 3084 1276 Omnis
3115 1221 3263 1277 locus
3292 1221 3371 1293 (8)
3398 1229 3534 1277 tem-

1928 1316 2071 1388 plum
2096 1326 2211 1373 erat
2239 1316 2304 1372 ad
2336 1316 2516 1372 scelus
2544 1314 2587 1372 ί.
2638 1315 3062 1386 lnqninabantur
3105 1330 3271 1386 prope
3297 1315 3533 1372 morien-

1927 1417 2007 1463 tes
2038 1424 2229 1464 seues:
2258 1407 2515 1480 ignorans
2547 1407 2886 1478 pollnebatur
2913 1392 3175 1469 infantia;
3207 1422 3236 1461 a
3262 1406 3527 1463 matribus

1927 1501 2139 1572 parvuli
2159 1512 2184 1549 ϐ
2215 1501 2574 1572 portabantur
2601 1500 2667 1557 ad
2696 1502 2847 1556 nefas
2873 1517 2886 1567 ;
2924 1486 3177 1572 parentes
3205 1500 3485 1556 incruenta
3504 1497 3532 1538 ιλ

1926 1593 2213 1665 parricidia
2246 1594 2423 1650 facere
2452 1594 2825 1665 cogebantur:
2857 1593 2946 1648 alii
2977 1593 3309 1665 cogebantur
3337 1591 3355 1631 ί
3389 1604 3528 1649 tem-

1925 1687 2012 1757 pla
2040 1687 2139 1742 Dei
2171 1687 2275 1741 vivi
2307 1687 2624 1742 subvertere
2652 1702 2666 1752 ;
2716 1685 2804 1740 alii
2835 1683 3111 1740 Christum
3145 1700 3385 1756 negare;
3434 1684 3526 1740 alii

1924 1782 2070 1855 leges
2095 1783 2305 1838 divinas
2338 1780 2668 1849 incendere;
2719 1779 2807 1834 alii
2856 1782 3013 1834 thura
3048 1793 3272 1849 ponere.
3320 1778 3526 1833 ﬂorum

213 1877 413 1946 vagina
438 1873 713 1929 conditum
748 1889 855 1930 non
889 1874 1090 1930 eduxit.
1125 1875 1239 1932 Hoc
1268 1876 1461 1946 probat
1492 1876 1651 1943 Deus,
1686 1875 1814 1930 dum
1848 1897 1893 1957 Β
1924 1877 2123 1943 aliquid
2152 1892 2179 1930 a
2211 1875 2444 1930 Macario
2474 1874 2673 1930 factum
2703 1888 2825 1929 esse
2853 1915 2867 1940 ,
2919 1887 3020 1928 nec
3053 1887 3154 1928 vos
3182 1872 3282 1943 ipsi
3313 1870 3525 1926 conﬁne

210 1967 281 2024 ad
312 1968 507 2025 vallem
537 1968 668 2026 Sion
699 1968 938 2040 loquitur
966 1969 1192 2025 dicens:
1237 1968 1492 2024 uulnerati
1520 1970 1573 2023 in
1601 1980 1678 2036 te,
1710 1985 1814 2024 non

209 2061 475 2116 uulnerati
504 2061 679 2135 gladio
711 2061 884 2133 (Esai.
911 2078 1044 2127 χχιι,
1071 2061 1130 2134 2)
1158 2079 1172 2116 :
1204 2071 1295 2116 aut
1326 2063 1550 2132 probate
1582 2062 1813 2132 aliquem

209 2156 313 2212 illo
365 2166 609 2228 tempore
650 2156 832 2228 gladio
875 2172 999 2212 esse
1044 2170 1405 2228 percussum:
1452 2155 1650 2212 deinde
1699 2157 1813 2212 ait:

211 2250 411 2305 mortui
437 2251 491 2305 in
516 2259 565 2305 te
586 2292 601 2317 ,
658 2266 761 2304 non
792 2246 979 2308 mortui
1006 2251 1059 2304 in
1085 2249 1235 2305 bello.
1286 2250 1467 2318 Quare
1495 2250 1703 2305 debetis
1730 2258 1815 2306 at-

208 2343 463 2410 tendere,
494 2359 563 2399 ne
592 2344 936 2400 temerarium
963 2345 1066 2411 sit,
1100 2358 1197 2400 eos
1224 2353 1488 2416 martyres
1519 2344 1813 2415 appellare,

206 2440 308 2509 qui
339 2438 419 2511 (6)
444 2437 871 2495 Christianorum
900 2440 1103 2495 nullum
1132 2440 1409 2495 senserint
1439 2438 1665 2494 bellum.
1696 2437 1814 2494 Non

204 2531 360 2586 enim
392 2531 499 2586 tale
527 2532 729 2603 aliquid
756 2532 958 2587 factum
980 2538 1082 2587 aut
1111 2532 1354 2587 auditum
1398 2540 1481 2586 est
1506 2573 1521 2597 ,
1568 2531 1711 2602 quod
1758 2531 1812 2586 in

202 2623 364 2680 bello
388 2623 815 2680 Christianorum
848 2624 954 2681 dici
985 2634 1076 2681 aut
1104 2625 1220 2681 fieri
1250 2625 1467 2680 solitum
1500 2632 1584 2680 est
1612 2642 1625 2677 :
1670 2624 1812 2695 quod

203 2715 420 2772 bellum
455 2718 761 2787 persecutio
787 2717 1014 2784 dicitur,
1044 2732 1163 2788 qum
1189 2725 1409 2786 cperata
1441 2725 1523 2771 est
1553 2716 1654 2771 sub
1682 2715 1818 2771 dua-

202 2810 319 2867 bus
366 2810 553 2865 bestiis
598 2825 664 2867 ex
716 2811 822 2867 illis
869 2819 1130 2882 quatuor,
1180 2824 1314 2880 quas
1342 2809 1532 2863 Daniel
1568 2809 1637 2864 de
1681 2810 1816 2864 mari

201 2903 575 2959 ascendentes
598 2902 814 2972 aspexit
837 2899 1068 2974 (Daniel.
1091 2901 1212 2972 vn).
1230 2901 1409 2955 Prima
1439 2900 1537 2955 fuit
1566 2911 1622 2955 ut
1644 2896 1672 2937 ἀ
1701 2902 1815 2956 leo:

203 2995 335 3051 lucc
364 3005 484 3052 erat
511 2997 816 3068 persecutio
845 2996 946 3051 sub
974 2995 1141 3053 Decio
1169 3004 1223 3051 et
1251 2986 1561 3051 Vsileriano.
1609 2993 1820 3051 Secun-

204 3087 315 3157 da,
365 3096 424 3143 ut
454 3103 644 3145 ursus:
697 3089 799 3143 alia
833 3088 1168 3159 persecutio,
1197 3103 1316 3159 quas
1344 3089 1441 3143 fuit
1468 3088 1569 3143 sub
1602 3089 1814 3144 Diocle-

206 3181 367 3237 tiano
408 3192 464 3237 et
492 3180 851 3237 Maximiano:
900 3195 1007 3251 quo
1036 3189 1279 3251 tempore
1326 3180 1545 3235 fuerunt
1578 3189 1635 3236 et
1667 3182 1819 3251 impii

1920 1985 2050 2041 gere
2082 1969 2348 2039 poteritis.
2379 1968 2488 2023 Sub
2516 1978 2859 2038 persecutore
2886 1965 3052 2022 Floro
3077 1964 3372 2020 Christiani
3408 1962 3529 2020 ido-

1921 2063 2097 2117 lorum
2127 2062 2460 2130 cogebantur
2490 2060 2555 2114 ad
2586 2060 2782 2130 templa
2809 2076 2825 2113 :
2881 2055 2960 2131 (9)
2994 2057 3096 2113 sub
3124 2057 3358 2113 Macario
3388 2056 3526 2128 pigri

1921 2157 2387 2227 compellebantur
2429 2152 2496 2210 ad
2523 2154 2846 2219 Basilicam;
2901 2152 3004 2208 sub
3032 2151 3197 2208 Floro
3222 2150 3527 2220 dicebatur,

1924 2258 1983 2304 ut
2007 2248 2123 2325 (l0)
2156 2260 2445 2319 negaretur
2472 2246 2723 2303 Christus
2748 2254 2803 2301 et
2834 2245 2975 2301 idola
3007 2253 3351 2316 rogarentur.
3381 2241 3528 2298 Con-

1924 2354 2003 2398 tra
2050 2343 2150 2398 sub
2196 2341 2434 2397 Macario
2483 2339 2974 2396 commonebantur
3017 2352 3248 2403 omnes,
3296 2345 3356 2392 ut
3386 2336 3530 2392 Deus

1923 2450 2060 2489 unus
2086 2436 2292 2504 pariter
2316 2434 2366 2487 in
2386 2432 2629 2487 Ecclesia
2654 2432 2722 2486 ab
2742 2432 2993 2485 omnilms
3015 2439 3319 2501 rogaretur.
3351 2428 3516 2499 Ergol

1921 2543 2042 2583 cum
2070 2526 2300 2581 videatis
2329 2525 2767 2581 Christianorum
2820 2524 3027 2579 nullum
3074 2523 3242 2579 fuisse
3291 2522 3525 2591 bellum,

1921 2633 1976 2681 et
2027 2624 2145 2678 sine
2210 2622 2357 2677 bello
2426 2620 2639 2692 aliquos
2717 2629 2962 2674 mortuos
3022 2632 3144 2674 esse
3190 2632 3527 2673 commemo-

1921 2726 2003 2772 rat
2030 2710 2203 2783 Deus,
2251 2731 2372 2771 cunt
2419 2714 2581 2780 dicit,
2628 2722 2674 2766 et
2714 2712 2901 2765 mortui
2940 2713 2993 2765 in
3037 2719 3086 2765 te
3110 2726 3213 2764 non
3237 2710 3427 2764 mortui
3470 2710 3525 2763 in

1921 2809 2055 2865 bello
2078 2826 2097 2864 :
2146 2818 2201 2864 et
2246 2807 2440 2863 dubios
2469 2812 2736 2877 martyres
2764 2818 2923 2874 posse
2951 2817 3047 2858 eos
3070 2817 3192 2858 esse
3214 2843 3229 2867 ,
3281 2800 3372 2871 qui
3412 2815 3522 2857 non

1923 2902 2031 2957 sint
2059 2901 2141 2957 vel
2170 2900 2237 2955 ad
2267 2915 2418 2955 sacra
2452 2898 2711 2968 sacrilega
2742 2896 3039 2966 provocati,
3074 2894 3159 2949 vel
3191 2893 3257 2948 ad
3288 2894 3523 2948 immun-

1923 3000 1989 3052 da
2019 2996 2265 3060 incensa,
2299 2994 2384 3049 vel
2415 2992 2481 3048 ad
2515 2991 2857 3064 negationem
2892 2989 3127 3044 nominis
3157 2987 3290 3043 Dei:
3324 2997 3377 3042 et
3402 3002 3525 3042 cum

1924 3088 1989 3143 ad
2017 3086 2336 3160 martyrium
2365 3101 2471 3141 non
2498 3085 2569 3141 sit
2600 3084 2858 3140 transitus
2887 3125 2901 3150 ,
2953 3082 3055 3138 nisi
3098 3097 3195 3153 per
3223 3080 3525 3136 confessio—

1925 3197 2073 3250 nem,
2096 3179 2371 3253 quomodo
2392 3177 2576 3235 dicitis
2602 3185 2872 3249 martyres
2894 3175 2984 3246 qui
3015 3189 3123 3230 non
3154 3172 3370 3228 fuerunt
3396 3185 3528 3227 con-

447 3362 453 3367 ,
1457 3295 1840 3352 LECTIONES
1868 3295 2286 3354 VARIANTES.

274 3392 303 3423 "
331 3390 411 3441 Ita
436 3392 484 3440 in
499 3404 593 3455 ms.
620 3390 672 3455 8.
694 3390 756 3442 G.
780 3390 839 3441 In
862 3402 974 3440 mss.
1002 3389 1054 3440 8.
1080 3388 1140 3440 Τ.
1163 3388 1221 3440 ‘et
1253 3388 1313 3440 P.
1337 3388 1389 3439 8.
1420 3387 1562 3441 unius
1588 3386 1680 3440 Dei
1704 3402 1820 3455 pro-
1847 3392 1893 3455 (ζ
1993 3389 2014 3430 f
2042 3390 2099 3440 In
2115 3403 2239 3455 ,mss.
2266 3391 2320 3441 8.
2340 3388 2436 3439 Th.
2460 3394 2510 3438 et
2534 3387 2627 3437 Ph.
2654 3386 2708 3438 S.
2749 3384 2984 3439 Omnibus
3018 3383 3139 3437 locis
3174 3381 3401 3450 templum
3425 3389 3532 3436 erat

204 3467 368 3507 cessa
383 3460 496 3506 sunt
517 3452 758 3506 vindicat.

272 3541 305 3581 b
334 3539 394 3590 In
410 3553 502 3590 ms.
529 3541 583 3590 8.
607 3539 669 3590 Τ.
691 3551 819 3604 quae.
839 3538 898 3588 In
918 3539 1081 3597 editis,
1100 3551 1212 3604 quo.

274 3627 302 3655 ε
330 3623 391 3674 In
415 3637 532 3674 mss.
559 3622 613 3685 8.
635 3622 694 3674 Τ.
718 3632 768 3674 et
790 3623 850 3685 Ρ.
875 3624 929 3673 8.
952 3625 1013 3673 Et
1045 3622 1304 3685 cogitatum
1335 3634 1489 3685 suum
1513 3623 1694 3685 Petrus
1728 3618 1824 3671 im-

202 3686 428 3752 plerein
452 3684 676 3752 passione
697 3683 880 3738 Christi
923 3681 1133 3748 videtur,
1181 3692 1225 3737 et
1254 3698 1419 3738 servus
1441 3681 1704 3748 vindicari,
1729 3696 1824 3736 non

202 3747 425 3815 papulas
444 3747 664 3802 liberari.

271 3834 305 3876 ει
331 3834 558 3887 Deestin
576 3847 695 3885 mss.
716 3834 770 3886 S.
795 3834 855 3884 Τ.
883 3838 936 3884 et
956 3833 1012 3884 P.
1039 3834 1093 3883 S.

275 3904 305 3933 ι’
331 3897 393 3950 In
411 3911 503 3949 ms.
528 3897 584 3950 S.
606 3897 666 3951 G.
690 3908 844 3962 prope
859 3894 1181 3964 septuaginta.

1925 3459 2008 3506 aut
2026 3450 2200 3505 scelus.

1992 3518 2018 3557 ε
2044 3516 2099 3567 In
2124 3530 2240 3566 mss.
2265 3515 2319 3566 8.
2344 3513 2405 3565 Τ.
2430 3521 2485 3563 et
2505 3513 2566 3563 P.
2588 3513 2643 3564 8.
2667 3510 2808 3575 parvi
2829 3508 2987 3563 liberi.

1988 3578 2020 3619 ιι
2039 3578 2096 3629 In
2119 3593 2210 3629 ms.
2237 3579 2292 3629 S.
2312 3577 2373 3627 'l‘.
2394 3581 2632 3635 cruenta;
2654 3574 2742 3625 sed
2768 3574 2965 3639 omnino
2991 3585 3271 3639 perperam.

1993 3642 2010 3682 ί
2044 3641 2099 3692 In
2119 3655 2233 3693 mss.
2258 3643 2310 3691 S.
2337 3639 2482 3704 'l‘._e_t
2494 3639 2545 3689 S.
2568 3638 2635 3704 G._
2650 3635 2962 3704 urgebantur.

1993 3706 2008 3757 i
2045 3704 2163 3754 Haec
2187 3718 2237 3754 ιι.
2280 3716 2345 3754 ue
2360 3702 2419 3752 ad
2438 3700 2520 3752 illa
2538 3696 2855 3761 verba,'mart
2891 3712 2972 3750 res
2988 3710 3091 3750 esse
3109 3696 3393 3761 uultis,quae
3409 3696 3531 3747 dee-

1993 3774 2038 3811 nt
2060 3768 2110 3811 in
2133 3717 2355 3811 emimus
2381 3766 2546 3811 editis.
2587 3772 2639 3811 et
2660 3766 2836 3811 omissa
2856 3712 3049 3811 inerant
3087 3762 3136 3811 in
3172 3774 3287 3809 mss.
3315 3762 3368 3810 S.
3394 3760 3454 3810 'l'.
3478 3767 3530 3810 et

1924 3774 2038 3818 rant
2060 3768 2111 3816 iu
2133 3760 2355 3817 omnibus
2381 3766 2546 3824 editis,
2587 3772 2639 3812 et
2660 3766 2836 3812 omissa
2856 3760 3049 3812 fuerant
3087 3762 3136 3811 in
3172 3774 3287 3809 mss.
3315 3762 3368 3810 8.
3394 3760 3454 3810 'l‘.
3478 3767 3530 3810 et

1924 3830 1983 3880 P.
2011 3832 2065 3881 S.
2090 3829 2427 3892 supplevimus
2449 3840 2511 3878 ex
2537 3841 2628 3878 ms.
2654 3827 2708 3876 8.
2736 3825 2798 3877 G.
2822 3838 2935 3890 quae
2970 3825 3187 3887 genuina
3227 3835 3340 3874 esse
3382 3835 3531 3873 nemo

1925 3900 2088 3957 potest
2105 3893 2380 3956 ambigere.

1538 3996 1901 4056 VABIORUM
1938 3997 2165 4054 NOTAE.

282 4095 378 4175 (4)
411 4098 520 4175 διά
541 4097 779 4175 Christus
803 4107 1008 4153 uenerat
1038 4096 1165 4169 pati.
1199 4093 1625 4175 Respondebant
1644 4093 1821 4175 Dona-

205 4165 369 4229 tistae'
391 4171 776 4240 distinguenda
803 4184 925 4225 esse.
958 4165 1204 4239 tempora
1225 4209 1240 4233 ,
1293 4178 1347 4240 et
1379 4176 1498 4240 post
1528 4165 1817 4240 adventum

203 4245 427 4300 Christi
457 4236 727 4298 neminem
761 4236 1250 4297 laedendnm'esse:
1300 4238 1645 4307 gladiumque
1671 4236 1817 4292 Petri

202 4320 475 4383 exemplo
499 4313 898 4371 recondendum
927 4328 1049 4368 esse
1075 4330 1089 4365 :
1134 4312 1332 4383 quibus
1359 4322 1548 4364 rursus
1574 4322 1808 4383 respon-

202 4391 303 4445 det
339 4379 604 4459 optatus,
647 4384 882 4459 gladium
925 4383 1142 4459 quidem
1176 4382 1391 4459 Petrum
1420 4379 1813 4459 recontlitlissc,

203 4461 341 4531 quia
374 4451 953 4531 oportebat'Cliristnm
980 4456 1116 4531 pati,
1140 4469 1245 4508 non
1273 4451 1521 4515 defendi;
1556 4452 1649 4505 sed
1682 4451 1813 4531 illud

202 4521 532 4599 exemplum
565 4530 700 4583 ultra
728 4526 926 4584 Christi
977 4521 1286 4599 passionem
1320 4539 1424 4579 non
1464 4536 1584 4578 esse
1613 4521 1815 4591 produ-

201 4603 476 4662 cendum.
510 4606 737 4657 Amissa.

284 4675 378 4750 (ὃ)
415 4671 492 4750 Δ1ἰί
530 4675 575 4727 si
604 4673 884 4750 cogitatum
912 4667 1447 4750 suunthett'usfetc.
1488 4664 1701 4750 .scrlh?
1723 4672 1817 4750 ac“.

202 4751 252 4804 si
288 4731 592 4817 ‘cagitatum
623 4731 692 4800 δῖ
713 4742 903 4817 Petrus
941 4742 1208 4817 impleret,
1260 4731 1314 4792 in
1359 4738 1599 4817 passione
1626 4731 1818 4817 Christi

201 4808 482 4875 viderEtur
519 4832 693 4871 seruus
731 4814 979 4869 vindicari
1000 4808 1025 4877 ,⁷
1063 4830 1166 4867 non
1209 4809 1429 4883 papulas
1461 4808 1692 4883 liberari.
1733 4809 1811 4883 Si,
1846 4823 1898 4883 D

202 4890 397 4962 inquit
424 4930 440 4953 ,
492 4888 686 4943 Petrus
731 4895 1021 4962 exsecutus
1053 4879 1217 4962 esset
1246 4879 1411 4962 q‘uotl_
1432 4896 1563 4962 suus
1590 4879 1642 4934 ei
1670 4880 1817 4962 zelus

203 4950 467 5018 dictabat
491 5004 505 5029 ,
540 4971 598 5014 ut
626 4973 847 5014 servum
885 4958 1034 5012 illum
1064 4950 1279 5009 scilicet
1297 4950 1571 5029 occideret
1595 4992 1609 5015 ,
1646 4951 1818 5029 potuit

202 5034 397 5090 videri
427 5020 677 5086 Christus
705 5044 897 5101 passus
929 5040 1199 5101 tamquam
1218 5040 1358 5101 _reus
1385 5023 1624 5101 caediset
1654 5020 1823 5076 homi-

203 5108 346 5163 cidii
405 5121 434 5156 a
492 5095 760 5172 discipulo
796 5095 1301 5172 commissiupotius
1348 5095 1823 5172 quam__innoeens

206 5195 315 5248 pro
350 5166 646 5231 sontibus:
681 5173 751 5229 M.
780 5170 1014 5229 Casaon.
1058 5166 1161 5225 Hic
1202 5169 1345 5223 locus
1373 5184 1405 5221 a
1430 5166 1576 5221 nobis
1610 5167 1820 5218 restitu-

203 5259 835 5393 ωἲὲἷιὶζιιήδιὶαηοηιηι
880 5314 1092 5370 bellum.
1144 5311 1536 5381 lmperatorum
1569 5321 1825 5380 persecu-

208 5395 459 5451 tiOuem.
505 5393 730 5445 ALBASP.

315 5467 381 5528 7)
412 5462 476 5516 Et
501 5464 641 5533 quia.
686 5462 751 5516 Et
778 5458 892 5529 qui.
925 5457 1138 5533 melius.
1179 5458 1441 5533 At,nasr._
1510 5523 1542 5533 __
1744 5504 1751 5509 .

314 5523 435 5591 laid.
467 5523 530 5588 Et
556 5534 678 5605 quia
706 5534 773 5586 ad
794 5523 945 5605 'sacru
964 5529 1236 5601 sacrilega,
1260 5538 1366 5582 etc.
1407 5523 1634 5605 ‘Scribo‘:
1659 5534 1704 5579 et
1727 5523 1815 5595 qui

205 5608 284 5662 ad
315 5623 475 5679 sacra
502 5596 764 5679 sacrilega
784 5602 954 5679 venire
972 5618 1073 5655 non
1104 5596 1329 5679 poterat,
1373 5596 1822 5679 ubiqueithusnpoj

204 5696 343 5736 nere
390 5677 475 5747 (id
505 5688 609 5742 est,
641 5666 887 5747 adolere,
919 5673 1042 5747 Ibus
1062 5666 1284 5747 oll‘erre,
1308 5678 1362 5747 et
1391 5666 1821 5747 ind_e_thuri[i_cati

206 5754 265 5808 in
303 5738 461 5805 illius
492 5738 751 5816 temporis
790 5738 1018 5799 bis-toria
1070 5740 1490 5816 decanta‘tissimi
1519 5739 1550 5816 )_
1580 5738 1820 5816 cogeba-

210 5836 333 5879 tur.
372 5822 564 5877 blorbo
585 5810 669 5874 vel
696 5827 856 5888 aetate
877 5816 1157 5888 confectos
1178 5824 1234 5888 et.
1262 5813 1509 5888 xlttglpttc
1540 5810 1783 5888 intelligit
1805 5826 1821 5874 ;

1923 4094 2102 4161 Quare
2130 4094 2302 4149 miror
2321 4105 2648 4163 quemquam
2681 4091 2819 4163 adeo
2841 4088 3188 4163 invenustum
3218 4083 3408 4150 fuisse,
3430 4084 3522 4163 qui

1923 4154 2163 4222 Veterem
2193 4154 2523 4228 lectionem;
2562 4162 2808 4233 templum
2833 4169 2941 4215 erat
2968 4170 3057 4215 aut
3085 4157 3252 4214 scelus
3269 4198 3285 4224 ,
3310 4154 3532 4227 prafer-

1890 4264 1895 4267 -
1922 4249 2027 4293 ret.
2074 4237 2143 4292 Μ.
2175 4237 2406 4292 Caseus.

1995 4310 2074 4381 (8)
2108 4307 2378 4381 Templum
2414 4315 2524 4362 erat
2568 4306 2639 4359 ad
2666 4306 2856 4361 scelus.
2886 4303 2997 4360 Aut
3039 4305 3219 4361 scelus
3252 4318 3265 4355 :
3312 4297 3529 4355 melius.

1921 4381 2152 4436 ALBASP.
2180 4380 2293 4433 lino
2316 4394 2602 4449 perperam.

1994 4473 2133 4528 Ibid.
2168 4471 2437 4541 Templum
2468 4482 2573 4525 erat
2603 4471 2670 4526 ad
2707 4470 2890 4525 scelus.
2926 4468 3195 4541 Templum
3219 4466 3418 4537 Optato
3445 4477 3531 4523 est

1925 4551 2106 4618 {unum
2129 4538 2608 4619 gentis‘itlololatrte
2627 4586 2641 4607 ,
2669 4557 2837 4619 supra
2861 4542 2953 4619 lib.
2987 4556 3023 4595 ιι
3054 4558 3067 4593 :
3103 4538 3240 4619 Nam
3270 4541 3529 4619 prioribus

1924 4611 1979 4671 ut
2009 4611 2198 4687 templa
2218 4615 2618 4687 fabricaretttur,
2651 4624 2697 4668 et
2726 4612 2870 4668 idola
2888 4613 3089 4682 ﬁerent.
3121 4612 3252 4667 lletn
3286 4611 3381 4667 lib.
3401 4612 3525 4668 eod.

1925 4698 1981 4745 et
2005 4689 2101 4744 lib.
2136 4704 2211 4741 vt.
2244 4686 2462 4741 lucens.

1998 4780 2079 4853 (9)
2104 4777 2485 4853 SubJMacario
2506 4777 2643 4853 pigri
2669 4775 3123 4853 compellabantur,
3155 4783 3258 4830 etc.
3290 4774 3404 4830 Non
3438 4773 3527 4829 hic

1924 4848 2097 4926 pigros
2114 4851 2382 4926 intelligit,
2398 4850 2487 4919 qui
2509 4849 2867 4926 negligentius
2889 4848 3148 4926 ecclesias
3174 4857 3227 4902 et
3248 4856 3421 4926 eteius
3445 4860 3529 4900 ec-

1923 4916 2256 4982 cissiasticos
2283 4916 2718 4989 frequentabant,
2746 4921 2839 4975 sed
2864 4919 3267 4986 schismatieos,
3285 4916 3530 4986 aliosque

1924 4998 2012 5069 qui
2050 4994 2500 5069 nonAnegligentia
2537 4992 2855 5069 pecgbant,
2887 4992 2979 5045 sed
3008 4990 3241 5069 consilio
3264 4996 3354 5069 aut
3380 4999 3530 5045 crrto

1929 5062 2107 5140 potius
2152 5062 2365 5140 furore,
2416 5074 2590 5140 omnis
2638 5063 3059 5140 CatlioliCortmt,
3093 5064 3263 5140 quasi.
3291 5062 3532 5131 impurus
3604 5124 3609 5129 _

1929 5134 1982 5193 et
2032 5139 2359 5208 inquinatos,
2407 5135 2646 5190 vitabant
2693 5144 2747 5189 et
2790 5134 3203 5208 aversabantur,
3252 5134 3318 5208 in_
3358 5146 3531 5208 eoque

1930 5204 2229 5281 religionis
2253 5223 2357 5262 nun
2396 5209 2672 5261 minimam
2722 5206 3264 5281 partentgponebant.
3298 5204 3379 5281 lla
3420 5204 3528 5257 Do-

1936 5275 2145 5337 natista:
2190 5278 2498 5352 Catholicos
2555 5275 2736 5352 pigros
2775 5290 2825 5332 ct
2860 5275 3291 5352 ipsizocaliant.
3338 5275 3531 5352 Noster

1933 5354 2026 5409 lib.
2061 5369 2145 5407 v1:
2174 5362 2220 5406 et
2244 5350 2519 5427 residentes
2546 5347 2742 5404 in'sinu
2774 5350 2953 5427 matris
2996 5347 3242 5403 Ecclesia:
3267 5347 3416 5427 quasi
3433 5347 3526 5427 pi-

1932 5442 2050 5498 gros
2077 5424 2315 5498 etturdos
2344 5431 2606 5498 accusant,
2639 5432 2771 5498 (ξιον
2799 5416 3002 5498 _vi_tlc'et
3028 5434 3187 5498 supra
3202 5417 3279 5498 ‘atl
3299 5418 3400 5472 ista
3433 5416 3527 5498 lib.

1931 5490 1968 5553 ῖι
1996 5514 2011 5552 :
2046 5496 2229 5551 inertia
2253 5511 2285 5548 a
2310 5493 2627 5566 confessione
2652 5492 2742 5546 Dei
2775 5491 3018 5617 delapsi;
3046 5490 3389 5616 lltt‘uriﬁcasse,
3416 5496 3524 5544 etc.

3020 5602 3033 5615 .
3098 5576 3300 5616 .Asaun.

3020 5602 3033 5615 .
3070 5563 3300 5616 (lassus.

1996 5659 2111 5735 (10)
2152 5656 2741 5735 Negaretur_C_ltrislus,
2772 5665 2835 5735 “rt
2882 5654 3031 5735 Idot_u
3062 5665 3382 5728 rogarentur.
3413 5653 3527 5735 Alio-

1925 5727 2047 5806 gare
2075 5727 2429 5806 éstgatlorare.
2459 5729 2596 5784 Infra
2644 5727 2907 5806 ltocjiltru
2935 5744 2949 5782 ί
2981 5727 3359 5806 Testamentum
3390 5727 3521 5806 diri-

1927 5797 2050 5860 ;tum
2081 5804 2294 5875 legimus
2314 5804 2524 5873 pariter,
2554 5817 2712 5875 un_um
2736 5800 2898 5855 Deum
2922 5816 3162 5875 rogamus
3209 5799 3340 5854 ltetn
3368 5818 3381 5852 :
3422 5797 3528 5852 Ρα-

209 5870 606 5966 ἦῐὶιίεέὀίιῖίὶεέ
625 5870 799 5946 causa
821 5887 969 5966 domi
1002 5884 1289 5966 retinebat.
1352 5870 1507 5941 υἱιάέ
1548 5870 1826 5966 eleganter
1928 5870 2459 5966 ganum'u‘oc'asfum,
2483 5876 2572 5946 qui
2600 5870 2766 5929 Deum
2796 5888 2885 5944 per
2907 5870 3073 5944 [ilium
3103 5874 3215 5946 ejus
3241 5882 3360 5929 ante
3378 5886 3528 5927 aram

214 5946 400 6023 “rfert
426 5946 682 6035 Optatus:
715 5959 880 6017 omnis
918 5959 1059 6015 locus
1102 5946 1347 6027 templum
1374 5966 1487 6011 erat
1536 5954 1606 6011 ad
1632 5946 1819 6010 Ecclus.

1930 5946 2205 6020 rogaverit.
2231 5946 2449 6001 Iscsar.
