3974 6324
460 313 599 373 1019

1636 309 1883 373 ειηοτι
1917 309 2172 375 οΡτΑτι
2212 311 2519 377 EPISCOPI

3606 329 3735 389 1020

458 436 715 505 fessores,
745 442 838 495 aut
861 433 984 507 quis
1010 445 1202 489 eorum
1230 444 1429 503 negare
1456 438 1678 489 coactus
1702 436 1809 496 est,
1837 437 1893 487 et
1919 444 2047 487 con-
2076 433 2130 499 Α
2156 438 2241 487 tus
2268 429 2416 489 orbis
2446 430 2517 488 de
2547 432 2754 491 unitate
2783 430 3119 503 Catholica°,
3148 444 3350 509 praeter
3369 448 3578 511 partem
3609 446 3736 501 Afri-

461 528 639 586 fessus
662 536 748 585 est
774 525 1093 587 Christum?
1138 524 1193 583 Si
1226 524 1392 597 igitur
1419 538 1519 581 nec
1548 522 1899 596 martyrium,
1930 524 2052 581 sine

460 619 659 679 Christi
704 620 939 679 nominis
981 617 1324 677 confessione
1372 632 1495 675 esse
1526 625 1709 689 potest
1734 656 1750 683 ,
1799 624 1854 673 et
1892 629 2052 673 nemo

459 715 742 779 confessus
768 723 872 781 est,
896 722 951 773 et
976 713 1030 770 in
1055 713 1288 770 vindicta
1316 720 1709 784 praeceptorum
1730 709 1828 767 Dei
1852 708 2052 771 factum

458 820 564 879 est,
594 809 738 884 quod
773 808 971 869 factum
997 823 1121 866 esse
1149 807 1353 873 dicitis,
1384 814 1441 864 et
1465 820 1495 860 a
1526 805 1681 861 nobis
1706 803 1903 859 factum
1933 817 2054 860 esse

458 903 659 979 aliquid
684 918 790 960 non
815 902 1076 975 probatis,
1099 916 1220 959 cum
1249 900 1302 959 id
1327 899 1470 972 quod
1491 898 1689 955 factum
1708 906 1816 964 est,
1834 906 1888 955 et
1913 896 2054 955 Deus

461 997 660 1055 dixerit
686 996 768 1054 sic
796 996 1034 1055 futurum
1063 1008 1204 1061 esse,
1238 1004 1293 1050 et
1318 993 1438 1065 ejus
1466 1000 1593 1049 sunt
1616 990 1885 1048 vindicata
1918 1005 2055 1061 prte-

458 1100 653 1163 cepta:
701 1090 879 1146 videte
906 1104 977 1147 ue
1007 1103 1114 1145 non
1151 1087 1327 1143 solum
1359 1100 1555 1145 vanum
1581 1126 1597 1155 ,
1642 1083 1739 1142 sed
1768 1084 1933 1140 etiam
1962 1099 2055 1139 su-

460 1183 830 1256 perstitiosum
877 1182 948 1239 sit
993 1181 1112 1239 sine
1161 1179 1305 1235 bello
1332 1189 1576 1241 mortuos
1607 1178 1680 1241 ibi
1730 1192 1932 1245 ponere
1962 1176 2053 1234 ubi

460 1285 618 1345 sunt,
645 1276 736 1347 qui
767 1276 820 1331 in
849 1273 1124 1332 Christum
1156 1273 1384 1330 confessi
1415 1287 1512 1344 pro
1544 1272 1636 1331 Dei
1670 1272 1892 1328 nomine
1917 1270 2052 1327 mori

460 1376 751 1439 potuerunt
781 1384 795 1423 :
841 1378 933 1422 aut
957 1368 1002 1424 si
1033 1382 1129 1424 eos
1154 1376 1419 1440 martyres
1447 1380 1567 1421 esse
1595 1365 1790 1432 vultis,
1828 1364 2055 1435 probate

461 1462 584 1517 illos
610 1476 822 1517 amasse
854 1476 1041 1532 pacem
1066 1500 1081 1525 ,
1133 1460 1186 1516 in
1214 1475 1318 1530 qua
1346 1459 1517 1530 prima
1548 1467 1675 1515 sunt
1704 1456 2053 1517 fundamenta

460 1552 744 1626 martyrii;
795 1560 889 1609 aut
917 1549 1173 1608 dilexisse
1198 1550 1311 1606 Deo
1343 1551 1592 1621 placitam
1624 1549 1921 1615 unitatem;
1963 1558 2056 1605 aut

393 1659 404 1696 .·
463 1644 714 1702 habuisse
731 1660 853 1701 cum
882 1642 1139 1701 fratribus
1167 1642 1509 1699 charitatem.
1543 1641 1675 1697 Nam
1691 1656 1880 1696 omnes
1894 1640 2051 1696 Chri-

460 1737 667 1793 stianos
712 1737 907 1799 fratres
936 1750 1058 1793 esse
1086 1745 1141 1792 et
1182 1736 1236 1791 in
1285 1737 1461 1804 primo
1491 1734 1675 1791 libello
1707 1734 2054 1806 probavimus

2155 538 2266 592 cm,
2310 525 2363 580 in
2405 541 2508 595 qua
2555 527 2863 587 incendium
2912 529 2982 589 dc
3030 531 3264 589 scintilla
3308 534 3600 595 conflatum
3637 549 3732 595 est.

2153 615 2238 675 Ah
2282 619 2547 688 operariis
2612 620 2834 683 unitatis
2875 622 3165 694 querimini
3222 627 3407 684 nescio
3459 644 3583 703 quae.
3624 646 3739 691 esse

2154 708 2461 766 commissa.
2495 709 2610 767 Hoc
2635 727 2741 769 non
2757 714 3005 784 queritur
3031 715 3184 773 Italia
3205 722 3256 781 ἀ,
3287 733 3395 775 ιιοιι
3419 719 3617 788 Gallis,
3642 738 3737 783 non

2155 800 2409 876 Hispania
2430 849 2445 871 ,
2478 821 2584 861 non
2612 806 2915 877 Pannonia,
2957 824 3064 864 non
3101 809 3333 880 Galatia,
3378 828 3486 870 non
3517 813 3737 885 Graecia,

2155 911 2261 954 non
2290 913 2411 955 cum
2436 908 2513 954 tot
2534 900 2829 970 provinciis
2852 902 2965 959 suis
2986 900 3153 971 Asia;
3183 906 3315 977 quia
3333 906 3469 964 nihil
3501 908 3613 964 illic
3639 908 3741 966 fuee

2154 998 2240 1047 rat
2282 992 2701 1061 emendandum,
2753 996 2937 1053 nullus
2986 997 3113 1057 illuc
3155 1000 3355 1057 missus
3395 1011 3481 1058 est
3533 1004 3640 1073 (ιιι
3675 1004 3740 1060 ita

2154 1086 2408 1162 dixerim)
2432 1098 2608 1146 sartor
2637 1092 2689 1157 °;
2711 1098 2767 1148 et
2796 1092 2881 1147 hic
2910 1092 2965 1148 in
3002 1091 3185 1153 Africa
3207 1093 3524 1166 jamdudum
3558 1098 3742 1168 poyutlo

2157 1183 2209 1240 in
2239 1186 2445 1241 unitate
2470 1186 2583 1259 σε
2629 1198 2903 1253 manente,
2956 1190 3122 1245 vestis
3144 1190 3319 1251 fuerat
3341 1206 3509 1258 sana;
3558 1194 3744 1250 amula

2156 1291 2320 1335 manu
2348 1276 2551 1337 inimici
2588 1278 2810 1336 discissa
2847 1288 2951 1337 est.
3000 1279 3316 1341 Pendcbaut
3353 1282 3745 1353 quodammodo

2157 1370 2316 1440 panni
2362 1369 2431 1426 de
2475 1386 2576 1427 una
2608 1371 2772 1427 vestis
2809 1373 3053 1444 origine;
3096 1383 3152 1429 et
3195 1374 3266 1430 de
3307 1389 3412 1429 una
3450 1375 3640 1432 radice
3668 1392 3749 1432 ve-

2157 1462 2474 1529 nientes,ab
2501 1464 2735 1519 invicem
2765 1465 2925 1521 divisi
2953 1474 3080 1521 sunt
3103 1467 3261 1523 rami.
3296 1465 3413 1539 (l2)
3446 1466 3519 1525 Ut
3537 1468 3665 1538 quid
3693 1486 3750 1526 se

2158 1571 2284 1628 pars
2345 1558 2484 1628 parti
2530 1556 2900 1630 anteponit“!
2946 1570 3003 1615 ut
3045 1560 3173 1632 quid
3202 1576 3276 1619 ese
3316 1577 3483 1632 super
3525 1562 3749 1618 alterum

2160 1665 2396 1721 pannum
2422 1651 2559 1708 alter
2590 1646 2798 1722 pannus
2825 1653 3056 1719 extollit,
3079 1668 3201 1710 cum
3234 1654 3516 1713 meliorem
3544 1670 3608 1711 se
3638 1670 3751 1725 pro.

2159 1742 2288 1799 bare
2334 1762 2439 1809 non
2492 1744 2728 1816 poterit?
2776 1746 2903 1818 quid
2941 1748 3085 1805 enim
3134 1747 3179 1802 si
3218 1747 3365 1803 dicat
3411 1758 3752 1820 contemptus

458 1830 593 1885 etin
621 1839 814 1895 uitarlo
842 1829 1029 1902 procul
1052 1816 1216 1895 dubio
1245 1827 1524 1901 probaturi
1551 1842 1763 1885 sumus.
1789 1827 1938 1894 Quos
1966 1825 2051 1882 di-
2081 1829 2128 1890 B
2158 1852 2401 1907 pannus,
2429 1838 2566 1907 Quid
2605 1846 2658 1894 te
2695 1816 2899 1895 tantum
2937 1839 3192 1895 extollis?
3221 1837 3339 1913 (ιδ)
3378 1839 3574 1899 Nonne
3604 1816 3752 1913 pares

457 1926 578 1983 citis
604 1924 904 1997 appellari“
962 1932 1229 1997 martyres
1253 1964 1270 1993 ,
1315 1923 1608 1978 noluerunt
1649 1921 1844 1977 fratres
1883 1935 2051 1990 agno-

458 2032 636 2085 scere,
666 2018 869 2075 nullam
900 2016 1206 2073 habuerunt
1230 2015 1571 2072 cbaritatem.
1614 2012 1726 2069 Nec
1749 2013 1959 2068 dicatur
1986 2012 2054 2071 ad

457 2112 888 2178 excusationem,
913 2112 1037 2181 quia
1066 2108 1414 2167 traditoribus
1438 2108 1841 2165 communicare
1869 2108 2057 2164 nolue-

460 2217 624 2275 runt;
678 2220 800 2262 cum
852 2202 1297 2263 manifestissime
1340 2201 1627 2276 probatum
1674 2202 1783 2269 sit,
1834 2199 2055 2257 eosdem

461 2298 608 2367 ipsos
638 2296 777 2355 ﬁlios
802 2296 971 2359 fuisse
1002 2297 1346 2353 traditarum.
1396 2294 1550 2352 Nulla
1581 2294 1745 2369 igitur
1773 2302 1859 2350 est
1886 2309 2055 2350 excu-

458 2391 621 2459 satio,
644 2391 774 2463 quia
792 2392 1120 2449 .charitatem
1150 2391 1273 2447 illos
1304 2404 1410 2451 non
1443 2388 1698 2446 habuisse
1723 2387 2055 2446 manifestis-

460 2485 597 2542 sime
625 2494 879 2567 constat,
930 2483 1049 2542 sine
1075 2499 1182 2558 qua
1213 2483 1419 2539 nullum
1450 2498 1552 2540 nec
1582 2482 1849 2553 nominari
1877 2489 2059 2554 potest

459 2586 545 2644 vel
571 2601 694 2644 esse
721 2588 1040 2660 martyrium
1066 2601 1082 2653 ;
1134 2586 1253 2641 sine
1283 2599 1387 2656 qua
1425 2583 1658 2639 maxima
1688 2590 1743 2638 et
1766 2581 2057 2654 imperiosa

458 2680 631 2738 virtus
660 2688 815 2738 caret
855 2679 1088 2746 effectu;
1137 2679 1255 2735 sine
1293 2693 1397 2750 qua
1442 2677 1574 2732 nihil
1620 2675 1765 2732 valet
1813 2673 2057 2730 omnium

459 2775 685 2833 scientia
713 2774 1057 2845 linguarum;
1100 2771 1218 2829 sine
1248 2787 1349 2844 qua
1379 2770 1514 2827 nihil
1542 2776 1720 2841 potest
1745 2768 1906 2824 etiam
1939 2767 2058 2841 (11)

459 2869 693 2925 societas
719 2868 1036 2940 angelorum
1059 2907 1076 2934 ,
1108 2865 1355 2937 apostolo
1384 2864 1551 2921 Paulo
1578 2862 1795 2920 dicente
1820 2878 1834 2918 :
1867 2860 1932 2918 Si
1960 2859 2059 2915 Ita-

461 2961 606 3019 beam
634 2962 688 3016 in
717 2977 797 3015 me
824 2969 1123 3031 potestatem
1151 2958 1443 3031 imperandi
1472 2957 1762 3023 montibus,
1796 2964 1851 3013 ut
1882 2965 2059 3011 trans-

462 3054 634 3125 ferant
660 3070 715 3109 se
742 3052 808 3107 de
833 3052 960 3108 locis
989 3053 1044 3107 in
1074 3052 1187 3107 loca
1209 3092 1226 3120 ,
1276 3059 1325 3105 et
1363 3051 1547 3122 loquar
1573 3051 1801 3107 omnium
1829 3050 2059 3123 gentium

462 3147 683 3220 linguis,
734 3148 891 3204 etiam
930 3148 1231 3222 angelorum
1253 3189 1268 3216 ,
1317 3156 1365 3202 et
1392 3162 1578 3219 corpus
1624 3161 1793 3203 meum
1828 3146 2057 3216 ﬂannnis

2157 1930 2460 1987 crevimus?
2507 1931 2560 1986 in
2594 1932 2842 1988 manibus
2873 1933 3275 1989 conficientium
3322 1934 3486 1999 simul
3526 1936 3752 1997 fuimus?

2157 2025 2298 2096 apud
2328 2025 2578 2091 lotorem,
2609 2027 2813 2098 pariter
2839 2026 3082 2082 mandati
3109 2029 3331 2083 sumus?
3374 2031 3634 2089 inimicus
3661 2047 3752 2089 nos

2159 2118 2328 2173 voluit
2369 2112 2436 2174 ab
2463 2118 2696 2177 invicem
2724 2121 3011 2189 excidere;
3058 2122 3404 2185 adversarius
3442 2126 3753 2196 pulcritudi-

2160 2226 2281 2265 nem
2321 2221 2559 2269 nostram
2605 2212 2773 2271 voluit
2810 2213 3138 2273 deformare.
3186 2214 3243 2271 In
3276 2226 3430 2288 parte
3458 2220 3633 2277 vestis
3660 2219 3746 2276 nd-

2159 2303 2266 2361 ltuc
2321 2321 2485 2361 unum
2538 2322 2749 2376 sumus,
2799 2308 2894 2367 sed
2941 2309 2994 2366 in
3043 2310 3257 2367 diversa
3285 2311 3613 2382 pendemus.
3638 2314 3748 2386 (16)

2158 2398 2312 2468 Quod
2344 2400 2487 2456 enim
2519 2400 2746 2459 scissum
2792 2412 2899 2469 est,
2932 2418 3000 2459 ex
3030 2415 3183 2474 parte
3221 2404 3456 2465 divisum
3495 2418 3603 2475 est,
3655 2423 3751 2466 non

2159 2506 2229 2547 ex
2277 2499 2420 2560 toto;
2453 2507 2577 2548 cum
2623 2503 2837 2550 constet
2868 2503 2894 2543 8
2923 2496 3155 2566 merito,
3187 2497 3312 2568 quia
3345 2499 3503 2555 nobis
3529 2510 3587 2557 et
3615 2502 3755 2558 vobis

2161 2583 2525 2642 ecclesiastica
2555 2601 2656 2643 una
2686 2597 2766 2642 est
2790 2584 2907 2659 (l5)
2935 2587 3307 2657 conversatio;
3331 2599 3388 2653 et
3406 2590 3455 2646 si
3484 2591 3752 2649 hominum

2162 2678 2374 2751 litigant
2422 2691 2649 2747 mentes,
2693 2696 2799 2739 non
2847 2681 3062 2754 litigant
3106 2696 3469 2743 sacramenta.
3523 2686 3755 2756 Denique

2163 2786 2451 2841 poesumus
2478 2780 2532 2827 et
2561 2786 2661 2829 nos
2688 2772 2908 2830 dicere:
2933 2773 3122 2843 Pares,
3148 2774 3481 2837 credidimus
3502 2773 3551 2844 ιι,
3579 2789 3635 2834 et
3660 2794 3755 2834 uno

2161 2864 2339 2934 sigillo
2369 2864 2567 2936 signati
2594 2880 2800 2933 sumus,
2833 2881 2933 2923 nec
2962 2867 3121 2924 aliter
3148 2868 3403 2939 baptizati
3435 2887 3600 2941 quam
3629 2888 3749 2929 vos:

2163 2959 2279 3034 (l6)
2312 2960 2714 3018 Testamentum
2763 2963 3007 3020 divinum
3056 2964 3284 3037 legimus
3333 2968 3571 3038 pariter;
3601 2984 3753 3025 unum

2164 3053 2335 3109 Deum
2365 3070 2655 3125 rogamus;
2698 3053 2816 3129 (l7)
2845 3056 3032 3114 Oratio
3076 3057 3351 3115 Dominica
3395 3061 3539 3130 apud
3586 3077 3684 3119 nos
3708 3070 3757 3119 et

2164 3148 2304 3219 apud
2341 3163 2442 3205 vos
2473 3163 2581 3205 una
2621 3159 2743 3217 est;
2798 3150 2895 3207 sed
2942 3150 3117 3207 scissa
3145 3151 3245 3225 (ut
3282 3167 3442 3223 supra
3483 3153 3753 3224 diximus)

463 3244 687 3309 tradunt,
717 3250 765 3298 et
792 3243 1091 3298 charitatem
1118 3244 1169 3297 in
1209 3258 1290 3298 me
1316 3258 1419 3297 non
1445 3240 1663 3296 habeam
1686 3282 1701 3302 ,
1748 3239 1879 3297 nihil
1903 3254 2014 3295 sum
2042 3255 2060 3294 :
2088 3228 2135 3297 C
2167 3251 2318 3314 parte
2352 3238 2397 3309 ί,
2430 3242 2669 3311 partibus
2713 3240 2838 3297 hinc
2868 3246 3040 3312 atque
3071 3242 3196 3297 inde
3223 3243 3611 3313 pendentibus,
3653 3261 3757 3300 sar-

459 3336 551 3393 sed
579 3353 667 3392 ero
692 3348 1023 3395 (crumentum
1049 3338 1271 3395 tinniens
1300 3337 1355 3392 in
1382 3336 1603 3401 deserto,
1628 3345 1683 3389 ut
1711 3343 1891 3409 pereat
1918 3334 2058 3389 vocis

463 3448 611 3504 opus,
644 3431 733 3486 ubi
780 3432 955 3487 nullus
999 3434 1220 3487 occurrit
1264 3432 1472 3487 auditus
1499 3430 1543 3499 (1
1576 3429 1697 3485 Cor.
1729 3445 1845 3498 χιιι,
1878 3426 1954 3500 1).
1999 3428 2059 3484 Si

464 3537 612 3584 tanta
642 3543 750 3597 res,
784 3530 829 3584 si
859 3528 1050 3585 beatus
1079 3527 1299 3596 Paulus,
1326 3527 1373 3582 si
1405 3541 1498 3583 vas
1526 3524 1835 3595 electiOnis,
1868 3537 2059 3594 quam-

465 3621 546 3676 vis
574 3626 625 3676 in
656 3620 947 3691 imperiosa
974 3622 1172 3678 virtute
1196 3631 1252 3677 et
1276 3620 1593 3694 angelorum
1621 3619 1916 3682 societate,
1947 3631 2064 3697 pro-

465 3714 677 3775 nuntiat
701 3728 762 3769 se
784 3712 912 3768 nihil
935 3728 1075 3780 esse,
1098 3715 1197 3771 nisi
1220 3715 1539 3773 charitatent
1564 3714 1810 3774 habuerit
1827 3734 1841 3771 :
1861 3715 2061 3783 videte,

464 3823 534 3863 an
564 3822 669 3864 neu
698 3808 944 3864 dicantur
976 3820 1260 3881 martyres,
1289 3811 1385 3865 sed
1416 3810 1619 3882 aliquid
1646 3810 1793 3866 aliud
1820 3816 1850 3858 δ
1882 3810 2065 3883 appel-

464 3902 563 3957 lari
589 3910 901 3958 mereantur
927 3944 943 3968 ,
972 3903 1061 3973 qui
1094 3903 1377 3959 cliaritatis
1407 3904 1715 3960 desertores
1746 3919 1844 3976 pro
1871 3903 2063 3962 eadem

465 3995 775 4052 desertimie
809 3998 915 4068 pati
947 3997 1147 4068 aliquid
1178 4006 1491 4068 potuerunt.

532 4090 625 4151 IX.
657 4090 1001 4147 Procuranda
1028 4099 1138 4146 erat
1162 4093 1336 4146 unitas
1356 4093 1410 4147 in
1434 4092 1633 4164 Africa.
1656 4122 1727 4135 --
1742 4092 1955 4149 Gaudet
1982 4100 2067 4147 to-

2164 3349 2278 3395 tura
2328 3336 2502 3392 fuerat
2541 3337 2871 3393 necessaria.
2921 3335 2988 3392 Et
3033 3345 3212 3391 tamen
3256 3337 3415 3408 hujus
3445 3339 3529 3397 rei
3575 3338 3756 3401 artifex

2163 3437 2256 3483 aut
2285 3428 2586 3498 Operarius,
2621 3427 2748 3483 dum
2788 3427 2903 3482 vult
2930 3439 3134 3483 vestem
3176 3427 3229 3482 in
3260 3430 3539 3499 antiquam
3571 3428 3754 3486 faciem

2164 3535 2446 3587 revocare,
2481 3518 2656 3573 vicina
2680 3518 2765 3573 ﬁla
2794 3521 3127 3591 compungit.
3151 3520 3415 3590 Displicet
3438 3522 3535 3577 tibi
3567 3532 3752 3587 sartor,

2165 3616 2256 3688 qui
2284 3615 2600 3681 scissuram,
2628 3614 2755 3669 dum
2783 3622 2957 3682 sanat,
2989 3615 3263 3682 vulnerat;
3298 3615 3391 3672 ille
3420 3616 3515 3677 tibi
3547 3617 3744 3689 ιιιθείςὶ

2169 3708 2474 3780 displiceat,
2507 3708 2596 3780 qui
2645 3706 2794 3777 fecit,
2841 3707 2956 3763 uti
2984 3716 3164 3764 sartor
3210 3723 3437 3780 peccare
3484 3710 3755 3781 potuisset.

2170 3806 2303 3875 Quae
2322 3806 2486 3859 invos
2508 3804 2575 3858 ab
2595 3804 2863 3875 operariis
2880 3803 3099 3859 unitatis
3113 3802 3295 3864 dicitis
3310 3818 3434 3862 esse
3446 3804 3758 3867 commissa;

2171 3909 2264 3954 aut
2300 3899 2365 3953 ad
2418 3908 2668 3967 parentes
2711 3905 2922 3952 vestros
2962 3897 3275 3968 pertinent,
3324 3912 3555 3968 quorum
3602 3910 3759 3951 causa

2170 3990 2312 4049 facta
2333 3999 2459 4049 sunt
2484 4010 2499 4060 ;
2530 4001 2621 4046 aut
2647 4006 2714 4047 ex
2736 3989 3012 4044 voluntate
3037 3989 3129 4044 Dei
3159 3987 3517 4047 descendunt.
3544 3988 3642 4045 Nos
3676 4005 3763 4043 au-

2174 4100 2279 4146 tetn
2317 4083 2336 4125 ι
2370 4084 2495 4141 inde
2519 4083 2686 4140 alieni
2717 4095 2926 4139 sumus.

1707 4205 2091 4266 LECTIONES
2124 4199 2429 4261 VAlilAN'l‘
2439 4199 2543 4258 ES.

530 4300 557 4368 ξ
580 4298 636 4368 [ιι
649 4314 743 4353 ms.
761 4302 814 4368 S.
838 4301 897 4353 T.
916 4313 1037 4366 quos
1052 4298 1217 4368 dicitis
1238 4301 1418 4368 debere
1439 4300 1699 4368 appellari.

526 4360 556 4399 δ
582 4363 739 4414 Deest
758 4367 806 4414 in
833 4360 947 4416 mss.
972 4366 1063 4415 sed
1088 4367 1443 4416 necessarium.

532 4428 555 4457 ο
582 4426 639 4477 In
661 4440 753 4478 ms.
778 4428 833 4479 ὃ.
860 4430 918 4480 G.
947 4427 1225 4480 Catholicae.

527 4486 555 4529 (ι
581 4487 635 4563 in
661 4504 753 4540 ms.
771 4488 823 4542 S.
852 4492 913 4543 G.
933 4505 1021 4556 pro
1040 4490 1209 4559 Italia,
1244 4491 1453 4543 habetur
1479 4488 1680 4545 Gallia:
1704 4495 1967 4554 utrumque
1984 4502 2070 4542 re-

466 4564 737 4619 posuimus.

535 4616 559 4647 ο
588 4614 715 4664 Male
738 4617 787 4665 in
804 4627 897 4667 ms.
923 4616 979 4667 S.
1002 4616 1062 4669 G.
1086 4624 1235 4670 sator.

535 4677 557 4717 ἲ
583 4676 703 4742 ljaec
723 4679 1059 4742 supplevimus
1082 4694 1147 4732 ex
1167 4695 1256 4731 ms.
1282 4680 1337 4733 S.
1361 4681 1420 4733 G.

536 4743 563 4785 κ
588 4739 912 4792 Desuut'litec
938 4744 1089 4794 verba
1110 4745 1159 4794 in
1174 4757 1266 4797 ms.
1286 4746 1341 4797 S.
1365 4743 1425 4797 G.

2235 4295 2267 4339 ιι
2290 4295 2458 4346 fama.
2481 4294 2534 4345 S.
2560 4291 2620 4345 T.
2643 4291 2912 4346 credimus.

2238 4360 2255 4400 ί
2288 4358 2360 4408 Ita
2384 4359 2434 4408 in
2458 4370 2549 4407 ms.
2575 4356 2628 4407 S.
2652 4356 2710 4407 Τ.
2749 4356 2813 4406 At
2853 4359 2902 4406 in
2938 4367 3029 4407 ms.
3052 4354 3106 4406 S.
3134 4353 3193 4407 (ἱ.
3239 4354 3347 4406 inec
3388 4353 3653 4407 habentur:
3679 4352 3761 4405 sed

2171 4421 2386 4477 scissura
2427 4422 2501 4485 (ut
2543 4433 2696 4487 supra
2737 4415 2977 4483 diximus)
3003 4414 3152 4484 facta.
3178 4415 3387 4482 Utrique
3413 4421 3584 4469 eadem
3601 4417 3761 4468 subest

2174 4489 2324 4537 notio.

2237 4552 2252 4600 ι
2287 4548 2407 4599 Haec
2426 4559 2521 4597 vox
2542 4545 2689 4594 deest
2706 4545 2756 4593 in
2780 4555 2895 4593 mss.
2918 4543 2972 4594 S.
2996 4543 3057 4596 Τ.
3083 4549 3137 4595 et
3158 4542 3215 4593 P.
3239 4543 3291 4595 S.

2237 4611 2265 4652 κ
2289 4611 2347 4661 In
2370 4623 2460 4659 ms.
2487 4609 2543 4659 S.
2569 4608 2631 4657 G.
2655 4604 2758 4658 ubi.

2241 4677 2261 4713 1
2288 4675 2343 4724 lu
2366 4684 2458 4723 nis.
2482 4672 2536 4723 S.
2556 4670 2618 4723 Τ.
2635 4676 2812 4721 man.

1817 4848 2174 4908 VARIORUM
2212 4844 2445 4905 ΝΟΤΕ.

544 4943 942 5019 (liiSocietus
993 4945 1323 5019 Angelorum.
1356 4945 1582 5019 Videtur
1631 4945 1902 5017 explicare
1959 4943 2076 5019 lucc

475 5016 715 5089 Apostoli
748 5018 935 5083 verba,
968 5016 1121 5073 etiam
1162 5017 1495 5085 Angelorum,
1544 5017 1613 5074 de
1639 5016 1815 5089 aliqua
1841 5034 1965 5074 cum
1996 5017 2077 5073 eis

477 5088 737 5162 societate
766 5098 819 5142 et
847 5092 1231 5162 communione
1261 5107 1275 5144 :
1312 5099 1361 5144 et
1410 5091 1549 5161 loqui
1576 5088 1802 5145 omnium
1829 5089 2078 5162 gentium

479 5159 710 5230 linguis,
769 5173 892 5215 esse
932 5160 1190 5230 epistolas
1241 5159 1745 5217 cotnmnuicatorias
1790 5159 1867 5216 ab'
1905 5161 2078 5216 omni-

480 5229 579 5286 bus
608 5231 857 5301 gentibus
882 5229 1152 5302 acCipei-c,
1178 5244 1229 5288 et
1261 5247 1383 5288 cum
1413 5233 1494 5289 eis
1522 5233 1941 5298 communicare.
1970 5231 2079 5289 At.-

478 5316 626 5361 BASP.

554 5395 670 5471 (12)
724 5396 793 5453 Ut
826 5397 950 5467 quid
1003 5414 1125 5471 pars
1172 5399 1307 5471 parti
1359 5413 1414 5453 se
1450 5400 1732 5471 anteponit.
1776 5396 2077 5471 orthodoxi

482 5469 736 5525 volebant
759 5470 1159 5525 communicare
1174 5469 1305 5525 cum
1339 5470 1649 5535 Donatistis;
1676 5470 1967 5526 Donatista:
1982 5486 2077 5525 ηιιη

481 5550 591 5596 tem
638 5542 1060 5606 reluctabautur,
1104 5550 1159 5596 et
1187 5558 1371 5597 eorum
1411 5542 1953 5596 communicationem
2001 5540 2082 5594 iu-

481 5613 700 5683 giebaut
721 5654 734 5676 ,
761 5624 1088 5684 quapmpter
1108 5627 1229 5669 sese
1256 5613 1678 5684 anteponebant.
1711 5618 1936 5669 Messe.

557 5703 678 5779 (l5)
708 5703 772 5759 In
793 5722 902 5759 ove.
933 5706 1125 5761 Melius
1142 5722 1299 5777 quam
1324 5721 1511 5762 nonne.
1530 5704 1761 5763 ALBASP.

561 5800 696 5873 Ibid.
750 5798 938 5867 Nonne
972 5818 1094 5873 pars
1123 5803 1392 5857 crevimus.
1436 5801 1577 5858 Puer
1594 5801 1720 5873 time
1746 5798 2087 5873 legensani-

494 5871 799 5930 madvertat
821 5870 1102 5951 legendum
1119 5890 1268 5949 pares
1289 5890 1394 5931 non
1418 5890 1558 5959 pars.
1584 5872 1676 5945 Fr.
1703 5872 1949 5947 Balduiui
1975 5870 2091 5933 edi-

2179 4943 2254 4997 tio
2275 4942 2330 5009 2,
2349 4940 2514 4997 habet
2545 4958 2558 4996 :
2583 4940 2639 4996 in
2661 4956 2751 4997 ove
2783 4954 2934 5012 pares
2961 4937 3232 4994 crevimus.
3264 4934 3484 4992 INCBBT.
3517 4934 3600 4991 Ita
3622 4933 3754 4988 resti-

2180 5024 2365 5068 tntum.

2251 5085 2367 5158 (14)
2402 5084 2554 5155 Quod
2578 5084 2975 5158 enimpsrissum
3014 5092 3126 5158 at,
3160 5097 3225 5136 ex
3245 5089 3389 5158 parte
3418 5079 3630 5158 divisum
3666 5085 3756 5158 est,

2180 5149 2286 5213 etc.
2311 5149 2592 5213 Subtiliter
2618 5156 2896 5226 distinguit
2931 5156 3070 5210 inter
3090 5151 3476 5226 ista,~scindere_
3499 5160 3553 5206 et
3574 5149 3757 5203 altu-in-

2181 5232 2335 5296 dere;
2365 5228 2506 5299 quod
2540 5237 2719 5282 tamen
2747 5222 3039 5299 discrimen
3067 5241 3096 5279 a
3123 5239 3394 5299 quoquam
3412 5222 3749 5299 _ob_servatum

2184 5302 2270 5355 vix
2303 5293 2427 5356 alibi
2464 5300 2720 5368 reperies.
2764 5296 2983 5355 Interim
3013 5312 3101 5368 res
3137 5295 3249 5364 ipsa
3279 5293 3608 5365 dignissima,
3645 5304 3753 5361 qua:

2184 5372 2467 5441 diligenter
2497 5367 2979 5441 animadvertatur.
3014 5367 3085 5441 Μ.
3108 5368 3349 5441 Cissus.

2257 5439 2373 5511 (15)
2404 5442 2761 5508 (Ζοιιυιειέιιιίο.⁴
2783 5440 2899 5497 Una
2928 5439 3229 5511 disciplina.
3260 5445 3494 5511 Aunsr,

2258 5505 2373 5586 (16)
2398 5505 2781 5570 Testamentum
2802 5512 3033 5567 diuinum
3058 5510 3297 5586 legimus,
3327 5520 3436 5568 etc.
3476 5505 3752 5566 Notandum

2189 5581 2277 5643 est
2297 5581 2419 5641 huic
2448 5586 2723 5656 scriptori,
2752 5600 2937 5657 rogare
2966 5581 3389 5657 esse,ado_rare;
3435 5597 3610 5657 negare
3633 5588 3756 5657 vero

2191 5672 2334 5724 esse,
2387 5651 2667 5727 renegare,
2711 5651 2855 5723 quod
2885 5655 3104 5710 verbum
3136 5653 3301 5709 hodie
3345 5656 3397 5710 in
3440 5651 3754 5727 Ιιιὲρςιιιίέιιιο

2195 5729 2501 5784 Latinitatis
2522 5723 2951 5799 retinentissimo
2974 5728 3243 5799 integrum
3269 5727 3546 5799 remansit.
3568 5723 3751 5799 Βιιιιᾳτ

2292 5799 2407 5872 (17)
2463 5799 2642 5872 Oratio
2688 5798 2981 5855 Dominit‘a.
3030 5790 3135 5855 Ρόι*
3188 5798 3488 5856 orationem
3531 5790 3755 5861 intelligit

2195 5871 2375 5937 missa:
2388 5871 2739 5936 sacriﬁcium.
2761 5873 2990 5943 Anser.
