3974 6324
223 282 358 348 ίωθ

1018 277 1106 344 ΒΕ
1136 271 1525 345 SCHISMM'E
1566 264 2105 337 WAHBTARUM
2145 263 2345 332 LIBER
2383 262 2729 343 QUARTUS.
2774 362 2785 373 ‘

220 406 1875 445 Μ’*

1882 400 2799 428 W

3378 262 3517 326 l030

2806 396 3025 415 κ’*

1199 510 1305 601 ’ῃ
1379 504 1715 581 LIBER
1797 499 2359 589 QUARTUS.

220 640 287 702 In
308 643 406 701 hoc
425 655 610 718 quarto
630 646 885 709 volumine
910 644 1103 703 iudicio
1131 642 1230 700 Dei
1262 640 1601 699 ostenduntur
1627 636 1714 710 qui
1740 636 1838 695 siut
1867 633 1967 691 hoc
1994 644 2220 704 tempore
2252 642 2581 704 peccatores;
2603 642 2652 689 et
2675 634 2795 701 quia
2822 630 2967 687 Dsus'
2990 648 3082 704 per
3101 630 3381 687 lasciuiam
3402 647 3525 703 pro-

291 737 497 811 phelam
514 737 717 797 Judteis
742 738 1003 805 irascitur,
1035 754 1141 795 non
1156 734 1506 803 Christianis;
1528 741 1579 793 et
1620 730 1742 802 quia
1781 726 1927 785 idola
1953 735 2074 789 sunt
2111 726 2258 789 lacus
2283 726 2482 795 detriti,
2511 742 2614 782 non
2644 724 2907 781 Macarius
2932 735 3025 781 aut
3049 725 3332 796 Taurinos,
3374 728 3528 783 sicuti

294 830 647 897 Parmetu'ana
668 834 832 891 visum
858 843 952 890 est.

293 971 337 1028 l.
364 971 736 1046 Argumentum
751 970 910 1045 hujus
927 970 1246 1027 libri.—Ate
1268 969 1443 1038 nobis,
1466 966 1675 1025 fratcre
1696 966 1825 1031 Par-
1853 971 1907 1034 Α
1932 960 2076 1016 dedit
2104 961 2179 1016 eis
2206 968 2545 1032 potestatem,
2577 971 2633 1016 ut
2660 960 2762 1032 ﬁlii
2783 959 2881 1019 Dei
2905 962 3087 1033 ﬁerent
3124 963 3213 1036 qui
3235 966 3450 1027 credunt
3478 966 3532 1022 in

224 1068 498 1131 mersisne.
531 1064 614 1140 (ί)
641 1067 710 1123 de
734 1067 903 1139 petito
927 1066 1099 1123 milite
1134 1064 1329 1122 frustra
1360 1064 1687 1122 calumniam
1716 1064 1826 1117 iac-
1929 1054 2135 1109 nomine
2162 1052 2277 1124 ejus
2324 1052 2519 1126 (Joau.
2547 1069 2600 1120 ι,
2631 1052 2727 1125 2).
2760 1053 2870 1113 Nos
2900 1067 2953 1111 et
2988 1055 3066 1129 (6)
3107 1056 3230 1113 facti
3261 1074 3449 1119 sumus
3479 1069 3535 1118 et

225 1171 341 1218 tam
364 1174 508 1227 esse,
546 1170 733 1231 aperte
764 1157 1105 1229 dilucidequc
1136 1165 1497 1215 monstratum
1523 1164 1627 1212 est.
1652 1152 1827 1210 Etiam

228 1254 364 1311 illud
389 1252 559 1318 disce,
593 1250 737 1323 quod
767 1251 951 1308 dixisti
976 1251 1048 1308 de
1068 1251 1193 1309 oleo
1213 1259 1268 1307 et
1293 1248 1562 1307 sacriﬁcio
1588 1259 1829 1323 peccato-

228 1349 329 1416 ris,
361 1349 431 1403 sd
451 1362 549 1403 vos
582 1348 759 1417 potius
781 1346 1092 1418 pertinere:
1116 1360 1222 1403 non
1254 1344 1511 1403 enimille
1531 1343 1691 1400 debet
1709 1356 1831 1399 esse

230 1450 506 1514 peccator.
535 1456 697 1513 quem
722 1455 820 1497 vos
840 1440 1142 1498 volueritis.
1164 1438 1299 1496 Nam
1321 1448 1374 1495 et
1392 1452 1492 1495 nos
1509 1434 1830 1515 vestram(2)

227 1538 711 1611 praesumptionem
730 1549 1023 1606 possumus
1045 1534 1265 1601 imitari,
1285 1542 1340 1589 et
1359 1532 1563 1600 dicere,
1589 1543 1683 1588 vos
1709 1543 1831 1586 esse

228 1638 564 1704 peccatores.
596 1627 705 1687 Sed
733 1627 969 1685 facessat
995 1642 1063 1685 ex
1090 1635 1319 1698 utraque
1353 1635 1506 1698 parte
1528 1637 1830 1696 praesump-

230 1725 313 1782 tio
336 1723 366 1765 δ
404 1741 418 1779 ;
445 1723 627 1779 uultus
662 1729 906 1778 nostrum
937 1719 1173 1775 humano
1189 1717 1399 1791 judicio
1421 1717 1653 1772 alterum
1683 1712 1834 1769 dam-

228 1824 349 1873 net.
369 1815 453 1889 (5)
481 1815 577 1870 Dei
597 1822 679 1869 est
702 1825 864 1869 nosse
884 1827 1063 1880 reum,
1105 1811 1248 1867 illius
1272 1822 1295 1851 ε
1320 1809 1464 1866 ferre
1485 1808 1831 1865 sententiam.

227 1906 536 1964 Taeeamus
575 1919 765 1962 omnes
791 1905 1041 1960 homines
1073 1921 1087 1960 :
1118 1903 1267 1960 solus
1296 1902 1438 1958 Deus
1475 1900 1676 1957 indicet
1706 1912 1835 1971 pec-

228 2011 497 2065 calorem,
529 1998 687 2070 cujus
725 1997 1051 2055 sacrificium
1081 1996 1151 2052 sit
1181 1995 1261 2069 (4)
1288 1996 1480 2051 canina
1513 1995 1751 2062 victima,
1784 2001 1839 2049 et

229 2092 394 2164 cujus
422 2091 603 2148 oleum
631 2090 762 2160 ungi
781 2087 1116 2145 desideranti
1143 2084 1227 2163 (5)
1255 2088 1463 2160 ingerat
1488 2096 1690 2141 metum
1713 2083 1763 2139 ἀ.

306 2183 379 2241 ΙΙ.
409 2181 716 2239 Donatistas
753 2198 861 2237 esse
887 2181 1078 2252 fratres
1117 2178 1524 2236 Catholicorum.
1557 2209 1630 2221 -—
1669 2177 1840 2250 llujus

233 2279 322 2337 rei
372 2279 773 2351 apertissimsm
824 2275 1151 2343 veritatem,
1207 2272 1572 2332 Parmeniaue
1633 2273 1835 2345 frater,

1930 1144 2195 1200 dicimur:
2225 1158 2323 1201 vos
2350 1154 2405 1201 et
2456 1144 2584 1202 facti
2622 1144 2753 1202 estis
2782 1155 2834 1202 et
2862 1161 2971 1202 non
2995 1146 3263 1217 dicimini,
3290 1150 3414 1222 quia
3444 1166 3536 1222 pa-

1930 1241 2071 1298 ciflci
2097 1255 2218 1297 esse
2265 1255 2371 1297 non
2417 1242 2605 1309 vultis,
2649 1258 2750 1301 nec
2790 1243 2978 1299 audire
3006 1241 3183 1314 ipsum
3212 1245 3409 1301 Filium
3435 1245 3535 1302 Dei

1932 1338 2204 1395 dicentem
2228 1354 2241 1391 :
2268 1330 2475 1395 Felices
2505 1338 2733 1410 paciﬁci,
2758 1338 2882 1407 quia
2900 1339 3000 1413 ipsi
3030 1339 3129 1411 ﬁlii
3159 1336 3255 1395 Dei
3281 1340 3538 1397 uocabun-

1935 1439 2020 1487 tur
2038 1428 2254 1504 (Matth.
2271 1448 2326 1499 v,
2346 1428 2425 1504 9).
2445 1428 2695 1488 Christus
2718 1432 2965 1502 veniens,
2993 1433 3158 1489 Deum
3183 1443 3239 1489 et
3260 1432 3536 1490 hominem

1936 1523 2211 1581 revocavit
2239 1526 2292 1581 in
2323 1539 2557 1596 pacem:
2614 1523 2675 1578 Et
2722 1525 2844 1595 fecit
2890 1524 3067 1581 ambos
3112 1542 3307 1595 unum,
3354 1524 3541 1586 tollens

1936 1616 2160 1672 medium
2187 1633 2356 1690 sepem
2385 1618 2595 1687 parietis
2621 1615 2843 1690 (Epltes.
2865 1633 2925 1683 ll,
2955 1616 3065 1691 15).
3096 1616 3207 1675 Vos
3229 1617 3539 1687 nobiscum,

1939 1709 1993 1766 id
2020 1720 2123 1774 est,
2154 1724 2276 1766 cum
2304 1698 2581 1777 fratribus,
2612 1725 2799 1782 pacem
2835 1711 3034 1769 habere
3063 1727 3169 1768 non
3209 1712 3392 1768 vultis.
3422 1713 3538 1769 Non

1938 1803 2084 1863 enim
2121 1805 2344 1877 potestis
2374 1821 2481 1862 non
2519 1820 2642 1862 esse
2681 1805 2906 1873 fratres,
2948 1822 3086 1881 quos
3127 1806 3318 1865 iisdem
3361 1822 3547 1867 sacra-

1942 1908 2248 1956 mentorum
2273 1899 2573 1955 visceribus
2602 1915 2701 1954 una
2720 1910 2892 1954 mater
2908 1898 3147 1955 Ecclesia
3168 1897 3376 1973 genuit,
3404 1914 3545 1971 quos

1942 1990 2134 2052 eodem
2163 1993 2322 2049 modo
2342 1992 2624 2064 adoptivos
2643 1995 2786 2049 lilios
2806 1993 2949 2049 Deus
2972 2003 3121 2067 pater
3141 1994 3374 2067 excepit.
3397 1993 3548 2052 Unde

1945 2087 2105 2160 hujus
2135 2087 2397 2158 temporis
2427 2086 2685 2158 praescius
2708 2086 2985 2157 Christus,
3013 2088 3138 2161 quia
3162 2084 3396 2145 laturum
3429 2095 3549 2151 erat

1944 2190 2005 2238 ut
2049 2197 2078 2237 a
2110 2181 2271 2238 nobis
2313 2181 2474 2237 hodie
2517 2180 2933 2247 discordaretis,
2984 2181 3110 2237 talia
3158 2178 3309 2237 dedit
3359 2179 3550 2236 orandi

1945 2273 2223 2341 mandata,
2256 2281 2314 2330 ut
2339 2270 2420 2349 (7)
2452 2274 2535 2330 vel
2565 2274 2619 2333 in
2639 2274 2885 2330 oratione
2916 2274 3095 2329 unitas
3122 2282 3449 2343 remaneret,
3469 2270 3553 2346 (8)

232 2383 500 2444 agnosce.
522 2370 581 2427 Si
601 2368 902 2426 tamenltoc
920 2382 1119 2424 nomen
1146 2365 1498 2423 fraternitatis
1525 2365 1841 2438 frequenter
1871 2392 1920 2454 Β
1947 2377 2008 2424 ut
2037 2382 2227 2439 preces
2256 2366 2577 2440 jungerent,
2612 2382 2749 2440 quos
2778 2367 3165 2441 discrepaturte
3192 2369 3406 2431 fuerant
3433 2384 3557 2441 par-

232 2479 268 2521 a
301 2479 396 2521 me
427 2463 663 2532 dictum,
696 2463 929 2519 libenter
968 2460 1156 2517 audire
1194 2459 1471 2534 dignaris:
1504 2459 1623 2529 fac,
1658 2470 1714 2515 ut
1747 2460 1841 2515 tibi

232 2558 311 2616 sit
360 2557 732 2625 fastidiosum;
770 2566 948 2614 tamen
991 2557 1146 2613 nobis
1192 2564 1275 2613 est
1324 2556 1731 2624 necessarium,
1772 2539 1846 2611 ne

235 2651 391 2708 forte
414 2651 572 2722 juxta
596 2651 972 2722 probationem
995 2659 1019 2688 θ
1048 2648 1207 2721 hujus
1229 2648 1487 2712 nominis.
1507 2646 1738 2703 tacendo
1768 2645 1845 2702 rei

233 2757 371 2801 esse
398 2741 700 2799 videamur.
726 2743 783 2799 Si
824 2743 969 2798 enim
998 2751 1055 2799 tu
1084 2757 1192 2798 non
1220 2743 1302 2798 vis
1342 2756 1466 2798 esse
1502 2740 1705 2807 frater,
1747 2753 1849 2812 ego

236 2851 372 2894 esse
402 2836 602 2908 incipio
630 2834 852 2909 impius,
876 2835 924 2892 si
950 2838 1017 2893 de
1047 2835 1266 2893 nomine
1293 2836 1399 2892 isto
1430 2844 1673 2893 tacuero.
1703 2834 1850 2891 Estis

236 2930 397 2989 enim
427 2929 621 2987 fratres
648 2931 851 2996 nostri,
879 2937 935 2984 et
957 2944 1056 2985 nos
1085 2929 1269 2997 vestri,
1303 2928 1574 3002 propheta
1602 2928 1848 2985 dicente:

240 3022 444 3079 Nonae
471 3039 557 3077 vos
582 3038 716 3078 unus
745 3022 884 3077 Deus
908 3022 1118 3089 creavit,
1148 3036 1283 3076 unus
1310 3032 1457 3092 pater
1482 3021 1655 3094 genuit
1698 3019 1854 3091 (Ma-

239 3115 390 3172 laclt.
420 3130 482 3184 η,
499 3114 630 3187 50)?
655 3113 775 3171 Non
791 3115 936 3171 enim
962 3114 1189 3183 potestis
1209 3130 1312 3169 non
1336 3130 1459 3171 esse
1490 3114 1706 3181 fratres,
1731 3129 1852 3168 cum

240 3210 506 3268 omnibus
533 3209 739 3265 dictum
765 3209 835 3266 sit
860 3228 873 3265 :
904 3207 995 3263 Dii
1023 3209 1174 3275 estis,
1209 3216 1259 3263 et
1285 3208 1385 3279 ﬁlii
1412 3208 1655 3264 altissimi
1682 3222 1858 3262 omnes

240 3303 386 3378 (Ps.
410 3319 601 3368 unt,
622 3302 714 3373 6).
748 3302 816 3356 Et
843 3316 942 3357 nos
983 3311 1039 3358 et
1076 3317 1175 3357 vos
1203 3302 1293 3373 qui
1327 3310 1658 3373 praeceptum
1690 3316 1856 3358 unum

241 3399 589 3467 accepimus,
614 3394 801 3465 inquo
816 3394 1018 3451 dictum
1046 3403 1132 3450 est
1154 3411 1169 3446 :t
1199 3392 1486 3450 Nevoeetis
1514 3394 1656 3449 vobis
1679 3408 1859 3463 quem-

240 3506 408 3561 quam
437 3497 635 3560 patrem
675 3487 727 3540 in
758 3486 908 3542 terris
928 3529 941 3551 ,
972 3485 1091 3557 quia
1122 3501 1258 3539 unus
1284 3495 1356 3540 est
1402 3484 1568 3542 Pater
1609 3495 1769 3544 vester
1806 3485 1862 3541 in

241 3584 396 3641 caelis
430 3582 657 3656 (Matth.
686 3597 840 3647 χχιιι.
867 3581 901 3639 9
919 3581 959 3652 ).
995 3580 1243 3639 Salvator
1272 3591 1457 3638 noster
1496 3580 1751 3638 Christus
1774 3595 1865 3635 suo

246 3680 337 3735 lus
369 3686 529 3733 natus
570 3685 654 3732 est
696 3674 875 3731 Filius
896 3674 992 3730 Dei
1021 3693 1035 3728 :
1065 3675 1163 3730 sed
1201 3684 1253 3729 et
1284 3690 1383 3730 nos
1415 3682 1477 3730 et
1502 3688 1604 3729 vos
1633 3673 1727 3728 lilii
1768 3672 1866 3728 Dei

250 3789 370 3830 uno
399 3769 567 3826 modo
594 3769 718 3824 tacti
748 3782 935 3825 sumus
955 3808 970 3835 ,
1009 3767 1151 3823 sicut
1193 3767 1245 3822 in
1280 3767 1576 3839 Evangelio
1606 3765 1863 3836 scriptum

1952 2472 2036 2520 tes
2067 2457 2116 2519 ί.
2151 2461 2383 2518 Oramus
2411 2477 2510 2533 pro
2546 2462 2699 2518 vobis
2719 2504 2734 2531 ,
2757 2460 2882 2537 quia
2910 2463 3197 2531 volumus;
3241 2473 3295 2521 et
3322 2480 3419 2525 vos
3458 2480 3557 2536 pro

1953 2557 2141 2623 nobis,
2168 2566 2223 2611 et
2249 2569 2373 2611 cum
2403 2570 2510 2611 non
2542 2555 2708 2611 vultis
2735 2574 2746 2608 :
2779 2564 2872 2611 aut
2896 2555 3041 2611 dicat
3066 2557 3438 2629 unusquisque
3463 2572 3559 2615 ve-

1955 2659 2169 2707 strum:
2202 2647 2365 2706 Pater
2388 2664 2543 2707 meus
2571 2647 2658 2723 qui
2691 2649 2744 2705 in
2778 2648 2931 2707 cmlis
2958 2664 3040 2717 es,
3068 2659 3122 2705 et
3151 2664 3341 2722 panem
3374 2664 3559 2708 meum

1954 2743 2329 2816 quotidianum
2352 2744 2417 2800 da
2446 2744 2581 2805 mihi
2604 2742 2793 2812 hodie,
2826 2752 2883 2800 et
2908 2743 3122 2800 dimitte
3154 2743 3283 2801 mihi
3315 2754 3557 2815 peccata,

1956 2836 2229 2907 quomodo
2251 2846 2306 2892 et
2335 2852 2437 2908 ego
2463 2836 2696 2893 debitori
2724 2853 2869 2893 meo.
2899 2835 3063 2909 igitur
3090 2836 3135 2892 si
3165 2851 3285 2908 quas
3308 2837 3561 2897 mandata

1957 2937 2115 2995 sunt,
2147 2926 2345 2984 mutari
2375 2944 2481 2985 non
2517 2937 2778 3002 possunt;
2808 2928 3007 2985 videtis
3038 2943 3134 2987 nos
3168 2945 3275 2985 non
3305 2928 3357 2984 iu
3391 2935 3560 2987 totum

1958 3021 2028 3076 sb
2064 3020 2296 3078 invicem
2339 3036 2463 3078 esse
2505 3030 2819 3091 separatos,
2867 3022 2994 3076 dum
3039 3029 3095 3078 et
3133 3037 3233 3078 nos
3266 3036 3362 3092 pro
3410 3020 3565 3078 vobis

1960 3129 2178 3171 oramus
2196 3156 2211 3179 ,
2241 3115 2520 3183 volentes;
2551 3123 2608 3171 et
2636 3132 2731 3171 vos
2766 3130 2864 3187 pro
2903 3116 3061 3171 nobis
3085 3116 3252 3173 oratis
3270 3157 3287 3183 ι
3316 3124 3373 3173 et
3398 3114 3444 3171 si
3468 3129 3566 3170 uo-

1962 3208 2156 3264 lentes.
2187 3207 2372 3278 Vides,
2405 3207 2572 3265 t'rater
2595 3207 2985 3275 Parmenione,
3008 3218 3211 3265 sanctae
3240 3209 3568 3277 germanita-

1965 3301 2039 3357 tis
2062 3310 2089 3350 ε
2120 3299 2331 3357 vincula
2369 3301 2512 3358 inter
2541 3317 2641 3358 nos
2679 3312 2732 3359 et
2759 3314 2890 3370 vos,
2923 3303 2975 3357 in
3009 3311 3179 3358 totum
3236 3303 3412 3375 rumpi
3461 3316 3566 3358 non

1968 3412 2145 3467 posse.

2042 3490 2129 3547 Ill.
2181 3491 2479 3547 Donatistos
2528 3500 2817 3563 peccatores
2862 3508 2989 3547 esse.
3031 3521 3101 3533 —-
3148 3491 3266 3548 Jam
3318 3499 3574 3562 peccator

1968 3584 2296 3656 qua-rendus
2333 3595 2450 3651 est,
2496 3584 2650 3656 cujus
2686 3585 2859 3655 potuit
2909 3583 2989 3658 (9)
3036 3585 3123 3641 vel
3156 3583 3337 3641 oleum
3371 3580 3573 3651 timeri,

1972 3678 2057 3734 vel
2102 3678 2427 3734 sacriﬁcium
2458 3678 2754 3747 repudiari.
2796 3678 2986 3733 Cesset
3024 3677 3259 3737 humana
3304 3676 3573 3747 suspicio,

1974 3771 2267 3843 utriusque.
2283 3772 2453 3842 partis
2479 3770 2832 3842 prcesumptio
2858 3770 3051 3837 sileat;
3078 3771 3200 3840 quis
3229 3769 3302 3827 sit
3329 3776 3580 3838 peccator

246 3876 337 3923 est
371 3882 387 3919 :
434 3861 588 3919 Venit
616 3857 789 3917 Filius
821 3858 953 3928 Dei;
982 3870 1227 3933 quotquot
1257 3859 1367 3935 72
1392 3877 1513 3916 eum
1542 3869 1865 3932 receperunt,
1892 3847 1938 3912 C
1970 3862 2122 3919 solus
2146 3862 2351 3920 indicet
2375 3862 2542 3921 Deus.
2595 3862 2851 3936 Legimus
2875 3860 2995 3937 (ω)
3019 3863 3074 3918 in
3101 3878 3222 3918 χιιι
3251 3861 3460 3932 psalmo
3480 3859 3581 3916 sub

1486 3975 1870 4034 LECTIO‘NES
1910 3974 2334 4035 VARIANTES.

318 4077 351 4109 ⁸
376 4075 435 4128 Ῑιι
458 4086 548 4139 ms.
570 4075 623 4125 S.
642 4066 705 4125 Τί
727 4070 881 4139 frater
898 4068 1053 4139 nobis.

318 4140 353 4178 δ
372 4138 517 4191 Hunc
538 4137 694 4189 locum
718 4130 1023 4186 iestituimus
1042 4146 1105 4183 ex
1130 4144 1219 4182 ms.
1241 4132 1294 4184 S.
1338 4132 1401 4183 G.
1425 4130 1485 4185 In
1519 4148 1636 4186 mss.
1661 4132 1716 4185 S.
1734 4133 1796 4185 Τ.
1826 4140 1880 4186 et

249 4205 314 4256 Ρ.
341 4203 400 4253 S.
428 4213 621 4252 necnon
644 4201 697 4251 in
720 4197 868 4249 editis
891 4210 1153 4261 perperam
1174 4196 1395 4260 omnino,
1416 4193 1565 4263 facite
1586 4210 1650 4252 ea:
1669 4203 1877 4264 utraque

248 4273 435 4380 "uitii:
460 4340 553 4378 ms.
576 4325 628 4377 s.
647 4319 909 4388 G.judicis
931 4326 1021 4374 est.

2046 4067 2079 4111 ἀ
2100 4070 2154 4122 In
2178 4086 2272 4123 ms.
2293 4071 2346 4123 S.
2373 4071 2434 4123 G.
2459 4069 2601 4133 cuius
2620 4071 2783 4123 oleum
2802 4070 3029 4124 uideatur
3052 4082 3157 4124 esse
3179 4071 3463 4123 Μάκαι.

2049 4134 2074 4199 ﬁ
2100 4133 2154 4199 in
2181 4148 2275 4189 ms.
2291 4134 2344 4199 ξ.
2370 4133 2428 4199 (ᾖ.
2454 4132 2530 4199 tot
2543 4132 2869 4199 probationes.

2050 4193 2071 4234 ί
2099 4196 2157 4248 In
2180 4211 2270 4248 ms.
2294 4197 2347 4261 S.
2375 4196 2436 4261 (ᾖ.
2460 4193 2725 4261 discretum"
2745 4198 2941 4261 fuerant
2960 4194 3191 4261 parietes.

2052 4268 2079 4307 ε
2100 4261 2157 4312 In
2170 4274 2290 4329 mss.
2308 4259 2362 4313 S.
2388 4258 2449 4312 Τ.
2476 4269 2529 4312 et
2546 4260 2604 4311 P.
2621 4259 2673 4311 S.
2692 4258 2887 4317 necnon
2903 4258 3142 4321 in’editis.
3168 4265 3333 4315 sancta
3355 4260 3549 4329 gemina
3566 4272 3586 4312 :

1987 4329 2148 4379 minus
2170 4325 2321 4375 bene.

1627 4429 1988 4490 VARIURUM
2027 4432 2264 4491 NOTE.

331 4527 419 4601 (1)
451 4525 530 4582 De
566 4526 761 4601 utilite.
794 4523 857 4580 In
884 4520 1049 4579 tertio
1079 4520 1224 4578 libro
1251 4524 1370 4594 egit
1404 4523 1474 4579 de
1505 4523 1715 4579 unitate
1739 4523 1884 4581 facta

253 4596 702 4677 perAliiafarium.
735 4596 964 4677 ᾼιωιειι.

335 4672 423 4747 (2)
456 4669 940 4736 Prtesumptionem.
970 4666 1058 4747 _Se
1085 4676 1308 4722 sanctos
1335 4665 1618 4735 jactahant
1652 4667 1875 4747 [lunati-

250 4737 581 4814 sL-é,'atque
608 4758 673 4797 ex
696 4755 793 4796 sua
813 4739 1101 4796 sanctitate
1129 4750 1602 4807 sacramentorum
1625 4737 1879 4795 edoctum

253 4814 800 4891 permagnus».

338 4886 556 4961 (5)_Dei
581 4896 659 4940 est
676 4898 825 4961 rsosse
853 4897 1021 4961 renus,
1043 4880 1186 4935 illius
1203 4883 1347 4961 ferre
1368 4882 1697 4961 sententiam.
1733 4880 1884 4961 Men-

253 4952 901 5029 duin'Typographicum
931 4952 1089 5029 ejice,
1115 4961 1173 5008 et
1203 4953 1326 5023 lege
1350 4968 1473 5009 cum
1500 4953 1744 5010 editione
1784 4953 1876 5011 Fr.

254 5023 545 5089 Balduini'.
580 5023 729 5083 nosse
753 5041 948 5080 rerum.
979 5023 1205 5085 Lucem.

340 5101 424 5177 (4)
457 5099 655 5177 canina
684 5098 932 5177 victima.-
964 5096 1131 5177 Paulo
1175 5105 1308 5177 post.
1330 5097 1485 5177 quasi
1519 5096 1763 5153 victimet
1785 5111 1882 5152 ca.

254 5165 421 5232 nein'.
461 5174 684 5227 Amisso.
722 5165 1215 5238 Respicittlptatus
1243 5166 1311 5221 ad
1353 5168 1530 5238 legem
1558 5184 1681 5238 quise
1702 5176 1883 5225 exstat

1986 4526 2290 4590 Dominica,
2314 4522 2445 4594 quia
2463 4537 2586 4580 cum
2609 4523 2841 4580 dicimus
2858 4523 3019 4581 Pater
3041 4535 3229 4592 noster,
3254 4527 3589 4584 mentionem

1986 4595 2313 4671 iacimusde
2333 4595 2588 4671 omnibus
2616 4596 2697 4649 his
2722 4598 2812 4666 qui
2835 4594 3086 4671 eumdem
3121 4596 3321 4671 habent
3351 4597 3594 4671 Patrem,

1986 4677 2042 4724 et
2069 4683 2195 4724 cum
2218 4668 2284 4722 iis
2314 4666 2802 4729 communicamus,
2839 4666 2961 4723 ideo
2986 4672 3165 4724 unitas
3197 4677 3252 4726 ct
3275 4666 3593 4726 fraternitas

1989 4740 2246 4796 remansit
2280 4739 2333 4793 iu
2363 4738 2452 4809 illa
2484 4738 2753 4794 oratione.
2788 4738 2995 4794 Deinde
3020 4756 3241 4797 oramus
3274 4756 3372 4809 pro
3410 4743 3588 4807 vobis,

1986 4814 2112 4884 quia
2141 4811 2365 4884 quando.
2378 4808 2611 4884 dicimus
2634 4810 2835 4867 dimitts
2864 4810 3032 4884 nobis,
3062 4828 3157 4866 eos
3181 4808 3377 4869 manes
3395 4812 3593 4884 intelli-

1987 4880 2169 4953 g’imns
2186 4883 2278 4956 qui
2306 4882 2374 4937 ab
2391 4880 2585 4956 eodem
2612 4892 2764 4947 patre
2790 4883 3057 4956 originem
3075 4884 3350 4941 duxerunt
3368 4896 3421 4940 et
3437 4883 3599 4940 Chri-

1988 4956 2142 5011 stiani
2179 4953 2305 5009 facti
2336 4961 2481 5008 sunt.
2515 4954 2744 5010 Aussr.

2059 5025 2143 5097 (8)
2178 5023 2246 5099 Ut
2275 5040 2448 5095 preces
2465 5026 2768 5099 jungerent,
2808 5043 2937 5098 quos
2973 5026 3349 5099 discrepaturm
3391 5032 3596 5098 fuerant

1989 5109 2185 5171 partes.
2222 5097 2531 5168 Discrepare
2554 5099 2609 5153 in
2648 5097 2826 5154 activa
2864 5097 3151 5171 potestate
3178 5103 3475 5173 usurpavit.
3507 5102 3593 5158 itt—

1991 5185 2129 5226 CEBT
2138 5211 2151 5224 .

256 5247 434 5321 Deut.
458 5259 620 5321 Exin,
654 5236 1085 5321 _18.:non_olfere_s
1115 5239 1337 5321 pretium
1355 5236 1744 5321 canisin‘domo
1764 5239 1879 5321 Do-
1909 5248 1964 5311 D
2062 5242 2142 5321 (9)
2183 5240 2275 5321 Yet
2300 5240 2489 5321 oleum_
2508 5240 2693 5321 timeri.
2740 5240 2877 5310 Quia
2908 5242 3040 5298 dicit
3069 5244 3384 5321 Scriptura,
3410 5261 3594 5319 pecco-

255 5318 402 5373 mini
450 5312 545 5369 Dei
579 5316 699 5387 tui;
742 5312 992 5387 quamvis
1035 5310 1104 5364 de
1136 5312 1376 5387 cynzedo
1423 5310 1674 5367 videatur
1703 5313 1882 5384 potius
1916 5310 1921 5311 ί
1990 5310 2311 5387 ιοτξξριεξιηι
2342 5328 2444 5387 non
2470 5313 2728 5387 intinguat
2767 5325 2923 5383 caput
2953 5332 3140 5371 meum.
3177 5310 3406 5387 Abusa.

256 5385 627 5458 intelligenda
654 5378 819 5455 quain
846 5382 914 5438 de
939 5396 1097 5458 cane.
1129 5378 1417 5458 είκαίως.

346 5459 433 5537 (5)
458 5453 690 5537 vfﬁnqerai
729 5453 1327 5537 mtunn__Poccatorum
1356 5456 1537 5510 oleum
1567 5464 1773 5537 meum
1803 5457 1887 5511 in.

257 5524 446 5593 cuiit’;
480 5524 576 5584 Dei
603 5536 786 5584 autem
805 5524 1249 5583 exsultationem.
1280 5529 1508 5583 Anser.

348 5600 437 5675 (6)
467 5598 626 5675 Facti
652 5615 831 5657 sumus
855 5606 902 5675 et
924 5596 1161 5653 dicimur.
1199 5596 1547 5675 schismat'ni
1574 5598 1704 5675 iacti
1733 5605 1883 5675 sunt,

2063 5383 2177 5457 (ω)
2210 5383 2774 5457 Qttadragesiuto-nono
2796 5386 3014 5457 psalmo.
3035 5398 3141 5445 etc.
3160 5386 3317 5457 Quod
3344 5392 3395 5442 in
3428 5388 3595 5445 Hebr.

1987 5432 2989 5532 .156semesae;etmaneat};
2996 5432 3443 5532 usus};
3453 5432 3596 5517 ait:

1990 5528 2106 5600 rius
2135 5528 2290 5599 quasi
2329 5528 2847 5600 sensusexordium
2889 5528 3417 5600 multi'credidere,
3463 5541 3602 5591 teste

1994 5599 2347 5675 Hieronymo.
2395 5598 2549 5675 Quod
2589 5607 2647 5653 et
2693 5599 2922 5675 August.
2970 5602 3027 5659 in
3065 5599 3258 5675 psalm'.
3303 5617 3356 5659 tv
3396 5598 3607 5675 aliique

262 5666 376 5734 sed
419 5666 532 5729 non
575 5671 828 5745 dicuntur
873 5666 1107 5735 fratres,
1154 5671 1279 5740 quia
1319 5685 1355 5727 δ
1384 5670 1579 5729 nstris
1624 5672 1891 5728 uberibus
1997 5666 2289 5745 testantur.
2312 5670 2455 5745 inde
2480 5666 2898 5745 aliquando'pro
2926 5666 3086 5745 parte
3107 5666 3603 5745 psaltni,quautvis

265 5746 463 5806 avulsi
491 5752 636 5800 sunt.
668 5743 899 5800 Assur.

2001 5743 2056 5798 in
2092 5754 2207 5800 toto
2234 5742 2444 5813 nultum
2484 5739 2644 5813 Seiah
2670 5750 2763 5796 aut
2790 5739 3125 5813 diapsalmaf
3160 5743 3260 5801 llic
3290 5739 3470 5805 tamen
3503 5749 3607 5804 ho-

353 5817 440 5891 (7)
471 5812 542 5873 Ut
568 5814 646 5872 υοι
675 5815 729 5871 in
768 5811 1012 5869 oratione.
1059 5809 1251 5871 Unius
1275 5823 1523 5873 remanet
1552 5815 1606 5871 in
1630 5814 1895 5875 Oratione
2002 5813 2201 5889 dieque
2224 5815 2281 5873 in
2297 5811 2617 5887 quibusdam
2636 5809 3044 5886 exemplaribus
3059 5813 3357 5889 diapsalma
3375 5819 3608 5892 reperiri
