3974 6324
487 234 620 290 1051

1671 234 1917 294 SANCTI
1956 237 2207 298 OI’TATI
2248 241 2564 301 EPISCOPI

3598 260 3707 318 l039.

477 349 718 405 secundo
764 347 1152 420 diapsalmate,
1205 349 1465 421 Spiritum
1520 349 1776 407 Sanctum
1835 353 2074 409 dixisse:
2111 361 2161 422 Α
2187 360 2330 414 enim
2355 367 2662 430 contempta
2685 367 2771 416 est
2796 360 3079 434 disciplina
3106 378 3118 417 :
3144 365 3343 436 utquid
3363 370 3538 427 recitas
3555 371 3710 432 Testa-

481 440 750 500 Peccatori
780 452 951 498 autem
993 444 1120 497 dixit
1154 443 1292 498 Deus
1319 444 1338 516 (
1364 443 1458 500 Ps.
1484 461 1629 511 xux,
1658 447 1786 515 16).
1821 447 1933 501 lloc
1964 447 2083 502 loco

478 539 806 595 advertenda
819 549 904 595 est
925 548 1035 594 tota
1059 539 1256 594 mentis
1280 540 1532 604 intentio,
1555 549 1610 596 et
1630 540 1942 607 videndum,
1964 543 2086 613 quis

477 634 549 689 sit
579 642 848 704 peccator.
868 632 980 705 (11)
1010 632 1066 689 Si
1097 634 1241 689 enim
1273 645 1396 704 post
1433 634 1578 704 quod
1607 635 1801 690 lectum
1835 643 1939 701 est,
1966 652 2085 708 pec-

475 727 640 781 catori
661 737 833 781 autem
869 726 1004 781 dixit
1037 725 1213 782 Deus:
1243 727 1403 782 verba
1451 727 1756 797 hujusmodi
1788 743 2086 799 sequeren-

476 831 587 888 tur,
621 832 676 878 et
703 823 910 880 diceret
937 843 948 876 :
983 823 1154 879 tulisti
1177 839 1348 891 arma,
1381 824 1693 894 processisti
1723 825 1938 890 castris,
1970 834 2081 878 ste-

473 915 588 971 tisti
636 926 827 972 contra
877 916 1065 974 hostes
1099 918 1153 973 in
1192 918 1350 973 acie:
1405 918 1701 973 timendum
1745 927 1863 973 erat
1903 918 2081 986 militi,

475 1008 599 1080 quia
630 1011 806 1080 potuit
831 1009 946 1080 ipse
969 1009 1138 1066 videri
1176 1020 1446 1081 peccator.
1471 1012 1576 1065 Aut
1602 1011 1648 1065 si
1670 1010 1905 1066 diceret:
1935 1026 2084 1066 com-

475 1103 680 1175 parasti
728 1118 976 1169 merces,
1027 1104 1402 1175 peregrinatus
1442 1119 1537 1169 es,
1579 1103 1736 1175 egisti
1789 1104 2079 1172 nundinas,

475 1195 612 1252 lucri
655 1212 818 1252 causa
857 1196 1002 1268 quod
1029 1212 1242 1253 emeras
1275 1196 1605 1252 vendidisti:
1639 1195 1937 1251 timendum
1966 1206 2084 1251 erat

476 1288 809 1360 negociatori
833 1330 850 1354 ,
882 1291 1007 1358 quia
1037 1289 1216 1359 potuit
1245 1289 1361 1359 ipse
1390 1288 1562 1344 videri
1591 1297 1864 1359 peccator.
1905 1286 2014 1342 Aut
2034 1287 2079 1342 si

473 1381 680 1439 diceret
705 1400 717 1436 :
752 1381 1028 1438 fabricasti
1061 1397 1285 1449 navem,
1312 1383 1555 1437 struxisti
1586 1381 1806 1437 funibus
1828 1424 1843 1449 ,
1873 1381 2080 1437 ornasti

475 1478 632 1545 velis,
656 1488 993 1550 opportunos
1031 1486 1088 1532 ut
1129 1479 1411 1548 navigares
1441 1479 1668 1549 captasti
1701 1486 1890 1532 ventos
1920 1493 1934 1531 :
1961 1473 2080 1547 (12)

475 1573 774 1630 timendum
806 1583 923 1629 erat
952 1582 1150 1640 naut:e,
1183 1574 1306 1644 quia
1338 1576 1511 1644 potuit
1541 1574 1656 1644 ipse
1685 1572 1855 1627 videri
1889 1587 2082 1642 pecca-

474 1673 579 1721 tor.
613 1666 718 1722 Aut
749 1676 869 1736 post
892 1666 1035 1737 quod
1066 1667 1264 1722 lectum
1296 1676 1378 1722 est
1406 1685 1418 1721 :
1452 1665 1722 1721 Peccatori
1749 1675 1922 1721 autem
1947 1666 2079 1721 dixit

2190 460 2457 518 mentum,
2482 453 2572 522 qui
2598 451 2950 509 Testamento
2976 469 3082 511 non
3114 459 3364 524 servis,in
3379 478 3477 532 quo
3490 464 3709 540 descripta

2187 552 2270 600 est
2297 543 2578 615 disciplina
2599 587 2612 610 ,
2641 562 2802 617 quam
2846 563 3067 606 servare
3097 565 3200 606 non
3232 552 3423 609 vultis?
3464 555 3567 614 Non
3598 564 3710 618 enim

2188 638 2414 708 potestis
2440 639 2654 707 dicere,
2684 656 2780 697 vos
2807 657 2926 697 eam
2954 659 3173 701 servare
3201 656 3249 712 υ,
3275 658 3450 703 contra
3477 666 3613 722 quam
3631 656 3710 709 mi-

2187 729 2372 785 litatis.
2409 731 2549 788 Deus
2578 733 2708 788 dicit
2743 752 2754 787 :
2793 734 2976 800 Qutere
3004 755 3210 808 pacem,
3243 748 3288 793 et
3313 746 3606 813 consequeris
3627 765 3713 804 eam

2187 820 2305 894 (Ps.
2335 823 2663 897 xxxttt,15)
2694 843 2706 878 :
2733 823 2846 899 (15)
2873 838 2928 882 ιιι
2951 830 3244 913 repudiain
3269 847 3474 903 pacem:
3496 841 3711 896 nonestb

2185 925 2535 973 contemnere
2555 917 2937 988 disciplinam?

2257 1007 2363 1078 73
2376 1009 2433 1062 lu
2451 1007 2960 1084 Evangeliolegitur
2982 1016 3098 1086 (16)
3117 1034 3130 1069 :
3146 1033 3250 1087 pax
3261 1018 3531 1080 hominibus
3549 1026 3594 1080 in
3608 1037 3715 1083 terra

2185 1099 2330 1156 bona:
2354 1103 2629 1158 voluntatis
2644 1104 2793 1176 (Luc.
2813 1123 2874 1176 tt,
2903 1108 2993 1179 14)
3010 1127 3022 1162 :
3042 1118 3094 1164 tu
3113 1125 3214 1167 nec
3228 1113 3538 1173 voluntatem
3557 1119 3716 1179 bonam

2185 1195 2265 1250 vis
2294 1197 2497 1254 habere
2524 1216 2622 1255 nec
2655 1215 2840 1270 pacem
2873 1219 3018 1257 :non
3051 1214 3133 1260 est
3160 1215 3496 1267 contemnere
3519 1212 3717 1286 discipli-

2185 1292 2350 1346 nam?
2379 1293 2504 1348 Item
2535 1293 2588 1348 in
2621 1295 2829 1364 psalmo
2858 1312 3046 1352 cxxxrt
3080 1299 3274 1370 legitur
3307 1319 3320 1356 :
3351 1300 3476 1358 Ecce
3491 1321 3623 1374 quam
3645 1308 3716 1362 bo-

2184 1400 2307 1437 num
2347 1394 2450 1448 est,
2494 1395 2541 1439 et
2569 1389 2896 1458 jucundum,
2928 1389 3159 1445 habitare
3212 1393 3265 1445 in
3293 1409 3443 1448 unum
3471 1414 3484 1450 :
3515 1397 3560 1451 in
3587 1413 3716 1454 unum

2181 1475 2428 1534 habitare
2453 1493 2572 1534 cum
2610 1479 2863 1536 fratribus
2892 1498 2998 1538 nou
3030 1485 3112 1538 vis
3147 1503 3159 1538 :
3192 1501 3297 1541 non
3329 1496 3410 1543 est
3427 1499 3719 1550 contemnere

2183 1571 2843 1642 disciplinam?Christus
2869 1575 3000 1631 dicit
3037 1578 3088 1631 in
3136 1577 3463 1650 Evangelio:
3503 1585 3721 1653 quisenul

2183 1665 2317 1720 lotus
2343 1676 2450 1733 est,
2484 1685 2585 1721 non
2617 1668 2762 1723 habet
2784 1671 3138 1725 necessitatem
3158 1673 3341 1727 iterum
3361 1674 3550 1729 lavandi
3569 1675 3717 1745 (Joan.

474 1757 654 1814 Deus:
677 1760 721 1815 si
744 1769 1103 1831 sequerentur
1126 1759 1241 1816 haec
1258 1760 1746 1816 verbazdissensio
1764 1759 2074 1816 etschisma
2105 1755 2155 1817 B
2186 1773 2278 1812 xm
2303 1799 2317 1822 ,
2353 1757 2444 1829 10)
2481 1777 2492 1813 :
2530 1769 2582 1813 tu
2636 1761 3025 1830 rebaptizando
3069 1764 3265 1819 iterum
3313 1765 3495 1821 lavas:
3543 1783 3631 1824 non
3656 1779 3720 1825 est

475 1851 570 1908 tibi
609 1853 916 1924 displicuit,
956 1854 1303 1910 concordasti
1336 1870 1459 1909 cum
1504 1853 1670 1910 fratre
1712 1865 1840 1920 tuo,
1871 1864 2077 1910 etcum

474 1963 578 2003 una
593 1947 833 2004 Ecclesia
852 1965 973 2020 quae
997 1961 1078 2005 est
1102 1950 1154 2004 in
1185 1957 1299 2004 toto
1322 1948 1452 2005 orbe
1480 1959 1774 2015 terrarum,
1796 1949 1914 2022 (15)
1927 1965 2078 2005 com-

474 2043 760 2097 municasti
784 2050 992 2113 septem
1015 2043 1272 2098 Ecclesiis
1297 2052 1351 2099 et
1373 2041 1490 2116 (11)
1519 2043 1792 2099 memoriis
1808 2044 2080 2114 apostolo-

473 2150 617 2199 rum,
647 2136 934 2206 amplexus
958 2151 1018 2191 es
1032 2136 1297 2192 unitatem
1319 2154 1332 2188 :
1357 2136 1402 2191 si
1425 2136 1539 2192 lucc
1560 2137 1900 2207 subsequens
1921 2137 2079 2193 lectio

473 2226 813 2296 contineret,
847 2227 1002 2282 nobis
1031 2228 1330 2284 timendum
1354 2237 1502 2294 erat,
1537 2243 1637 2282 nos
1664 2242 1785 2284 esse
1808 2227 2078 2299 potuimus

475 2326 812 2389 peccatores.
845 2318 981 2375 Cum
1014 2331 1194 2376 autem
1221 2321 1352 2376 dicit
1381 2321 1564 2376 Deus:
1600 2321 1681 2375 Ad
1711 2321 1835 2393 quid
1867 2323 2079 2393 exponis

465 2414 702 2486 justitias
728 2431 905 2481 meas,
947 2424 996 2470 et
1035 2415 1256 2471 assumis
1287 2425 1646 2470 testamentum
1678 2433 1847 2470 meum
1891 2433 1981 2488 per
2023 2434 2078 2473 os

473 2508 666 2563 tuum?
696 2520 750 2564 tu
780 2517 950 2566 autem
976 2510 1330 2580 contempsisti
1357 2510 1687 2581 disciplinam
1708 2551 1722 2575 ,
1769 2519 1815 2563 et
1844 2510 2079 2581 abjecisti

468 2617 727 2657 sermones
753 2620 889 2659 meos
919 2613 1055 2658 retro
1085 2619 1104 2657 :
1135 2604 1315 2657 sedens
1353 2603 1626 2657 adversum
1664 2603 1876 2672 fratrem
1905 2613 2074 2671 tuum,

471 2694 796 2763 detrahebas,
823 2705 874 2751 et
894 2696 1138 2752 adversus
1164 2696 1332 2766 ﬁlium
1353 2697 1534 2750 matris
1559 2705 1659 2750 tua:
1684 2691 1909 2767 ponebas
1926 2712 2076 2751 scan-

470 2787 667 2843 dolum.
725 2789 949 2845 Videbas
979 2793 1168 2862 furem,
1212 2801 1259 2845 et
1289 2790 1528 2845 currebas
1575 2807 1689 2844 cum
1733 2807 1823 2857 eo,
1867 2800 1912 2845 et
1957 2807 2072 2844 cum

467 2882 718 2938 adulteris
745 2885 1030 2954 portionem
1050 2894 1194 2938 tuam
1222 2885 1443 2955 ponebas
1463 2883 1584 2956 (Ps.
1621 2893 1783 2951 xus,‘
1803 2885 1912 2958 16).
1950 2885 2074 2941 Haec

469 2975 535 3030 ad
563 2990 658 3031 vos
670 2975 813 3033 dicta
833 2985 958 3032 sunt
979 2979 1180 3033 omnia.
1208 2978 1473 3035 Excusate
1487 2994 1582 3035 vos
1605 2979 1670 3035 ab
1694 2979 1777 3035 his
1796 2980 2068 3049 omnibus,

471 3067 517 3124 si
545 3068 794 3138 potestis.

2183 1861 2534 1908 contemnere
2588 1853 2972 1923 disciplinam?
3019 1855 3162 1911 Deus
3217 1856 3348 1913 dicit
3385 1876 3399 1912 :
3441 1875 3499 1913 ne
3542 1861 3722 1931 tetigeri-

2184 1943 2247 1997 tis
2279 1942 2509 1998 Christos
2538 1961 2674 1998 meos
2700 1986 2714 2010 ,
2757 1961 2916 2016 neque
2959 1947 3014 2000 in
3063 1948 3342 2016 prophetas
3385 1966 3513 2004 meos
3552 1968 3720 2006 mentun

2183 2034 2561 2107 miseritis(Ps.
2591 2052 2709 2101 etv,
2742 2037 2830 2107 15)
2861 2055 2877 2096 :
2926 2054 3020 2094 vos
3065 2049 3141 2095 tot
3179 2041 3483 2098 sacerdotes
3525 2043 3605 2099 Dei
3631 2043 3721 2114 (17)

2183 2128 2483 2186 honoribus
2510 2130 2864 2204 exspoliastis
2896 2148 3036 2186 :non
3065 2142 3149 2188 est
3173 2143 3516 2191 contemnere
3529 2137 3724 2208 discipli-

2184 2224 2343 2278 nam?
2363 2223 2611 2279 Christus
2637 2223 2764 2278 dicit
2796 2241 2809 2278 :
2841 2224 2960 2278 inde
2995 2225 3101 2280 scio
3144 2228 3270 2298 quia
3298 2228 3530 2299 discipuli
3557 2231 3638 2284 mei
3661 2245 3722 2284 es-
3758 2281 3766 2290 ,

2182 2317 2246 2370 tis
2267 2357 2280 2380 ,
2313 2317 2359 2370 si
2385 2333 2472 2371 vos
2499 2316 2712 2370 invicem
2733 2317 2961 2388 diligatis
2985 2317 3165 2390 (loan.
3199 2337 3296 2377 xm
3321 2361 3338 2390 ,
3369 2321 3458 2391 54)
3489 2322 3630 2378 :odio
3648 2339 3723 2379 nos

2184 2409 2626 2476 habetis,fratres
2655 2412 2842 2483 utique
2879 2421 3090 2468 vestros
3117 2431 3130 2467 :
3157 2429 3261 2470 nec
3280 2418 3542 2484 apostolos
3564 2416 3723 2472 imitari

2181 2503 2448 2567 voluistis,
2475 2519 2504 2558 a
2531 2503 2726 2574 quibus
2754 2504 2914 2558 etiam
2940 2513 3166 2576 negator
3189 2506 3418 2562 dilectus
3439 2518 3515 2563 est
3535 2507 3720 2562 Petrus:

2182 2610 2286 2648 non
2320 2605 2404 2650 est
2432 2605 2782 2650 contemnere
2808 2595 3198 2666 disciplinam?
3231 2599 3471 2670 Exponis
3504 2599 3722 2670 justiﬁca-

2182 2690 2357 2744 tiones
2390 2688 2521 2754 Dei,
2569 2699 2624 2743 et
2679 2690 2914 2744 assumis
2948 2689 3359 2747 Testamentum
3413 2694 3520 2764 ejus
3563 2709 3643 2764 per
3677 2709 3724 2748 os

2183 2793 2328 2839 tuum
2360 2785 2799 2840 :Tcstamentum
2833 2785 3045 2849 recitas,
3067 2795 3121 2842 et
3149 2788 3494 2846 Testamento
3521 2805 3611 2845 non
3635 2806 3724 2845 ser-

2180 2880 2259 2934 vis
2283 2922 2296 2944 ,
2327 2880 2381 2934 in
2412 2895 2520 2951 quo
2546 2879 2815 2950 descripta
2839 2890 2924 2935 est
2947 2880 3231 2952 disciplina
3265 2901 3279 2939 :
3303 2885 3562 2956 quomodo
3585 2886 3721 2940 dicis:

2178 2988 2360 3045 qumre
2391 2987 2574 3044 pacem
2598 3015 2612 3038 ,
2646 2989 2770 3029 cum
2799 2989 2904 3028 non
2933 2973 3137 3030 habeas
3168 2977 3399 3045 pacem?

2250 3067 2316 3122 V.
2348 3065 2638 3120 Donatista:
2664 3067 3068 3122 calumniatores
3085 3110 3098 3134 ,
3125 3069 3440 3126 detractores
3463 3113 3478 3138 ,
3498 3070 3725 3125 scandala-

539 3159 630 3217 IV.
668 3160 955 3218 Donatista:
984 3163 1278 3234 disciplina:
1302 3175 1697 3237 contemptores.
1724 3195 1798 3206 —
1841 3164 1887 3218 A
1913 3163 2069 3220 vobis
2097 3154 2140 3218 C
2173 3178 2287 3218 rum
2314 3171 2644 3216 auctores.-—-
2673 3159 2793 3234 (l8)
2824 3160 2993 3217 Electi
3024 3164 3155 3218 estis
3174 3205 3190 3230 ,
3238 3167 3329 3237 qui
3377 3166 3610 3222 sedentes
3649 3178 3723 3236 po-

1687 3279 2075 3336 LECTIONES
2115 3275 2539 3335 VARIANTES.

529 3374 555 3404 ⁸
577 3371 634 3426 In
651 3386 771 3425 mss.
795 3373 849 3425 S.
875 3371 934 3423 Τ.
961 3377 1015 3423 et
1037 3372 1096 3423 P.
1119 3372 1172 3424 S.
1199 3385 1434 3426 servasse.

2237 3370 2266 3410 b
2293 3369 2348 3420 In
2372 3383 2464 3419 ms.
2483 3369 2536 3419 S.
2562 3369 2622 3421 G.
2647 3369 2811 3437 utique
2831 3369 2921 3423 hoc
2945 3378 3016 3424 est
3038 3385 3057 3424 :
3077 3380 3129 3426 et
3154 3376 3222 3427 ita
3242 3377 3490 3442 deinceps.

1797 3481 2158 3540 VARIORUM
2195 3480 2426 3539 ΝΟΤιΕ.

465 3586 732 3636 testantur
754 3577 852 3632 viri
879 3575 1044 3634 docti.
1076 3579 1321 3635 Alterum
1347 3586 1524 3633 autem
1547 3592 1669 3632 cum
1693 3576 1802 3647 jam
1830 3593 1988 3632 versu
2003 3577 2056 3639 6,

469 3652 601 3722 (non
625 3650 775 3722 enim,
801 3651 1061 3716 sequendi
1091 3651 1181 3720 qui
1214 3649 1428 3714 tollunt,
1455 3664 1577 3704 eum
1607 3652 1677 3703 sit
1702 3661 1755 3704 et
1788 3649 1840 3702 iu
1867 3649 2059 3718 Hebr.)

464 3721 825 3792 praecesserit.
862 3721 990 3777 ldeo
1014 3722 1240 3777 fortasse
1271 3722 1472 3775 dictum
1498 3722 1564 3776 ab
1590 3723 1808 3789 Optato,
1842 3721 1928 3777 hic
1953 3731 2056 3787 est,

463 3793 555 3849 sub
576 3809 677 3847 sec.
709 3801 816 3847 etc.
843 3793 914 3848 M.
937 3792 1170 3848 Casum.

535 3863 915 3936 (ll)'SiAenim
940 3875 1057 3936 post
1091 3865 1420 3919 electumest.
1466 3865 1570 3936 Pro
1599 3865 1812 3918 electum
1860 3865 2063 3918 mavult

462 3934 716 3992 Barthius
738 3934 1009 3990 delectum.
1045 3935 1275 4007 Interest
1300 3936 1449 4007 enim
1474 3935 1689 4007 militem
1719 3937 1876 4006 deligi
1899 3946 2060 4007 atque

461 4008 776 4081 eligidieas.
810 4007 944 4062 Cum
973 4007 1199 4081 delectus
1227 4005 1480 4081 eirei‘sit
1503 4006 1763 4061 familiare
1793 4005 2014 4081 verbum
2043 4026 2056 4060 :

463 4077 595 4134 illud
634 4079 862 4134 alterunt
897 4088 1102 4134 temere
1130 4079 1196 4132 de.
1230 4077 1488 4131 militibus
1522 4093 1628 4131 non
1671 4080 1933 4145 reperias.
1965 4078 2056 4133 Fr.

463 4150 758 4205 Balduinus
777 4149 967 4214 edidit,
993 4152 1036 4202 si
1059 4150 1191 4203 enim
1215 4159 1483 4217 postquam
1507 4147 1691 4201 lectum
1715 4161 1810 4202 est.
1839 4149 2055 4205 INCER‘I‘.

534 4221 646 4292 (l2)
679 4220 981 4275 Timendum
1010 4231 1118 4274 erat
1149 4231 1336 4273 natiue.
1374 4219 1513 4289 Lege
1543 4219 1792 4292 exigente
1821 4236 1984 4276 sensu
2010 4231 2065 4276 et

463 4291 568 4347 ﬁde
595 4292 820 4362 jubente
846 4291 1038 4347 eodem
1074 4292 1232 4350 libro,
1265 4302 1484 4345 naturw.
1516 4291 1570 4344 Si
1601 4291 1820 4361 quidem
1863 4303 2064 4348 naturte

464 4363 554 4418 hic
586 4363 892 4433 prodigiose
921 4363 1147 4418 editum.
1189 4362 1409 4418 lucem.

535 4433 652 4509 (l3)
665 4434 1064 4490 Communicasti
1077 4435 1270 4506 septem
1280 4433 1546 4490 Ecclesiis.
1561 4433 1882 4562 Cl‘t‘risdanis
1894 4434 2058 4492 Asiae.

1661 4524 1838 4562 casse.

1661 4524 1838 4562 LBASP.

2168 3575 2415 3630 divinum
2450 3575 2712 3630 honorem
2745 3588 2887 3631 esse.
2925 3575 3093 3646 Epist.
3149 3574 3184 3630 5
3229 3577 3325 3634 lib.
3355 3593 3430 3635 tv.
3469 3575 3723 3634 Diviniho-

2170 3647 2312 3701 noris
2341 3647 2584 3701 societate
2616 3648 2938 3717 conjunctas.
2972 3650 3206 3704 ALBASP.

2247 3718 2364 3790 (18)
2386 3718 2551 3772 Eterti
2582 3721 2699 3772 estis
2720 3719 2808 3788 qui
2828 3719 3080 3786 sedentes,
3113 3731 3222 3776 etc.
3260 3721 3449 3778 Scribe
3470 3723 3576 3777 lecti
3601 3722 3727 3776 estis:

2171 3792 2312 3858 quod
2348 3791 2518 3852 valet,
2550 3793 2810 3860 scriptum
2845 3806 3003 3860 porro
3033 3801 3118 3847 est
3145 3792 3216 3848 de
3239 3795 3392 3850 vobis
3413 3837 3426 3858 ,
3460 3807 3544 3848 aut
3567 3790 3727 3859 aliquid

2169 3862 2394 3916 simile:
2440 3863 2624 3914 lectum
2675 3863 2819 3916 enim
2874 3878 2969 3930 pro
3007 3868 3261 3932 scriptum
3316 3881 3436 3920 cum
3487 3866 3549 3920 de
3593 3863 3727 3918 sacris

2169 3933 2528 4009 scriptoribus
2559 3933 2674 3988 loca
2702 3936 3070 4009 pro'eruntur,
3107 3945 3164 3990 et
3195 3937 3360 3992 lectio
3402 3937 3507 3994 κατ’
3534 3938 3722 4009 ἔξοχήν,

2172 4021 2268 4082 pro
2291 4005 2480 4082 quavis
2507 4019 2679 4059 sacra:
2708 4003 3020 4082 ’_S_cript_ur:e
3069 4017 3326 4082 erspwzfi,
3375 4009 3486 4082 sive
3523 4003 3727 4079 περ’ὰοπῇ

2171 4071 2476 4147 (capitulum
2501 4087 2694 4130 vocant
2724 4071 2950 4130 Tertull.
2983 4086 3037 4131 et
3063 4071 3178 4143 alii)
3224 4071 3337 4133 ἱῖιίιι
3388 4081 3619 4148 frequens
3659 4071 3724 4131 est

2169 4149 2222 4201 in
2272 4149 2353 4202 bis
2394 4158 2448 4221 et
2479 4149 2744 4202 similibus
2775 4149 2974 4221 libris,
3006 4160 3061 4202 ιιι
3092 4150 3225 4204 nihil
3263 4151 3585 4221 frequentius
3624 4163 3726 4221 csse

2166 4221 2356 4290 possit.
2393 4218 2586 4273 Notum
2627 4235 2690 4275 ac
2721 4219 2904 4292 tritum
2957 4230 3074 4281 est.
3109 4221 3236 4292 quid
3269 4218 3472 4280 Nehem
3524 4239 3637 4284 ι·;ιι,
3662 4220 3688 4273 8
3713 4258 3726 4283 ,

2170 4305 2276 4372 non
2311 4295 2464 4372 pauci
2497 4295 2657 4372 mp1:
2707 4290 2870 4372 mikra
2907 4290 3188 4372 exponant
3211 4335 3226 4359 ,
3250 4295 3361 4372 Σειῇ
3377 4295 3497 4364 quid
3543 4310 3596 4348 ea
3625 4303 3729 4344 voce

2173 4360 2383 4416 Ilebrmi
2409 4360 2664 4417 doctores
2696 4365 2853 4432 vulgo
2889 4362 3194 4432 designent.
3250 4360 3451 4420 Eadem
3485 4369 3664 4419 ratione
3687 4371 3728 4414 et

2169 4433 2497 4488 Alcoranum
2528 4433 2633 4490 dici
2667 4435 2820 4490 multi
2855 4445 3225 4490 autumarunt.
3263 4437 3370 4492 Sed
3404 4437 3618 4491 Thomas
3648 4435 3727 4486 llr-

2173 4505 2362 4573 pcuius
2387 4547 2400 4570 ,
2434 4506 2485 4558 in
2508 4505 2660 4574 cujus
2687 4505 3130 4560 excellentissimi
3163 4509 3260 4561 viri
3289 4510 3563 4562 immatura
3588 4513 3728 4560 morte

535 4576 651 4648 (14)
673 4577 740 4630 Ει
766 4579 1023 4634 memoriis
1053 4579 1437 4649 Apostolorum.
1468 4580 1534 4634 Et
1565 4578 1806 4649 reliqmis
1837 4580 1896 4635 Β.
1920 4581 2064 4636 Petri
2096 4575 2147 4636 D
2177 4587 2375 4649 tantam
2409 4576 2657 4632 fecerunt
2697 4577 2960 4644 jacturam
3003 4579 3197 4634 littera:
3222 4578 3554 4642 Orientales,
3583 4592 3727 4647 quan-

459 4659 516 4734 ει.
544 4649 696 4734 Pauli
728 4667 740 4702 :
773 4665 894 4739 qua;
935 4654 1243 4739 eotnmmiio
1277 4654 1582 4708 necessaria
1609 4661 1696 4706 est
1741 4662 1799 4706 ιιι
1826 4653 1947 4723 quis
1991 4655 2061 4708 sit

460 4721 516 4778 in
540 4723 746 4777 unitate
771 4721 1098 4776 Christiana.
1126 4721 1358 4777 Acnsse.

536 4811 746 4889 (l5)Tu
765 4814 1049 4889 repudiasti
1077 4823 1394 4889 pacem,e_tc.
1412 4814 1708 4889 _Auctiores
1735 4817 1822 4873 hic
1853 4819 2058 4886 priores

459 4884 730 4960 editiones
769 4884 974 4960 integra
1005 4885 1271 4960 periodo:
1309 4884 1375 4938 In
1404 4884 1686 4960 Evangelia
1716 4884 1926 4959 legitur,
1958 4908 2061 4960 pax

461 4959 746 5013 hominibus
771 4959 824 5012 in
851 4966 988 5013 terra
1019 4961 1162 5012 bona:
1191 4958 1485 5012 voluntatis.
1512 4957 1591 5012 Tu
1619 4977 1712 5014 nec
1743 4957 2058 5014 uolunta—tem

459 5029 645 5084 bonum
665 5031 739 5083 vis
763 5030 966 5094 habere,
991 5045 1080 5082 nec
1101 5044 1278 5098 pacem
1301 5044 1319 5081 :
1343 5045 1443 5082 non
1467 5039 1540 5083 est
1563 5041 1884 5086 contemnere
1905 5033 2060 5086 disci-

459 5101 697 5174 plinam?
727 5098 858 5153 Item
898 5099 1216 5174 inuPsalm”
1243 5099 1544 5174 etc.__llaud
1577 5102 1796 5158 dubium
1829 5106 1957 5174 quin
1991 5107 2059 5158 sit

458 5170 657 5243 Optati,
695 5185 868 5243 neque
891 5170 1109 5243 difficile
1136 5179 1220 5225 est
1245 5170 1537 5240 conjicere,
1569 5189 1690 5243 quae
1712 5170 1872 5230 causa
1900 5175 2064 5232 fuerit

459 5239 769 5300 omittendi.
785 5239 873 5296 Μ.
904 5239 1138 5297 ΟΑεΑιιε.

531 5336 648 5410 (16)
680 5335 1053 5410 lnAEvangelio
1084 5335 1290 5410 legitur.
1328 5335 1538 5410 lliecex
1571 5338 1808 5394 editione
1833 5341 2058 5397 Germa-

457 5408 669 5467 ma‘nica
699 5408 979 5470 addimus;
1009 5416 1065 5463 et
1093 5408 1250 5474 bene,
1290 5409 1341 5462 ni
1371 5408 1550 5463 fallor.
1584 5413 1810 5466 ALBASP.

527 5502 648 5578 (17)
681 5501 982 5578 Honoribus
1007 5501 1356 5578 ercspoliastis.
1387 5501 1514 5578 Siue
1545 5517 1728 5578 causa,
1756 5515 1810 5558 et
1860 5506 2064 5578 absque

454 5574 684 5634 crimine
715 5576 1001 5645 episcopos
1031 5574 1301 5642 deponitis
1326 5592 1338 5627 :
1364 5575 1506 5643 quod
1533 5591 1637 5628 non
1663 5576 1838 5631 minus
1858 5574 2062 5632 crimen

454 5659 592 5713 erat,
618 5661 782 5718 quam
807 5648 1149 5718 innocentem
1181 5645 1244 5699 ad
1275 5647 1647 5714 paenitentiam
1676 5663 1904 5717 cogere:
1933 5651 2059 5702 utri-

455 5734 562 5788 que
606 5717 753 5774 enim
786 5719 990 5770 tollitur
1019 5717 1217 5784 gradus
1258 5727 1311 5770 et
1360 5733 1481 5788 pars
1513 5733 1671 5787 quem
1723 5719 1951 5771 habebat
2006 5720 2061 5774 in

462 5803 696 5860 corpore
721 5789 948 5846 Christi.
980 5789 1134 5845 Addo
1164 5805 1230 5846 ex
1263 5788 1329 5845 D.
1373 5789 1647 5862 Cypriauo
1688 5791 2059 5864 episcopatum

2172 4660 2278 4704 tam
2309 4648 2432 4703 ulla:
2464 4665 2717 4718 umquam
2763 4649 2814 4703 in
2847 4650 3009 4704 unius
3041 4650 3273 4704 hominis
3319 4660 3490 4706 morte
3533 4651 3726 4718 littere.

2168 4721 2512 4776 doctissimos
2556 4715 2800 4790 quosmte
2853 4721 3059 4776 Arabes
3088 4721 3418 4788 dis<eutire,
3471 4731 3522 4777 et
3553 4721 3613 4774 ab
3639 4715 3725 4770 alia

2167 4792 2418 4864 quamvis
2443 4791 2684 4864 ejusdem
2718 4794 2918 4864 radicis
2948 4793 3346 4863 significatione
3373 4795 3633 4856 derivare,
3656 4804 3732 4840 no-

2171 4862 2299 4919 tavit
2326 4864 2378 4916 in
2413 4865 2554 4917 nolis
2576 4862 2642 4916 ad
2668 4863 2859 4918 histor.
2888 4862 3109 4934 Josephi
3137 4865 3437 4920 Patriarch.
3467 4864 3602 4918 Hanc
3621 4875 3722 4915 sen-

2171 4935 2392 4990 tentiam
2421 4935 2769 4989 doctissitnus
2795 4933 3093 4989 Salmasius
3139 4936 3189 4989 in
3223 4937 3540 4990 admirando
3566 4933 3730 4988 Pliuia-

2172 5022 2362 5061 narum
2391 5005 2847 5060 exercitationum
2879 5023 3073 5076 opere,
3107 5024 3210 5062 non
3244 5009 3425 5062 laudat
3458 5007 3632 5066 modo.
3655 5000 3728 5053 sed

2170 5089 2225 5134 et
2251 5078 2562 5133 Graecorum
2591 5075 2925 5132 testimoniis
2957 5079 3027 5133 ita
3075 5080 3395 5143 confirmat,
3445 5088 3496 5132 ut
3535 5092 3609 5132 res
3640 5075 3728 5139 jam

2170 5149 2392 5204 tninime
2418 5151 2745 5204 controverti
2776 5150 2992 5206 debeat.
3020 5150 3124 5205 Sed
3149 5151 3270 5219 quia
3299 5150 3589 5206 admirandi
3616 5147 3730 5200 illius

2167 5225 2349 5290 operis
2378 5221 2707 5276 mentionem
2761 5236 2848 5275 tne
2892 5223 3115 5292 contigit
3166 5222 3253 5276 hic
3284 5223 3492 5286 facere,
3528 5221 3728 5292 ingratus

2168 5289 2288 5347 sum
2313 5293 2416 5347 nisi
2445 5292 2546 5347 hoc
2571 5295 2687 5362 ipso
2713 5294 2830 5347 loco
2853 5294 2970 5362 ejus
2990 5289 3357 5359 atictori,viro
3385 5289 3729 5362 humanissimo

2169 5374 2224 5420 et
2252 5364 2320 5418 de
2350 5373 2458 5418 tota
2489 5359 2768 5433 republica
2815 5359 3079 5420 litieraria
3111 5367 3461 5420 meritissimo
3481 5407 3495 5429 ,
3524 5359 3729 5434 gratissic

2172 5452 2288 5490 mas
2317 5450 2472 5509 agam
2499 5435 2725 5504 gratias,
2759 5436 2912 5509 cujus
2936 5451 3161 5509 tnunere
3191 5437 3326 5490 tanti
3348 5433 3590 5509 thesauri
3611 5445 3728 5509 con)-

2173 5523 2269 5576 pos
2296 5503 2414 5560 sum
2449 5503 2640 5560 factus.
2671 5508 2777 5561 Sed
2803 5503 2859 5561 ut
2884 5507 2949 5562 ad
2977 5508 3230 5577 Optatum
3261 5508 3565 5569 redeamus,
3593 5503 3728 5577 uthic

2167 5575 2314 5633 electi
2347 5595 2442 5647 pro
2473 5579 2623 5638 lecti,
2654 5579 2815 5632 etiam
2848 5582 2899 5633 in
2933 5575 3038 5635 hac
3059 5581 3289 5649 optima,
3315 5581 3388 5633 ita
3422 5581 3470 5632 in
3498 5575 3729 5649 prioribus

2165 5649 2531 5715 cditionibus,
2559 5649 2751 5704 eodem
2802 5665 2986 5705 errore
3017 5646 3231 5705 electum
3259 5665 3364 5720 pro
3417 5646 3586 5705 lectum
3613 5646 3728 5711 lege.

2166 5720 2342 5775 batur.
2383 5721 2481 5775 Ubi
2534 5723 2676 5772 enim
2731 5730 2857 5775 ante
2887 5738 3044 5777 unam
3075 5733 3165 5776 aut
3195 5722 3420 5776 alterunt
3470 5722 3727 5792 paginam}

2166 5793 2226 5849 Si
2258 5794 2394 5848 enim
2419 5805 2687 5864 postquam
2714 5793 2902 5848 lectum
2927 5804 3002 5850 est
3025 5835 3039 5864 ,
3065 5795 3276 5866 priores
3317 5787 3502 5849 ultima
3538 5787 3730 5846 'Baltlui-
