  <div class='ocr_page' id='page_1' title='image "/cluster/home/n/w/nwhite01/storage/ocr_20150623/11/hvd.32044015471287/526.png"; bbox 0 0 3750 6324; ppageno 0'>
   <div class='ocr_carea' id='block_1_1' title="bbox 77 333 219 391">
    <p class='ocr_par' dir='ltr' id='par_1_1' title="bbox 77 333 219 391">
     <span class='ocr_line' id='line_1_1' title="bbox 77 333 219 391; baseline -0.014 -1"><span class='ocrx_word' id='word_1_1' title='bbox 77 333 219 391; x_wconf 67' lang='grc'><strong>1041</strong></span> 
     </span>
    </p>
   </div>
   <div class='ocr_carea' id='block_1_2' title="bbox 859 309 2598 382">
    <p class='ocr_par' dir='ltr' id='par_1_2' title="bbox 859 309 2598 382">
     <span class='ocr_line' id='line_1_2' title="bbox 859 309 2598 382; baseline -0.01 1"><span class='ocrx_word' id='word_1_2' title='bbox 859 323 950 382; x_wconf 84' lang='lat' dir='ltr'><strong>DE</strong></span> <span class='ocrx_word' id='word_1_3' title='bbox 987 317 1380 382; x_wconf 77' lang='lat' dir='ltr'><strong>SCHISMATE</strong></span> <span class='ocrx_word' id='word_1_4' title='bbox 1420 315 1968 376; x_wconf 79' lang='lat' dir='ltr'><strong>DONATISTARUM</strong></span> <span class='ocrx_word' id='word_1_5' title='bbox 2008 312 2214 372; x_wconf 79' lang='lat' dir='ltr'><strong>LIBER</strong></span> <span class='ocrx_word' id='word_1_6' title='bbox 2251 309 2598 382; x_wconf 78' lang='lat' dir='ltr'><strong>QUARTUS.</strong></span> 
     </span>
    </p>
   </div>
   <div class='ocr_carea' id='block_1_3' title="bbox 3242 310 3382 368">
    <p class='ocr_par' dir='ltr' id='par_1_3' title="bbox 3242 310 3382 368">
     <span class='ocr_line' id='line_1_3' title="bbox 3242 310 3382 368; baseline -0.007 -2"><span class='ocrx_word' id='word_1_7' title='bbox 3242 310 3382 368; x_wconf 71' lang='grc'><strong>1042</strong></span> 
     </span>
    </p>
   </div>
   <div class='ocr_carea' id='block_1_4' title="bbox 77 417 3376 506">
    <p class='ocr_par' dir='ltr' id='par_1_4' title="bbox 77 417 3376 506">
     <span class='ocr_line' id='line_1_4' title="bbox 77 417 3376 506; baseline -0.006 -4"><span class='ocrx_word' id='word_1_8' title='bbox 77 459 192 502; x_wconf 80' lang='lat' dir='ltr'><strong>tnin</strong></span> <span class='ocrx_word' id='word_1_9' title='bbox 243 445 317 502; x_wconf 92' lang='lat' dir='ltr'><strong>sit</strong></span> <span class='ocrx_word' id='word_1_10' title='bbox 351 464 366 502; x_wconf 91' lang='lat'><strong>:</strong></span> <span class='ocrx_word' id='word_1_11' title='bbox 397 444 499 500; x_wconf 89' lang='lat' dir='ltr'><strong>hoc</strong></span> <span class='ocrx_word' id='word_1_12' title='bbox 543 443 610 499; x_wconf 91' lang='lat' dir='ltr'><strong>de</strong></span> <span class='ocrx_word' id='word_1_13' title='bbox 655 442 924 499; x_wconf 65' lang='lat' dir='ltr'><strong>hairetieis</strong></span> <span class='ocrx_word' id='word_1_14' title='bbox 951 440 1151 496; x_wconf 88' lang='lat' dir='ltr'><strong>dictum</strong></span> <span class='ocrx_word' id='word_1_15' title='bbox 1192 445 1276 493; x_wconf 88' lang='lat' dir='ltr'><strong>est</strong></span> <span class='ocrx_word' id='word_1_16' title='bbox 1300 478 1315 502; x_wconf 89' lang='lat'><strong>,</strong></span> <span class='ocrx_word' id='word_1_17' title='bbox 1355 433 1497 506; x_wconf 92' lang='lat' dir='ltr'><strong>apud</strong></span> <span class='ocrx_word' id='word_1_18' title='bbox 1543 448 1680 505; x_wconf 90' lang='lat' dir='ltr'><strong>quos</strong></span> <span class='ocrx_word' id='word_1_19' title='bbox 1706 435 1761 494; x_wconf 83' lang='grc' dir='ltr'><strong>Α</strong></span> <span class='ocrx_word' id='word_1_20' title='bbox 1785 432 1869 487; x_wconf 88' lang='lat' dir='ltr'><strong>nia</strong></span> <span class='ocrx_word' id='word_1_21' title='bbox 1898 474 1912 495; x_wconf 85' lang='lat'><strong>,</strong></span> <span class='ocrx_word' id='word_1_22' title='bbox 1943 441 2000 485; x_wconf 92' lang='lat' dir='ltr'><strong>ut</strong></span> <span class='ocrx_word' id='word_1_23' title='bbox 2035 431 2102 486; x_wconf 91' lang='lat' dir='ltr'><strong>ad</strong></span> <span class='ocrx_word' id='word_1_24' title='bbox 2148 440 2388 501; x_wconf 76' lang='lat' dir='ltr'><strong>tempora</strong></span> <span class='ocrx_word' id='word_1_25' title='bbox 2430 437 2613 485; x_wconf 90' lang='lat' dir='ltr'><strong>nostra</strong></span> <span class='ocrx_word' id='word_1_26' title='bbox 2664 428 3010 499; x_wconf 89' lang='lat' dir='ltr'><strong>pertineant:</strong></span> <span class='ocrx_word' id='word_1_27' title='bbox 3044 417 3376 484; x_wconf 52' lang='lat' dir='ltr'><strong>excusastir</strong></span> 
     </span>
    </p>
   </div>
   <div class='ocr_carea' id='block_1_5' title="bbox 74 527 1678 607">
    <p class='ocr_par' dir='ltr' id='par_1_5' title="bbox 74 527 1678 607">
     <span class='ocr_line' id='line_1_5' title="bbox 74 527 1678 607; baseline -0.009 -11"><span class='ocrx_word' id='word_1_28' title='bbox 74 550 208 596; x_wconf 88' lang='lat' dir='ltr'><strong>sunt</strong></span> <span class='ocrx_word' id='word_1_29' title='bbox 236 548 696 594; x_wconf 86' lang='lat' dir='ltr'><strong>sacramentorum</strong></span> <span class='ocrx_word' id='word_1_30' title='bbox 753 537 865 607; x_wconf 77' lang='grc'>(65)</span> <span class='ocrx_word' id='word_1_31' title='bbox 918 534 1050 588; x_wconf 73' lang='lat' dir='ltr'><strong>falsa</strong></span> <span class='ocrx_word' id='word_1_32' title='bbox 1097 530 1367 586; x_wconf 88' lang='lat' dir='ltr'><strong>connubia</strong></span> <span class='ocrx_word' id='word_1_33' title='bbox 1408 538 1474 592; x_wconf 63' lang='lat'><strong>0;</strong></span> <span class='ocrx_word' id='word_1_34' title='bbox 1523 536 1578 584; x_wconf 89' lang='lat' dir='ltr'><strong>et</strong></span> <span class='ocrx_word' id='word_1_35' title='bbox 1624 527 1678 582; x_wconf 92' lang='lat' dir='ltr'><strong>in</strong></span> 
     </span>
    </p>
   </div>
   <div class='ocr_carea' id='block_1_6' title="bbox 73 622 1679 705">
    <p class='ocr_par' dir='ltr' id='par_1_6' title="bbox 73 622 1679 705">
     <span class='ocr_line' id='line_1_6' title="bbox 73 622 1679 705; baseline -0.006 -19"><span class='ocrx_word' id='word_1_36' title='bbox 73 649 317 705; x_wconf 88' lang='lat' dir='ltr'><strong>quorum</strong></span> <span class='ocrx_word' id='word_1_37' title='bbox 345 632 525 687; x_wconf 89' lang='lat' dir='ltr'><strong>choris</strong></span> <span class='ocrx_word' id='word_1_38' title='bbox 570 631 822 702; x_wconf 88' lang='lat' dir='ltr'><strong>iniquitas</strong></span> <span class='ocrx_word' id='word_1_39' title='bbox 866 629 1169 690; x_wconf 73' lang='lat' dir='ltr'><strong>invenitur;</strong></span> <span class='ocrx_word' id='word_1_40' title='bbox 1217 626 1306 681; x_wconf 89' lang='lat' dir='ltr'><strong>ubi</strong></span> <span class='ocrx_word' id='word_1_41' title='bbox 1349 625 1400 679; x_wconf 93' lang='lat' dir='ltr'><strong>in</strong></span> <span class='ocrx_word' id='word_1_42' title='bbox 1431 622 1546 696; x_wconf 65' lang='grc'>(64)</span> <span class='ocrx_word' id='word_1_43' title='bbox 1583 638 1679 678; x_wconf 78' lang='lat' dir='ltr'><strong>ex-</strong></span> 
     </span>
    </p>
   </div>
   <div class='ocr_carea' id='block_1_7' title="bbox 75 718 1679 798">
    <p class='ocr_par' dir='ltr' id='par_1_7' title="bbox 75 718 1679 798">
     <span class='ocr_line' id='line_1_7' title="bbox 75 718 1679 798; baseline -0.007 -14"><span class='ocrx_word' id='word_1_44' title='bbox 75 729 395 785; x_wconf 88' lang='lat' dir='ltr'><strong>terminium</strong></span> <span class='ocrx_word' id='word_1_45' title='bbox 428 727 550 784; x_wconf 90' lang='lat' dir='ltr'><strong>ﬁdei</strong></span> <span class='ocrx_word' id='word_1_46' title='bbox 582 734 831 798; x_wconf 90' lang='lat' dir='ltr'><strong>corrupta</strong></span> <span class='ocrx_word' id='word_1_47' title='bbox 874 733 998 779; x_wconf 92' lang='lat' dir='ltr'><strong>sunt</strong></span> <span class='ocrx_word' id='word_1_48' title='bbox 1043 722 1270 779; x_wconf 85' lang='lat' dir='ltr'><strong>semina.</strong></span> <span class='ocrx_word' id='word_1_49' title='bbox 1304 718 1439 774; x_wconf 91' lang='lat' dir='ltr'><strong>Dum</strong></span> <span class='ocrx_word' id='word_1_50' title='bbox 1485 718 1679 774; x_wconf 82' lang='lat' dir='ltr'><strong>Valen-</strong></span> 
     </span>
    </p>
   </div>
   <div class='ocr_carea' id='block_1_8' title="bbox 77 810 1678 889">
    <p class='ocr_par' dir='ltr' id='par_1_8' title="bbox 77 810 1678 889">
     <span class='ocr_line' id='line_1_8' title="bbox 77 810 1678 889; baseline -0.004 -15"><span class='ocrx_word' id='word_1_51' title='bbox 77 819 230 874; x_wconf 88' lang='lat' dir='ltr'><strong>tinus</strong></span> <span class='ocrx_word' id='word_1_52' title='bbox 259 819 451 875; x_wconf 88' lang='lat' dir='ltr'><strong>Filium</strong></span> <span class='ocrx_word' id='word_1_53' title='bbox 475 819 568 874; x_wconf 88' lang='lat' dir='ltr'><strong>Dei</strong></span> <span class='ocrx_word' id='word_1_54' title='bbox 596 820 646 874; x_wconf 93' lang='lat' dir='ltr'><strong>in</strong></span> <span class='ocrx_word' id='word_1_55' title='bbox 670 815 1083 889; x_wconf 86' lang='lat' dir='ltr'><strong>phantasmatis,</strong></span> <span class='ocrx_word' id='word_1_56' title='bbox 1110 831 1215 870; x_wconf 90' lang='lat' dir='ltr'><strong>non</strong></span> <span class='ocrx_word' id='word_1_57' title='bbox 1244 813 1297 868; x_wconf 94' lang='lat' dir='ltr'><strong>in</strong></span> <span class='ocrx_word' id='word_1_58' title='bbox 1327 827 1490 868; x_wconf 90' lang='lat' dir='ltr'><strong>carne</strong></span> <span class='ocrx_word' id='word_1_59' title='bbox 1510 810 1678 867; x_wconf 84' lang='lat' dir='ltr'><strong>fuisse</strong></span> 
     </span>
    </p>
   </div>
   <div class='ocr_carea' id='block_1_9' title="bbox 75 903 1678 980">
    <p class='ocr_par' dir='ltr' id='par_1_9' title="bbox 75 903 1678 980">
     <span class='ocr_line' id='line_1_9' title="bbox 75 903 1678 980; baseline -0.006 -12"><span class='ocrx_word' id='word_1_60' title='bbox 75 915 404 979; x_wconf 87' lang='lat' dir='ltr'><strong>contendit,</strong></span> <span class='ocrx_word' id='word_1_61' title='bbox 433 913 590 970; x_wconf 91' lang='lat' dir='ltr'><strong>ﬁdem</strong></span> <span class='ocrx_word' id='word_1_62' title='bbox 622 927 774 968; x_wconf 90' lang='lat' dir='ltr'><strong>suam</strong></span> <span class='ocrx_word' id='word_1_63' title='bbox 815 924 1145 980; x_wconf 89' lang='lat' dir='ltr'><strong>suorumque</strong></span> <span class='ocrx_word' id='word_1_64' title='bbox 1179 906 1439 976; x_wconf 89' lang='lat' dir='ltr'><strong>corrupit.</strong></span> <span class='ocrx_word' id='word_1_65' title='bbox 1475 903 1678 960; x_wconf 82' lang='lat' dir='ltr'><strong>Nativi-</strong></span> 
     </span>
    </p>
   </div>
   <div class='ocr_carea' id='block_1_10' title="bbox 76 1003 1679 1073">
    <p class='ocr_par' dir='ltr' id='par_1_10' title="bbox 76 1003 1679 1073">
     <span class='ocr_line' id='line_1_10' title="bbox 76 1003 1679 1073; baseline -0.004 -10"><span class='ocrx_word' id='word_1_66' title='bbox 76 1009 210 1063; x_wconf 86' lang='lat' dir='ltr'><strong>tatis</strong></span> <span class='ocrx_word' id='word_1_67' title='bbox 242 1023 429 1064; x_wconf 88' lang='lat' dir='ltr'><strong>eorum</strong></span> <span class='ocrx_word' id='word_1_68' title='bbox 471 1023 656 1064; x_wconf 87' lang='lat' dir='ltr'><strong>semen</strong></span> <span class='ocrx_word' id='word_1_69' title='bbox 693 1007 1108 1064; x_wconf 82' lang='lat' dir='ltr'><strong>exterminatum</strong></span> <span class='ocrx_word' id='word_1_70' title='bbox 1137 1013 1220 1059; x_wconf 91' lang='lat' dir='ltr'><strong>est</strong></span> <span class='ocrx_word' id='word_1_71' title='bbox 1245 1044 1260 1068; x_wconf 93' lang='lat'><strong>,</strong></span> <span class='ocrx_word' id='word_1_72' title='bbox 1292 1003 1382 1073; x_wconf 88' lang='lat' dir='ltr'><strong>qui</strong></span> <span class='ocrx_word' id='word_1_73' title='bbox 1415 1016 1522 1055; x_wconf 90' lang='lat' dir='ltr'><strong>non</strong></span> <span class='ocrx_word' id='word_1_74' title='bbox 1561 1014 1679 1056; x_wconf 83' lang='lat' dir='ltr'><strong>cre—</strong></span> 
     </span>
    </p>
   </div>
   <div class='ocr_carea' id='block_1_11' title="bbox 76 1092 1680 1165">
    <p class='ocr_par' dir='ltr' id='par_1_11' title="bbox 76 1092 1680 1165">
     <span class='ocr_line' id='line_1_11' title="bbox 76 1092 1680 1165; baseline -0.005 -9"><span class='ocrx_word' id='word_1_75' title='bbox 76 1101 342 1157; x_wconf 90' lang='lat' dir='ltr'><strong>diderunt</strong></span> <span class='ocrx_word' id='word_1_76' title='bbox 369 1101 561 1156; x_wconf 88' lang='lat' dir='ltr'><strong>Filium</strong></span> <span class='ocrx_word' id='word_1_77' title='bbox 593 1100 689 1156; x_wconf 88' lang='lat' dir='ltr'><strong>Dei</strong></span> <span class='ocrx_word' id='word_1_78' title='bbox 731 1101 783 1154; x_wconf 92' lang='lat' dir='ltr'><strong>in</strong></span> <span class='ocrx_word' id='word_1_79' title='bbox 829 1115 992 1155; x_wconf 89' lang='lat' dir='ltr'><strong>carne</strong></span> <span class='ocrx_word' id='word_1_80' title='bbox 1023 1107 1207 1153; x_wconf 88' lang='lat' dir='ltr'><strong>natum</strong></span> <span class='ocrx_word' id='word_1_81' title='bbox 1237 1094 1304 1150; x_wconf 92' lang='lat' dir='ltr'><strong>de</strong></span> <span class='ocrx_word' id='word_1_82' title='bbox 1333 1093 1538 1165; x_wconf 77' lang='lat' dir='ltr'><strong>virgine</strong></span> <span class='ocrx_word' id='word_1_83' title='bbox 1569 1092 1680 1148; x_wconf 88' lang='lat' dir='ltr'><strong>Ma-</strong></span> 
     </span>
    </p>
   </div>
   <div class='ocr_carea' id='block_1_12' title="bbox 79 1192 806 1262">
    <p class='ocr_par' dir='ltr' id='par_1_12' title="bbox 79 1192 806 1262">
     <span class='ocr_line' id='line_1_12' title="bbox 79 1192 806 1262; baseline -0.001 -14"><span class='ocrx_word' id='word_1_84' title='bbox 79 1193 185 1258; x_wconf 80' lang='lat' dir='ltr'><strong>ria,</strong></span> <span class='ocrx_word' id='word_1_85' title='bbox 217 1201 276 1247; x_wconf 89' lang='lat' dir='ltr'><strong>et</strong></span> <span class='ocrx_word' id='word_1_86' title='bbox 305 1206 518 1262; x_wconf 89' lang='lat' dir='ltr'><strong>passum</strong></span> <span class='ocrx_word' id='word_1_87' title='bbox 548 1192 601 1246; x_wconf 91' lang='lat' dir='ltr'><strong>in</strong></span> <span class='ocrx_word' id='word_1_88' title='bbox 623 1205 806 1248; x_wconf 87' lang='lat' dir='ltr'><strong>carne.</strong></span> 
     </span>
    </p>
   </div>
   <div class='ocr_carea' id='block_1_13' title="bbox 151 1281 1681 1358">
    <p class='ocr_par' dir='ltr' id='par_1_13' title="bbox 151 1281 1681 1358">
     <span class='ocr_line' id='line_1_13' title="bbox 151 1281 1681 1358; baseline -0.007 -17"><span class='ocrx_word' id='word_1_89' title='bbox 151 1286 247 1341; x_wconf 85' lang='lat' dir='ltr'><strong>IX.</strong></span> <span class='ocrx_word' id='word_1_90' title='bbox 267 1286 598 1358; x_wconf 84' lang='lat' dir='ltr'><strong>Prophetiam</strong></span> <span class='ocrx_word' id='word_1_91' title='bbox 609 1284 848 1341; x_wconf 68' lang='lat' dir='ltr'><strong>Ieremia:</strong></span> <span class='ocrx_word' id='word_1_92' title='bbox 869 1285 932 1340; x_wconf 90' lang='lat' dir='ltr'><strong>de</strong></span> <span class='ocrx_word' id='word_1_93' title='bbox 958 1284 1150 1357; x_wconf 89' lang='lat' dir='ltr'><strong>populo</strong></span> <span class='ocrx_word' id='word_1_94' title='bbox 1173 1282 1551 1352; x_wconf 82' lang='lat' dir='ltr'><strong>derelinquente</strong></span> <span class='ocrx_word' id='word_1_95' title='bbox 1564 1281 1681 1351; x_wconf 78' lang='lat' dir='ltr'><strong>fon-</strong></span> 
     </span>
    </p>
   </div>
   <div class='ocr_carea' id='block_1_14' title="bbox 78 1371 1680 1452">
    <p class='ocr_par' dir='ltr' id='par_1_14' title="bbox 78 1371 1680 1452">
     <span class='ocr_line' id='line_1_14' title="bbox 78 1371 1680 1452; baseline -0.006 -18"><span class='ocrx_word' id='word_1_96' title='bbox 78 1390 180 1434; x_wconf 89' lang='lat' dir='ltr'><strong>tem</strong></span> <span class='ocrx_word' id='word_1_97' title='bbox 211 1380 382 1434; x_wconf 73' lang='lat' dir='ltr'><strong>virum</strong></span> <span class='ocrx_word' id='word_1_98' title='bbox 403 1388 451 1435; x_wconf 88' lang='lat' dir='ltr'><strong>et</strong></span> <span class='ocrx_word' id='word_1_99' title='bbox 475 1379 572 1434; x_wconf 93' lang='lat' dir='ltr'><strong>sibi</strong></span> <span class='ocrx_word' id='word_1_100' title='bbox 589 1378 816 1452; x_wconf 77' lang='lat' dir='ltr'><strong>fodiente</strong></span> <span class='ocrx_word' id='word_1_101' title='bbox 837 1378 976 1434; x_wconf 88' lang='lat' dir='ltr'><strong>lacus</strong></span> <span class='ocrx_word' id='word_1_102' title='bbox 995 1377 1228 1439; x_wconf 81' lang='lat' dir='ltr'><strong>detritos,</strong></span> <span class='ocrx_word' id='word_1_103' title='bbox 1255 1371 1680 1430; x_wconf 71' lang='lat' dir='ltr'><strong>deJudarisidola</strong></span> 
     </span>
    </p>
   </div>
   <div class='ocr_carea' id='block_1_15' title="bbox 76 1465 1682 1544">
    <p class='ocr_par' dir='ltr' id='par_1_15' title="bbox 76 1465 1682 1544">
     <span class='ocr_line' id='line_1_15' title="bbox 76 1465 1682 1544; baseline -0.006 -18"><span class='ocrx_word' id='word_1_104' title='bbox 76 1473 432 1540; x_wconf 68' lang='lat' dir='ltr'><strong>sequentibus,</strong></span> <span class='ocrx_word' id='word_1_105' title='bbox 460 1488 563 1526; x_wconf 89' lang='lat' dir='ltr'><strong>non</strong></span> <span class='ocrx_word' id='word_1_106' title='bbox 598 1471 663 1527; x_wconf 88' lang='lat' dir='ltr'><strong>de</strong></span> <span class='ocrx_word' id='word_1_107' title='bbox 689 1488 826 1541; x_wconf 87' lang='lat' dir='ltr'><strong>aqua</strong></span> <span class='ocrx_word' id='word_1_108' title='bbox 858 1469 1174 1544; x_wconf 87' lang='lat' dir='ltr'><strong>baptismatis</strong></span> <span class='ocrx_word' id='word_1_109' title='bbox 1201 1465 1682 1539; x_wconf 82' lang='lat' dir='ltr'><strong>intelligendam.—</strong></span> 
     </span>
    </p>
   </div>
   <div class='ocr_carea' id='block_1_16' title="bbox 77 1558 1680 1638">
    <p class='ocr_par' dir='ltr' id='par_1_16' title="bbox 77 1558 1680 1638">
     <span class='ocr_line' id='line_1_16' title="bbox 77 1558 1680 1638; baseline -0.004 -17"><span class='ocrx_word' id='word_1_110' title='bbox 77 1565 216 1621; x_wconf 84' lang='lat' dir='ltr'><strong>Nam</strong></span> <span class='ocrx_word' id='word_1_111' title='bbox 258 1575 314 1621; x_wconf 89' lang='lat' dir='ltr'><strong>et</strong></span> <span class='ocrx_word' id='word_1_112' title='bbox 341 1565 473 1621; x_wconf 90' lang='lat' dir='ltr'><strong>illud</strong></span> <span class='ocrx_word' id='word_1_113' title='bbox 513 1565 655 1638; x_wconf 91' lang='lat' dir='ltr'><strong>quod</strong></span> <span class='ocrx_word' id='word_1_114' title='bbox 710 1567 762 1621; x_wconf 93' lang='lat' dir='ltr'><strong>in</strong></span> <span class='ocrx_word' id='word_1_115' title='bbox 801 1565 1037 1622; x_wconf 79' lang='lat' dir='ltr'><strong>Ieremia</strong></span> <span class='ocrx_word' id='word_1_116' title='bbox 1089 1561 1350 1634; x_wconf 84' lang='lat' dir='ltr'><strong>propheta</strong></span> <span class='ocrx_word' id='word_1_117' title='bbox 1399 1569 1452 1616; x_wconf 91' lang='lat' dir='ltr'><strong>te</strong></span> <span class='ocrx_word' id='word_1_118' title='bbox 1482 1558 1680 1632; x_wconf 83' lang='lat' dir='ltr'><strong>legisse</strong></span> 
     </span>
    </p>
   </div>
   <div class='ocr_carea' id='block_1_17' title="bbox 78 1651 1679 1726">
    <p class='ocr_par' dir='ltr' id='par_1_17' title="bbox 78 1651 1679 1726">
     <span class='ocr_line' id='line_1_17' title="bbox 78 1651 1679 1726; baseline -0.004 -14"><span class='ocrx_word' id='word_1_119' title='bbox 78 1672 481 1712; x_wconf 84' lang='lat' dir='ltr'><strong>commemoras</strong></span> <span class='ocrx_word' id='word_1_120' title='bbox 499 1698 514 1723; x_wconf 92' lang='lat'><strong>,</strong></span> <span class='ocrx_word' id='word_1_121' title='bbox 553 1656 904 1712; x_wconf 82' lang='lat' dir='ltr'><strong>exhorruisse</strong></span> <span class='ocrx_word' id='word_1_122' title='bbox 935 1655 1133 1712; x_wconf 75' lang='lat' dir='ltr'><strong>ctelum</strong></span> <span class='ocrx_word' id='word_1_123' title='bbox 1156 1653 1299 1726; x_wconf 90' lang='lat' dir='ltr'><strong>quod</strong></span> <span class='ocrx_word' id='word_1_124' title='bbox 1320 1653 1429 1709; x_wconf 94' lang='lat' dir='ltr'><strong>duo</strong></span> <span class='ocrx_word' id='word_1_125' title='bbox 1446 1651 1679 1722; x_wconf 89' lang='lat' dir='ltr'><strong>maligna</strong></span> 
     </span>
    </p>
   </div>
   <div class='ocr_carea' id='block_1_18' title="bbox 78 1749 1682 1820">
    <p class='ocr_par' dir='ltr' id='par_1_18' title="bbox 78 1749 1682 1820">
     <span class='ocr_line' id='line_1_18' title="bbox 78 1749 1682 1820; baseline -0.005 -14"><span class='ocrx_word' id='word_1_126' title='bbox 78 1750 272 1806; x_wconf 79' lang='lat' dir='ltr'><strong>fecerit</strong></span> <span class='ocrx_word' id='word_1_127' title='bbox 314 1749 543 1820; x_wconf 89' lang='lat' dir='ltr'><strong>populus</strong></span> <span class='ocrx_word' id='word_1_128' title='bbox 586 1750 719 1817; x_wconf 88' lang='lat' dir='ltr'><strong>Dei,</strong></span> <span class='ocrx_word' id='word_1_129' title='bbox 765 1759 822 1805; x_wconf 90' lang='lat' dir='ltr'><strong>ut</strong></span> <span class='ocrx_word' id='word_1_130' title='bbox 851 1750 1258 1820; x_wconf 85' lang='lat' dir='ltr'><strong>derelinquerent</strong></span> <span class='ocrx_word' id='word_1_131' title='bbox 1302 1750 1493 1819; x_wconf 82' lang='lat' dir='ltr'><strong>fontem</strong></span> <span class='ocrx_word' id='word_1_132' title='bbox 1532 1759 1682 1814; x_wconf 65' lang='lat' dir='ltr'><strong>aqua</strong></span> 
     </span>
    </p>
   </div>
   <div class='ocr_carea' id='block_1_19' title="bbox 1779 521 3380 595">
    <p class='ocr_par' dir='ltr' id='par_1_19' title="bbox 1779 521 3380 595">
     <span class='ocr_line' id='line_1_19' title="bbox 1779 521 3380 595; baseline -0.004 -14"><span class='ocrx_word' id='word_1_133' title='bbox 1779 525 2019 590; x_wconf 65' lang='lat' dir='ltr'><strong>Judazos,</strong></span> <span class='ocrx_word' id='word_1_134' title='bbox 2050 525 2120 580; x_wconf 90' lang='lat' dir='ltr'><strong>de</strong></span> <span class='ocrx_word' id='word_1_135' title='bbox 2145 526 2340 595; x_wconf 81' lang='lat' dir='ltr'><strong>quibus</strong></span> <span class='ocrx_word' id='word_1_136' title='bbox 2371 525 2484 579; x_wconf 68' lang='lat' dir='ltr'><strong>haec</strong></span> <span class='ocrx_word' id='word_1_137' title='bbox 2502 523 2660 578; x_wconf 76' lang='lat' dir='ltr'><strong>dicta</strong></span> <span class='ocrx_word' id='word_1_138' title='bbox 2688 538 2809 579; x_wconf 90' lang='lat' dir='ltr'><strong>esse</strong></span> <span class='ocrx_word' id='word_1_139' title='bbox 2839 531 3072 589; x_wconf 83' lang='lat' dir='ltr'><strong>constat,</strong></span> <span class='ocrx_word' id='word_1_140' title='bbox 3102 522 3193 592; x_wconf 89' lang='lat' dir='ltr'><strong>qui</strong></span> <span class='ocrx_word' id='word_1_141' title='bbox 3220 521 3380 576; x_wconf 88' lang='lat' dir='ltr'><strong>dimi-</strong></span> 
     </span>
    </p>
   </div>
   <div class='ocr_carea' id='block_1_20' title="bbox 1781 615 3380 687">
    <p class='ocr_par' dir='ltr' id='par_1_20' title="bbox 1781 615 3380 687">
     <span class='ocr_line' id='line_1_20' title="bbox 1781 615 3380 687; baseline -0.003 -12"><span class='ocrx_word' id='word_1_142' title='bbox 1781 627 1968 675; x_wconf 88' lang='lat' dir='ltr'><strong>serunt</strong></span> <span class='ocrx_word' id='word_1_143' title='bbox 1996 618 2162 674; x_wconf 91' lang='lat' dir='ltr'><strong>Deum</strong></span> <span class='ocrx_word' id='word_1_144' title='bbox 2209 620 2388 674; x_wconf 91' lang='lat' dir='ltr'><strong>vivum</strong></span> <span class='ocrx_word' id='word_1_145' title='bbox 2414 663 2428 684; x_wconf 88' lang='lat'><strong>,</strong></span> <span class='ocrx_word' id='word_1_146' title='bbox 2466 619 2634 673; x_wconf 91' lang='lat' dir='ltr'><strong>Deum</strong></span> <span class='ocrx_word' id='word_1_147' title='bbox 2665 633 2851 673; x_wconf 89' lang='lat' dir='ltr'><strong>verum</strong></span> <span class='ocrx_word' id='word_1_148' title='bbox 2879 658 2895 684; x_wconf 92' lang='lat'><strong>,</strong></span> <span class='ocrx_word' id='word_1_149' title='bbox 2938 617 3103 672; x_wconf 89' lang='lat' dir='ltr'><strong>Deum</strong></span> <span class='ocrx_word' id='word_1_150' title='bbox 3134 616 3224 687; x_wconf 92' lang='lat' dir='ltr'><strong>qui</strong></span> <span class='ocrx_word' id='word_1_151' title='bbox 3274 615 3380 671; x_wconf 89' lang='lat' dir='ltr'><strong>illis</strong></span> 
     </span>
    </p>
   </div>
   <div class='ocr_carea' id='block_1_21' title="bbox 1778 706 3380 782">
    <p class='ocr_par' dir='ltr' id='par_1_21' title="bbox 1778 706 3380 782">
     <span class='ocr_line' id='line_1_21' title="bbox 1778 706 3380 782; baseline -0.004 -14"><span class='ocrx_word' id='word_1_152' title='bbox 1778 709 2037 768; x_wconf 85' lang='lat' dir='ltr'><strong>beneﬁcia</strong></span> <span class='ocrx_word' id='word_1_153' title='bbox 2080 711 2330 779; x_wconf 71' lang='lat' dir='ltr'><strong>prmstitit</strong></span> <span class='ocrx_word' id='word_1_154' title='bbox 2361 727 2376 765; x_wconf 87' lang='lat'><strong>:</strong></span> <span class='ocrx_word' id='word_1_155' title='bbox 2410 710 2524 782; x_wconf 85' lang='lat'><strong>(66)</strong></span> <span class='ocrx_word' id='word_1_156' title='bbox 2546 719 2600 765; x_wconf 92' lang='lat' dir='ltr'><strong>et</strong></span> <span class='ocrx_word' id='word_1_157' title='bbox 2633 709 2885 765; x_wconf 83' lang='lat' dir='ltr'><strong>iecerunt</strong></span> <span class='ocrx_word' id='word_1_158' title='bbox 2925 708 3025 765; x_wconf 87' lang='lat' dir='ltr'><strong>sibi</strong></span> <span class='ocrx_word' id='word_1_159' title='bbox 3055 707 3194 763; x_wconf 88' lang='lat' dir='ltr'><strong>idola</strong></span> <span class='ocrx_word' id='word_1_160' title='bbox 3221 747 3236 771; x_wconf 87' lang='lat'><strong>,</strong></span> <span class='ocrx_word' id='word_1_161' title='bbox 3277 706 3380 761; x_wconf 91' lang='lat' dir='ltr'><strong>hoc</strong></span> 
     </span>
    </p>
   </div>
   <div class='ocr_carea' id='block_1_22' title="bbox 1778 799 3376 872">
    <p class='ocr_par' dir='ltr' id='par_1_22' title="bbox 1778 799 3376 872">
     <span class='ocr_line' id='line_1_22' title="bbox 1778 799 3376 872; baseline -0.006 -12"><span class='ocrx_word' id='word_1_162' title='bbox 1778 814 1882 870; x_wconf 83' lang='lat' dir='ltr'><strong>est,</strong></span> <span class='ocrx_word' id='word_1_163' title='bbox 1916 803 2060 858; x_wconf 82' lang='lat' dir='ltr'><strong>lacus</strong></span> <span class='ocrx_word' id='word_1_164' title='bbox 2086 802 2332 865; x_wconf 87' lang='lat' dir='ltr'><strong>detritos,</strong></span> <span class='ocrx_word' id='word_1_165' title='bbox 2357 803 2447 871; x_wconf 89' lang='lat' dir='ltr'><strong>qui</strong></span> <span class='ocrx_word' id='word_1_166' title='bbox 2471 817 2577 856; x_wconf 92' lang='lat' dir='ltr'><strong>non</strong></span> <span class='ocrx_word' id='word_1_167' title='bbox 2603 811 2832 872; x_wconf 89' lang='lat' dir='ltr'><strong>possunt</strong></span> <span class='ocrx_word' id='word_1_168' title='bbox 2856 816 3051 871; x_wconf 86' lang='lat' dir='ltr'><strong>aquam</strong></span> <span class='ocrx_word' id='word_1_169' title='bbox 3075 799 3376 855; x_wconf 90' lang='lat' dir='ltr'><strong>continere.</strong></span> 
     </span>
    </p>
   </div>
   <div class='ocr_carea' id='block_1_23' title="bbox 1780 892 3377 971">
    <p class='ocr_par' dir='ltr' id='par_1_23' title="bbox 1780 892 3377 971">
     <span class='ocr_line' id='line_1_23' title="bbox 1780 892 3377 971; baseline -0.004 -18"><span class='ocrx_word' id='word_1_170' title='bbox 1780 897 1895 971; x_wconf 87' lang='lat'><strong>(67)</strong></span> <span class='ocrx_word' id='word_1_171' title='bbox 1943 896 2001 952; x_wconf 96' lang='lat' dir='ltr'><strong>ln</strong></span> <span class='ocrx_word' id='word_1_172' title='bbox 2051 896 2160 952; x_wconf 92' lang='lat' dir='ltr'><strong>Deo</strong></span> <span class='ocrx_word' id='word_1_173' title='bbox 2211 896 2463 966; x_wconf 89' lang='lat' dir='ltr'><strong>perennis</strong></span> <span class='ocrx_word' id='word_1_174' title='bbox 2512 895 2766 965; x_wconf 67' lang='lat' dir='ltr'><strong>maiestas</strong></span> <span class='ocrx_word' id='word_1_175' title='bbox 2809 894 3087 959; x_wconf 78' lang='lat' dir='ltr'><strong>exundat,</strong></span> <span class='ocrx_word' id='word_1_176' title='bbox 3133 893 3276 949; x_wconf 89' lang='lat' dir='ltr'><strong>sicut</strong></span> <span class='ocrx_word' id='word_1_177' title='bbox 3324 892 3377 946; x_wconf 91' lang='lat' dir='ltr'><strong>in</strong></span> 
     </span>
    </p>
   </div>
   <div class='ocr_carea' id='block_1_24' title="bbox 1780 983 3377 1060">
    <p class='ocr_par' dir='ltr' id='par_1_24' title="bbox 1780 983 3377 1060">
     <span class='ocr_line' id='line_1_24' title="bbox 1780 983 3377 1060; baseline -0.005 -14"><span class='ocrx_word' id='word_1_178' title='bbox 1780 990 1950 1056; x_wconf 81' lang='lat' dir='ltr'><strong>fonte,</strong></span> <span class='ocrx_word' id='word_1_179' title='bbox 1973 990 2061 1060; x_wconf 87' lang='lat' dir='ltr'><strong>qui</strong></span> <span class='ocrx_word' id='word_1_180' title='bbox 2086 988 2306 1059; x_wconf 85' lang='lat' dir='ltr'><strong>largiter</strong></span> <span class='ocrx_word' id='word_1_181' title='bbox 2328 987 2614 1044; x_wconf 90' lang='lat' dir='ltr'><strong>ﬁuentibus</strong></span> <span class='ocrx_word' id='word_1_182' title='bbox 2653 987 2805 1043; x_wconf 88' lang='lat' dir='ltr'><strong>venis</strong></span> <span class='ocrx_word' id='word_1_183' title='bbox 2846 987 3108 1043; x_wconf 77' lang='lat' dir='ltr'><strong>exuberat</strong></span> <span class='ocrx_word' id='word_1_184' title='bbox 3131 983 3156 1021; x_wconf 76' lang='grc' dir='ltr'><em>ά</em></span> <span class='ocrx_word' id='word_1_185' title='bbox 3187 1002 3200 1038; x_wconf 91' lang='lat'><strong>:</strong></span> <span class='ocrx_word' id='word_1_186' title='bbox 3229 983 3377 1040; x_wconf 85' lang='lat' dir='ltr'><strong>ldola</strong></span> 
     </span>
    </p>
   </div>
   <div class='ocr_carea' id='block_1_25' title="bbox 1781 1076 3379 1147">
    <p class='ocr_par' dir='ltr' id='par_1_25' title="bbox 1781 1076 3379 1147">
     <span class='ocr_line' id='line_1_25' title="bbox 1781 1076 3379 1147; baseline -0.003 -9"><span class='ocrx_word' id='word_1_187' title='bbox 1781 1097 1910 1138; x_wconf 89' lang='lat' dir='ltr'><strong>vero</strong></span> <span class='ocrx_word' id='word_1_188' title='bbox 1939 1082 1983 1136; x_wconf 89' lang='lat' dir='ltr'><strong>si</strong></span> <span class='ocrx_word' id='word_1_189' title='bbox 2017 1096 2122 1136; x_wconf 91' lang='lat' dir='ltr'><strong>non</strong></span> <span class='ocrx_word' id='word_1_190' title='bbox 2151 1080 2304 1147; x_wconf 94' lang='lat' dir='ltr'><strong>ﬁant,</strong></span> <span class='ocrx_word' id='word_1_191' title='bbox 2338 1095 2444 1136; x_wconf 92' lang='lat' dir='ltr'><strong>non</strong></span> <span class='ocrx_word' id='word_1_192' title='bbox 2475 1088 2640 1145; x_wconf 90' lang='lat' dir='ltr'><strong>sunt,</strong></span> <span class='ocrx_word' id='word_1_193' title='bbox 2671 1089 2724 1134; x_wconf 92' lang='lat' dir='ltr'><strong>et</strong></span> <span class='ocrx_word' id='word_1_194' title='bbox 2753 1080 2904 1134; x_wconf 91' lang='lat' dir='ltr'><strong>lacus</strong></span> <span class='ocrx_word' id='word_1_195' title='bbox 2929 1079 2974 1133; x_wconf 92' lang='lat' dir='ltr'><strong>si</strong></span> <span class='ocrx_word' id='word_1_196' title='bbox 3017 1093 3125 1134; x_wconf 92' lang='lat' dir='ltr'><strong>non</strong></span> <span class='ocrx_word' id='word_1_197' title='bbox 3169 1076 3379 1134; x_wconf 80' lang='lat' dir='ltr'><strong>fodian-</strong></span> 
     </span>
    </p>
   </div>
   <div class='ocr_carea' id='block_1_26' title="bbox 1782 1171 3380 1245">
    <p class='ocr_par' dir='ltr' id='par_1_26' title="bbox 1782 1171 3380 1245">
     <span class='ocr_line' id='line_1_26' title="bbox 1782 1171 3380 1245; baseline -0.003 -15"><span class='ocrx_word' id='word_1_198' title='bbox 1782 1184 1870 1230; x_wconf 90' lang='lat' dir='ltr'><strong>tur</strong></span> <span class='ocrx_word' id='word_1_199' title='bbox 1892 1219 1906 1242; x_wconf 90' lang='lat'><strong>,</strong></span> <span class='ocrx_word' id='word_1_200' title='bbox 1940 1175 2091 1231; x_wconf 91' lang='lat' dir='ltr'><strong>sinus</strong></span> <span class='ocrx_word' id='word_1_201' title='bbox 2116 1188 2344 1245; x_wconf 86' lang='lat' dir='ltr'><strong>capaces</strong></span> <span class='ocrx_word' id='word_1_202' title='bbox 2387 1172 2587 1229; x_wconf 90' lang='lat' dir='ltr'><strong>habere</strong></span> <span class='ocrx_word' id='word_1_203' title='bbox 2616 1186 2724 1227; x_wconf 92' lang='lat' dir='ltr'><strong>non</strong></span> <span class='ocrx_word' id='word_1_204' title='bbox 2761 1180 2990 1242; x_wconf 90' lang='lat' dir='ltr'><strong>possunt</strong></span> <span class='ocrx_word' id='word_1_205' title='bbox 3019 1189 3031 1224; x_wconf 93' lang='lat'><strong>:</strong></span> <span class='ocrx_word' id='word_1_206' title='bbox 3066 1171 3213 1226; x_wconf 91' lang='lat' dir='ltr'><strong>lacus</strong></span> <span class='ocrx_word' id='word_1_207' title='bbox 3258 1171 3380 1226; x_wconf 90' lang='lat' dir='ltr'><strong>sine</strong></span> 
     </span>
    </p>
   </div>
   <div class='ocr_carea' id='block_1_27' title="bbox 1781 1263 3376 1334">
    <p class='ocr_par' dir='ltr' id='par_1_27' title="bbox 1781 1263 3376 1334">
     <span class='ocr_line' id='line_1_27' title="bbox 1781 1263 3376 1334; baseline -0.003 -11"><span class='ocrx_word' id='word_1_208' title='bbox 1781 1277 1897 1323; x_wconf 88' lang='lat' dir='ltr'><strong>arte</strong></span> <span class='ocrx_word' id='word_1_209' title='bbox 1925 1277 1978 1323; x_wconf 90' lang='lat' dir='ltr'><strong>et</strong></span> <span class='ocrx_word' id='word_1_210' title='bbox 2025 1265 2368 1323; x_wconf 82' lang='lat' dir='ltr'><strong>ferramentis</strong></span> <span class='ocrx_word' id='word_1_211' title='bbox 2412 1264 2590 1320; x_wconf 85' lang='lat' dir='ltr'><strong>cavari</strong></span> <span class='ocrx_word' id='word_1_212' title='bbox 2619 1279 2725 1320; x_wconf 93' lang='lat' dir='ltr'><strong>non</strong></span> <span class='ocrx_word' id='word_1_213' title='bbox 2774 1271 2951 1334; x_wconf 89' lang='lat' dir='ltr'><strong>potest</strong></span> <span class='ocrx_word' id='word_1_214' title='bbox 2981 1281 2994 1318; x_wconf 90' lang='lat'><strong>:</strong></span> <span class='ocrx_word' id='word_1_215' title='bbox 3024 1278 3124 1319; x_wconf 85' lang='lat' dir='ltr'><strong>nec</strong></span> <span class='ocrx_word' id='word_1_216' title='bbox 3170 1263 3376 1318; x_wconf 91' lang='lat' dir='ltr'><strong>Idolum</strong></span> 
     </span>
    </p>
   </div>
   <div class='ocr_carea' id='block_1_28' title="bbox 1781 1355 3381 1429">
    <p class='ocr_par' dir='ltr' id='par_1_28' title="bbox 1781 1355 3381 1429">
     <span class='ocr_line' id='line_1_28' title="bbox 1781 1355 3381 1429; baseline -0.004 -13"><span class='ocrx_word' id='word_1_217' title='bbox 1781 1363 1900 1417; x_wconf 87' lang='lat' dir='ltr'><strong>sine</strong></span> <span class='ocrx_word' id='word_1_218' title='bbox 1941 1359 2151 1416; x_wconf 89' lang='lat' dir='ltr'><strong>artiﬁce</strong></span> <span class='ocrx_word' id='word_1_219' title='bbox 2195 1358 2309 1414; x_wconf 89' lang='lat' dir='ltr'><strong>ﬁeri</strong></span> <span class='ocrx_word' id='word_1_220' title='bbox 2341 1367 2539 1429; x_wconf 88' lang='lat' dir='ltr'><strong>potest.</strong></span> <span class='ocrx_word' id='word_1_221' title='bbox 2582 1355 2702 1429; x_wconf 83' lang='lat'><strong>(68)</strong></span> <span class='ocrx_word' id='word_1_222' title='bbox 2730 1355 2789 1412; x_wconf 92' lang='lat' dir='ltr'><strong>In</strong></span> <span class='ocrx_word' id='word_1_223' title='bbox 2816 1355 2979 1412; x_wconf 91' lang='lat' dir='ltr'><strong>ldolis</strong></span> <span class='ocrx_word' id='word_1_224' title='bbox 3010 1355 3182 1410; x_wconf 88' lang='lat' dir='ltr'><strong>virtus</strong></span> <span class='ocrx_word' id='word_1_225' title='bbox 3226 1363 3381 1410; x_wconf 89' lang='lat' dir='ltr'><strong>natu-</strong></span> 
     </span>
    </p>
   </div>
   <div class='ocr_carea' id='block_1_29' title="bbox 1782 1446 3377 1518">
    <p class='ocr_par' dir='ltr' id='par_1_29' title="bbox 1782 1446 3377 1518">
     <span class='ocr_line' id='line_1_29' title="bbox 1782 1446 3377 1518; baseline -0.004 -10"><span class='ocrx_word' id='word_1_226' title='bbox 1782 1453 1909 1508; x_wconf 82' lang='lat' dir='ltr'><strong>ralis</strong></span> <span class='ocrx_word' id='word_1_227' title='bbox 1949 1451 2092 1506; x_wconf 90' lang='lat' dir='ltr'><strong>nulla</strong></span> <span class='ocrx_word' id='word_1_228' title='bbox 2141 1461 2264 1518; x_wconf 90' lang='lat' dir='ltr'><strong>est,</strong></span> <span class='ocrx_word' id='word_1_229' title='bbox 2309 1449 2401 1504; x_wconf 90' lang='lat' dir='ltr'><strong>sed</strong></span> <span class='ocrx_word' id='word_1_230' title='bbox 2435 1449 2711 1504; x_wconf 86' lang='lat' dir='ltr'><strong>hominum</strong></span> <span class='ocrx_word' id='word_1_231' title='bbox 2744 1463 2932 1504; x_wconf 90' lang='lat' dir='ltr'><strong>errore</strong></span> <span class='ocrx_word' id='word_1_232' title='bbox 2977 1446 3286 1518; x_wconf 76' lang='lat' dir='ltr'><strong>adiungitur</strong></span> <span class='ocrx_word' id='word_1_233' title='bbox 3323 1457 3377 1502; x_wconf 91' lang='lat' dir='ltr'><strong>et</strong></span> 
     </span>
    </p>
   </div>
   <div class='ocr_carea' id='block_1_30' title="bbox 1783 1539 3378 1616">
    <p class='ocr_par' dir='ltr' id='par_1_30' title="bbox 1783 1539 3378 1616">
     <span class='ocr_line' id='line_1_30' title="bbox 1783 1539 3378 1616; baseline -0.004 -15"><span class='ocrx_word' id='word_1_234' title='bbox 1783 1544 2082 1616; x_wconf 89' lang='lat' dir='ltr'><strong>applicatur</strong></span> <span class='ocrx_word' id='word_1_235' title='bbox 2103 1543 2242 1615; x_wconf 76' lang='lat'><strong>:78</strong></span> <span class='ocrx_word' id='word_1_236' title='bbox 2259 1543 2554 1598; x_wconf 66' lang='lat' dir='ltr'><strong>aestimatur</strong></span> <span class='ocrx_word' id='word_1_237' title='bbox 2568 1542 2619 1596; x_wconf 92' lang='lat' dir='ltr'><strong>in</strong></span> <span class='ocrx_word' id='word_1_238' title='bbox 2641 1540 2790 1595; x_wconf 89' lang='lat' dir='ltr'><strong>ldolo</strong></span> <span class='ocrx_word' id='word_1_239' title='bbox 2805 1539 2972 1597; x_wconf 89' lang='lat' dir='ltr'><strong>virtus</strong></span> <span class='ocrx_word' id='word_1_240' title='bbox 2985 1555 3106 1611; x_wconf 74' lang='lat' dir='ltr'><strong>quae</strong></span> <span class='ocrx_word' id='word_1_241' title='bbox 3127 1539 3239 1594; x_wconf 93' lang='lat' dir='ltr'><strong>illic</strong></span> <span class='ocrx_word' id='word_1_242' title='bbox 3255 1549 3378 1594; x_wconf 88' lang='lat' dir='ltr'><strong>nata</strong></span> 
     </span>
    </p>
   </div>
   <div class='ocr_carea' id='block_1_31' title="bbox 1783 1632 3378 1704">
    <p class='ocr_par' dir='ltr' id='par_1_31' title="bbox 1783 1632 3378 1704">
     <span class='ocr_line' id='line_1_31' title="bbox 1783 1632 3378 1704; baseline -0.006 -8"><span class='ocrx_word' id='word_1_243' title='bbox 1783 1655 1891 1697; x_wconf 89' lang='lat' dir='ltr'><strong>non</strong></span> <span class='ocrx_word' id='word_1_244' title='bbox 1915 1646 1999 1692; x_wconf 86' lang='lat' dir='ltr'><strong>est</strong></span> <span class='ocrx_word' id='word_1_245' title='bbox 2033 1655 2044 1690; x_wconf 94' lang='lat'><strong>:</strong></span> <span class='ocrx_word' id='word_1_246' title='bbox 2076 1636 2226 1691; x_wconf 90' lang='lat' dir='ltr'><strong>lacus</strong></span> <span class='ocrx_word' id='word_1_247' title='bbox 2253 1643 2336 1690; x_wconf 90' lang='lat' dir='ltr'><strong>est</strong></span> <span class='ocrx_word' id='word_1_248' title='bbox 2365 1636 2465 1690; x_wconf 89' lang='lat' dir='ltr'><strong>iste</strong></span> <span class='ocrx_word' id='word_1_249' title='bbox 2499 1645 2522 1671; x_wconf 74' lang='grc' dir='ltr'><strong>θ</strong></span> <span class='ocrx_word' id='word_1_250' title='bbox 2555 1633 2784 1689; x_wconf 89' lang='lat' dir='ltr'><strong>detritus</strong></span> <span class='ocrx_word' id='word_1_251' title='bbox 2812 1676 2826 1699; x_wconf 92' lang='lat'><strong>,</strong></span> <span class='ocrx_word' id='word_1_252' title='bbox 2852 1633 3005 1704; x_wconf 86' lang='lat' dir='ltr'><strong>cujus</strong></span> <span class='ocrx_word' id='word_1_253' title='bbox 3047 1632 3252 1690; x_wconf 83' lang='lat' dir='ltr'><strong>fabrica</strong></span> <span class='ocrx_word' id='word_1_254' title='bbox 3296 1635 3378 1688; x_wconf 90' lang='lat' dir='ltr'><strong>vi-</strong></span> 
     </span>
    </p>
   </div>
   <div class='ocr_carea' id='block_1_32' title="bbox 1791 1728 3383 1801">
    <p class='ocr_par' dir='ltr' id='par_1_32' title="bbox 1791 1728 3383 1801">
     <span class='ocr_line' id='line_1_32' title="bbox 1791 1728 3383 1801; baseline -0.003 -12"><span class='ocrx_word' id='word_1_255' title='bbox 1791 1734 1916 1789; x_wconf 89' lang='lat' dir='ltr'><strong>tiata</strong></span> <span class='ocrx_word' id='word_1_256' title='bbox 1945 1739 2028 1788; x_wconf 89' lang='lat' dir='ltr'><strong>est</strong></span> <span class='ocrx_word' id='word_1_257' title='bbox 2055 1729 2074 1768; x_wconf 72' lang='grc' dir='ltr'>ί</span> <span class='ocrx_word' id='word_1_258' title='bbox 2100 1771 2115 1796; x_wconf 87' lang='grc'><em>,</em></span> <span class='ocrx_word' id='word_1_259' title='bbox 2147 1740 2204 1785; x_wconf 87' lang='grc' dir='ltr'><strong>ιιι</strong></span> <span class='ocrx_word' id='word_1_260' title='bbox 2233 1744 2425 1801; x_wconf 89' lang='lat' dir='ltr'><strong>aquam</strong></span> <span class='ocrx_word' id='word_1_261' title='bbox 2459 1744 2559 1784; x_wconf 92' lang='lat' dir='ltr'><strong>nec</strong></span> <span class='ocrx_word' id='word_1_262' title='bbox 2585 1728 2652 1784; x_wconf 92' lang='lat' dir='ltr'><strong>de</strong></span> <span class='ocrx_word' id='word_1_263' title='bbox 2673 1744 2732 1784; x_wconf 92' lang='lat' dir='ltr'><strong>se</strong></span> <span class='ocrx_word' id='word_1_264' title='bbox 2759 1728 2974 1795; x_wconf 90' lang='lat' dir='ltr'><strong>habeat,</strong></span> <span class='ocrx_word' id='word_1_265' title='bbox 3006 1737 3062 1783; x_wconf 90' lang='lat' dir='ltr'><strong>et</strong></span> <span class='ocrx_word' id='word_1_266' title='bbox 3102 1738 3383 1800; x_wconf 90' lang='lat' dir='ltr'><strong>acceptam</strong></span> 
     </span>
    </p>
   </div>
   <div class='ocr_carea' id='block_1_33' title="bbox 77 1821 3386 1915">
    <p class='ocr_par' dir='ltr' id='par_1_33' title="bbox 77 1821 3386 1915">
     <span class='ocr_line' id='line_1_33' title="bbox 77 1821 3386 1915; baseline -0.006 -17"><span class='ocrx_word' id='word_1_267' title='bbox 77 1844 224 1910; x_wconf 69' lang='lat' dir='ltr'><strong>victe,</strong></span> <span class='ocrx_word' id='word_1_268' title='bbox 270 1851 318 1896; x_wconf 91' lang='lat' dir='ltr'><strong>et</strong></span> <span class='ocrx_word' id='word_1_269' title='bbox 359 1842 590 1915; x_wconf 65' lang='lat' dir='ltr'><strong>foderant</strong></span> <span class='ocrx_word' id='word_1_270' title='bbox 617 1841 712 1896; x_wconf 88' lang='lat' dir='ltr'><strong>sibi</strong></span> <span class='ocrx_word' id='word_1_271' title='bbox 740 1843 885 1896; x_wconf 87' lang='lat' dir='ltr'><strong>lacus</strong></span> <span class='ocrx_word' id='word_1_272' title='bbox 923 1841 1135 1896; x_wconf 88' lang='lat' dir='ltr'><strong>detritos</strong></span> <span class='ocrx_word' id='word_1_273' title='bbox 1159 1882 1174 1906; x_wconf 93' lang='lat'><strong>,</strong></span> <span class='ocrx_word' id='word_1_274' title='bbox 1216 1839 1304 1910; x_wconf 87' lang='lat' dir='ltr'><strong>qui</strong></span> <span class='ocrx_word' id='word_1_275' title='bbox 1343 1854 1447 1892; x_wconf 89' lang='lat' dir='ltr'><strong>non</strong></span> <span class='ocrx_word' id='word_1_276' title='bbox 1475 1844 1679 1908; x_wconf 78' lang='lat' dir='ltr'><strong>possent</strong></span> <span class='ocrx_word' id='word_1_277' title='bbox 1707 1835 1755 1896; x_wconf 91' lang='lat' dir='ltr'><strong>B</strong></span> <span class='ocrx_word' id='word_1_278' title='bbox 1783 1828 2061 1885; x_wconf 87' lang='lat' dir='ltr'><strong>continere</strong></span> <span class='ocrx_word' id='word_1_279' title='bbox 2107 1840 2212 1880; x_wconf 92' lang='lat' dir='ltr'><strong>non</strong></span> <span class='ocrx_word' id='word_1_280' title='bbox 2257 1824 2470 1894; x_wconf 85' lang='lat' dir='ltr'><strong>possit:</strong></span> <span class='ocrx_word' id='word_1_281' title='bbox 2519 1823 2598 1877; x_wconf 92' lang='lat' dir='ltr'><strong>sic</strong></span> <span class='ocrx_word' id='word_1_282' title='bbox 2643 1831 2700 1878; x_wconf 92' lang='lat' dir='ltr'><strong>et</strong></span> <span class='ocrx_word' id='word_1_283' title='bbox 2740 1821 2946 1878; x_wconf 91' lang='lat' dir='ltr'><strong>Idolum</strong></span> <span class='ocrx_word' id='word_1_284' title='bbox 2975 1838 3074 1879; x_wconf 90' lang='lat' dir='ltr'><strong>nec</strong></span> <span class='ocrx_word' id='word_1_285' title='bbox 3112 1822 3181 1878; x_wconf 90' lang='lat' dir='ltr'><strong>de</strong></span> <span class='ocrx_word' id='word_1_286' title='bbox 3211 1839 3272 1880; x_wconf 92' lang='lat' dir='ltr'><strong>se</strong></span> <span class='ocrx_word' id='word_1_287' title='bbox 3300 1833 3386 1879; x_wconf 84' lang='lat' dir='ltr'><strong>est</strong></span> 
     </span>
    </p>
   </div>
   <div class='ocr_carea' id='block_1_34' title="bbox 78 1929 1686 2008">
    <p class='ocr_par' dir='ltr' id='par_1_34' title="bbox 78 1929 1686 2008">
     <span class='ocr_line' id='line_1_34' title="bbox 78 1929 1686 2008; baseline -0.006 -16"><span class='ocrx_word' id='word_1_288' title='bbox 78 1954 269 2008; x_wconf 86' lang='lat' dir='ltr'><strong>aquam</strong></span> <span class='ocrx_word' id='word_1_289' title='bbox 302 1937 562 1992; x_wconf 82' lang='lat' dir='ltr'><strong>continere</strong></span> <span class='ocrx_word' id='word_1_290' title='bbox 603 1935 740 2006; x_wconf 86' lang='lat' dir='ltr'><strong>(Jer.</strong></span> <span class='ocrx_word' id='word_1_291' title='bbox 766 1952 824 2002; x_wconf 84' lang='lat' dir='ltr'><strong>tl,</strong></span> <span class='ocrx_word' id='word_1_292' title='bbox 859 1937 970 2006; x_wconf 77' lang='grc'>15).</span> <span class='ocrx_word' id='word_1_293' title='bbox 1001 1934 1174 2005; x_wconf 76' lang='lat' dir='ltr'><strong>legisti</strong></span> <span class='ocrx_word' id='word_1_294' title='bbox 1205 1931 1445 2004; x_wconf 88' lang='lat' dir='ltr'><strong>quidem,</strong></span> <span class='ocrx_word' id='word_1_295' title='bbox 1476 1929 1595 1996; x_wconf 90' lang='lat' dir='ltr'><strong>sed,</strong></span> <span class='ocrx_word' id='word_1_296' title='bbox 1624 1935 1686 1983; x_wconf 91' lang='lat' dir='ltr'><strong>ut</strong></span> 
     </span>
    </p>
   </div>
   <div class='ocr_carea' id='block_1_35' title="bbox 79 2021 1681 2101">
    <p class='ocr_par' dir='ltr' id='par_1_35' title="bbox 79 2021 1681 2101">
     <span class='ocr_line' id='line_1_35' title="bbox 79 2021 1681 2101; baseline -0.006 -16"><span class='ocrx_word' id='word_1_297' title='bbox 79 2047 138 2087; x_wconf 88' lang='lat' dir='ltr'><strong>se</strong></span> <span class='ocrx_word' id='word_1_298' title='bbox 170 2047 261 2086; x_wconf 90' lang='lat' dir='ltr'><strong>res</strong></span> <span class='ocrx_word' id='word_1_299' title='bbox 293 2030 515 2095; x_wconf 83' lang='lat' dir='ltr'><strong>habent,</strong></span> <span class='ocrx_word' id='word_1_300' title='bbox 549 2030 851 2101; x_wconf 81' lang='lat' dir='ltr'><strong>intelligere</strong></span> <span class='ocrx_word' id='word_1_301' title='bbox 879 2028 1120 2094; x_wconf 90' lang='lat' dir='ltr'><strong>uoluisti,</strong></span> <span class='ocrx_word' id='word_1_302' title='bbox 1156 2025 1334 2082; x_wconf 91' lang='lat' dir='ltr'><strong>studio</strong></span> <span class='ocrx_word' id='word_1_303' title='bbox 1361 2021 1681 2080; x_wconf 87' lang='lat' dir='ltr'><strong>criminandi</strong></span> 
     </span>
    </p>
   </div>
   <div class='ocr_carea' id='block_1_36' title="bbox 77 2115 1684 2188">
    <p class='ocr_par' dir='ltr' id='par_1_36' title="bbox 77 2115 1684 2188">
     <span class='ocr_line' id='line_1_36' title="bbox 77 2115 1684 2188; baseline -0.005 -10"><span class='ocrx_word' id='word_1_304' title='bbox 77 2123 144 2178; x_wconf 90' lang='lat' dir='ltr'><strong>ad</strong></span> <span class='ocrx_word' id='word_1_305' title='bbox 171 2123 480 2180; x_wconf 84' lang='lat' dir='ltr'><strong>convicium</strong></span> <span class='ocrx_word' id='word_1_306' title='bbox 507 2122 907 2178; x_wconf 88' lang='lat' dir='ltr'><strong>Catholicorum</strong></span> <span class='ocrx_word' id='word_1_307' title='bbox 937 2129 1128 2177; x_wconf 89' lang='lat' dir='ltr'><strong>cuncta</strong></span> <span class='ocrx_word' id='word_1_308' title='bbox 1157 2132 1516 2188; x_wconf 89' lang='lat' dir='ltr'><strong>componens,</strong></span> <span class='ocrx_word' id='word_1_309' title='bbox 1547 2115 1684 2171; x_wconf 87' lang='lat' dir='ltr'><strong>mul-</strong></span> 
     </span>
    </p>
   </div>
   <div class='ocr_carea' id='block_1_37' title="bbox 79 2211 1677 2274">
    <p class='ocr_par' dir='ltr' id='par_1_37' title="bbox 79 2211 1677 2274">
     <span class='ocr_line' id='line_1_37' title="bbox 79 2211 1677 2274; baseline -0.006 0"><span class='ocrx_word' id='word_1_310' title='bbox 79 2227 194 2274; x_wconf 93' lang='lat' dir='ltr'><strong>tum</strong></span> <span class='ocrx_word' id='word_1_311' title='bbox 247 2217 318 2274; x_wconf 91' lang='lat' dir='ltr'><strong>ad</strong></span> <span class='ocrx_word' id='word_1_312' title='bbox 381 2217 664 2273; x_wconf 87' lang='lat' dir='ltr'><strong>arbitrium</strong></span> <span class='ocrx_word' id='word_1_313' title='bbox 714 2227 860 2271; x_wconf 91' lang='lat' dir='ltr'><strong>tuum</strong></span> <span class='ocrx_word' id='word_1_314' title='bbox 914 2214 1189 2270; x_wconf 86' lang='lat' dir='ltr'><strong>declinare</strong></span> <span class='ocrx_word' id='word_1_315' title='bbox 1241 2211 1270 2251; x_wconf 72' lang='grc' dir='ltr'>δ</span> <span class='ocrx_word' id='word_1_316' title='bbox 1316 2220 1542 2266; x_wconf 86' lang='lat' dir='ltr'><strong>conatus</strong></span> <span class='ocrx_word' id='word_1_317' title='bbox 1597 2223 1677 2264; x_wconf 89' lang='lat' dir='ltr'><strong>es.</strong></span> 
     </span>
    </p>
   </div>
   <div class='ocr_carea' id='block_1_38' title="bbox 82 2305 1683 2387">
    <p class='ocr_par' dir='ltr' id='par_1_38' title="bbox 82 2305 1683 2387">
     <span class='ocr_line' id='line_1_38' title="bbox 82 2305 1683 2387; baseline -0.021 1"><span class='ocrx_word' id='word_1_318' title='bbox 82 2313 202 2387; x_wconf 70' lang='grc'>(65)</span> <span class='ocrx_word' id='word_1_319' title='bbox 232 2311 291 2370; x_wconf 71' lang='lat' dir='ltr'><strong>Si</strong></span> <span class='ocrx_word' id='word_1_320' title='bbox 322 2312 471 2368; x_wconf 80' lang='lat' dir='ltr'><strong>enim</strong></span> <span class='ocrx_word' id='word_1_321' title='bbox 498 2321 657 2385; x_wconf 84' lang='lat' dir='ltr'><strong>putas</strong></span> <span class='ocrx_word' id='word_1_322' title='bbox 687 2327 782 2384; x_wconf 89' lang='lat' dir='ltr'><strong>per</strong></span> <span class='ocrx_word' id='word_1_323' title='bbox 811 2308 1103 2382; x_wconf 87' lang='lat' dir='ltr'><strong>pr0phetas</strong></span> <span class='ocrx_word' id='word_1_324' title='bbox 1127 2308 1206 2364; x_wconf 86' lang='lat' dir='ltr'><strong>sic</strong></span> <span class='ocrx_word' id='word_1_325' title='bbox 1230 2305 1372 2363; x_wconf 90' lang='lat' dir='ltr'><strong>dicta</strong></span> <span class='ocrx_word' id='word_1_326' title='bbox 1405 2318 1526 2360; x_wconf 90' lang='lat' dir='ltr'><strong>esse</strong></span> <span class='ocrx_word' id='word_1_327' title='bbox 1567 2317 1683 2356; x_wconf 90' lang='lat' dir='ltr'><strong>om-</strong></span> 
     </span>
    </p>
   </div>
   <div class='ocr_carea' id='block_1_39' title="bbox 1786 1916 3386 1992">
    <p class='ocr_par' dir='ltr' id='par_1_39' title="bbox 1786 1916 3386 1992">
     <span class='ocr_line' id='line_1_39' title="bbox 1786 1916 3386 1992; baseline -0.003 -15"><span class='ocrx_word' id='word_1_328' title='bbox 1786 1920 2012 1992; x_wconf 80' lang='lat' dir='ltr'><strong>aliquid,</strong></span> <span class='ocrx_word' id='word_1_329' title='bbox 2045 1928 2101 1975; x_wconf 91' lang='lat' dir='ltr'><strong>et</strong></span> <span class='ocrx_word' id='word_1_330' title='bbox 2127 1919 2254 1974; x_wconf 93' lang='lat' dir='ltr'><strong>dum</strong></span> <span class='ocrx_word' id='word_1_331' title='bbox 2280 1917 2478 1972; x_wconf 85' lang='lat' dir='ltr'><strong>colitur</strong></span> <span class='ocrx_word' id='word_1_332' title='bbox 2513 1916 2645 1972; x_wconf 90' lang='lat' dir='ltr'><strong>nihil</strong></span> <span class='ocrx_word' id='word_1_333' title='bbox 2685 1926 2789 1973; x_wconf 89' lang='lat' dir='ltr'><strong>est.</strong></span> <span class='ocrx_word' id='word_1_334' title='bbox 2824 1917 2937 1972; x_wconf 86' lang='lat' dir='ltr'><strong>lloc</strong></span> <span class='ocrx_word' id='word_1_335' title='bbox 2963 1926 3047 1974; x_wconf 90' lang='lat' dir='ltr'><strong>est</strong></span> <span class='ocrx_word' id='word_1_336' title='bbox 3073 1917 3216 1988; x_wconf 90' lang='lat' dir='ltr'><strong>quod</strong></span> <span class='ocrx_word' id='word_1_337' title='bbox 3248 1917 3386 1972; x_wconf 83' lang='lat' dir='ltr'><strong>dixit</strong></span> 
     </span>
    </p>
   </div>
   <div class='ocr_carea' id='block_1_40' title="bbox 1787 2009 3383 2080">
    <p class='ocr_par' dir='ltr' id='par_1_40' title="bbox 1787 2009 3383 2080">
     <span class='ocr_line' id='line_1_40' title="bbox 1787 2009 3383 2080; baseline -0.004 -9"><span class='ocrx_word' id='word_1_338' title='bbox 1787 2016 1929 2072; x_wconf 91' lang='lat' dir='ltr'><strong>Deus</strong></span> <span class='ocrx_word' id='word_1_339' title='bbox 1961 2055 1975 2080; x_wconf 92' lang='lat'><strong>,</strong></span> <span class='ocrx_word' id='word_1_340' title='bbox 2007 2012 2116 2069; x_wconf 93' lang='lat' dir='ltr'><strong>duo</strong></span> <span class='ocrx_word' id='word_1_341' title='bbox 2146 2012 2286 2066; x_wconf 89' lang='lat' dir='ltr'><strong>mala</strong></span> <span class='ocrx_word' id='word_1_342' title='bbox 2318 2010 2513 2066; x_wconf 77' lang='lat' dir='ltr'><strong>fecisse</strong></span> <span class='ocrx_word' id='word_1_343' title='bbox 2545 2010 2798 2080; x_wconf 86' lang='lat' dir='ltr'><strong>populum</strong></span> <span class='ocrx_word' id='word_1_344' title='bbox 2839 2024 2994 2064; x_wconf 90' lang='lat' dir='ltr'><strong>suum</strong></span> <span class='ocrx_word' id='word_1_345' title='bbox 3020 2051 3036 2077; x_wconf 95' lang='lat'><strong>,</strong></span> <span class='ocrx_word' id='word_1_346' title='bbox 3067 2009 3191 2079; x_wconf 90' lang='lat' dir='ltr'><strong>quia</strong></span> <span class='ocrx_word' id='word_1_347' title='bbox 3220 2009 3383 2064; x_wconf 86' lang='lat' dir='ltr'><strong>dere-</strong></span> 
     </span>
    </p>
   </div>
   <div class='ocr_carea' id='block_1_41' title="bbox 1784 2101 3384 2181">
    <p class='ocr_par' dir='ltr' id='par_1_41' title="bbox 1784 2101 3384 2181">
     <span class='ocr_line' id='line_1_41' title="bbox 1784 2101 3384 2181; baseline -0.005 -14"><span class='ocrx_word' id='word_1_348' title='bbox 1784 2110 2057 2181; x_wconf 88' lang='lat' dir='ltr'><strong>liquerunt</strong></span> <span class='ocrx_word' id='word_1_349' title='bbox 2087 2107 2288 2162; x_wconf 82' lang='lat' dir='ltr'><strong>fontem</strong></span> <span class='ocrx_word' id='word_1_350' title='bbox 2325 2119 2478 2174; x_wconf 72' lang='lat' dir='ltr'><strong>aqua:</strong></span> <span class='ocrx_word' id='word_1_351' title='bbox 2507 2104 2643 2158; x_wconf 72' lang='lat' dir='ltr'><strong>viva:</strong></span> <span class='ocrx_word' id='word_1_352' title='bbox 2667 2145 2683 2171; x_wconf 91' lang='lat'><strong>,</strong></span> <span class='ocrx_word' id='word_1_353' title='bbox 2717 2112 2770 2158; x_wconf 93' lang='lat' dir='ltr'><strong>ct</strong></span> <span class='ocrx_word' id='word_1_354' title='bbox 2797 2101 3026 2157; x_wconf 82' lang='lat' dir='ltr'><strong>effossos</strong></span> <span class='ocrx_word' id='word_1_355' title='bbox 3054 2117 3118 2158; x_wconf 87' lang='lat' dir='ltr'><strong>ac</strong></span> <span class='ocrx_word' id='word_1_356' title='bbox 3152 2101 3384 2159; x_wconf 90' lang='lat' dir='ltr'><strong>detritos</strong></span> 
     </span>
    </p>
   </div>
   <div class='ocr_carea' id='block_1_42' title="bbox 1785 2195 3387 2267">
    <p class='ocr_par' dir='ltr' id='par_1_42' title="bbox 1785 2195 3387 2267">
     <span class='ocr_line' id='line_1_42' title="bbox 1785 2195 3387 2267; baseline -0.007 -5"><span class='ocrx_word' id='word_1_357' title='bbox 1785 2205 1886 2262; x_wconf 87' lang='lat' dir='ltr'><strong>sibi</strong></span> <span class='ocrx_word' id='word_1_358' title='bbox 1915 2205 2155 2260; x_wconf 81' lang='lat' dir='ltr'><strong>fecerunt</strong></span> <span class='ocrx_word' id='word_1_359' title='bbox 2185 2201 2352 2255; x_wconf 90' lang='lat' dir='ltr'><strong>lacus.</strong></span> <span class='ocrx_word' id='word_1_360' title='bbox 2384 2197 2596 2254; x_wconf 85' lang='lat' dir='ltr'><strong>Etenim</strong></span> <span class='ocrx_word' id='word_1_361' title='bbox 2636 2196 2943 2252; x_wconf 70' lang='lat' dir='ltr'><strong>Judmorum</strong></span> <span class='ocrx_word' id='word_1_362' title='bbox 2974 2195 3203 2267; x_wconf 89' lang='lat' dir='ltr'><strong>populus</strong></span> <span class='ocrx_word' id='word_1_363' title='bbox 3229 2196 3387 2251; x_wconf 90' lang='lat' dir='ltr'><strong>dese-</strong></span> 
     </span>
    </p>
   </div>
   <div class='ocr_carea' id='block_1_43' title="bbox 1785 2288 3381 2364">
    <p class='ocr_par' dir='ltr' id='par_1_43' title="bbox 1785 2288 3381 2364">
     <span class='ocr_line' id='line_1_43' title="bbox 1785 2288 3381 2364; baseline -0.006 -9"><span class='ocrx_word' id='word_1_364' title='bbox 1785 2305 1968 2354; x_wconf 84' lang='lat' dir='ltr'><strong>ruerat</strong></span> <span class='ocrx_word' id='word_1_365' title='bbox 1993 2309 2175 2352; x_wconf 79' lang='lat' dir='ltr'><strong>veram</strong></span> <span class='ocrx_word' id='word_1_366' title='bbox 2206 2305 2400 2364; x_wconf 87' lang='lat' dir='ltr'><strong>aquam</strong></span> <span class='ocrx_word' id='word_1_367' title='bbox 2433 2307 2449 2345; x_wconf 92' lang='lat'><strong>:</strong></span> <span class='ocrx_word' id='word_1_368' title='bbox 2483 2305 2589 2347; x_wconf 90' lang='lat' dir='ltr'><strong>non</strong></span> <span class='ocrx_word' id='word_1_369' title='bbox 2622 2297 2849 2345; x_wconf 82' lang='lat' dir='ltr'><strong>noverat</strong></span> <span class='ocrx_word' id='word_1_370' title='bbox 2874 2288 3210 2359; x_wconf 88' lang='lat' dir='ltr'><strong>majestatem</strong></span> <span class='ocrx_word' id='word_1_371' title='bbox 3241 2289 3335 2345; x_wconf 92' lang='lat' dir='ltr'><strong>Dei</strong></span> <span class='ocrx_word' id='word_1_372' title='bbox 3368 2307 3381 2345; x_wconf 90' lang='lat'><strong>:</strong></span> 
     </span>
    </p>
   </div>
   <div class='ocr_carea' id='block_1_44' title="bbox 1308 2409 2151 2476">
    <p class='ocr_par' dir='ltr' id='par_1_44' title="bbox 1308 2409 2151 2476">
     <span class='ocr_line' id='line_1_44' title="bbox 1308 2409 2151 2476; baseline -0.013 0"><span class='ocrx_word' id='word_1_373' title='bbox 1308 2415 1694 2476; x_wconf 80' lang='lat' dir='ltr'><strong>LECTIONES</strong></span> <span class='ocrx_word' id='word_1_374' title='bbox 1731 2409 2151 2470; x_wconf 73' lang='lat' dir='ltr'><strong>VARIANTES.</strong></span> 
     </span>
    </p>
   </div>
   <div class='ocr_carea' id='block_1_45' title="bbox 147 2516 807 2570">
    <p class='ocr_par' dir='ltr' id='par_1_45' title="bbox 147 2516 807 2570">
     <span class='ocr_line' id='line_1_45' title="bbox 147 2516 807 2570; baseline -0.002 -1"><span class='ocrx_word' id='word_1_375' title='bbox 147 2520 174 2550; x_wconf 77' lang='grc'><strong>⁸</strong></span> <span class='ocrx_word' id='word_1_376' title='bbox 209 2518 268 2569; x_wconf 89' lang='lat' dir='ltr'><strong>In</strong></span> <span class='ocrx_word' id='word_1_377' title='bbox 292 2533 388 2570; x_wconf 85' lang='lat' dir='ltr'><strong>ms.</strong></span> <span class='ocrx_word' id='word_1_378' title='bbox 415 2518 468 2569; x_wconf 90' lang='lat' dir='ltr'><strong>S.</strong></span> <span class='ocrx_word' id='word_1_379' title='bbox 495 2518 552 2570; x_wconf 88' lang='lat' dir='ltr'><strong>G.</strong></span> <span class='ocrx_word' id='word_1_380' title='bbox 578 2516 807 2569; x_wconf 74' lang='lat' dir='ltr'><strong>convivia.</strong></span> 
     </span>
    </p>
   </div>
   <div class='ocr_carea' id='block_1_46' title="bbox 141 2599 834 2653">
    <p class='ocr_par' dir='ltr' id='par_1_46' title="bbox 141 2599 834 2653">
     <span class='ocr_line' id='line_1_46' title="bbox 141 2599 834 2653; baseline -0.004 -1"><span class='ocrx_word' id='word_1_381' title='bbox 141 2600 172 2638; x_wconf 70' lang='grc' dir='ltr'>δ</span> <span class='ocrx_word' id='word_1_382' title='bbox 207 2601 267 2652; x_wconf 90' lang='lat' dir='ltr'><strong>In</strong></span> <span class='ocrx_word' id='word_1_383' title='bbox 291 2615 386 2652; x_wconf 88' lang='lat' dir='ltr'><strong>ms.</strong></span> <span class='ocrx_word' id='word_1_384' title='bbox 411 2602 464 2652; x_wconf 92' lang='lat' dir='ltr'><strong>S.</strong></span> <span class='ocrx_word' id='word_1_385' title='bbox 490 2601 550 2651; x_wconf 88' lang='grc' dir='ltr'><strong>Τ.</strong></span> <span class='ocrx_word' id='word_1_386' title='bbox 577 2599 834 2653; x_wconf 87' lang='lat' dir='ltr'><strong>destinare.</strong></span> 
     </span>
    </p>
   </div>
   <div class='ocr_carea' id='block_1_47' title="bbox 147 2680 1434 2741">
    <p class='ocr_par' dir='ltr' id='par_1_47' title="bbox 147 2680 1434 2741">
     <span class='ocr_line' id='line_1_47' title="bbox 147 2680 1434 2741; baseline -0.009 -4"><span class='ocrx_word' id='word_1_387' title='bbox 147 2688 170 2718; x_wconf 70' lang='grc' dir='ltr'>ε</span> <span class='ocrx_word' id='word_1_388' title='bbox 206 2686 266 2736; x_wconf 89' lang='lat' dir='ltr'><strong>In</strong></span> <span class='ocrx_word' id='word_1_389' title='bbox 290 2699 408 2736; x_wconf 92' lang='lat' dir='ltr'><strong>mss.</strong></span> <span class='ocrx_word' id='word_1_390' title='bbox 430 2684 481 2736; x_wconf 86' lang='lat' dir='ltr'><strong>S.</strong></span> <span class='ocrx_word' id='word_1_391' title='bbox 500 2684 559 2735; x_wconf 87' lang='grc' dir='ltr'><strong>Τ.</strong></span> <span class='ocrx_word' id='word_1_392' title='bbox 587 2685 709 2734; x_wconf 88' lang='lat' dir='ltr'><strong>etP.</strong></span> <span class='ocrx_word' id='word_1_393' title='bbox 728 2683 803 2741; x_wconf 81' lang='lat' dir='ltr'><strong>S.,</strong></span> <span class='ocrx_word' id='word_1_394' title='bbox 823 2687 877 2732; x_wconf 90' lang='lat' dir='ltr'><strong>et</strong></span> <span class='ocrx_word' id='word_1_395' title='bbox 899 2682 949 2731; x_wconf 89' lang='lat' dir='ltr'><strong>in</strong></span> <span class='ocrx_word' id='word_1_396' title='bbox 974 2680 1139 2738; x_wconf 84' lang='lat' dir='ltr'><strong>editis,</strong></span> <span class='ocrx_word' id='word_1_397' title='bbox 1164 2690 1344 2732; x_wconf 76' lang='lat' dir='ltr'><strong>excusa</strong></span> <span class='ocrx_word' id='word_1_398' title='bbox 1365 2683 1434 2728; x_wconf 91' lang='lat' dir='ltr'><strong>tu.</strong></span> 
     </span>
    </p>
   </div>
   <div class='ocr_carea' id='block_1_48' title="bbox 145 2761 1690 2825">
    <p class='ocr_par' dir='ltr' id='par_1_48' title="bbox 145 2761 1690 2825">
     <span class='ocr_line' id='line_1_48' title="bbox 145 2761 1690 2825; baseline -0.01 -2"><span class='ocrx_word' id='word_1_399' title='bbox 145 2775 174 2810; x_wconf 70' lang='grc' dir='ltr'><strong>ει</strong></span> <span class='ocrx_word' id='word_1_400' title='bbox 210 2772 374 2822; x_wconf 87' lang='lat' dir='ltr'><strong>Locus</strong></span> <span class='ocrx_word' id='word_1_401' title='bbox 395 2771 475 2820; x_wconf 91' lang='lat' dir='ltr'><strong>hic</strong></span> <span class='ocrx_word' id='word_1_402' title='bbox 507 2770 770 2820; x_wconf 87' lang='lat' dir='ltr'><strong>restitutus</strong></span> <span class='ocrx_word' id='word_1_403' title='bbox 793 2781 854 2817; x_wconf 80' lang='lat' dir='ltr'><strong>ex</strong></span> <span class='ocrx_word' id='word_1_404' title='bbox 885 2780 975 2816; x_wconf 91' lang='lat' dir='ltr'><strong>ms.</strong></span> <span class='ocrx_word' id='word_1_405' title='bbox 1001 2765 1052 2814; x_wconf 90' lang='lat' dir='ltr'><strong>S.</strong></span> <span class='ocrx_word' id='word_1_406' title='bbox 1079 2763 1140 2814; x_wconf 70' lang='grc' dir='ltr'><strong>(ἰ.</strong></span> <span class='ocrx_word' id='word_1_407' title='bbox 1164 2761 1559 2825; x_wconf 84' lang='lat' dir='ltr'><strong>corruptissimus</strong></span> <span class='ocrx_word' id='word_1_408' title='bbox 1579 2766 1690 2825; x_wconf 80' lang='lat' dir='ltr'><strong>erat</strong></span> 
     </span>
    </p>
   </div>
   <div class='ocr_carea' id='block_1_49' title="bbox 89 2823 1689 2885">
    <p class='ocr_par' dir='ltr' id='par_1_49' title="bbox 89 2823 1689 2885">
     <span class='ocr_line' id='line_1_49' title="bbox 89 2823 1689 2885; baseline -0.008 0"><span class='ocrx_word' id='word_1_409' title='bbox 89 2836 138 2885; x_wconf 84' lang='lat' dir='ltr'><strong>in</strong></span> <span class='ocrx_word' id='word_1_410' title='bbox 157 2849 275 2885; x_wconf 88' lang='lat' dir='ltr'><strong>mss.</strong></span> <span class='ocrx_word' id='word_1_411' title='bbox 302 2836 359 2885; x_wconf 92' lang='lat' dir='ltr'><strong>S.</strong></span> <span class='ocrx_word' id='word_1_412' title='bbox 379 2833 439 2884; x_wconf 83' lang='grc' dir='ltr'><strong>Τ.</strong></span> <span class='ocrx_word' id='word_1_413' title='bbox 462 2834 518 2884; x_wconf 89' lang='grc' dir='ltr'><strong>Ρ.</strong></span> <span class='ocrx_word' id='word_1_414' title='bbox 551 2833 602 2882; x_wconf 91' lang='lat' dir='ltr'><strong>S.</strong></span> <span class='ocrx_word' id='word_1_415' title='bbox 629 2839 682 2882; x_wconf 89' lang='lat' dir='ltr'><strong>et</strong></span> <span class='ocrx_word' id='word_1_416' title='bbox 707 2833 756 2880; x_wconf 91' lang='lat' dir='ltr'><strong>in</strong></span> <span class='ocrx_word' id='word_1_417' title='bbox 795 2830 942 2879; x_wconf 86' lang='lat' dir='ltr'><strong>editis</strong></span> <span class='ocrx_word' id='word_1_418' title='bbox 967 2829 1068 2879; x_wconf 89' lang='lat' dir='ltr'><strong>:sic</strong></span> <span class='ocrx_word' id='word_1_419' title='bbox 1094 2828 1224 2876; x_wconf 89' lang='lat' dir='ltr'><strong>enim</strong></span> <span class='ocrx_word' id='word_1_420' title='bbox 1258 2823 1506 2874; x_wconf 81' lang='lat' dir='ltr'><strong>habebant</strong></span> <span class='ocrx_word' id='word_1_421' title='bbox 1531 2839 1543 2873; x_wconf 88' lang='lat'><strong>:</strong></span> <span class='ocrx_word' id='word_1_422' title='bbox 1564 2823 1689 2885; x_wconf 79' lang='lat' dir='ltr'><strong>Ideo</strong></span> 
     </span>
    </p>
   </div>
   <div class='ocr_carea' id='block_1_50' title="bbox 86 2883 1691 2962">
    <p class='ocr_par' dir='ltr' id='par_1_50' title="bbox 86 2883 1691 2962">
     <span class='ocr_line' id='line_1_50' title="bbox 86 2883 1691 2962; baseline -0.009 -12"><span class='ocrx_word' id='word_1_423' title='bbox 86 2883 466 2962; x_wconf 40' lang='lat' dir='ltr'><strong>perennis‘male</strong></span> <span class='ocrx_word' id='word_1_424' title='bbox 488 2897 681 2948; x_wconf 85' lang='lat' dir='ltr'><strong>destans</strong></span> <span class='ocrx_word' id='word_1_425' title='bbox 701 2893 948 2955; x_wconf 75' lang='lat' dir='ltr'><strong>exultant;</strong></span> <span class='ocrx_word' id='word_1_426' title='bbox 974 2889 1095 2943; x_wconf 83' lang='lat' dir='ltr'><strong>sicut</strong></span> <span class='ocrx_word' id='word_1_427' title='bbox 1118 2888 1168 2939; x_wconf 86' lang='lat' dir='ltr'><strong>in</strong></span> <span class='ocrx_word' id='word_1_428' title='bbox 1189 2889 1318 2952; x_wconf 80' lang='lat' dir='ltr'><strong>fonte</strong></span> <span class='ocrx_word' id='word_1_429' title='bbox 1339 2899 1468 2952; x_wconf 86' lang='lat' dir='ltr'><strong>aqua</strong></span> <span class='ocrx_word' id='word_1_430' title='bbox 1491 2883 1691 2949; x_wconf 81' lang='lat' dir='ltr'><strong>largiter</strong></span> 
     </span>
    </p>
   </div>
   <div class='ocr_carea' id='block_1_51' title="bbox 1791 2497 3385 2570">
    <p class='ocr_par' dir='ltr' id='par_1_51' title="bbox 1791 2497 3385 2570">
     <span class='ocr_line' id='line_1_51' title="bbox 1791 2497 3385 2570; baseline -0.002 -15"><span class='ocrx_word' id='word_1_431' title='bbox 1791 2501 2111 2570; x_wconf 71' lang='lat' dir='ltr'><strong>deﬂuentibus</strong></span> <span class='ocrx_word' id='word_1_432' title='bbox 2128 2500 2261 2570; x_wconf 76' lang='lat' dir='ltr'><strong>venis</strong></span> <span class='ocrx_word' id='word_1_433' title='bbox 2278 2499 2571 2570; x_wconf 82' lang='lat' dir='ltr'><strong>_e:cuberant._</strong></span> <span class='ocrx_word' id='word_1_434' title='bbox 2591 2499 2684 2570; x_wconf 82' lang='lat' dir='ltr'><strong>Qui</strong></span> <span class='ocrx_word' id='word_1_435' title='bbox 2708 2498 2977 2562; x_wconf 84' lang='lat' dir='ltr'><strong>legendum</strong></span> <span class='ocrx_word' id='word_1_436' title='bbox 3010 2497 3140 2550; x_wconf 79' lang='lat' dir='ltr'><strong>foret</strong></span> <span class='ocrx_word' id='word_1_437' title='bbox 3168 2501 3261 2551; x_wconf 90' lang='lat' dir='ltr'><strong>nisi</strong></span> <span class='ocrx_word' id='word_1_438' title='bbox 3291 2514 3385 2565; x_wconf 83' lang='lat' dir='ltr'><strong>ope</strong></span> 
     </span>
    </p>
   </div>
   <div class='ocr_carea' id='block_1_52' title="bbox 1787 2563 2697 2627">
    <p class='ocr_par' dir='ltr' id='par_1_52' title="bbox 1787 2563 2697 2627">
     <span class='ocr_line' id='line_1_52' title="bbox 1787 2563 2697 2627; baseline -0.008 -9"><span class='ocrx_word' id='word_1_439' title='bbox 1787 2563 1988 2627; x_wconf 80' lang='lat' dir='ltr'><strong>codicis,</strong></span> <span class='ocrx_word' id='word_1_440' title='bbox 2014 2565 2176 2615; x_wconf 88' lang='lat' dir='ltr'><strong>nullus</strong></span> <span class='ocrx_word' id='word_1_441' title='bbox 2194 2563 2424 2627; x_wconf 79' lang='lat' dir='ltr'><strong>divinare</strong></span> <span class='ocrx_word' id='word_1_442' title='bbox 2440 2564 2697 2627; x_wconf 67' lang='lat' dir='ltr'><strong>potuisset.</strong></span> 
     </span>
    </p>
   </div>
   <div class='ocr_carea' id='block_1_53' title="bbox 1859 2623 3388 2688">
    <p class='ocr_par' dir='ltr' id='par_1_53' title="bbox 1859 2623 3388 2688">
     <span class='ocr_line' id='line_1_53' title="bbox 1859 2623 3388 2688; baseline -0.001 -10"><span class='ocrx_word' id='word_1_443' title='bbox 1859 2631 1884 2659; x_wconf 72' lang='grc' dir='ltr'><strong>θ</strong></span> <span class='ocrx_word' id='word_1_444' title='bbox 1916 2623 2112 2678; x_wconf 71' lang='lat' dir='ltr'><strong>In&#39;mss.</strong></span> <span class='ocrx_word' id='word_1_445' title='bbox 2136 2632 2274 2685; x_wconf 88' lang='lat' dir='ltr'><strong>arte;</strong></span> <span class='ocrx_word' id='word_1_446' title='bbox 2297 2625 2386 2675; x_wconf 87' lang='lat' dir='ltr'><strong>sed</strong></span> <span class='ocrx_word' id='word_1_447' title='bbox 2407 2623 2496 2677; x_wconf 88' lang='lat' dir='ltr'><strong>iste</strong></span> <span class='ocrx_word' id='word_1_448' title='bbox 2519 2624 2787 2688; x_wconf 79' lang='lat' dir='ltr'><strong>legendum</strong></span> <span class='ocrx_word' id='word_1_449' title='bbox 2811 2636 2922 2675; x_wconf 88' lang='lat' dir='ltr'><strong>esse</strong></span> <span class='ocrx_word' id='word_1_450' title='bbox 2959 2623 3106 2672; x_wconf 84' lang='lat' dir='ltr'><strong>docet</strong></span> <span class='ocrx_word' id='word_1_451' title='bbox 3132 2623 3276 2687; x_wconf 87' lang='lat' dir='ltr'><strong>hujus</strong></span> <span class='ocrx_word' id='word_1_452' title='bbox 3295 2625 3388 2676; x_wconf 90' lang='lat' dir='ltr'><strong>loci</strong></span> 
     </span>
    </p>
   </div>
   <div class='ocr_carea' id='block_1_54' title="bbox 1791 2692 2060 2744">
    <p class='ocr_par' dir='ltr' id='par_1_54' title="bbox 1791 2692 2060 2744">
     <span class='ocr_line' id='line_1_54' title="bbox 1791 2692 2060 2744; baseline 0 0"><span class='ocrx_word' id='word_1_453' title='bbox 1791 2692 2060 2744; x_wconf 85' lang='lat' dir='ltr'><strong>sententia.</strong></span> 
     </span>
    </p>
   </div>
   <div class='ocr_carea' id='block_1_55' title="bbox 1860 2747 3388 2803">
    <p class='ocr_par' dir='ltr' id='par_1_55' title="bbox 1860 2747 3388 2803">
     <span class='ocr_line' id='line_1_55' title="bbox 1860 2747 3388 2803; baseline -0.001 -1"><span class='ocrx_word' id='word_1_454' title='bbox 1860 2754 1880 2794; x_wconf 72' lang='grc' dir='ltr'>ί</span> <span class='ocrx_word' id='word_1_455' title='bbox 1919 2754 1972 2803; x_wconf 90' lang='lat' dir='ltr'><strong>In</strong></span> <span class='ocrx_word' id='word_1_456' title='bbox 1998 2767 2088 2802; x_wconf 88' lang='lat' dir='ltr'><strong>ms.</strong></span> <span class='ocrx_word' id='word_1_457' title='bbox 2124 2751 2178 2801; x_wconf 92' lang='lat' dir='ltr'><strong>S.</strong></span> <span class='ocrx_word' id='word_1_458' title='bbox 2215 2750 2272 2800; x_wconf 89' lang='lat' dir='ltr'><strong>G.</strong></span> <span class='ocrx_word' id='word_1_459' title='bbox 2299 2747 2593 2800; x_wconf 70' lang='lat' dir='ltr'><strong>vexationes.</strong></span> <span class='ocrx_word' id='word_1_460' title='bbox 2628 2748 2684 2798; x_wconf 90' lang='lat' dir='ltr'><strong>In</strong></span> <span class='ocrx_word' id='word_1_461' title='bbox 2724 2761 2816 2798; x_wconf 84' lang='lat' dir='ltr'><strong>ms.</strong></span> <span class='ocrx_word' id='word_1_462' title='bbox 2855 2748 2908 2797; x_wconf 93' lang='lat' dir='ltr'><strong>S.</strong></span> <span class='ocrx_word' id='word_1_463' title='bbox 2952 2747 3011 2798; x_wconf 90' lang='lat' dir='ltr'><strong>T.</strong></span> <span class='ocrx_word' id='word_1_464' title='bbox 3049 2752 3240 2800; x_wconf 77' lang='lat' dir='ltr'><strong>vexatio</strong></span> <span class='ocrx_word' id='word_1_465' title='bbox 3276 2755 3388 2801; x_wconf 82' lang='lat' dir='ltr'><strong>est:</strong></span> 
     </span>
    </p>
   </div>
   <div class='ocr_carea' id='block_1_56' title="bbox 1795 2809 3387 2869">
    <p class='ocr_par' dir='ltr' id='par_1_56' title="bbox 1795 2809 3387 2869">
     <span class='ocr_line' id='line_1_56' title="bbox 1795 2809 3387 2869; baseline -0.004 0"><span class='ocrx_word' id='word_1_466' title='bbox 1795 2815 2152 2869; x_wconf 89' lang='lat' dir='ltr'><strong>emendandum</strong></span> <span class='ocrx_word' id='word_1_467' title='bbox 2178 2813 2338 2864; x_wconf 85' lang='lat' dir='ltr'><strong>vitiata</strong></span> <span class='ocrx_word' id='word_1_468' title='bbox 2361 2818 2446 2863; x_wconf 87' lang='lat' dir='ltr'><strong>est.</strong></span> <span class='ocrx_word' id='word_1_469' title='bbox 2474 2810 2714 2861; x_wconf 81' lang='lat' dir='ltr'><strong>Nonnulla</strong></span> <span class='ocrx_word' id='word_1_470' title='bbox 2751 2811 2900 2859; x_wconf 89' lang='lat' dir='ltr'><strong>etiam</strong></span> <span class='ocrx_word' id='word_1_471' title='bbox 2939 2809 3030 2859; x_wconf 92' lang='lat' dir='ltr'><strong>alia</strong></span> <span class='ocrx_word' id='word_1_472' title='bbox 3065 2810 3157 2861; x_wconf 85' lang='lat' dir='ltr'><strong>hoc</strong></span> <span class='ocrx_word' id='word_1_473' title='bbox 3193 2812 3242 2861; x_wconf 89' lang='lat' dir='ltr'><strong>in</strong></span> <span class='ocrx_word' id='word_1_474' title='bbox 3279 2811 3387 2862; x_wconf 82' lang='lat' dir='ltr'><strong>loco</strong></span> 
     </span>
    </p>
   </div>
   <div class='ocr_carea' id='block_1_57' title="bbox 1795 2873 3074 2938">
    <p class='ocr_par' dir='ltr' id='par_1_57' title="bbox 1795 2873 3074 2938">
     <span class='ocr_line' id='line_1_57' title="bbox 1795 2873 3074 2938; baseline -0.005 -8"><span class='ocrx_word' id='word_1_475' title='bbox 1795 2879 2160 2931; x_wconf 86' lang='lat' dir='ltr'><strong>emendavimus</strong></span> <span class='ocrx_word' id='word_1_476' title='bbox 2181 2888 2244 2927; x_wconf 78' lang='lat' dir='ltr'><strong>ex</strong></span> <span class='ocrx_word' id='word_1_477' title='bbox 2270 2873 2528 2926; x_wconf 86' lang='lat' dir='ltr'><strong>collatione</strong></span> <span class='ocrx_word' id='word_1_478' title='bbox 2545 2887 2661 2925; x_wconf 87' lang='lat' dir='ltr'><strong>mss.</strong></span> <span class='ocrx_word' id='word_1_479' title='bbox 2685 2879 2738 2925; x_wconf 89' lang='lat' dir='ltr'><strong>et</strong></span> <span class='ocrx_word' id='word_1_480' title='bbox 2762 2873 3074 2938; x_wconf 66' lang='lat' dir='ltr'><strong>conjecturis.</strong></span> 
     </span>
    </p>
   </div>
   <div class='ocr_carea' id='block_1_58' title="bbox 1439 2963 2056 3026">
    <p class='ocr_par' dir='ltr' id='par_1_58' title="bbox 1439 2963 2056 3026">
     <span class='ocr_line' id='line_1_58' title="bbox 1439 2963 2056 3026; baseline -0.011 -1"><span class='ocrx_word' id='word_1_481' title='bbox 1439 2967 1795 3026; x_wconf 76' lang='lat' dir='ltr'><strong>VARIORUM</strong></span> <span class='ocrx_word' id='word_1_482' title='bbox 1825 2963 2056 3022; x_wconf 66' lang='lat' dir='ltr'><strong>NOTAE.</strong></span> 
     </span>
    </p>
   </div>
   <div class='ocr_carea' id='block_1_59' title="bbox 164 3067 1683 3151">
    <p class='ocr_par' dir='ltr' id='par_1_59' title="bbox 164 3067 1683 3151">
     <span class='ocr_line' id='line_1_59' title="bbox 164 3067 1683 3151; baseline -0.013 -14"><span class='ocrx_word' id='word_1_483' title='bbox 164 3078 280 3151; x_wconf 71' lang='lat'><strong>(63)</strong></span> <span class='ocrx_word' id='word_1_484' title='bbox 298 3077 460 3151; x_wconf 80' lang='lat' dir='ltr'><strong>Falsa</strong></span> <span class='ocrx_word' id='word_1_485' title='bbox 485 3073 1079 3151; x_wconf 65' lang='lat' dir='ltr'><strong>connubia.Per_om_nia</strong></span> <span class='ocrx_word' id='word_1_486' title='bbox 1111 3077 1446 3151; x_wconf 74' lang='lat' dir='ltr'><strong>sacramenta</strong></span> <span class='ocrx_word' id='word_1_487' title='bbox 1478 3067 1683 3151; x_wconf 59' lang='lat' dir='ltr'><strong>litsyn-</strong></span> 
     </span>
    </p>
   </div>
   <div class='ocr_carea' id='block_1_60' title="bbox 92 3139 1686 3207">
    <p class='ocr_par' dir='ltr' id='par_1_60' title="bbox 92 3139 1686 3207">
     <span class='ocr_line' id='line_1_60' title="bbox 92 3139 1686 3207; baseline -0.009 -2"><span class='ocrx_word' id='word_1_488' title='bbox 92 3139 204 3206; x_wconf 76' lang='lat' dir='ltr'><strong>axis</strong></span> <span class='ocrx_word' id='word_1_489' title='bbox 231 3139 357 3207; x_wconf 81' lang='lat' dir='ltr'><strong>cum</strong></span> <span class='ocrx_word' id='word_1_490' title='bbox 399 3149 634 3204; x_wconf 89' lang='lat' dir='ltr'><strong>Christo.</strong></span> <span class='ocrx_word' id='word_1_491' title='bbox 669 3147 828 3201; x_wconf 90' lang='lat' dir='ltr'><strong>Dion.</strong></span> <span class='ocrx_word' id='word_1_492' title='bbox 859 3145 926 3200; x_wconf 92' lang='lat' dir='ltr'><strong>de</strong></span> <span class='ocrx_word' id='word_1_493' title='bbox 957 3145 1104 3199; x_wconf 88' lang='lat' dir='ltr'><strong>Hier.</strong></span> <span class='ocrx_word' id='word_1_494' title='bbox 1147 3141 1458 3197; x_wconf 71' lang='lat' dir='ltr'><strong>Ecclesiast.</strong></span> <span class='ocrx_word' id='word_1_495' title='bbox 1507 3139 1686 3207; x_wconf 85' lang='lat' dir='ltr'><strong>Quare</strong></span> 
     </span>
    </p>
   </div>
   <div class='ocr_carea' id='block_1_61' title="bbox 92 3211 1690 3292">
    <p class='ocr_par' dir='ltr' id='par_1_61' title="bbox 92 3211 1690 3292">
     <span class='ocr_line' id='line_1_61' title="bbox 92 3211 1690 3292; baseline -0.009 -16"><span class='ocrx_word' id='word_1_496' title='bbox 92 3224 373 3292; x_wconf 78' lang='lat' dir='ltr'><strong>eleganter</strong></span> <span class='ocrx_word' id='word_1_497' title='bbox 409 3231 563 3276; x_wconf 88' lang='lat' dir='ltr'><strong>vocat</strong></span> <span class='ocrx_word' id='word_1_498' title='bbox 593 3227 930 3292; x_wconf 89' lang='lat' dir='ltr'><strong>sacramenta</strong></span> <span class='ocrx_word' id='word_1_499' title='bbox 973 3214 1358 3292; x_wconf 60' lang='lat' dir='ltr'><strong>hgereticoruni</strong></span> <span class='ocrx_word' id='word_1_500' title='bbox 1393 3211 1526 3292; x_wconf 77' lang='lat' dir='ltr'><strong>falsa</strong></span> <span class='ocrx_word' id='word_1_501' title='bbox 1557 3224 1690 3263; x_wconf 88' lang='lat' dir='ltr'><strong>con-</strong></span> 
     </span>
    </p>
   </div>
   <div class='ocr_carea' id='block_1_62' title="bbox 95 3282 1540 3411">
    <p class='ocr_par' dir='ltr' id='par_1_62' title="bbox 95 3282 1540 3411">
     <span class='ocr_line' id='line_1_62' title="bbox 95 3282 1540 3411; baseline -0.01 -61"><span class='ocrx_word' id='word_1_502' title='bbox 95 3282 252 3350; x_wconf 68' lang='lat' dir='ltr'><strong>nubia</strong></span> <span class='ocrx_word' id='word_1_503' title='bbox 273 3336 288 3362; x_wconf 94' lang='lat'><strong>,</strong></span> <span class='ocrx_word' id='word_1_504' title='bbox 319 3294 444 3364; x_wconf 87' lang='lat' dir='ltr'><strong>quia</strong></span> <span class='ocrx_word' id='word_1_505' title='bbox 474 3308 580 3348; x_wconf 94' lang='lat' dir='ltr'><strong>non</strong></span> <span class='ocrx_word' id='word_1_506' title='bbox 613 3292 805 3346; x_wconf 90' lang='lat' dir='ltr'><strong>uniunt</strong></span> <span class='ocrx_word' id='word_1_507' title='bbox 837 3289 1120 3344; x_wconf 69' lang='lat' dir='ltr'><strong>liaareticos</strong></span> <span class='ocrx_word' id='word_1_508' title='bbox 1147 3300 1270 3341; x_wconf 91' lang='lat' dir='ltr'><strong>cum</strong></span> <span class='ocrx_word' id='word_1_509' title='bbox 1301 3282 1540 3411; x_wconf 54' lang='lat' dir='ltr'><strong>CIAristo.</strong></span> 
     </span>
     <span class='ocr_line' id='line_1_63' title="bbox 1402 3369 1540 3409; baseline -0.007 0"><span class='ocrx_word' id='word_1_510' title='bbox 1402 3369 1540 3409; x_wconf 56' lang='lat' dir='ltr'><strong>snas:</strong></span> 
     </span>
    </p>
   </div>
   <div class='ocr_carea' id='block_1_63' title="bbox 1402 3369 1582 3409">
    <p class='ocr_par' dir='ltr' id='par_1_63' title="bbox 1402 3369 1582 3409">
     <span class='ocr_line' id='line_1_64' title="bbox 1402 3369 1582 3409; baseline -0.017 0"><span class='ocrx_word' id='word_1_511' title='bbox 1402 3369 1582 3409; x_wconf 78' lang='lat' dir='ltr'><strong>LBASP.</strong></span> 
     </span>
    </p>
   </div>
   <div class='ocr_carea' id='block_1_64' title="bbox 165 3427 1692 3511">
    <p class='ocr_par' dir='ltr' id='par_1_64' title="bbox 165 3427 1692 3511">
     <span class='ocr_line' id='line_1_65' title="bbox 165 3427 1692 3511; baseline -0.01 -18"><span class='ocrx_word' id='word_1_512' title='bbox 165 3436 280 3511; x_wconf 74' lang='grc' dir='ltr'>(δι)</span> <span class='ocrx_word' id='word_1_513' title='bbox 313 3435 690 3511; x_wconf 78' lang='lat' dir='ltr'><strong>Exterininium</strong></span> <span class='ocrx_word' id='word_1_514' title='bbox 712 3434 855 3505; x_wconf 78' lang='lat' dir='ltr'><strong>ﬁdei,</strong></span> <span class='ocrx_word' id='word_1_515' title='bbox 881 3432 1059 3511; x_wconf 60' lang='lat' dir='ltr'><strong>Dixit,</strong></span> <span class='ocrx_word' id='word_1_516' title='bbox 1075 3440 1135 3484; x_wconf 91' lang='lat' dir='ltr'><strong>ut</strong></span> <span class='ocrx_word' id='word_1_517' title='bbox 1156 3427 1291 3484; x_wconf 81' lang='lat' dir='ltr'><strong>inira</strong></span> <span class='ocrx_word' id='word_1_518' title='bbox 1317 3429 1692 3495; x_wconf 87' lang='lat' dir='ltr'><strong>separationem</strong></span> 
     </span>
    </p>
   </div>
   <div class='ocr_carea' id='block_1_65' title="bbox 99 3503 1262 3578">
    <p class='ocr_par' dir='ltr' id='par_1_65' title="bbox 99 3503 1262 3578">
     <span class='ocr_line' id='line_1_66' title="bbox 99 3503 1262 3578; baseline -0.008 -14"><span class='ocrx_word' id='word_1_519' title='bbox 99 3503 204 3564; x_wconf 75' lang='lat' dir='ltr'><strong>sine</strong></span> <span class='ocrx_word' id='word_1_520' title='bbox 231 3503 536 3564; x_wconf 56' lang='lat' dir='ltr'><strong>eaterminio</strong></span> <span class='ocrx_word' id='word_1_521' title='bbox 566 3507 678 3578; x_wconf 79' lang='lat' dir='ltr'><strong>ﬁeri</strong></span> <span class='ocrx_word' id='word_1_522' title='bbox 709 3503 809 3560; x_wconf 83' lang='lat' dir='ltr'><strong>non</strong></span> <span class='ocrx_word' id='word_1_523' title='bbox 837 3503 1006 3578; x_wconf 62' lang='lat' dir='ltr'><strong>posse.</strong></span> <span class='ocrx_word' id='word_1_524' title='bbox 1040 3503 1262 3578; x_wconf 68' lang='lat' dir='ltr'><strong>lucem.</strong></span> 
     </span>
    </p>
   </div>
   <div class='ocr_carea' id='block_1_66' title="bbox 172 3565 1694 3652">
    <p class='ocr_par' dir='ltr' id='par_1_66' title="bbox 172 3565 1694 3652">
     <span class='ocr_line' id='line_1_67' title="bbox 172 3565 1694 3652; baseline -0.011 -15"><span class='ocrx_word' id='word_1_525' title='bbox 172 3581 285 3652; x_wconf 82' lang='lat'><strong>(65)</strong></span> <span class='ocrx_word' id='word_1_526' title='bbox 329 3579 392 3636; x_wconf 87' lang='lat' dir='ltr'><strong>Si</strong></span> <span class='ocrx_word' id='word_1_527' title='bbox 439 3565 577 3634; x_wconf 62' lang='lat' dir='ltr'><strong>enini</strong></span> <span class='ocrx_word' id='word_1_528' title='bbox 617 3588 780 3652; x_wconf 61' lang='lat' dir='ltr'><strong>putas</strong></span> <span class='ocrx_word' id='word_1_529' title='bbox 806 3565 896 3650; x_wconf 63' lang='lat' dir='ltr'><strong>p&#39;er</strong></span> <span class='ocrx_word' id='word_1_530' title='bbox 940 3574 1409 3652; x_wconf 79' lang='lat' dir='ltr'><strong>PrOphetas,_etc.</strong></span> <span class='ocrx_word' id='word_1_531' title='bbox 1437 3567 1555 3652; x_wconf 67' lang='lat' dir='ltr'><strong>Hoc</strong></span> <span class='ocrx_word' id='word_1_532' title='bbox 1576 3565 1694 3652; x_wconf 77' lang='lat' dir='ltr'><strong>qui-</strong></span> 
     </span>
    </p>
   </div>
   <div class='ocr_carea' id='block_1_67' title="bbox 99 3637 1696 3722">
    <p class='ocr_par' dir='ltr' id='par_1_67' title="bbox 99 3637 1696 3722">
     <span class='ocr_line' id='line_1_68' title="bbox 99 3637 1696 3722; baseline -0.01 -15"><span class='ocrx_word' id='word_1_533' title='bbox 99 3637 218 3708; x_wconf 68' lang='lat' dir='ltr'><strong>dein</strong></span> <span class='ocrx_word' id='word_1_534' title='bbox 247 3637 380 3708; x_wconf 75' lang='lat' dir='ltr'><strong>vere</strong></span> <span class='ocrx_word' id='word_1_535' title='bbox 407 3660 462 3706; x_wconf 89' lang='lat' dir='ltr'><strong>et</strong></span> <span class='ocrx_word' id='word_1_536' title='bbox 490 3637 724 3722; x_wconf 78' lang='lat' dir='ltr'><strong>graviter</strong></span> <span class='ocrx_word' id='word_1_537' title='bbox 744 3637 1007 3714; x_wconf 65' lang='lat' dir='ltr'><strong>optatus:</strong></span> <span class='ocrx_word' id='word_1_538' title='bbox 1047 3637 1190 3716; x_wconf 80' lang='lat' dir='ltr'><strong>quod</strong></span> <span class='ocrx_word' id='word_1_539' title='bbox 1221 3643 1423 3699; x_wconf 87' lang='lat' dir='ltr'><strong>utinam</strong></span> <span class='ocrx_word' id='word_1_540' title='bbox 1457 3639 1557 3695; x_wconf 88' lang='lat' dir='ltr'><strong>sibi</strong></span> <span class='ocrx_word' id='word_1_541' title='bbox 1582 3637 1696 3692; x_wconf 88' lang='lat' dir='ltr'><strong>dic-</strong></span> 
     </span>
    </p>
   </div>
   <div class='ocr_carea' id='block_1_68' title="bbox 100 3719 864 3796">
    <p class='ocr_par' dir='ltr' id='par_1_68' title="bbox 100 3719 864 3796">
     <span class='ocr_line' id='line_1_69' title="bbox 100 3719 864 3796; baseline -0.007 -17"><span class='ocrx_word' id='word_1_542' title='bbox 100 3737 208 3780; x_wconf 93' lang='lat' dir='ltr'><strong>tum</strong></span> <span class='ocrx_word' id='word_1_543' title='bbox 243 3719 511 3796; x_wconf 52' lang='lat' dir='ltr'><strong>putasset:</strong></span> <span class='ocrx_word' id='word_1_544' title='bbox 532 3721 601 3777; x_wconf 73' lang='lat' dir='ltr'><strong>bl.</strong></span> <span class='ocrx_word' id='word_1_545' title='bbox 632 3719 864 3778; x_wconf 61' lang='lat' dir='ltr'><strong>Cassuu.</strong></span> 
     </span>
    </p>
   </div>
   <div class='ocr_carea' id='block_1_69' title="bbox 171 3799 1696 3888">
    <p class='ocr_par' dir='ltr' id='par_1_69' title="bbox 171 3799 1696 3888">
     <span class='ocr_line' id='line_1_70' title="bbox 171 3799 1696 3888; baseline -0.013 -16"><span class='ocrx_word' id='word_1_546' title='bbox 171 3817 285 3888; x_wconf 83' lang='grc'>(66)</span> <span class='ocrx_word' id='word_1_547' title='bbox 322 3815 388 3870; x_wconf 84' lang='lat' dir='ltr'><strong>Et</strong></span> <span class='ocrx_word' id='word_1_548' title='bbox 418 3813 778 3888; x_wconf 30' lang='lat' dir='ltr'><strong>fecerunl‘sibi</strong></span> <span class='ocrx_word' id='word_1_549' title='bbox 831 3810 1022 3888; x_wconf 59' lang='lat' dir='ltr'><strong>Idola,</strong></span> <span class='ocrx_word' id='word_1_550' title='bbox 1054 3810 1150 3888; x_wconf 77' lang='lat' dir='ltr'><strong>hoc</strong></span> <span class='ocrx_word' id='word_1_551' title='bbox 1176 3815 1297 3888; x_wconf 83' lang='lat' dir='ltr'><strong>est_._</strong></span> <span class='ocrx_word' id='word_1_552' title='bbox 1321 3799 1696 3888; x_wconf 46' lang='lat' dir='ltr'><strong>EID..III§P:,;IIIS</strong></span> 
     </span>
    </p>
   </div>
   <div class='ocr_carea' id='block_1_70' title="bbox 101 3873 1698 3959">
    <p class='ocr_par' dir='ltr' id='par_1_70' title="bbox 101 3873 1698 3959">
     <span class='ocr_line' id='line_1_71' title="bbox 101 3873 1698 3959; baseline -0.013 -15"><span class='ocrx_word' id='word_1_553' title='bbox 101 3873 318 3959; x_wconf 78' lang='lat' dir='ltr'><strong>quidem</strong></span> <span class='ocrx_word' id='word_1_554' title='bbox 366 3873 512 3942; x_wconf 76' lang='lat' dir='ltr'><strong>locus</strong></span> <span class='ocrx_word' id='word_1_555' title='bbox 537 3928 552 3951; x_wconf 93' lang='lat'><strong>,</strong></span> <span class='ocrx_word' id='word_1_556' title='bbox 585 3885 678 3940; x_wconf 88' lang='lat' dir='ltr'><strong>sed</strong></span> <span class='ocrx_word' id='word_1_557' title='bbox 713 3881 1127 3959; x_wconf 77' lang='lat' dir='ltr'><strong>obscurissimis</strong></span> <span class='ocrx_word' id='word_1_558' title='bbox 1153 3879 1332 3959; x_wconf 76' lang='lat' dir='ltr'><strong>verbis</strong></span> <span class='ocrx_word' id='word_1_559' title='bbox 1359 3875 1490 3930; x_wconf 92' lang='lat' dir='ltr'><strong>vitio</strong></span> <span class='ocrx_word' id='word_1_560' title='bbox 1513 3873 1698 3959; x_wconf 73' lang='lat' dir='ltr'><strong>_libra—-</strong></span> 
     </span>
    </p>
   </div>
   <div class='ocr_carea' id='block_1_71' title="bbox 102 3945 1698 4030">
    <p class='ocr_par' dir='ltr' id='par_1_71' title="bbox 102 3945 1698 4030">
     <span class='ocr_line' id='line_1_72' title="bbox 102 3945 1698 4030; baseline -0.013 -15"><span class='ocrx_word' id='word_1_561' title='bbox 102 3945 302 4016; x_wconf 70' lang='lat' dir='ltr'><strong>riorum</strong></span> <span class='ocrx_word' id='word_1_562' title='bbox 347 3945 659 4030; x_wconf 85' lang='lat' dir='ltr'><strong>conceptus.</strong></span> <span class='ocrx_word' id='word_1_563' title='bbox 695 3955 898 4030; x_wconf 26' lang='lat' dir='ltr'><strong>Alludi‘t</strong></span> <span class='ocrx_word' id='word_1_564' title='bbox 918 3955 1172 4030; x_wconf 70' lang='lat' dir='ltr'><strong>Dptatus</strong></span> <span class='ocrx_word' id='word_1_565' title='bbox 1194 3950 1259 4004; x_wconf 88' lang='lat' dir='ltr'><strong>ad</strong></span> <span class='ocrx_word' id='word_1_566' title='bbox 1289 3950 1468 4030; x_wconf 77' lang='lat' dir='ltr'><strong>locum</strong></span> <span class='ocrx_word' id='word_1_567' title='bbox 1513 3945 1698 4030; x_wconf 78' lang='lat' dir='ltr'><strong>Hiere-</strong></span> 
     </span>
    </p>
   </div>
   <div class='ocr_carea' id='block_1_72' title="bbox 104 4015 1699 4101">
    <p class='ocr_par' dir='ltr' id='par_1_72' title="bbox 104 4015 1699 4101">
     <span class='ocr_line' id='line_1_73' title="bbox 104 4015 1699 4101; baseline -0.011 -15"><span class='ocrx_word' id='word_1_568' title='bbox 104 4015 222 4087; x_wconf 63' lang='lat' dir='ltr'><strong>miae</strong></span> <span class='ocrx_word' id='word_1_569' title='bbox 247 4015 537 4101; x_wconf 57' lang='lat' dir='ltr'><strong>Propheta?</strong></span> <span class='ocrx_word' id='word_1_570' title='bbox 565 4044 682 4098; x_wconf 89' lang='lat' dir='ltr'><strong>cap.</strong></span> <span class='ocrx_word' id='word_1_571' title='bbox 708 4043 768 4093; x_wconf 91' lang='grc' dir='ltr'>ιι,</span> <span class='ocrx_word' id='word_1_572' title='bbox 798 4026 884 4101; x_wconf 83' lang='lat' dir='ltr'><strong>ubi</strong></span> <span class='ocrx_word' id='word_1_573' title='bbox 918 4015 1056 4081; x_wconf 79' lang='lat' dir='ltr'><strong>Deus</strong></span> <span class='ocrx_word' id='word_1_574' title='bbox 1084 4021 1322 4101; x_wconf 75' lang='lat' dir='ltr'><strong>Sabaoth</strong></span> <span class='ocrx_word' id='word_1_575' title='bbox 1350 4015 1699 4088; x_wconf 88' lang='lat' dir='ltr'><strong>conqueritur</strong></span> 
     </span>
    </p>
   </div>
   <div class='ocr_carea' id='block_1_73' title="bbox 104 4093 1696 4174">
    <p class='ocr_par' dir='ltr' id='par_1_73' title="bbox 104 4093 1696 4174">
     <span class='ocr_line' id='line_1_74' title="bbox 104 4093 1696 4174; baseline -0.013 -17"><span class='ocrx_word' id='word_1_576' title='bbox 104 4103 168 4158; x_wconf 77' lang='lat' dir='ltr'><strong>de</strong></span> <span class='ocrx_word' id='word_1_577' title='bbox 200 4093 399 4174; x_wconf 72' lang='lat' dir='ltr'><strong>p0pulb</strong></span> <span class='ocrx_word' id='word_1_578' title='bbox 426 4093 770 4174; x_wconf 68' lang='lat' dir='ltr'><strong>Iudaeorum,</strong></span> <span class='ocrx_word' id='word_1_579' title='bbox 815 4097 968 4151; x_wconf 91' lang='lat' dir='ltr'><strong>illum</strong></span> <span class='ocrx_word' id='word_1_580' title='bbox 991 4113 1058 4174; x_wconf 75' lang='lat' dir='ltr'><strong>se</strong></span> <span class='ocrx_word' id='word_1_581' title='bbox 1082 4137 1096 4160; x_wconf 92' lang='lat'><strong>,</strong></span> <span class='ocrx_word' id='word_1_582' title='bbox 1138 4101 1197 4174; x_wconf 84' lang='lat' dir='ltr'><strong>u_t</strong></span> <span class='ocrx_word' id='word_1_583' title='bbox 1230 4093 1432 4172; x_wconf 76' lang='lat' dir='ltr'><strong>fontem</strong></span> <span class='ocrx_word' id='word_1_584' title='bbox 1467 4102 1652 4174; x_wconf 66' lang='lat' dir='ltr'><strong>verum</strong></span> <span class='ocrx_word' id='word_1_585' title='bbox 1682 4125 1696 4149; x_wconf 92' lang='lat'><strong>,</strong></span> 
     </span>
    </p>
   </div>
   <div class='ocr_carea' id='block_1_74' title="bbox 107 4159 1695 4244">
    <p class='ocr_par' dir='ltr' id='par_1_74' title="bbox 107 4159 1695 4244">
     <span class='ocr_line' id='line_1_75' title="bbox 107 4159 1695 4244; baseline -0.011 -15"><span class='ocrx_word' id='word_1_586' title='bbox 107 4159 412 4244; x_wconf 65' lang='lat' dir='ltr'><strong>reliquisse,</strong></span> <span class='ocrx_word' id='word_1_587' title='bbox 438 4172 578 4244; x_wconf 86' lang='lat' dir='ltr'><strong>Idola</strong></span> <span class='ocrx_word' id='word_1_588' title='bbox 608 4159 868 4244; x_wconf 73' lang='lat' dir='ltr'><strong>gentium,</strong></span> <span class='ocrx_word' id='word_1_589' title='bbox 904 4179 960 4244; x_wconf 86' lang='lat' dir='ltr'><strong>ut</strong></span> <span class='ocrx_word' id='word_1_590' title='bbox 991 4159 1139 4222; x_wconf 87' lang='lat' dir='ltr'><strong>lacus</strong></span> <span class='ocrx_word' id='word_1_591' title='bbox 1159 4165 1408 4244; x_wconf 69' lang='lat' dir='ltr'><strong>detritos.</strong></span> <span class='ocrx_word' id='word_1_592' title='bbox 1427 4159 1695 4244; x_wconf 74' lang='lat' dir='ltr'><strong>coluisse.</strong></span> 
     </span>
    </p>
   </div>
   <div class='ocr_carea' id='block_1_75' title="bbox 107 4229 1699 4310">
    <p class='ocr_par' dir='ltr' id='par_1_75' title="bbox 107 4229 1699 4310">
     <span class='ocr_line' id='line_1_76' title="bbox 107 4229 1699 4310; baseline -0.013 -8"><span class='ocrx_word' id='word_1_593' title='bbox 107 4229 282 4310; x_wconf 68' lang='lat' dir='ltr'><strong>Quare</strong></span> <span class='ocrx_word' id='word_1_594' title='bbox 319 4229 452 4299; x_wconf 78' lang='lat' dir='ltr'><strong>sane</strong></span> <span class='ocrx_word' id='word_1_595' title='bbox 483 4229 709 4298; x_wconf 74' lang='lat' dir='ltr'><strong>feliciter</strong></span> <span class='ocrx_word' id='word_1_596' title='bbox 740 4229 1023 4309; x_wconf 77' lang='lat' dir='ltr'><strong>legendum</strong></span> <span class='ocrx_word' id='word_1_597' title='bbox 1064 4236 1280 4305; x_wconf 81' lang='lat' dir='ltr'><strong>cmtjicit</strong></span> <span class='ocrx_word' id='word_1_598' title='bbox 1316 4233 1566 4288; x_wconf 68' lang='lat' dir='ltr'><strong>Barthius</strong></span> <span class='ocrx_word' id='word_1_599' title='bbox 1599 4248 1612 4281; x_wconf 90' lang='lat'><strong>:</strong></span> <span class='ocrx_word' id='word_1_600' title='bbox 1646 4229 1699 4282; x_wconf 89' lang='lat' dir='ltr'><strong>in</strong></span> 
     </span>
    </p>
   </div>
   <div class='ocr_carea' id='block_1_76' title="bbox 109 4309 1701 4387">
    <p class='ocr_par' dir='ltr' id='par_1_76' title="bbox 109 4309 1701 4387">
     <span class='ocr_line' id='line_1_77' title="bbox 109 4309 1701 4387; baseline -0.011 -17"><span class='ocrx_word' id='word_1_601' title='bbox 109 4309 213 4371; x_wconf 88' lang='lat' dir='ltr'><strong>Deo</strong></span> <span class='ocrx_word' id='word_1_602' title='bbox 245 4332 640 4387; x_wconf 75' lang='lat' dir='ltr'><strong>perennesntare</strong></span> <span class='ocrx_word' id='word_1_603' title='bbox 669 4313 970 4368; x_wconf 77' lang='lat' dir='ltr'><strong>detestantes</strong></span> <span class='ocrx_word' id='word_1_604' title='bbox 998 4309 1303 4387; x_wconf 74' lang='lat' dir='ltr'><strong>cxsul_tant_:</strong></span> <span class='ocrx_word' id='word_1_605' title='bbox 1330 4318 1575 4387; x_wconf 72' lang='lat' dir='ltr'><strong>perennes</strong></span> <span class='ocrx_word' id='word_1_606' title='bbox 1605 4316 1701 4382; x_wconf 74' lang='lat' dir='ltr'><strong>pro</strong></span> 
     </span>
    </p>
   </div>
   <div class='ocr_carea' id='block_1_77' title="bbox 109 4373 1701 4452">
    <p class='ocr_par' dir='ltr' id='par_1_77' title="bbox 109 4373 1701 4452">
     <span class='ocr_line' id='line_1_78' title="bbox 109 4373 1701 4452; baseline -0.01 -11"><span class='ocrx_word' id='word_1_607' title='bbox 109 4373 348 4442; x_wconf 60' lang='lat' dir='ltr'><strong>fontibus</strong></span> <span class='ocrx_word' id='word_1_608' title='bbox 392 4387 564 4450; x_wconf 78' lang='lat' dir='ltr'><strong>dixit,</strong></span> <span class='ocrx_word' id='word_1_609' title='bbox 607 4401 748 4439; x_wconf 87' lang='lat' dir='ltr'><strong>mare</strong></span> <span class='ocrx_word' id='word_1_610' title='bbox 790 4398 1100 4452; x_wconf 82' lang='lat' dir='ltr'><strong>procorum</strong></span> <span class='ocrx_word' id='word_1_611' title='bbox 1141 4373 1364 4452; x_wconf 84' lang='lat' dir='ltr'><strong>lacubus</strong></span> <span class='ocrx_word' id='word_1_612' title='bbox 1404 4373 1701 4451; x_wconf 60' lang='lat' dir='ltr'><strong>obscaenis.</strong></span> 
     </span>
    </p>
   </div>
   <div class='ocr_carea' id='block_1_78' title="bbox 112 4445 1698 4526">
    <p class='ocr_par' dir='ltr' id='par_1_78' title="bbox 112 4445 1698 4526">
     <span class='ocr_line' id='line_1_79' title="bbox 112 4445 1698 4526; baseline -0.011 -14"><span class='ocrx_word' id='word_1_613' title='bbox 112 4459 210 4512; x_wconf 86' lang='lat' dir='ltr'><strong>Ista</strong></span> <span class='ocrx_word' id='word_1_614' title='bbox 252 4461 514 4514; x_wconf 80' lang='lat' dir='ltr'><strong>sententia</strong></span> <span class='ocrx_word' id='word_1_615' title='bbox 545 4445 665 4513; x_wconf 84' lang='lat' dir='ltr'><strong>cum</strong></span> <span class='ocrx_word' id='word_1_616' title='bbox 712 4445 1063 4526; x_wconf 80' lang='lat' dir='ltr'><strong>seqttentibus</strong></span> <span class='ocrx_word' id='word_1_617' title='bbox 1110 4449 1387 4526; x_wconf 80' lang='lat' dir='ltr'><strong>aptissime</strong></span> <span class='ocrx_word' id='word_1_618' title='bbox 1427 4445 1698 4526; x_wconf 73' lang='lat' dir='ltr'><strong>convenit.</strong></span> 
     </span>
    </p>
   </div>
   <div class='ocr_carea' id='block_1_79' title="bbox 111 4518 1704 4590">
    <p class='ocr_par' dir='ltr' id='par_1_79' title="bbox 111 4518 1704 4590">
     <span class='ocr_line' id='line_1_80' title="bbox 111 4518 1704 4590; baseline -0.011 -6"><span class='ocrx_word' id='word_1_619' title='bbox 111 4531 212 4586; x_wconf 86' lang='lat' dir='ltr'><strong>Sed</strong></span> <span class='ocrx_word' id='word_1_620' title='bbox 254 4531 488 4586; x_wconf 85' lang='lat' dir='ltr'><strong>secunda</strong></span> <span class='ocrx_word' id='word_1_621' title='bbox 529 4529 618 4584; x_wconf 83' lang='lat' dir='ltr'><strong>Fr.</strong></span> <span class='ocrx_word' id='word_1_622' title='bbox 648 4518 892 4583; x_wconf 81' lang='lat' dir='ltr'><strong>Balduini</strong></span> <span class='ocrx_word' id='word_1_623' title='bbox 925 4525 1089 4579; x_wconf 86' lang='lat' dir='ltr'><strong>editio</strong></span> <span class='ocrx_word' id='word_1_624' title='bbox 1121 4518 1284 4576; x_wconf 55' lang='lat' dir='ltr'><strong>{ideo</strong></span> <span class='ocrx_word' id='word_1_625' title='bbox 1317 4518 1554 4590; x_wconf 83' lang='lat' dir='ltr'><strong>perennis</strong></span> <span class='ocrx_word' id='word_1_626' title='bbox 1594 4533 1704 4570; x_wconf 88' lang='lat' dir='ltr'><strong>ma-</strong></span> 
     </span>
    </p>
   </div>
   <div class='ocr_carea' id='block_1_80' title="bbox 102 4601 779 4671">
    <p class='ocr_par' dir='ltr' id='par_1_80' title="bbox 102 4601 779 4671">
     <span class='ocr_line' id='line_1_81' title="bbox 102 4601 779 4671; baseline 0 -14"><span class='ocrx_word' id='word_1_627' title='bbox 102 4606 264 4671; x_wconf 85' lang='lat' dir='ltr'><strong>jestas</strong></span> <span class='ocrx_word' id='word_1_628' title='bbox 285 4603 530 4658; x_wconf 67' lang='lat' dir='ltr'><strong>exundat.</strong></span> <span class='ocrx_word' id='word_1_629' title='bbox 561 4601 779 4657; x_wconf 67' lang='lat' dir='ltr'><strong>INCEBT.</strong></span> 
     </span>
    </p>
   </div>
   <div class='ocr_carea' id='block_1_81' title="bbox 189 4678 1705 4764">
    <p class='ocr_par' dir='ltr' id='par_1_81' title="bbox 189 4678 1705 4764">
     <span class='ocr_line' id='line_1_82' title="bbox 189 4678 1705 4764; baseline -0.013 -15"><span class='ocrx_word' id='word_1_630' title='bbox 189 4694 301 4764; x_wconf 83' lang='grc'>(67)</span> <span class='ocrx_word' id='word_1_631' title='bbox 352 4693 482 4746; x_wconf 64' lang='lat' dir='ltr'><strong>Ideo</strong></span> <span class='ocrx_word' id='word_1_632' title='bbox 529 4693 783 4762; x_wconf 83' lang='lat' dir='ltr'><strong>perennis.</strong></span> <span class='ocrx_word' id='word_1_633' title='bbox 831 4689 990 4744; x_wconf 77' lang='lat' dir='ltr'><strong>Multa</strong></span> <span class='ocrx_word' id='word_1_634' title='bbox 1034 4686 1138 4742; x_wconf 89' lang='lat' dir='ltr'><strong>hoc</strong></span> <span class='ocrx_word' id='word_1_635' title='bbox 1184 4683 1304 4740; x_wconf 89' lang='lat' dir='ltr'><strong>loco</strong></span> <span class='ocrx_word' id='word_1_636' title='bbox 1349 4697 1414 4737; x_wconf 77' lang='lat' dir='ltr'><strong>ex</strong></span> <span class='ocrx_word' id='word_1_637' title='bbox 1469 4678 1705 4735; x_wconf 86' lang='lat' dir='ltr'><strong>editione</strong></span> 
     </span>
    </p>
   </div>
   <div class='ocr_carea' id='block_1_82' title="bbox 117 4764 1073 4820">
    <p class='ocr_par' dir='ltr' id='par_1_82' title="bbox 117 4764 1073 4820">
     <span class='ocr_line' id='line_1_83' title="bbox 117 4764 1073 4820; baseline -0.008 0"><span class='ocrx_word' id='word_1_638' title='bbox 117 4764 431 4820; x_wconf 79' lang='lat' dir='ltr'><strong>GermauiCa</strong></span> <span class='ocrx_word' id='word_1_639' title='bbox 461 4766 813 4818; x_wconf 81' lang='lat' dir='ltr'><strong>correximus.</strong></span> <span class='ocrx_word' id='word_1_640' title='bbox 844 4765 1073 4817; x_wconf 67' lang='lat' dir='ltr'><strong>ALBASP-</strong></span> 
     </span>
    </p>
   </div>
   <div class='ocr_carea' id='block_1_83' title="bbox 188 4821 1705 4908">
    <p class='ocr_par' dir='ltr' id='par_1_83' title="bbox 188 4821 1705 4908">
     <span class='ocr_line' id='line_1_84' title="bbox 188 4821 1705 4908; baseline -0.012 -17"><span class='ocrx_word' id='word_1_641' title='bbox 188 4837 322 4891; x_wconf 90' lang='lat' dir='ltr'><strong>Ibid.</strong></span> <span class='ocrx_word' id='word_1_642' title='bbox 359 4836 486 4890; x_wconf 81' lang='lat' dir='ltr'><strong>Ideo</strong></span> <span class='ocrx_word' id='word_1_643' title='bbox 514 4836 750 4908; x_wconf 85' lang='lat' dir='ltr'><strong>perennis</strong></span> <span class='ocrx_word' id='word_1_644' title='bbox 775 4836 1015 4908; x_wconf 85' lang='lat' dir='ltr'><strong>majestas</strong></span> <span class='ocrx_word' id='word_1_645' title='bbox 1042 4826 1290 4908; x_wconf 73' lang='lat' dir='ltr'><strong>exundat,</strong></span> <span class='ocrx_word' id='word_1_646' title='bbox 1319 4835 1425 4908; x_wconf 76' lang='lat' dir='ltr'><strong>etc.</strong></span> <span class='ocrx_word' id='word_1_647' title='bbox 1456 4821 1705 4908; x_wconf 59' lang='lat' dir='ltr'><strong>tulerunt</strong></span> 
     </span>
    </p>
   </div>
   <div class='ocr_carea' id='block_1_84' title="bbox 121 4898 1702 4976">
    <p class='ocr_par' dir='ltr' id='par_1_84' title="bbox 121 4898 1702 4976">
     <span class='ocr_line' id='line_1_85' title="bbox 121 4898 1702 4976; baseline -0.011 -13"><span class='ocrx_word' id='word_1_648' title='bbox 121 4917 173 4963; x_wconf 93' lang='lat' dir='ltr'><strong>ct</strong></span> <span class='ocrx_word' id='word_1_649' title='bbox 203 4909 343 4963; x_wconf 88' lang='lat' dir='ltr'><strong>hanc</strong></span> <span class='ocrx_word' id='word_1_650' title='bbox 373 4898 532 4976; x_wconf 73' lang='lat' dir='ltr'><strong>hujus</strong></span> <span class='ocrx_word' id='word_1_651' title='bbox 569 4907 824 4962; x_wconf 89' lang='lat' dir='ltr'><strong>editionis</strong></span> <span class='ocrx_word' id='word_1_652' title='bbox 853 4898 1181 4976; x_wconf 60' lang='lat' dir='ltr'><strong>&#39;scriptnram</strong></span> <span class='ocrx_word' id='word_1_653' title='bbox 1209 4941 1223 4965; x_wconf 84' lang='lat'><strong>,</strong></span> <span class='ocrx_word' id='word_1_654' title='bbox 1266 4898 1502 4976; x_wconf 62' lang='lat' dir='ltr'><strong>laudant</strong></span> <span class='ocrx_word' id='word_1_655' title='bbox 1523 4903 1702 4948; x_wconf 87' lang='lat' dir='ltr'><strong>tamen</strong></span> 
     </span>
    </p>
   </div>
   <div class='ocr_carea' id='block_1_85' title="bbox 122 4965 1704 5046">
    <p class='ocr_par' dir='ltr' id='par_1_85' title="bbox 122 4965 1704 5046">
     <span class='ocr_line' id='line_1_86' title="bbox 122 4965 1704 5046; baseline -0.012 -12"><span class='ocrx_word' id='word_1_656' title='bbox 122 4981 182 5034; x_wconf 86' lang='lat' dir='ltr'><strong>N.</strong></span> <span class='ocrx_word' id='word_1_657' title='bbox 216 4981 277 5034; x_wconf 84' lang='lat' dir='ltr'><strong>L.</strong></span> <span class='ocrx_word' id='word_1_658' title='bbox 313 4965 514 5035; x_wconf 79' lang='lat' dir='ltr'><strong>Barthii</strong></span> <span class='ocrx_word' id='word_1_659' title='bbox 543 4978 933 5046; x_wconf 81' lang='lat' dir='ltr'><strong>coojecturam.</strong></span> <span class='ocrx_word' id='word_1_660' title='bbox 964 4965 1054 5044; x_wconf 77' lang='lat' dir='ltr'><strong>qui</strong></span> <span class='ocrx_word' id='word_1_661' title='bbox 1085 4970 1358 5046; x_wconf 82' lang='lat' dir='ltr'><strong>emendat.</strong></span> <span class='ocrx_word' id='word_1_662' title='bbox 1378 4969 1430 5021; x_wconf 91' lang='lat' dir='ltr'><strong>in</strong></span> <span class='ocrx_word' id='word_1_663' title='bbox 1457 4965 1568 5020; x_wconf 88' lang='lat' dir='ltr'><strong>Deo</strong></span> <span class='ocrx_word' id='word_1_664' title='bbox 1589 4980 1704 5036; x_wconf 89' lang='lat' dir='ltr'><strong>per-</strong></span> 
     </span>
    </p>
   </div>
   <div class='ocr_carea' id='block_1_86' title="bbox 121 5042 1704 5108">
    <p class='ocr_par' dir='ltr' id='par_1_86' title="bbox 121 5042 1704 5108">
     <span class='ocr_line' id='line_1_87' title="bbox 121 5042 1704 5108; baseline -0.009 -3"><span class='ocrx_word' id='word_1_665' title='bbox 121 5069 269 5105; x_wconf 85' lang='lat' dir='ltr'><strong>ennes</strong></span> <span class='ocrx_word' id='word_1_666' title='bbox 299 5068 439 5106; x_wconf 85' lang='lat' dir='ltr'><strong>mare</strong></span> <span class='ocrx_word' id='word_1_667' title='bbox 457 5042 758 5104; x_wconf 74' lang='lat' dir='ltr'><strong>detestantes</strong></span> <span class='ocrx_word' id='word_1_668' title='bbox 790 5042 1043 5102; x_wconf 71' lang='lat' dir='ltr'><strong>exsultant</strong></span> <span class='ocrx_word' id='word_1_669' title='bbox 1069 5057 1230 5099; x_wconf 89' lang='lat' dir='ltr'><strong>:cum</strong></span> <span class='ocrx_word' id='word_1_670' title='bbox 1258 5042 1525 5108; x_wconf 81' lang='lat' dir='ltr'><strong>legeretur</strong></span> <span class='ocrx_word' id='word_1_671' title='bbox 1545 5047 1704 5090; x_wconf 85' lang='lat' dir='ltr'><strong>antea</strong></span> 
     </span>
    </p>
   </div>
   <div class='ocr_carea' id='block_1_87' title="bbox 120 5109 1704 5190">
    <p class='ocr_par' dir='ltr' id='par_1_87' title="bbox 120 5109 1704 5190">
     <span class='ocr_line' id='line_1_88' title="bbox 120 5109 1704 5190; baseline -0.01 -14"><span class='ocrx_word' id='word_1_672' title='bbox 120 5125 231 5176; x_wconf 90' lang='lat' dir='ltr'><strong>ideo</strong></span> <span class='ocrx_word' id='word_1_673' title='bbox 261 5123 496 5190; x_wconf 84' lang='lat' dir='ltr'><strong>perennis</strong></span> <span class='ocrx_word' id='word_1_674' title='bbox 522 5123 653 5175; x_wconf 87' lang='lat' dir='ltr'><strong>male</strong></span> <span class='ocrx_word' id='word_1_675' title='bbox 675 5121 931 5174; x_wconf 86' lang='lat' dir='ltr'><strong>detestans</strong></span> <span class='ocrx_word' id='word_1_676' title='bbox 960 5117 1237 5171; x_wconf 75' lang='lat' dir='ltr'><strong>exsultant.</strong></span> <span class='ocrx_word' id='word_1_677' title='bbox 1271 5110 1380 5167; x_wconf 88' lang='lat' dir='ltr'><strong>Sed</strong></span> <span class='ocrx_word' id='word_1_678' title='bbox 1412 5125 1512 5190; x_wconf 66' lang='lat' dir='ltr'><strong>ego</strong></span> <span class='ocrx_word' id='word_1_679' title='bbox 1545 5109 1704 5190; x_wconf 72' lang='lat' dir='ltr'><strong>longe</strong></span> 
     </span>
    </p>
   </div>
   <div class='ocr_carea' id='block_1_88' title="bbox 124 5179 1706 5262">
    <p class='ocr_par' dir='ltr' id='par_1_88' title="bbox 124 5179 1706 5262">
     <span class='ocr_line' id='line_1_89' title="bbox 124 5179 1706 5262; baseline -0.013 -13"><span class='ocrx_word' id='word_1_680' title='bbox 124 5179 511 5262; x_wconf 67' lang='lat' dir='ltr'><strong>przrl‘ercndum</strong></span> <span class='ocrx_word' id='word_1_681' title='bbox 564 5204 690 5261; x_wconf 86' lang='lat' dir='ltr'><strong>puto</strong></span> <span class='ocrx_word' id='word_1_682' title='bbox 736 5191 874 5262; x_wconf 81' lang='lat' dir='ltr'><strong>quod</strong></span> <span class='ocrx_word' id='word_1_683' title='bbox 908 5190 996 5244; x_wconf 91' lang='lat' dir='ltr'><strong>hic</strong></span> <span class='ocrx_word' id='word_1_684' title='bbox 1035 5195 1120 5262; x_wconf 78' lang='lat' dir='ltr'><strong>est</strong></span> <span class='ocrx_word' id='word_1_685' title='bbox 1149 5227 1164 5249; x_wconf 89' lang='lat'><strong>,</strong></span> <span class='ocrx_word' id='word_1_686' title='bbox 1213 5193 1268 5238; x_wconf 89' lang='lat' dir='ltr'><strong>et</strong></span> <span class='ocrx_word' id='word_1_687' title='bbox 1311 5199 1354 5262; x_wconf 42' lang='grc' dir='ltr'><strong>ε.</strong></span> <span class='ocrx_word' id='word_1_688' title='bbox 1391 5179 1706 5262; x_wconf 82' lang='lat' dir='ltr'><strong>melioribus</strong></span> 
     </span>
    </p>
   </div>
   <div class='ocr_carea' id='block_1_89' title="bbox 126 5253 1712 5336">
    <p class='ocr_par' dir='ltr' id='par_1_89' title="bbox 126 5253 1712 5336">
     <span class='ocr_line' id='line_1_90' title="bbox 126 5253 1712 5336; baseline -0.01 -17"><span class='ocrx_word' id='word_1_689' title='bbox 126 5253 253 5319; x_wconf 77' lang='lat' dir='ltr'><strong>inss.</strong></span> <span class='ocrx_word' id='word_1_690' title='bbox 285 5253 662 5336; x_wconf 78' lang='lat' dir='ltr'><strong>depromptum</strong></span> <span class='ocrx_word' id='word_1_691' title='bbox 701 5253 920 5336; x_wconf 67' lang='lat' dir='ltr'><strong>minimc</strong></span> <span class='ocrx_word' id='word_1_692' title='bbox 961 5259 1180 5336; x_wconf 68' lang='lat' dir='ltr'><strong>du_bito_°2</strong></span> <span class='ocrx_word' id='word_1_693' title='bbox 1233 5253 1394 5336; x_wconf 84' lang='lat' dir='ltr'><strong>modo</strong></span> <span class='ocrx_word' id='word_1_694' title='bbox 1432 5258 1712 5336; x_wconf 57' lang='lat' dir='ltr'><strong>tamennut</strong></span> 
     </span>
    </p>
   </div>
   <div class='ocr_carea' id='block_1_90' title="bbox 127 5319 1712 5405">
    <p class='ocr_par' dir='ltr' id='par_1_90' title="bbox 127 5319 1712 5405">
     <span class='ocr_line' id='line_1_91' title="bbox 127 5319 1712 5405; baseline -0.01 -16"><span class='ocrx_word' id='word_1_695' title='bbox 127 5352 221 5404; x_wconf 81' lang='lat' dir='ltr'><strong>pro</strong></span> <span class='ocrx_word' id='word_1_696' title='bbox 243 5319 627 5405; x_wconf 55' lang='lat' dir='ltr'><strong>ideo&#39;corri&#39;gas</strong></span> <span class='ocrx_word' id='word_1_697' title='bbox 657 5335 708 5386; x_wconf 89' lang='lat' dir='ltr'><strong>in</strong></span> <span class='ocrx_word' id='word_1_698' title='bbox 753 5333 898 5398; x_wconf 68' lang='lat' dir='ltr'><strong>Deo&#39;,</strong></span> <span class='ocrx_word' id='word_1_699' title='bbox 937 5341 991 5405; x_wconf 82' lang='lat' dir='ltr'><strong>et</strong></span> <span class='ocrx_word' id='word_1_700' title='bbox 1028 5319 1428 5405; x_wconf 74' lang='lat' dir='ltr'><strong>itadistinguas</strong></span> <span class='ocrx_word' id='word_1_701' title='bbox 1464 5341 1477 5377; x_wconf 87' lang='lat'><strong>:</strong></span> <span class='ocrx_word' id='word_1_702' title='bbox 1509 5326 1565 5405; x_wconf 69' lang='lat' dir='ltr'><strong>in</strong></span> <span class='ocrx_word' id='word_1_703' title='bbox 1603 5319 1712 5402; x_wconf 78' lang='lat' dir='ltr'><strong>Deo</strong></span> 
     </span>
    </p>
   </div>
   <div class='ocr_carea' id='block_1_91' title="bbox 126 5393 1712 5478">
    <p class='ocr_par' dir='ltr' id='par_1_91' title="bbox 126 5393 1712 5478">
     <span class='ocr_line' id='line_1_92' title="bbox 126 5393 1712 5478; baseline -0.009 -19"><span class='ocrx_word' id='word_1_704' title='bbox 126 5393 357 5478; x_wconf 72' lang='lat' dir='ltr'><strong>perennis</strong></span> <span class='ocrx_word' id='word_1_705' title='bbox 396 5393 634 5471; x_wconf 61' lang='lat' dir='ltr'><strong>maiestas</strong></span> <span class='ocrx_word' id='word_1_706' title='bbox 660 5393 908 5478; x_wconf 67' lang='lat' dir='ltr'><strong>exundat.</strong></span> <span class='ocrx_word' id='word_1_707' title='bbox 941 5401 1147 5478; x_wconf 78' lang='lat' dir='ltr'><strong>sicu_t_it_t</strong></span> <span class='ocrx_word' id='word_1_708' title='bbox 1180 5393 1321 5470; x_wconf 74' lang='lat' dir='ltr'><strong>fonte</strong></span> <span class='ocrx_word' id='word_1_709' title='bbox 1339 5439 1353 5460; x_wconf 92' lang='lat'><strong>,</strong></span> <span class='ocrx_word' id='word_1_710' title='bbox 1379 5412 1519 5478; x_wconf 73' lang='lat' dir='ltr'><strong>aqua</strong></span> <span class='ocrx_word' id='word_1_711' title='bbox 1548 5393 1712 5463; x_wconf 89' lang='lat' dir='ltr'><strong>largi-</strong></span> 
     </span>
    </p>
   </div>
   <div class='ocr_carea' id='block_1_92' title="bbox 129 5469 1721 5549">
    <p class='ocr_par' dir='ltr' id='par_1_92' title="bbox 129 5469 1721 5549">
     <span class='ocr_line' id='line_1_93' title="bbox 129 5469 1721 5549; baseline -0.008 -18"><span class='ocrx_word' id='word_1_712' title='bbox 129 5469 200 5532; x_wconf 70' lang='lat' dir='ltr'><strong>ier</strong></span> <span class='ocrx_word' id='word_1_713' title='bbox 220 5469 558 5549; x_wconf 83' lang='lat' dir='ltr'><strong>deﬂuentibus</strong></span> <span class='ocrx_word' id='word_1_714' title='bbox 579 5480 716 5531; x_wconf 83' lang='lat' dir='ltr'><strong>venis</strong></span> <span class='ocrx_word' id='word_1_715' title='bbox 738 5477 996 5549; x_wconf 69' lang='lat' dir='ltr'><strong>exuberat.</strong></span> <span class='ocrx_word' id='word_1_716' title='bbox 1028 5469 1350 5549; x_wconf 74' lang='lat' dir='ltr'><strong>Majestatem</strong></span> <span class='ocrx_word' id='word_1_717' title='bbox 1379 5469 1571 5549; x_wconf 75' lang='lat' dir='ltr'><strong>iterum</strong></span> <span class='ocrx_word' id='word_1_718' title='bbox 1591 5473 1721 5549; x_wconf 74' lang='lat' dir='ltr'><strong>post</strong></span> 
     </span>
    </p>
   </div>
   <div class='ocr_carea' id='block_1_93' title="bbox 131 5537 1715 5619">
    <p class='ocr_par' dir='ltr' id='par_1_93' title="bbox 131 5537 1715 5619">
     <span class='ocr_line' id='line_1_94' title="bbox 131 5537 1715 5619; baseline -0.011 -14"><span class='ocrx_word' id='word_1_719' title='bbox 131 5537 297 5619; x_wconf 75' lang='lat' dir='ltr'><strong>pauca</strong></span> <span class='ocrx_word' id='word_1_720' title='bbox 342 5569 354 5604; x_wconf 92' lang='lat'><strong>:</strong></span> <span class='ocrx_word' id='word_1_721' title='bbox 397 5562 446 5605; x_wconf 91' lang='lat' dir='ltr'><strong>et</strong></span> <span class='ocrx_word' id='word_1_722' title='bbox 491 5559 637 5602; x_wconf 87' lang='lat' dir='ltr'><strong>recte</strong></span> <span class='ocrx_word' id='word_1_723' title='bbox 684 5562 804 5619; x_wconf 85' lang='lat' dir='ltr'><strong>meo</strong></span> <span class='ocrx_word' id='word_1_724' title='bbox 831 5545 1032 5619; x_wconf 76' lang='lat' dir='ltr'><strong>judicio</strong></span> <span class='ocrx_word' id='word_1_725' title='bbox 1075 5537 1129 5596; x_wconf 77' lang='lat' dir='ltr'><strong>et</strong></span> <span class='ocrx_word' id='word_1_726' title='bbox 1173 5537 1715 5619; x_wconf 49' lang='lat' dir='ltr'><strong>ippaundica&#39;crbum</strong></span> 
     </span>
    </p>
   </div>
   <div class='ocr_carea' id='block_1_94' title="bbox 131 5609 1717 5691">
    <p class='ocr_par' dir='ltr' id='par_1_94' title="bbox 131 5609 1717 5691">
     <span class='ocr_line' id='line_1_95' title="bbox 131 5609 1717 5691; baseline -0.01 -16"><span class='ocrx_word' id='word_1_727' title='bbox 131 5609 516 5691; x_wconf 78' lang='lat' dir='ltr'><strong>inagnitudinis</strong></span> <span class='ocrx_word' id='word_1_728' title='bbox 548 5630 600 5673; x_wconf 91' lang='lat' dir='ltr'><strong>et</strong></span> <span class='ocrx_word' id='word_1_729' title='bbox 640 5609 1010 5691; x_wconf 75' lang='lat' dir='ltr'><strong>amplitudinis</strong></span> <span class='ocrx_word' id='word_1_730' title='bbox 1042 5609 1224 5691; x_wconf 78' lang='lat' dir='ltr'><strong>(quale</strong></span> <span class='ocrx_word' id='word_1_731' title='bbox 1242 5609 1333 5666; x_wconf 71' lang='lat' dir='ltr'><strong>est</strong></span> <span class='ocrx_word' id='word_1_732' title='bbox 1361 5611 1489 5691; x_wconf 75' lang='lat' dir='ltr'><strong>illud</strong></span> <span class='ocrx_word' id='word_1_733' title='bbox 1515 5609 1717 5691; x_wconf 51' lang='lat' dir='ltr'><strong>Indicis.</strong></span> 
     </span>
    </p>
   </div>
   <div class='ocr_carea' id='block_1_95' title="bbox 133 5679 1720 5762">
    <p class='ocr_par' dir='ltr' id='par_1_95' title="bbox 133 5679 1720 5762">
     <span class='ocr_line' id='line_1_96' title="bbox 133 5679 1720 5762; baseline -0.008 -18"><span class='ocrx_word' id='word_1_734' title='bbox 133 5679 523 5762; x_wconf 52' lang='lat' dir='ltr'><strong>tasfidolorum</strong></span> <span class='ocrx_word' id='word_1_735' title='bbox 556 5679 776 5762; x_wconf 76' lang='lat' dir='ltr'><strong>vanitati</strong></span> <span class='ocrx_word' id='word_1_736' title='bbox 817 5697 872 5742; x_wconf 89' lang='lat' dir='ltr'><strong>et</strong></span> <span class='ocrx_word' id='word_1_737' title='bbox 915 5679 1160 5762; x_wconf 79' lang='lat' dir='ltr'><strong>inanitati</strong></span> <span class='ocrx_word' id='word_1_738' title='bbox 1193 5684 1464 5754; x_wconf 90' lang='lat' dir='ltr'><strong>opposuit.</strong></span> <span class='ocrx_word' id='word_1_739' title='bbox 1515 5679 1583 5736; x_wconf 84' lang='grc' dir='ltr'><strong>Μ.</strong></span> <span class='ocrx_word' id='word_1_740' title='bbox 1616 5679 1720 5733; x_wconf 70' lang='lat' dir='ltr'><strong>UA-</strong></span> 
     </span>
    </p>
   </div>
   <div class='ocr_carea' id='block_1_96' title="bbox 137 5761 1210 5820">
    <p class='ocr_par' dir='ltr' id='par_1_96' title="bbox 137 5761 1210 5820">
     <span class='ocr_line' id='line_1_97' title="bbox 137 5761 1210 5820; baseline -0.009 -2"><span class='ocrx_word' id='word_1_741' title='bbox 137 5761 283 5820; x_wconf 72' lang='lat' dir='ltr'><strong>SAIJB.</strong></span> <span class='ocrx_word' id='word_1_742' title='bbox 319 5764 417 5820; x_wconf 83' lang='lat' dir='ltr'><strong>Hic</strong></span> <span class='ocrx_word' id='word_1_743' title='bbox 444 5765 592 5819; x_wconf 87' lang='lat' dir='ltr'><strong>locus</strong></span> <span class='ocrx_word' id='word_1_744' title='bbox 617 5779 651 5817; x_wconf 93' lang='lat' dir='ltr'><strong>a</strong></span> <span class='ocrx_word' id='word_1_745' title='bbox 670 5761 814 5816; x_wconf 90' lang='lat' dir='ltr'><strong>nobis</strong></span> <span class='ocrx_word' id='word_1_746' title='bbox 839 5761 1099 5814; x_wconf 85' lang='lat' dir='ltr'><strong>restitutus</strong></span> <span class='ocrx_word' id='word_1_747' title='bbox 1120 5767 1210 5811; x_wconf 88' lang='lat' dir='ltr'><strong>est.</strong></span> 
     </span>
    </p>
   </div>
   <div class='ocr_carea' id='block_1_97' title="bbox 210 5844 1723 5928">
    <p class='ocr_par' dir='ltr' id='par_1_97' title="bbox 210 5844 1723 5928">
     <span class='ocr_line' id='line_1_98' title="bbox 210 5844 1723 5928; baseline -0.01 -15"><span class='ocrx_word' id='word_1_748' title='bbox 210 5856 325 5928; x_wconf 82' lang='lat'><strong>(68)</strong></span> <span class='ocrx_word' id='word_1_749' title='bbox 363 5857 427 5912; x_wconf 85' lang='lat' dir='ltr'><strong>In</strong></span> <span class='ocrx_word' id='word_1_750' title='bbox 460 5855 627 5911; x_wconf 83' lang='lat' dir='ltr'><strong>ldolis</strong></span> <span class='ocrx_word' id='word_1_751' title='bbox 647 5855 809 5909; x_wconf 80' lang='lat' dir='ltr'><strong>virtus</strong></span> <span class='ocrx_word' id='word_1_752' title='bbox 837 5850 1002 5917; x_wconf 87' lang='lat' dir='ltr'><strong>nulla,</strong></span> <span class='ocrx_word' id='word_1_753' title='bbox 1031 5858 1136 5905; x_wconf 88' lang='lat' dir='ltr'><strong>etc.</strong></span> <span class='ocrx_word' id='word_1_754' title='bbox 1168 5844 1617 5916; x_wconf 84' lang='lat' dir='ltr'><strong>Corruptissimus</strong></span> <span class='ocrx_word' id='word_1_755' title='bbox 1638 5851 1723 5899; x_wconf 88' lang='lat' dir='ltr'><strong>est</strong></span> 
     </span>
    </p>
   </div>
   <div class='ocr_carea' id='block_1_98' title="bbox 1791 3055 3388 3128">
    <p class='ocr_par' dir='ltr' id='par_1_98' title="bbox 1791 3055 3388 3128">
     <span class='ocr_line' id='line_1_99' title="bbox 1791 3055 3388 3128; baseline -0.003 -12"><span class='ocrx_word' id='word_1_756' title='bbox 1791 3061 1878 3117; x_wconf 89' lang='lat' dir='ltr'><strong>hic</strong></span> <span class='ocrx_word' id='word_1_757' title='bbox 1907 3061 2093 3123; x_wconf 87' lang='lat' dir='ltr'><strong>locns;</strong></span> <span class='ocrx_word' id='word_1_758' title='bbox 2126 3058 2236 3113; x_wconf 93' lang='lat' dir='ltr'><strong>imo</strong></span> <span class='ocrx_word' id='word_1_759' title='bbox 2271 3071 2442 3128; x_wconf 86' lang='lat' dir='ltr'><strong>usque</strong></span> <span class='ocrx_word' id='word_1_760' title='bbox 2472 3055 2537 3111; x_wconf 89' lang='lat' dir='ltr'><strong>ad</strong></span> <span class='ocrx_word' id='word_1_761' title='bbox 2570 3055 2728 3110; x_wconf 90' lang='lat' dir='ltr'><strong>ﬁnem</strong></span> <span class='ocrx_word' id='word_1_762' title='bbox 2759 3055 2877 3128; x_wconf 87' lang='lat' dir='ltr'><strong>libri</strong></span> <span class='ocrx_word' id='word_1_763' title='bbox 2923 3055 3101 3128; x_wconf 77' lang='lat' dir='ltr'><strong>hujus.</strong></span> <span class='ocrx_word' id='word_1_764' title='bbox 3142 3055 3388 3112; x_wconf 89' lang='lat' dir='ltr'><strong>Balduini</strong></span> 
     </span>
    </p>
   </div>
   <div class='ocr_carea' id='block_1_99' title="bbox 1789 3127 3388 3200">
    <p class='ocr_par' dir='ltr' id='par_1_99' title="bbox 1789 3127 3388 3200">
     <span class='ocr_line' id='line_1_100' title="bbox 1789 3127 3388 3200; baseline -0.004 -13"><span class='ocrx_word' id='word_1_765' title='bbox 1789 3133 1989 3200; x_wconf 81' lang='lat' dir='ltr'><strong>Optima</strong></span> <span class='ocrx_word' id='word_1_766' title='bbox 2019 3130 2184 3185; x_wconf 91' lang='lat' dir='ltr'><strong>editio</strong></span> <span class='ocrx_word' id='word_1_767' title='bbox 2244 3145 2349 3184; x_wconf 93' lang='lat' dir='ltr'><strong>non</strong></span> <span class='ocrx_word' id='word_1_768' title='bbox 2393 3137 2477 3200; x_wconf 64' lang='lat' dir='ltr'><strong>es;</strong></span> <span class='ocrx_word' id='word_1_769' title='bbox 2505 3129 2708 3198; x_wconf 88' lang='lat' dir='ltr'><strong>optima</strong></span> <span class='ocrx_word' id='word_1_770' title='bbox 2735 3169 2750 3193; x_wconf 93' lang='lat'><strong>,</strong></span> <span class='ocrx_word' id='word_1_771' title='bbox 2788 3127 2884 3200; x_wconf 85' lang='lat' dir='ltr'><strong>sed</strong></span> <span class='ocrx_word' id='word_1_772' title='bbox 2913 3127 3182 3197; x_wconf 88' lang='lat' dir='ltr'><strong>prioribus</strong></span> <span class='ocrx_word' id='word_1_773' title='bbox 3219 3131 3388 3200; x_wconf 87' lang='lat' dir='ltr'><strong>magis</strong></span> 
     </span>
    </p>
   </div>
   <div class='ocr_carea' id='block_1_100' title="bbox 1791 3198 3386 3273">
    <p class='ocr_par' dir='ltr' id='par_1_100' title="bbox 1791 3198 3386 3273">
     <span class='ocr_line' id='line_1_101' title="bbox 1791 3198 3386 3273; baseline -0.003 -14"><span class='ocrx_word' id='word_1_774' title='bbox 1791 3198 2080 3273; x_wconf 80' lang='lat' dir='ltr'><strong>depravata</strong></span> <span class='ocrx_word' id='word_1_775' title='bbox 2112 3217 2175 3256; x_wconf 87' lang='lat' dir='ltr'><strong>ac</strong></span> <span class='ocrx_word' id='word_1_776' title='bbox 2203 3215 2411 3273; x_wconf 83' lang='lat' dir='ltr'><strong>manca.</strong></span> <span class='ocrx_word' id='word_1_777' title='bbox 2448 3199 2827 3273; x_wconf 78' lang='lat' dir='ltr'><strong>Describemus</strong></span> <span class='ocrx_word' id='word_1_778' title='bbox 2853 3198 3016 3268; x_wconf 80' lang='lat' dir='ltr'><strong>igitur</strong></span> <span class='ocrx_word' id='word_1_779' title='bbox 3042 3207 3212 3273; x_wconf 77' lang='lat' dir='ltr'><strong>totum</strong></span> <span class='ocrx_word' id='word_1_780' title='bbox 3236 3199 3386 3273; x_wconf 81' lang='lat' dir='ltr'><strong>hunc</strong></span> 
     </span>
    </p>
   </div>
   <div class='ocr_carea' id='block_1_101' title="bbox 1795 3269 3387 3342">
    <p class='ocr_par' dir='ltr' id='par_1_101' title="bbox 1795 3269 3387 3342">
     <span class='ocr_line' id='line_1_102' title="bbox 1795 3269 3387 3342; baseline -0.002 -14"><span class='ocrx_word' id='word_1_781' title='bbox 1795 3269 1972 3332; x_wconf 81' lang='lat' dir='ltr'><strong>locum</strong></span> <span class='ocrx_word' id='word_1_782' title='bbox 2000 3290 2064 3330; x_wconf 82' lang='lat' dir='ltr'><strong>ex</strong></span> <span class='ocrx_word' id='word_1_783' title='bbox 2104 3271 2372 3342; x_wconf 88' lang='lat' dir='ltr'><strong>prioribus</strong></span> <span class='ocrx_word' id='word_1_784' title='bbox 2409 3269 2764 3342; x_wconf 74' lang='lat' dir='ltr'><strong>editionibus,</strong></span> <span class='ocrx_word' id='word_1_785' title='bbox 2793 3279 2942 3342; x_wconf 76' lang='lat' dir='ltr'><strong>tum,</strong></span> <span class='ocrx_word' id='word_1_786' title='bbox 2964 3269 3093 3342; x_wconf 78' lang='lat' dir='ltr'><strong>quid</strong></span> <span class='ocrx_word' id='word_1_787' title='bbox 3125 3270 3280 3324; x_wconf 89' lang='lat' dir='ltr'><strong>nobis</strong></span> <span class='ocrx_word' id='word_1_788' title='bbox 3308 3271 3387 3325; x_wconf 91' lang='lat' dir='ltr'><strong>vi-</strong></span> 
     </span>
    </p>
   </div>
   <div class='ocr_carea' id='block_1_102' title="bbox 1795 3339 3448 3413">
    <p class='ocr_par' dir='ltr' id='par_1_102' title="bbox 1795 3339 3448 3413">
     <span class='ocr_line' id='line_1_103' title="bbox 1795 3339 3448 3413; baseline -0.005 -10"><span class='ocrx_word' id='word_1_789' title='bbox 1795 3349 1986 3404; x_wconf 88' lang='lat' dir='ltr'><strong>deatur</strong></span> <span class='ocrx_word' id='word_1_790' title='bbox 2032 3339 2384 3413; x_wconf 84' lang='lat' dir='ltr'><strong>exponemus.</strong></span> <span class='ocrx_word' id='word_1_791' title='bbox 2434 3342 2508 3395; x_wconf 87' lang='lat' dir='ltr'><strong>Ita</strong></span> <span class='ocrx_word' id='word_1_792' title='bbox 2553 3342 2714 3410; x_wconf 88' lang='lat' dir='ltr'><strong>igitur</strong></span> <span class='ocrx_word' id='word_1_793' title='bbox 2737 3341 2841 3394; x_wconf 69' lang='lat' dir='ltr'><strong>illa:</strong></span> <span class='ocrx_word' id='word_1_794' title='bbox 2874 3359 2885 3393; x_wconf 94' lang='lat'><strong>:</strong></span> <span class='ocrx_word' id='word_1_795' title='bbox 2918 3339 2995 3394; x_wconf 81' lang='lat' dir='ltr'><strong>In</strong></span> <span class='ocrx_word' id='word_1_796' title='bbox 3028 3339 3199 3413; x_wconf 86' lang='lat' dir='ltr'><strong>ldolis</strong></span> <span class='ocrx_word' id='word_1_797' title='bbox 3227 3343 3388 3395; x_wconf 85' lang='lat' dir='ltr'><strong>virtus</strong></span> <span class='ocrx_word' id='word_1_798' title='bbox 3445 3399 3448 3402; x_wconf 56' lang='grc'><strong><em>,</em></strong></span> 
     </span>
    </p>
   </div>
   <div class='ocr_carea' id='block_1_103' title="bbox 1796 3412 3383 3482">
    <p class='ocr_par' dir='ltr' id='par_1_103' title="bbox 1796 3412 3383 3482">
     <span class='ocr_line' id='line_1_104' title="bbox 1796 3412 3383 3482; baseline -0.005 -9"><span class='ocrx_word' id='word_1_799' title='bbox 1796 3418 2048 3473; x_wconf 85' lang='lat' dir='ltr'><strong>naturalis</strong></span> <span class='ocrx_word' id='word_1_800' title='bbox 2087 3412 2233 3470; x_wconf 84' lang='lat' dir='ltr'><strong>nulla</strong></span> <span class='ocrx_word' id='word_1_801' title='bbox 2273 3423 2366 3479; x_wconf 87' lang='lat' dir='ltr'><strong>est,</strong></span> <span class='ocrx_word' id='word_1_802' title='bbox 2394 3413 2482 3467; x_wconf 87' lang='lat' dir='ltr'><strong>sed</strong></span> <span class='ocrx_word' id='word_1_803' title='bbox 2505 3413 2770 3466; x_wconf 80' lang='lat' dir='ltr'><strong>hominum</strong></span> <span class='ocrx_word' id='word_1_804' title='bbox 2797 3427 2968 3466; x_wconf 86' lang='lat' dir='ltr'><strong>errore</strong></span> <span class='ocrx_word' id='word_1_805' title='bbox 3007 3412 3383 3482; x_wconf 73' lang='lat' dir='ltr'><strong>adiunguntur,</strong></span> 
     </span>
    </p>
   </div>
   <div class='ocr_carea' id='block_1_104' title="bbox 1795 3481 3388 3560">
    <p class='ocr_par' dir='ltr' id='par_1_104' title="bbox 1795 3481 3388 3560">
     <span class='ocr_line' id='line_1_105' title="bbox 1795 3481 3388 3560; baseline -0.004 -16"><span class='ocrx_word' id='word_1_806' title='bbox 1795 3502 1841 3544; x_wconf 91' lang='lat' dir='ltr'><strong>et</strong></span> <span class='ocrx_word' id='word_1_807' title='bbox 1865 3489 2212 3560; x_wconf 86' lang='lat' dir='ltr'><strong>applicantur,</strong></span> <span class='ocrx_word' id='word_1_808' title='bbox 2243 3486 2557 3560; x_wconf 61' lang='lat' dir='ltr'><strong>aestimentur</strong></span> <span class='ocrx_word' id='word_1_809' title='bbox 2598 3483 2983 3560; x_wconf 27' lang='lat' dir='ltr'><strong>Idola‘virtusn</strong></span> <span class='ocrx_word' id='word_1_810' title='bbox 3010 3481 3118 3560; x_wconf 58' lang='lat' dir='ltr'><strong>Vos;</strong></span> <span class='ocrx_word' id='word_1_811' title='bbox 3136 3499 3249 3560; x_wconf 59' lang='lat' dir='ltr'><strong>quin</strong></span> <span class='ocrx_word' id='word_1_812' title='bbox 3277 3483 3388 3560; x_wconf 78' lang='lat' dir='ltr'><strong>illic</strong></span> 
     </span>
    </p>
   </div>
   <div class='ocr_carea' id='block_1_105' title="bbox 1797 3553 3390 3624">
    <p class='ocr_par' dir='ltr' id='par_1_105' title="bbox 1797 3553 3390 3624">
     <span class='ocr_line' id='line_1_106' title="bbox 1797 3553 3390 3624; baseline -0.006 -7"><span class='ocrx_word' id='word_1_813' title='bbox 1797 3553 2052 3616; x_wconf 74' lang='lat' dir='ltr'><strong>natanan</strong></span> <span class='ocrx_word' id='word_1_814' title='bbox 2097 3568 2204 3624; x_wconf 86' lang='lat' dir='ltr'><strong>est,</strong></span> <span class='ocrx_word' id='word_1_815' title='bbox 2246 3559 2388 3612; x_wconf 89' lang='lat' dir='ltr'><strong>lacus</strong></span> <span class='ocrx_word' id='word_1_816' title='bbox 2417 3567 2486 3610; x_wconf 91' lang='lat' dir='ltr'><strong>est</strong></span> <span class='ocrx_word' id='word_1_817' title='bbox 2515 3564 2623 3609; x_wconf 90' lang='lat' dir='ltr'><strong>arte</strong></span> <span class='ocrx_word' id='word_1_818' title='bbox 2647 3555 2861 3608; x_wconf 81' lang='lat' dir='ltr'><strong>detritus</strong></span> <span class='ocrx_word' id='word_1_819' title='bbox 2897 3554 3044 3624; x_wconf 84' lang='lat' dir='ltr'><strong>cujus</strong></span> <span class='ocrx_word' id='word_1_820' title='bbox 3090 3553 3287 3622; x_wconf 78' lang='lat' dir='ltr'><strong>fabrica</strong></span> <span class='ocrx_word' id='word_1_821' title='bbox 3315 3556 3390 3607; x_wconf 83' lang='lat' dir='ltr'><strong>vi-</strong></span> 
     </span>
    </p>
   </div>
   <div class='ocr_carea' id='block_1_106' title="bbox 1797 3626 3390 3702">
    <p class='ocr_par' dir='ltr' id='par_1_106' title="bbox 1797 3626 3390 3702">
     <span class='ocr_line' id='line_1_107' title="bbox 1797 3626 3390 3702; baseline -0.005 -15"><span class='ocrx_word' id='word_1_822' title='bbox 1797 3634 1924 3687; x_wconf 90' lang='lat' dir='ltr'><strong>tiata</strong></span> <span class='ocrx_word' id='word_1_823' title='bbox 1949 3641 2045 3702; x_wconf 77' lang='lat' dir='ltr'><strong>est,</strong></span> <span class='ocrx_word' id='word_1_824' title='bbox 2070 3646 2256 3702; x_wconf 78' lang='lat' dir='ltr'><strong>aquam</strong></span> <span class='ocrx_word' id='word_1_825' title='bbox 2282 3644 2373 3702; x_wconf 81' lang='lat' dir='ltr'><strong>nec</strong></span> <span class='ocrx_word' id='word_1_826' title='bbox 2401 3628 2611 3689; x_wconf 89' lang='lat' dir='ltr'><strong>habeat,</strong></span> <span class='ocrx_word' id='word_1_827' title='bbox 2639 3636 2686 3702; x_wconf 80' lang='lat' dir='ltr'><strong>et</strong></span> <span class='ocrx_word' id='word_1_828' title='bbox 2718 3626 3261 3702; x_wconf 28' lang='lat' dir='ltr'><strong>acceptam‘continere</strong></span> <span class='ocrx_word' id='word_1_829' title='bbox 3287 3642 3390 3702; x_wconf 80' lang='lat' dir='ltr'><strong>non</strong></span> 
     </span>
    </p>
   </div>
   <div class='ocr_carea' id='block_1_107' title="bbox 1798 3695 3388 3775">
    <p class='ocr_par' dir='ltr' id='par_1_107' title="bbox 1798 3695 3388 3775">
     <span class='ocr_line' id='line_1_108' title="bbox 1798 3695 3388 3775; baseline -0.006 -18"><span class='ocrx_word' id='word_1_830' title='bbox 1798 3705 1979 3775; x_wconf 84' lang='lat' dir='ltr'><strong>possit.</strong></span> <span class='ocrx_word' id='word_1_831' title='bbox 2015 3695 2197 3775; x_wconf 58' lang='lat' dir='ltr'><strong>Sic&#39;_et</strong></span> <span class='ocrx_word' id='word_1_832' title='bbox 2224 3699 2432 3775; x_wconf 68' lang='lat' dir='ltr'><strong>Idolum</strong></span> <span class='ocrx_word' id='word_1_833' title='bbox 2459 3741 2474 3763; x_wconf 90' lang='lat'><strong>,</strong></span> <span class='ocrx_word' id='word_1_834' title='bbox 2517 3713 2608 3751; x_wconf 88' lang='lat' dir='ltr'><strong>nec</strong></span> <span class='ocrx_word' id='word_1_835' title='bbox 2645 3698 2707 3775; x_wconf 74' lang='lat' dir='ltr'><strong>de</strong></span> <span class='ocrx_word' id='word_1_836' title='bbox 2735 3713 2788 3775; x_wconf 76' lang='lat' dir='ltr'><strong>se</strong></span> <span class='ocrx_word' id='word_1_837' title='bbox 2815 3695 3140 3775; x_wconf 73' lang='lat' dir='ltr'><strong>est_aliquid,</strong></span> <span class='ocrx_word' id='word_1_838' title='bbox 3171 3705 3248 3775; x_wconf 46' lang='lat' dir='ltr'><strong>et“</strong></span> <span class='ocrx_word' id='word_1_839' title='bbox 3263 3695 3388 3775; x_wconf 75' lang='lat' dir='ltr'><strong>dum</strong></span> 
     </span>
    </p>
   </div>
   <div class='ocr_carea' id='block_1_108' title="bbox 1796 3765 3386 3838">
    <p class='ocr_par' dir='ltr' id='par_1_108' title="bbox 1796 3765 3386 3838">
     <span class='ocr_line' id='line_1_109' title="bbox 1796 3765 3386 3838; baseline -0.006 -9"><span class='ocrx_word' id='word_1_840' title='bbox 1796 3765 2000 3838; x_wconf 71' lang='lat' dir='ltr'><strong>colitur,</strong></span> <span class='ocrx_word' id='word_1_841' title='bbox 2035 3773 2165 3826; x_wconf 82' lang='lat' dir='ltr'><strong>nihil</strong></span> <span class='ocrx_word' id='word_1_842' title='bbox 2187 3782 2278 3826; x_wconf 87' lang='lat' dir='ltr'><strong>est.</strong></span> <span class='ocrx_word' id='word_1_843' title='bbox 2321 3768 2435 3823; x_wconf 86' lang='lat' dir='ltr'><strong>Hoc</strong></span> <span class='ocrx_word' id='word_1_844' title='bbox 2459 3779 2536 3824; x_wconf 86' lang='lat' dir='ltr'><strong>est</strong></span> <span class='ocrx_word' id='word_1_845' title='bbox 2565 3767 2699 3832; x_wconf 89' lang='lat' dir='ltr'><strong>quod</strong></span> <span class='ocrx_word' id='word_1_846' title='bbox 2725 3767 2855 3820; x_wconf 79' lang='lat' dir='ltr'><strong>dixit</strong></span> <span class='ocrx_word' id='word_1_847' title='bbox 2882 3765 3044 3831; x_wconf 88' lang='lat' dir='ltr'><strong>Deus,</strong></span> <span class='ocrx_word' id='word_1_848' title='bbox 3075 3777 3178 3821; x_wconf 90' lang='lat' dir='ltr'><strong>etc.</strong></span> <span class='ocrx_word' id='word_1_849' title='bbox 3207 3765 3386 3838; x_wconf 79' lang='lat' dir='ltr'><strong>Optati</strong></span> 
     </span>
    </p>
   </div>
   <div class='ocr_carea' id='block_1_109' title="bbox 1798 3837 3390 3914">
    <p class='ocr_par' dir='ltr' id='par_1_109' title="bbox 1798 3837 3390 3914">
     <span class='ocr_line' id='line_1_110' title="bbox 1798 3837 3390 3914; baseline -0.006 -13"><span class='ocrx_word' id='word_1_850' title='bbox 1798 3861 1996 3914; x_wconf 84' lang='lat' dir='ltr'><strong>secpus</strong></span> <span class='ocrx_word' id='word_1_851' title='bbox 2023 3843 2109 3898; x_wconf 92' lang='lat' dir='ltr'><strong>hic</strong></span> <span class='ocrx_word' id='word_1_852' title='bbox 2139 3853 2251 3907; x_wconf 90' lang='lat' dir='ltr'><strong>est,</strong></span> <span class='ocrx_word' id='word_1_853' title='bbox 2291 3850 2346 3914; x_wconf 84' lang='lat' dir='ltr'><strong>ut</strong></span> <span class='ocrx_word' id='word_1_854' title='bbox 2373 3841 2534 3914; x_wconf 82' lang='lat' dir='ltr'><strong>verba</strong></span> <span class='ocrx_word' id='word_1_855' title='bbox 2566 3839 2849 3914; x_wconf 67' lang='lat' dir='ltr'><strong>Prophetas</strong></span> <span class='ocrx_word' id='word_1_856' title='bbox 2878 3839 2956 3914; x_wconf 78' lang='lat' dir='ltr'><strong>de</strong></span> <span class='ocrx_word' id='word_1_857' title='bbox 2973 3840 3196 3893; x_wconf 84' lang='lat' dir='ltr'><strong>lacubus</strong></span> <span class='ocrx_word' id='word_1_858' title='bbox 3224 3837 3390 3914; x_wconf 86' lang='lat' dir='ltr'><strong>_eﬁ‘os-</strong></span> 
     </span>
    </p>
   </div>
   <div class='ocr_carea' id='block_1_110' title="bbox 1798 3908 3382 3980">
    <p class='ocr_par' dir='ltr' id='par_1_110' title="bbox 1798 3908 3382 3980">
     <span class='ocr_line' id='line_1_111' title="bbox 1798 3908 3382 3980; baseline -0.006 -9"><span class='ocrx_word' id='word_1_859' title='bbox 1798 3918 1874 3973; x_wconf 89' lang='lat' dir='ltr'><strong>sis</strong></span> <span class='ocrx_word' id='word_1_860' title='bbox 1899 3908 1955 3972; x_wconf 77' lang='lat' dir='ltr'><strong>et</strong></span> <span class='ocrx_word' id='word_1_861' title='bbox 1981 3915 2192 3970; x_wconf 87' lang='lat' dir='ltr'><strong>detritis</strong></span> <span class='ocrx_word' id='word_1_862' title='bbox 2216 3956 2232 3980; x_wconf 95' lang='lat'><strong>,</strong></span> <span class='ocrx_word' id='word_1_863' title='bbox 2279 3913 2345 3967; x_wconf 90' lang='lat' dir='ltr'><strong>de</strong></span> <span class='ocrx_word' id='word_1_864' title='bbox 2390 3912 2548 3966; x_wconf 91' lang='lat' dir='ltr'><strong>ldolis</strong></span> <span class='ocrx_word' id='word_1_865' title='bbox 2592 3910 2990 3978; x_wconf 87' lang='lat' dir='ltr'><strong>interpretanda</strong></span> <span class='ocrx_word' id='word_1_866' title='bbox 3026 3923 3148 3965; x_wconf 91' lang='lat' dir='ltr'><strong>esse</strong></span> <span class='ocrx_word' id='word_1_867' title='bbox 3186 3908 3382 3963; x_wconf 87' lang='lat' dir='ltr'><strong>vincat.</strong></span> 
     </span>
    </p>
   </div>
   <div class='ocr_carea' id='block_1_111' title="bbox 1803 3980 3390 4054">
    <p class='ocr_par' dir='ltr' id='par_1_111' title="bbox 1803 3980 3390 4054">
     <span class='ocr_line' id='line_1_112' title="bbox 1803 3980 3390 4054; baseline -0.005 -12"><span class='ocrx_word' id='word_1_868' title='bbox 1803 3988 1915 4042; x_wconf 83' lang='lat' dir='ltr'><strong>Hoc</strong></span> <span class='ocrx_word' id='word_1_869' title='bbox 1961 3997 2018 4041; x_wconf 90' lang='lat' dir='ltr'><strong>ut</strong></span> <span class='ocrx_word' id='word_1_870' title='bbox 2056 3995 2411 4054; x_wconf 84' lang='lat' dir='ltr'><strong>assequatur,</strong></span> <span class='ocrx_word' id='word_1_871' title='bbox 2465 3981 2670 4054; x_wconf 73' lang='lat' dir='ltr'><strong>singula</strong></span> <span class='ocrx_word' id='word_1_872' title='bbox 2713 3981 2991 4054; x_wconf 67' lang='lat' dir='ltr'><strong>prophetae</strong></span> <span class='ocrx_word' id='word_1_873' title='bbox 3035 3980 3195 4054; x_wconf 80' lang='lat' dir='ltr'><strong>verba</strong></span> <span class='ocrx_word' id='word_1_874' title='bbox 3238 3994 3390 4034; x_wconf 89' lang='lat' dir='ltr'><strong>more</strong></span> 
     </span>
    </p>
   </div>
   <div class='ocr_carea' id='block_1_112' title="bbox 1800 4052 3390 4128">
    <p class='ocr_par' dir='ltr' id='par_1_112' title="bbox 1800 4052 3390 4128">
     <span class='ocr_line' id='line_1_113' title="bbox 1800 4052 3390 4128; baseline -0.006 -14"><span class='ocrx_word' id='word_1_875' title='bbox 1800 4075 1899 4114; x_wconf 92' lang='lat' dir='ltr'><strong>suo</strong></span> <span class='ocrx_word' id='word_1_876' title='bbox 1932 4052 2585 4128; x_wconf 57' lang='lat' dir='ltr'><strong>perrurritetexpendit.</strong></span> <span class='ocrx_word' id='word_1_877' title='bbox 2608 4052 2839 4128; x_wconf 83' lang='lat' dir='ltr'><strong>Ostenso</strong></span> <span class='ocrx_word' id='word_1_878' title='bbox 2861 4052 3036 4128; x_wconf 74' lang='lat' dir='ltr'><strong>igitur</strong></span> <span class='ocrx_word' id='word_1_879' title='bbox 3067 4052 3229 4106; x_wconf 89' lang='lat' dir='ltr'><strong>Deum</strong></span> <span class='ocrx_word' id='word_1_880' title='bbox 3267 4065 3390 4128; x_wconf 80' lang='lat' dir='ltr'><strong>esse</strong></span> 
     </span>
    </p>
   </div>
   <div class='ocr_carea' id='block_1_113' title="bbox 1800 4122 3391 4196">
    <p class='ocr_par' dir='ltr' id='par_1_113' title="bbox 1800 4122 3391 4196">
     <span class='ocr_line' id='line_1_114' title="bbox 1800 4122 3391 4196; baseline -0.005 -12"><span class='ocrx_word' id='word_1_881' title='bbox 1800 4122 1989 4195; x_wconf 71' lang='lat' dir='ltr'><strong>aquam</strong></span> <span class='ocrx_word' id='word_1_882' title='bbox 2017 4131 2180 4184; x_wconf 82' lang='lat' dir='ltr'><strong>vivam</strong></span> <span class='ocrx_word' id='word_1_883' title='bbox 2207 4169 2221 4192; x_wconf 94' lang='lat'><strong>,</strong></span> <span class='ocrx_word' id='word_1_884' title='bbox 2264 4126 2333 4183; x_wconf 90' lang='lat' dir='ltr'><strong>de</strong></span> <span class='ocrx_word' id='word_1_885' title='bbox 2371 4122 2474 4196; x_wconf 84' lang='lat' dir='ltr'><strong>qua</strong></span> <span class='ocrx_word' id='word_1_886' title='bbox 2527 4124 2823 4196; x_wconf 77' lang='lat' dir='ltr'><strong>Hieremias</strong></span> <span class='ocrx_word' id='word_1_887' title='bbox 2848 4122 2963 4196; x_wconf 87' lang='lat' dir='ltr'><strong>hoc</strong></span> <span class='ocrx_word' id='word_1_888' title='bbox 2995 4122 3168 4196; x_wconf 81' lang='lat' dir='ltr'><strong>loco;</strong></span> <span class='ocrx_word' id='word_1_889' title='bbox 3218 4122 3391 4196; x_wconf 82' lang='lat' dir='ltr'><strong>pergit</strong></span> 
     </span>
    </p>
   </div>
   <div class='ocr_carea' id='block_1_114' title="bbox 1801 4193 3386 4272">
    <p class='ocr_par' dir='ltr' id='par_1_114' title="bbox 1801 4193 3386 4272">
     <span class='ocr_line' id='line_1_115' title="bbox 1801 4193 3386 4272; baseline -0.009 -14"><span class='ocrx_word' id='word_1_890' title='bbox 1801 4193 1964 4272; x_wconf 77' lang='lat' dir='ltr'><strong>perro</strong></span> <span class='ocrx_word' id='word_1_891' title='bbox 2009 4210 2064 4256; x_wconf 89' lang='lat' dir='ltr'><strong>ct</strong></span> <span class='ocrx_word' id='word_1_892' title='bbox 2108 4199 2344 4272; x_wconf 88' lang='lat' dir='ltr'><strong>disputat</strong></span> <span class='ocrx_word' id='word_1_893' title='bbox 2388 4193 2492 4272; x_wconf 75' lang='lat' dir='ltr'><strong>qua</strong></span> <span class='ocrx_word' id='word_1_894' title='bbox 2532 4197 2743 4272; x_wconf 77' lang='lat' dir='ltr'><strong>ratione</strong></span> <span class='ocrx_word' id='word_1_895' title='bbox 2786 4193 2942 4272; x_wconf 69' lang='lat' dir='ltr'><strong>Idola</strong></span> <span class='ocrx_word' id='word_1_896' title='bbox 2985 4194 3126 4272; x_wconf 66' lang='lat' dir='ltr'><strong>lacus</strong></span> <span class='ocrx_word' id='word_1_897' title='bbox 3171 4194 3386 4272; x_wconf 70' lang='lat' dir='ltr'><strong>primo,</strong></span> 
     </span>
    </p>
   </div>
   <div class='ocr_carea' id='block_1_115' title="bbox 1802 4263 3389 4338">
    <p class='ocr_par' dir='ltr' id='par_1_115' title="bbox 1802 4263 3389 4338">
     <span class='ocr_line' id='line_1_116' title="bbox 1802 4263 3389 4338; baseline -0.007 -10"><span class='ocrx_word' id='word_1_898' title='bbox 1802 4263 1997 4328; x_wconf 83' lang='lat' dir='ltr'><strong>deinde</strong></span> <span class='ocrx_word' id='word_1_899' title='bbox 2021 4313 2038 4338; x_wconf 89' lang='lat'><strong>,</strong></span> <span class='ocrx_word' id='word_1_900' title='bbox 2067 4263 2240 4325; x_wconf 79' lang='lat' dir='ltr'><strong>detriti</strong></span> <span class='ocrx_word' id='word_1_901' title='bbox 2266 4286 2326 4322; x_wconf 89' lang='lat' dir='ltr'><strong>ac</strong></span> <span class='ocrx_word' id='word_1_902' title='bbox 2365 4263 2556 4336; x_wconf 66' lang='lat' dir='ltr'><strong>defossi</strong></span> <span class='ocrx_word' id='word_1_903' title='bbox 2597 4267 2737 4320; x_wconf 87' lang='lat' dir='ltr'><strong>lacus</strong></span> <span class='ocrx_word' id='word_1_904' title='bbox 2766 4266 2869 4320; x_wconf 90' lang='lat' dir='ltr'><strong>dici</strong></span> <span class='ocrx_word' id='word_1_905' title='bbox 2906 4266 3145 4338; x_wconf 53' lang='lat' dir='ltr'><strong>possint.</strong></span> <span class='ocrx_word' id='word_1_906' title='bbox 3162 4264 3241 4318; x_wconf 86' lang='lat' dir='ltr'><strong>Ad</strong></span> <span class='ocrx_word' id='word_1_907' title='bbox 3276 4263 3389 4333; x_wconf 89' lang='lat' dir='ltr'><strong>pri-</strong></span> 
     </span>
    </p>
   </div>
   <div class='ocr_carea' id='block_1_116' title="bbox 1803 4335 3392 4414">
    <p class='ocr_par' dir='ltr' id='par_1_116' title="bbox 1803 4335 3392 4414">
     <span class='ocr_line' id='line_1_117' title="bbox 1803 4335 3392 4414; baseline -0.008 -14"><span class='ocrx_word' id='word_1_908' title='bbox 1803 4361 1950 4400; x_wconf 89' lang='lat' dir='ltr'><strong>mum</strong></span> <span class='ocrx_word' id='word_1_909' title='bbox 1977 4335 2120 4414; x_wconf 85' lang='lat' dir='ltr'><strong>quod</strong></span> <span class='ocrx_word' id='word_1_910' title='bbox 2149 4343 2357 4414; x_wconf 86' lang='lat' dir='ltr'><strong>attinet,</strong></span> <span class='ocrx_word' id='word_1_911' title='bbox 2393 4339 2566 4414; x_wconf 68' lang='lat' dir='ltr'><strong>idola,</strong></span> <span class='ocrx_word' id='word_1_912' title='bbox 2590 4338 2763 4414; x_wconf 85' lang='lat' dir='ltr'><strong>inquit</strong></span> <span class='ocrx_word' id='word_1_913' title='bbox 2793 4338 2904 4402; x_wconf 80' lang='lat' dir='ltr'><strong>ille,</strong></span> <span class='ocrx_word' id='word_1_914' title='bbox 2923 4337 3084 4414; x_wconf 79' lang='lat' dir='ltr'><strong>sinon</strong></span> <span class='ocrx_word' id='word_1_915' title='bbox 3111 4335 3257 4404; x_wconf 81' lang='lat' dir='ltr'><strong>ﬁant,</strong></span> <span class='ocrx_word' id='word_1_916' title='bbox 3288 4351 3392 4388; x_wconf 90' lang='lat' dir='ltr'><strong>non</strong></span> 
     </span>
    </p>
   </div>
   <div class='ocr_carea' id='block_1_117' title="bbox 1801 4406 3395 4482">
    <p class='ocr_par' dir='ltr' id='par_1_117' title="bbox 1801 4406 3395 4482">
     <span class='ocr_line' id='line_1_118' title="bbox 1801 4406 3395 4482; baseline -0.008 -12"><span class='ocrx_word' id='word_1_917' title='bbox 1801 4426 1954 4479; x_wconf 87' lang='lat' dir='ltr'><strong>sunt;</strong></span> <span class='ocrx_word' id='word_1_918' title='bbox 1977 4406 2024 4469; x_wconf 79' lang='grc' dir='ltr'>εἰ</span> <span class='ocrx_word' id='word_1_919' title='bbox 2049 4417 2192 4468; x_wconf 87' lang='lat' dir='ltr'><strong>lacus</strong></span> <span class='ocrx_word' id='word_1_920' title='bbox 2213 4413 2310 4465; x_wconf 85' lang='lat' dir='ltr'><strong>nisi</strong></span> <span class='ocrx_word' id='word_1_921' title='bbox 2334 4410 2585 4482; x_wconf 80' lang='lat' dir='ltr'><strong>fodiatur,</strong></span> <span class='ocrx_word' id='word_1_922' title='bbox 2601 4410 2743 4482; x_wconf 82' lang='lat' dir='ltr'><strong>sinus</strong></span> <span class='ocrx_word' id='word_1_923' title='bbox 2755 4424 2964 4482; x_wconf 81' lang='lat' dir='ltr'><strong>capaces</strong></span> <span class='ocrx_word' id='word_1_924' title='bbox 2977 4406 3160 4460; x_wconf 89' lang='lat' dir='ltr'><strong>habere</strong></span> <span class='ocrx_word' id='word_1_925' title='bbox 3179 4422 3280 4459; x_wconf 89' lang='lat' dir='ltr'><strong>non</strong></span> <span class='ocrx_word' id='word_1_926' title='bbox 3301 4422 3367 4476; x_wconf 92' lang='lat' dir='ltr'><strong>po</strong></span> <span class='ocrx_word' id='word_1_927' title='bbox 3380 4434 3395 4448; x_wconf 88' lang='lat'><strong>-</strong></span> 
     </span>
    </p>
   </div>
   <div class='ocr_carea' id='block_1_118' title="bbox 1805 4480 3393 4548">
    <p class='ocr_par' dir='ltr' id='par_1_118' title="bbox 1805 4480 3393 4548">
     <span class='ocr_line' id='line_1_119' title="bbox 1805 4480 3393 4548; baseline -0.006 -8"><span class='ocrx_word' id='word_1_928' title='bbox 1805 4497 1917 4542; x_wconf 88' lang='lat' dir='ltr'><strong>test.</strong></span> <span class='ocrx_word' id='word_1_929' title='bbox 1940 4485 2106 4540; x_wconf 86' lang='lat' dir='ltr'><strong>Lacus</strong></span> <span class='ocrx_word' id='word_1_930' title='bbox 2124 4484 2232 4538; x_wconf 88' lang='lat' dir='ltr'><strong>sine</strong></span> <span class='ocrx_word' id='word_1_931' title='bbox 2253 4480 2361 4535; x_wconf 81' lang='lat' dir='ltr'><strong>arte</strong></span> <span class='ocrx_word' id='word_1_932' title='bbox 2380 4492 2426 4535; x_wconf 88' lang='lat' dir='ltr'><strong>et</strong></span> <span class='ocrx_word' id='word_1_933' title='bbox 2440 4481 2760 4548; x_wconf 82' lang='lat' dir='ltr'><strong>ferramentis</strong></span> <span class='ocrx_word' id='word_1_934' title='bbox 2785 4480 2954 4532; x_wconf 84' lang='lat' dir='ltr'><strong>cavari</strong></span> <span class='ocrx_word' id='word_1_935' title='bbox 2977 4494 3077 4530; x_wconf 89' lang='lat' dir='ltr'><strong>non</strong></span> <span class='ocrx_word' id='word_1_936' title='bbox 3099 4485 3280 4546; x_wconf 85' lang='lat' dir='ltr'><strong>potest,</strong></span> <span class='ocrx_word' id='word_1_937' title='bbox 3299 4493 3393 4530; x_wconf 89' lang='lat' dir='ltr'><strong>nec</strong></span> 
     </span>
    </p>
   </div>
   <div class='ocr_carea' id='block_1_119' title="bbox 1803 4547 3396 4622">
    <p class='ocr_par' dir='ltr' id='par_1_119' title="bbox 1803 4547 3396 4622">
     <span class='ocr_line' id='line_1_120' title="bbox 1803 4547 3396 4622; baseline -0.006 -10"><span class='ocrx_word' id='word_1_938' title='bbox 1803 4559 2000 4612; x_wconf 81' lang='lat' dir='ltr'><strong>idolum</strong></span> <span class='ocrx_word' id='word_1_939' title='bbox 2041 4556 2150 4609; x_wconf 87' lang='lat' dir='ltr'><strong>sine</strong></span> <span class='ocrx_word' id='word_1_940' title='bbox 2181 4563 2290 4608; x_wconf 88' lang='lat' dir='ltr'><strong>arte</strong></span> <span class='ocrx_word' id='word_1_941' title='bbox 2315 4553 2428 4622; x_wconf 81' lang='lat' dir='ltr'><strong>ﬁeri</strong></span> <span class='ocrx_word' id='word_1_942' title='bbox 2460 4559 2643 4618; x_wconf 85' lang='lat' dir='ltr'><strong>potest.</strong></span> <span class='ocrx_word' id='word_1_943' title='bbox 2680 4548 2751 4622; x_wconf 81' lang='lat' dir='ltr'><strong>In</strong></span> <span class='ocrx_word' id='word_1_944' title='bbox 2771 4547 2923 4622; x_wconf 80' lang='lat' dir='ltr'><strong>idolis</strong></span> <span class='ocrx_word' id='word_1_945' title='bbox 2953 4549 3114 4602; x_wconf 81' lang='lat' dir='ltr'><strong>virtus</strong></span> <span class='ocrx_word' id='word_1_946' title='bbox 3140 4548 3396 4622; x_wconf 82' lang='lat' dir='ltr'><strong>naturalis</strong></span> 
     </span>
    </p>
   </div>
   <div class='ocr_carea' id='block_1_120' title="bbox 1805 4620 3391 4692">
    <p class='ocr_par' dir='ltr' id='par_1_120' title="bbox 1805 4620 3391 4692">
     <span class='ocr_line' id='line_1_121' title="bbox 1805 4620 3391 4692; baseline -0.006 -10"><span class='ocrx_word' id='word_1_947' title='bbox 1805 4630 1951 4682; x_wconf 87' lang='lat' dir='ltr'><strong>nulla</strong></span> <span class='ocrx_word' id='word_1_948' title='bbox 1973 4637 2074 4692; x_wconf 89' lang='lat' dir='ltr'><strong>est,</strong></span> <span class='ocrx_word' id='word_1_949' title='bbox 2096 4627 2184 4679; x_wconf 87' lang='lat' dir='ltr'><strong>sed</strong></span> <span class='ocrx_word' id='word_1_950' title='bbox 2205 4620 2470 4679; x_wconf 84' lang='lat' dir='ltr'><strong>hominum</strong></span> <span class='ocrx_word' id='word_1_951' title='bbox 2493 4637 2663 4675; x_wconf 85' lang='lat' dir='ltr'><strong>errore</strong></span> <span class='ocrx_word' id='word_1_952' title='bbox 2684 4620 2984 4692; x_wconf 84' lang='lat' dir='ltr'><strong>adjungitur</strong></span> <span class='ocrx_word' id='word_1_953' title='bbox 3005 4629 3049 4674; x_wconf 89' lang='lat' dir='ltr'><strong>et</strong></span> <span class='ocrx_word' id='word_1_954' title='bbox 3079 4620 3391 4690; x_wconf 86' lang='lat' dir='ltr'><strong>applicatur.</strong></span> 
     </span>
    </p>
   </div>
   <div class='ocr_carea' id='block_1_121' title="bbox 1811 4689 3390 4761">
    <p class='ocr_par' dir='ltr' id='par_1_121' title="bbox 1811 4689 3390 4761">
     <span class='ocr_line' id='line_1_122' title="bbox 1811 4689 3390 4761; baseline -0.006 -8"><span class='ocrx_word' id='word_1_955' title='bbox 1811 4689 2126 4754; x_wconf 50' lang='lat' dir='ltr'><strong>{Estimatur</strong></span> <span class='ocrx_word' id='word_1_956' title='bbox 2170 4698 2221 4751; x_wconf 90' lang='lat' dir='ltr'><strong>in</strong></span> <span class='ocrx_word' id='word_1_957' title='bbox 2251 4697 2340 4749; x_wconf 86' lang='lat' dir='ltr'><strong>illo</strong></span> <span class='ocrx_word' id='word_1_958' title='bbox 2360 4700 2516 4747; x_wconf 81' lang='lat' dir='ltr'><strong>virtus</strong></span> <span class='ocrx_word' id='word_1_959' title='bbox 2560 4708 2724 4761; x_wconf 73' lang='lat' dir='ltr'><strong>aquae,</strong></span> <span class='ocrx_word' id='word_1_960' title='bbox 2749 4689 2862 4760; x_wconf 65' lang='lat' dir='ltr'><strong>qua:</strong></span> <span class='ocrx_word' id='word_1_961' title='bbox 2889 4689 2995 4743; x_wconf 88' lang='lat' dir='ltr'><strong>illic</strong></span> <span class='ocrx_word' id='word_1_962' title='bbox 3022 4689 3264 4761; x_wconf 79' lang='lat' dir='ltr'><strong>natanon</strong></span> <span class='ocrx_word' id='word_1_963' title='bbox 3296 4700 3390 4743; x_wconf 84' lang='lat' dir='ltr'><strong>est.</strong></span> 
     </span>
    </p>
   </div>
   <div class='ocr_carea' id='block_1_122' title="bbox 1736 4760 3392 4836">
    <p class='ocr_par' dir='ltr' id='par_1_122' title="bbox 1736 4760 3392 4836">
     <span class='ocr_line' id='line_1_123' title="bbox 1736 4760 3392 4836; baseline -0.007 -13"><span class='ocrx_word' id='word_1_964' title='bbox 1736 4763 1786 4823; x_wconf 83' lang='grc' dir='ltr'>υ</span> <span class='ocrx_word' id='word_1_965' title='bbox 1829 4768 2436 4836; x_wconf 82' lang='lat' dir='ltr'><strong>liactenuscomparatio</strong></span> <span class='ocrx_word' id='word_1_966' title='bbox 2455 4764 2579 4817; x_wconf 86' lang='lat' dir='ltr'><strong>ldoli</strong></span> <span class='ocrx_word' id='word_1_967' title='bbox 2606 4760 2658 4817; x_wconf 90' lang='lat' dir='ltr'><strong>et</strong></span> <span class='ocrx_word' id='word_1_968' title='bbox 2684 4761 3136 4836; x_wconf 86' lang='lat' dir='ltr'><strong>lacus,_absolu_te.</strong></span> <span class='ocrx_word' id='word_1_969' title='bbox 3157 4760 3392 4836; x_wconf 80' lang='lat' dir='ltr'><strong>Compa-</strong></span> 
     </span>
    </p>
   </div>
   <div class='ocr_carea' id='block_1_123' title="bbox 1808 4831 3395 4910">
    <p class='ocr_par' dir='ltr' id='par_1_123' title="bbox 1808 4831 3395 4910">
     <span class='ocr_line' id='line_1_124' title="bbox 1808 4831 3395 4910; baseline -0.007 -14"><span class='ocrx_word' id='word_1_970' title='bbox 1808 4843 2010 4910; x_wconf 87' lang='lat' dir='ltr'><strong>ratjam</strong></span> <span class='ocrx_word' id='word_1_971' title='bbox 2035 4831 2245 4894; x_wconf 49' lang='lat' dir='ltr'><strong>ldolnm&#39;</strong></span> <span class='ocrx_word' id='word_1_972' title='bbox 2263 4853 2381 4910; x_wconf 78' lang='lat' dir='ltr'><strong>cum</strong></span> <span class='ocrx_word' id='word_1_973' title='bbox 2406 4838 2519 4890; x_wconf 84' lang='lat' dir='ltr'><strong>lacu</strong></span> <span class='ocrx_word' id='word_1_974' title='bbox 2543 4836 2725 4910; x_wconf 79' lang='lat' dir='ltr'><strong>detrito</strong></span> <span class='ocrx_word' id='word_1_975' title='bbox 2749 4850 2808 4886; x_wconf 89' lang='lat' dir='ltr'><strong>ac</strong></span> <span class='ocrx_word' id='word_1_976' title='bbox 2831 4832 3035 4910; x_wconf 80' lang='lat' dir='ltr'><strong>defosso</strong></span> <span class='ocrx_word' id='word_1_977' title='bbox 3058 4831 3305 4910; x_wconf 81' lang='lat' dir='ltr'><strong>(sumptis</strong></span> <span class='ocrx_word' id='word_1_978' title='bbox 3327 4847 3395 4886; x_wconf 80' lang='lat' dir='ltr'><strong>ex</strong></span> 
     </span>
    </p>
   </div>
   <div class='ocr_carea' id='block_1_124' title="bbox 1811 4900 3395 4981">
    <p class='ocr_par' dir='ltr' id='par_1_124' title="bbox 1811 4900 3395 4981">
     <span class='ocr_line' id='line_1_125' title="bbox 1811 4900 3395 4981; baseline -0.009 -13"><span class='ocrx_word' id='word_1_979' title='bbox 1811 4900 2074 4981; x_wconf 68' lang='lat' dir='ltr'><strong>Propheta</strong></span> <span class='ocrx_word' id='word_1_980' title='bbox 2092 4909 2296 4979; x_wconf 86' lang='lat' dir='ltr'><strong>verbis)</strong></span> <span class='ocrx_word' id='word_1_981' title='bbox 2309 4910 2394 4973; x_wconf 84' lang='lat' dir='ltr'><strong>qui</strong></span> <span class='ocrx_word' id='word_1_982' title='bbox 2408 4924 2506 4960; x_wconf 90' lang='lat' dir='ltr'><strong>non</strong></span> <span class='ocrx_word' id='word_1_983' title='bbox 2521 4906 2678 4981; x_wconf 86' lang='lat' dir='ltr'><strong>possit</strong></span> <span class='ocrx_word' id='word_1_984' title='bbox 2700 4921 2884 4981; x_wconf 80' lang='lat' dir='ltr'><strong>aquam</strong></span> <span class='ocrx_word' id='word_1_985' title='bbox 2898 4900 3178 4981; x_wconf 57' lang='lat' dir='ltr'><strong>continere.</strong></span> <span class='ocrx_word' id='word_1_986' title='bbox 3194 4900 3395 4981; x_wconf 46' lang='lat' dir='ltr'><strong>pagus,</strong></span> 
     </span>
    </p>
   </div>
   <div class='ocr_carea' id='block_1_125' title="bbox 1809 4972 3394 5054">
    <p class='ocr_par' dir='ltr' id='par_1_125' title="bbox 1809 4972 3394 5054">
     <span class='ocr_line' id='line_1_126' title="bbox 1809 4972 3394 5054; baseline -0.008 -15"><span class='ocrx_word' id='word_1_987' title='bbox 1809 4972 2000 5054; x_wconf 79' lang='lat' dir='ltr'><strong>inquit,</strong></span> <span class='ocrx_word' id='word_1_988' title='bbox 2031 4992 2104 5036; x_wconf 88' lang='lat' dir='ltr'><strong>est</strong></span> <span class='ocrx_word' id='word_1_989' title='bbox 2129 4992 2240 5035; x_wconf 89' lang='lat' dir='ltr'><strong>arte</strong></span> <span class='ocrx_word' id='word_1_990' title='bbox 2258 4972 2491 5054; x_wconf 2' lang='lat' dir='ltr'><strong>(detritus</strong></span> <span class='ocrx_word' id='word_1_991' title='bbox 2516 4972 2756 5054; x_wconf 69' lang='lat' dir='ltr'><strong>detritus</strong></span> <span class='ocrx_word' id='word_1_992' title='bbox 2782 4975 2868 5054; x_wconf 83' lang='lat' dir='ltr'><strong>hic</strong></span> <span class='ocrx_word' id='word_1_993' title='bbox 2900 4974 3038 5054; x_wconf 83' lang='lat' dir='ltr'><strong>idem</strong></span> <span class='ocrx_word' id='word_1_994' title='bbox 3066 4973 3205 5054; x_wconf 67' lang='lat' dir='ltr'><strong>quod</strong></span> <span class='ocrx_word' id='word_1_995' title='bbox 3235 4972 3394 5039; x_wconf 73' lang='grc' dir='ltr'><strong>εΙῙοεο</strong></span> 
     </span>
    </p>
   </div>
   <div class='ocr_carea' id='block_1_126' title="bbox 1806 5044 3400 5125">
    <p class='ocr_par' dir='ltr' id='par_1_126' title="bbox 1806 5044 3400 5125">
     <span class='ocr_line' id='line_1_127' title="bbox 1806 5044 3400 5125; baseline -0.008 -16"><span class='ocrx_word' id='word_1_996' title='bbox 1806 5044 1932 5125; x_wconf 70' lang='lat' dir='ltr'><strong>sus)</strong></span> <span class='ocrx_word' id='word_1_997' title='bbox 1955 5071 1968 5119; x_wconf 90' lang='lat'><strong>;</strong></span> <span class='ocrx_word' id='word_1_998' title='bbox 1990 5044 2126 5108; x_wconf 19' lang='lat' dir='ltr'><strong>vtunx</strong></span> <span class='ocrx_word' id='word_1_999' title='bbox 2148 5051 2444 5125; x_wconf 82' lang='lat' dir='ltr'><strong>conjungit,</strong></span> <span class='ocrx_word' id='word_1_1000' title='bbox 2476 5044 2711 5125; x_wconf 58' lang='lat' dir='ltr'><strong>(effossos</strong></span> <span class='ocrx_word' id='word_1_1001' title='bbox 2739 5063 2800 5099; x_wconf 90' lang='lat' dir='ltr'><strong>ac</strong></span> <span class='ocrx_word' id='word_1_1002' title='bbox 2821 5046 3030 5099; x_wconf 86' lang='lat' dir='ltr'><strong>detritos</strong></span> <span class='ocrx_word' id='word_1_1003' title='bbox 3056 5044 3150 5125; x_wconf 71' lang='lat' dir='ltr'><strong>sibi</strong></span> <span class='ocrx_word' id='word_1_1004' title='bbox 3172 5047 3400 5125; x_wconf 67' lang='lat' dir='ltr'><strong>fecerunt</strong></span> 
     </span>
    </p>
   </div>
   <div class='ocr_carea' id='block_1_127' title="bbox 1808 5115 3403 5199">
    <p class='ocr_par' dir='ltr' id='par_1_127' title="bbox 1808 5115 3403 5199">
     <span class='ocr_line' id='line_1_128' title="bbox 1808 5115 3403 5199; baseline -0.008 -17"><span class='ocrx_word' id='word_1_1005' title='bbox 1808 5115 1972 5199; x_wconf 75' lang='lat' dir='ltr'><strong>locus)</strong></span> <span class='ocrx_word' id='word_1_1006' title='bbox 1995 5127 2140 5196; x_wconf 84' lang='lat' dir='ltr'><strong>cujus</strong></span> <span class='ocrx_word' id='word_1_1007' title='bbox 2161 5125 2206 5178; x_wconf 90' lang='lat' dir='ltr'><strong>si</strong></span> <span class='ocrx_word' id='word_1_1008' title='bbox 2227 5115 2434 5199; x_wconf 62' lang='lat' dir='ltr'><strong>fabrica</strong></span> <span class='ocrx_word' id='word_1_1009' title='bbox 2477 5115 2652 5199; x_wconf 71' lang='lat' dir='ltr'><strong>uitiata</strong></span> <span class='ocrx_word' id='word_1_1010' title='bbox 2680 5126 2962 5199; x_wconf 64' lang='lat' dir='ltr'><strong>estnqu</strong></span> <span class='ocrx_word' id='word_1_1011' title='bbox 2999 5133 3086 5199; x_wconf 78' lang='lat' dir='ltr'><strong>nec</strong></span> <span class='ocrx_word' id='word_1_1012' title='bbox 3117 5115 3317 5199; x_wconf 72' lang='lat' dir='ltr'><strong>habent,</strong></span> <span class='ocrx_word' id='word_1_1013' title='bbox 3351 5127 3403 5170; x_wconf 88' lang='lat' dir='ltr'><strong>et</strong></span> 
     </span>
    </p>
   </div>
   <div class='ocr_carea' id='block_1_128' title="bbox 1812 5186 3400 5267">
    <p class='ocr_par' dir='ltr' id='par_1_128' title="bbox 1812 5186 3400 5267">
     <span class='ocr_line' id='line_1_129' title="bbox 1812 5186 3400 5267; baseline -0.009 -15"><span class='ocrx_word' id='word_1_1014' title='bbox 1812 5186 2073 5267; x_wconf 71' lang='lat' dir='ltr'><strong>acceptam</strong></span> <span class='ocrx_word' id='word_1_1015' title='bbox 2103 5186 2360 5250; x_wconf 79' lang='lat' dir='ltr'><strong>continere</strong></span> <span class='ocrx_word' id='word_1_1016' title='bbox 2377 5193 2685 5267; x_wconf 81' lang='lat' dir='ltr'><strong>non_possit_._</strong></span> <span class='ocrx_word' id='word_1_1017' title='bbox 2706 5187 2797 5267; x_wconf 84' lang='lat' dir='ltr'><strong>_S_ic</strong></span> <span class='ocrx_word' id='word_1_1018' title='bbox 2821 5186 2865 5242; x_wconf 83' lang='lat' dir='ltr'><strong>et</strong></span> <span class='ocrx_word' id='word_1_1019' title='bbox 2897 5186 3126 5267; x_wconf 54' lang='grc' dir='ltr'><strong>Ιέιθιυρη,</strong></span> <span class='ocrx_word' id='word_1_1020' title='bbox 3147 5203 3238 5266; x_wconf 78' lang='lat' dir='ltr'><strong>nec</strong></span> <span class='ocrx_word' id='word_1_1021' title='bbox 3264 5187 3400 5266; x_wconf 71' lang='lat' dir='ltr'><strong>dese</strong></span> 
     </span>
    </p>
   </div>
   <div class='ocr_carea' id='block_1_129' title="bbox 1815 5258 3400 5340">
    <p class='ocr_par' dir='ltr' id='par_1_129' title="bbox 1815 5258 3400 5340">
     <span class='ocr_line' id='line_1_130' title="bbox 1815 5258 3400 5340; baseline -0.01 -15"><span class='ocrx_word' id='word_1_1022' title='bbox 1815 5282 1888 5325; x_wconf 90' lang='lat' dir='ltr'><strong>est</strong></span> <span class='ocrx_word' id='word_1_1023' title='bbox 1921 5258 2135 5340; x_wconf 82' lang='lat' dir='ltr'><strong>aliquid,</strong></span> <span class='ocrx_word' id='word_1_1024' title='bbox 2171 5278 2216 5340; x_wconf 83' lang='lat' dir='ltr'><strong>et</strong></span> <span class='ocrx_word' id='word_1_1025' title='bbox 2248 5267 2370 5320; x_wconf 88' lang='lat' dir='ltr'><strong>dum</strong></span> <span class='ocrx_word' id='word_1_1026' title='bbox 2396 5258 2581 5340; x_wconf 77' lang='lat' dir='ltr'><strong>colitur</strong></span> <span class='ocrx_word' id='word_1_1027' title='bbox 2608 5263 2737 5315; x_wconf 85' lang='lat' dir='ltr'><strong>nihil</strong></span> <span class='ocrx_word' id='word_1_1028' title='bbox 2768 5270 2860 5340; x_wconf 83' lang='lat' dir='ltr'><strong>est.</strong></span> <span class='ocrx_word' id='word_1_1029' title='bbox 2914 5260 3094 5340; x_wconf 78' lang='lat' dir='ltr'><strong>Possis</strong></span> <span class='ocrx_word' id='word_1_1030' title='bbox 3135 5258 3293 5310; x_wconf 88' lang='lat' dir='ltr'><strong>etiam</strong></span> <span class='ocrx_word' id='word_1_1031' title='bbox 3319 5258 3400 5340; x_wconf 75' lang='lat' dir='ltr'><strong>ita</strong></span> 
     </span>
    </p>
   </div>
   <div class='ocr_carea' id='block_1_130' title="bbox 1819 5326 3394 5412">
    <p class='ocr_par' dir='ltr' id='par_1_130' title="bbox 1819 5326 3394 5412">
     <span class='ocr_line' id='line_1_131' title="bbox 1819 5326 3394 5412; baseline -0.011 -16"><span class='ocrx_word' id='word_1_1032' title='bbox 1819 5326 2030 5412; x_wconf 58' lang='lat' dir='ltr'><strong>legere&#39;,</strong></span> <span class='ocrx_word' id='word_1_1033' title='bbox 2074 5326 2369 5412; x_wconf 84' lang='lat' dir='ltr'><strong>quodcum</strong></span> <span class='ocrx_word' id='word_1_1034' title='bbox 2414 5331 3079 5412; x_wconf 42' lang='lat' dir='ltr'><strong>anodéartmulto&#39;melius</strong></span> <span class='ocrx_word' id='word_1_1035' title='bbox 3112 5326 3394 5394; x_wconf 85' lang='lat' dir='ltr'><strong>congruit:</strong></span> 
     </span>
    </p>
   </div>
   <div class='ocr_carea' id='block_1_131' title="bbox 1823 5401 3402 5474">
    <p class='ocr_par' dir='ltr' id='par_1_131' title="bbox 1823 5401 3402 5474">
     <span class='ocr_line' id='line_1_132' title="bbox 1823 5401 3402 5474; baseline -0.014 -6"><span class='ocrx_word' id='word_1_1036' title='bbox 1823 5401 1966 5468; x_wconf 49' lang='lat' dir='ltr'><strong>la‘cus</strong></span> <span class='ocrx_word' id='word_1_1037' title='bbox 1992 5401 2065 5465; x_wconf 80' lang='lat' dir='ltr'><strong>est</strong></span> <span class='ocrx_word' id='word_1_1038' title='bbox 2083 5401 2178 5464; x_wconf 74' lang='lat' dir='ltr'><strong>iste</strong></span> <span class='ocrx_word' id='word_1_1039' title='bbox 2201 5409 2418 5463; x_wconf 86' lang='lat' dir='ltr'><strong>detritus</strong></span> <span class='ocrx_word' id='word_1_1040' title='bbox 2437 5408 2587 5472; x_wconf 78' lang='lat' dir='ltr'><strong>cuius</strong></span> <span class='ocrx_word' id='word_1_1041' title='bbox 2611 5403 2805 5474; x_wconf 76' lang='lat' dir='ltr'><strong>fabrica</strong></span> <span class='ocrx_word' id='word_1_1042' title='bbox 2825 5401 2999 5453; x_wconf 85' lang='lat' dir='ltr'><strong>vitiata</strong></span> <span class='ocrx_word' id='word_1_1043' title='bbox 3023 5409 3118 5474; x_wconf 75' lang='lat' dir='ltr'><strong>est,</strong></span> <span class='ocrx_word' id='word_1_1044' title='bbox 3133 5406 3190 5458; x_wconf 80' lang='lat' dir='ltr'><strong>ut</strong></span> <span class='ocrx_word' id='word_1_1045' title='bbox 3216 5413 3402 5474; x_wconf 79' lang='lat' dir='ltr'><strong>aquam</strong></span> 
     </span>
    </p>
   </div>
   <div class='ocr_carea' id='block_1_132' title="bbox 1823 5468 3403 5552">
    <p class='ocr_par' dir='ltr' id='par_1_132' title="bbox 1823 5468 3403 5552">
     <span class='ocr_line' id='line_1_133' title="bbox 1823 5468 3403 5552; baseline -0.014 -14"><span class='ocrx_word' id='word_1_1046' title='bbox 1823 5501 1915 5538; x_wconf 88' lang='lat' dir='ltr'><strong>nec</strong></span> <span class='ocrx_word' id='word_1_1047' title='bbox 1943 5482 2126 5536; x_wconf 83' lang='lat' dir='ltr'><strong>habeat</strong></span> <span class='ocrx_word' id='word_1_1048' title='bbox 2181 5481 2297 5552; x_wconf 92' lang='lat' dir='ltr'><strong>(cui</strong></span> <span class='ocrx_word' id='word_1_1049' title='bbox 2323 5468 2642 5552; x_wconf 71' lang='lat' dir='ltr'><strong>respondet,</strong></span> <span class='ocrx_word' id='word_1_1050' title='bbox 2674 5471 2883 5526; x_wconf 87' lang='lat' dir='ltr'><strong>Idolum</strong></span> <span class='ocrx_word' id='word_1_1051' title='bbox 2910 5468 3096 5552; x_wconf 47' lang='lat' dir='ltr'><strong>nec-de</strong></span> <span class='ocrx_word' id='word_1_1052' title='bbox 3116 5483 3186 5552; x_wconf 52' lang='grc' dir='ltr'><strong>ξε.</strong></span> <span class='ocrx_word' id='word_1_1053' title='bbox 3201 5476 3276 5552; x_wconf 82' lang='lat' dir='ltr'><strong>est</strong></span> <span class='ocrx_word' id='word_1_1054' title='bbox 3294 5470 3403 5552; x_wconf 26' lang='lat' dir='ltr'><strong>alii-</strong></span> 
     </span>
    </p>
   </div>
   <div class='ocr_carea' id='block_1_133' title="bbox 1822 5536 3401 5625">
    <p class='ocr_par' dir='ltr' id='par_1_133' title="bbox 1822 5536 3401 5625">
     <span class='ocr_line' id='line_1_134' title="bbox 1822 5536 3401 5625; baseline -0.022 -15"><span class='ocrx_word' id='word_1_1055' title='bbox 1822 5536 1990 5625; x_wconf 72' lang='lat' dir='ltr'><strong>quid),</strong></span> <span class='ocrx_word' id='word_1_1056' title='bbox 2020 5565 2065 5608; x_wconf 89' lang='lat' dir='ltr'><strong>et</strong></span> <span class='ocrx_word' id='word_1_1057' title='bbox 2092 5536 2349 5625; x_wconf 56' lang='lat' dir='ltr'><strong>accirptum</strong></span> <span class='ocrx_word' id='word_1_1058' title='bbox 2378 5536 2637 5625; x_wconf 75' lang='lat' dir='ltr'><strong>continere</strong></span> <span class='ocrx_word' id='word_1_1059' title='bbox 2657 5559 2757 5625; x_wconf 71' lang='lat' dir='ltr'><strong>non</strong></span> <span class='ocrx_word' id='word_1_1060' title='bbox 2783 5541 2974 5625; x_wconf 78' lang='lat' dir='ltr'><strong>possit:</strong></span> <span class='ocrx_word' id='word_1_1061' title='bbox 2999 5539 3064 5593; x_wconf 90' lang='lat' dir='ltr'><strong>de</strong></span> <span class='ocrx_word' id='word_1_1062' title='bbox 3077 5536 3224 5625; x_wconf 81' lang='lat' dir='ltr'><strong>ldulo</strong></span> <span class='ocrx_word' id='word_1_1063' title='bbox 3253 5538 3401 5604; x_wconf 90' lang='lat' dir='ltr'><strong>pari-</strong></span> 
     </span>
    </p>
   </div>
   <div class='ocr_carea' id='block_1_134' title="bbox 1823 5612 3405 5690">
    <p class='ocr_par' dir='ltr' id='par_1_134' title="bbox 1823 5612 3405 5690">
     <span class='ocr_line' id='line_1_135' title="bbox 1823 5612 3405 5690; baseline 0.004 -17"><span class='ocrx_word' id='word_1_1064' title='bbox 1823 5612 1925 5690; x_wconf 64' lang='lat' dir='ltr'><strong>fer,</strong></span> <span class='ocrx_word' id='word_1_1065' title='bbox 1951 5612 2006 5680; x_wconf 66' lang='grc' dir='ltr'><strong>’ἐι</strong></span> <span class='ocrx_word' id='word_1_1066' title='bbox 2045 5625 2169 5678; x_wconf 89' lang='lat' dir='ltr'><strong>dum</strong></span> <span class='ocrx_word' id='word_1_1067' title='bbox 2199 5612 2386 5675; x_wconf 72' lang='lat' dir='ltr'><strong>colitur</strong></span> <span class='ocrx_word' id='word_1_1068' title='bbox 2408 5616 2846 5690; x_wconf 85' lang='lat' dir='ltr'><strong>nihilest.Atque</strong></span> <span class='ocrx_word' id='word_1_1069' title='bbox 2886 5612 2962 5690; x_wconf 77' lang='lat' dir='ltr'><strong>ita</strong></span> <span class='ocrx_word' id='word_1_1070' title='bbox 3001 5616 3310 5690; x_wconf 47' lang='lat' dir='ltr'><strong>corrigi)???</strong></span> <span class='ocrx_word' id='word_1_1071' title='bbox 3338 5621 3405 5662; x_wconf 75' lang='grc' dir='ltr'><strong>³ο</strong></span> 
     </span>
    </p>
   </div>
   <div class='ocr_carea' id='block_1_135' title="bbox 1821 5676 3401 5753">
    <p class='ocr_par' dir='ltr' id='par_1_135' title="bbox 1821 5676 3401 5753">
     <span class='ocr_line' id='line_1_136' title="bbox 1821 5676 3401 5753; baseline -0.015 0"><span class='ocrx_word' id='word_1_1072' title='bbox 1821 5676 2170 5753; x_wconf 34' lang='lat' dir='ltr'><strong>detritum—de</strong></span> <span class='ocrx_word' id='word_1_1073' title='bbox 2191 5693 2389 5747; x_wconf 89' lang='lat' dir='ltr'><strong>detrito</strong></span> <span class='ocrx_word' id='word_1_1074' title='bbox 2406 5689 2522 5743; x_wconf 85' lang='lat' dir='ltr'><strong>lacu</strong></span> <span class='ocrx_word' id='word_1_1075' title='bbox 2548 5688 2746 5748; x_wconf 92' lang='lat' dir='ltr'><strong>locum,</strong></span> <span class='ocrx_word' id='word_1_1076' title='bbox 2761 5676 2904 5753; x_wconf 40' lang='lat' dir='ltr'><strong>‘non_</strong></span> <span class='ocrx_word' id='word_1_1077' title='bbox 2911 5681 3070 5753; x_wconf 87' lang='lat' dir='ltr'><strong>plane</strong></span> <span class='ocrx_word' id='word_1_1078' title='bbox 3094 5676 3401 5753; x_wconf 76' lang='lat' dir='ltr'><strong>infeliciter,</strong></span> 
     </span>
    </p>
   </div>
   <div class='ocr_carea' id='block_1_136' title="bbox 1821 5747 3408 5839">
    <p class='ocr_par' dir='ltr' id='par_1_136' title="bbox 1821 5747 3408 5839">
     <span class='ocr_line' id='line_1_137' title="bbox 1821 5747 3408 5839; baseline -0.015 -14"><span class='ocrx_word' id='word_1_1079' title='bbox 1821 5747 2455 5839; x_wconf 21' lang='lat' dir='ltr'><strong>spero‘,_-reparavimus.</strong></span> <span class='ocrx_word' id='word_1_1080' title='bbox 2504 5758 2575 5814; x_wconf 84' lang='lat' dir='ltr'><strong>M.</strong></span> <span class='ocrx_word' id='word_1_1081' title='bbox 2603 5747 2830 5812; x_wconf 59' lang='lat' dir='ltr'><strong>Cissus.</strong></span> <span class='ocrx_word' id='word_1_1082' title='bbox 2880 5747 2979 5806; x_wconf 80' lang='lat' dir='ltr'><strong>Hic</strong></span> <span class='ocrx_word' id='word_1_1083' title='bbox 3019 5763 3214 5819; x_wconf 85' lang='lat' dir='ltr'><strong>quoque</strong></span> <span class='ocrx_word' id='word_1_1084' title='bbox 3263 5747 3408 5802; x_wconf 67' lang='lat' dir='ltr'><strong>locns</strong></span> 
     </span>
    </p>
   </div>
   <div class='ocr_carea' id='block_1_137' title="bbox 1818 5843 2192 5896">
    <p class='ocr_par' dir='ltr' id='par_1_137' title="bbox 1818 5843 2192 5896">
     <span class='ocr_line' id='line_1_138' title="bbox 1818 5843 2192 5896; baseline -0.019 -2"><span class='ocrx_word' id='word_1_1085' title='bbox 1818 5843 2075 5896; x_wconf 83' lang='lat' dir='ltr'><strong>restitutus</strong></span> <span class='ocrx_word' id='word_1_1086' title='bbox 2102 5847 2192 5892; x_wconf 86' lang='lat' dir='ltr'><strong>est.-</strong></span> 
     </span>
    </p>
   </div>
  </div>
