3974 6324
377 271 512 332 Ιῡῶ
823 264 828 268 ”
1509 261 1753 325 SANOTI
1794 261 1928 323 OPT
1941 258 1984 322 Αἱ

2094 263 2395 323 EPISCOPI
3525 267 3648 326 i0“

371 406 428 448 et
472 391 743 447 [dolorum
787 388 1115 458 inquinatam
1145 392 1382 441 sectatus
1424 382 1598 439 fuerat
1627 381 1962 453 religionem.
1997 387 2046 444 Α
2073 383 2362 452 rolligeres
2384 425 2398 449 ,
2431 387 2483 436 ct
2520 379 2632 452 (70)
2670 379 2974 436 everricqu
3009 390 3030 413 ο
3060 379 3291 451 quodam
3324 379 3536 435 malitia:
3570 398 3648 436 ar-

377 484 491 540 lloc
517 492 622 548 est,
645 481 787 552 quod
819 479 966 534 dolet
995 477 1132 532 Deus
1165 494 1177 530 :
1208 477 1310 532 hoc
1336 485 1418 532 est
1443 473 1586 546 quod
1616 472 1748 528 dicit
1772 471 1971 528 emtum
2075 484 2453 545 gttnientomm
2499 475 2704 529 intexto
2729 517 2744 540 ,
2792 477 2858 528 ad
2887 483 2937 528 te
2973 475 3151 528 omnia
3196 489 3318 545 quae
3364 482 3488 528 sunt
3524 475 3650 533 bona

376 575 743 635 exborruisse.
801 573 935 628 Nam
977 582 1030 627 ct
1071 585 1169 642 per
1209 570 1423 626 Esaiam
1470 567 1787 639 prophetam
1831 565 1973 620 idem

377 671 471 726 Dei
502 669 655 725 dolor
701 675 823 733 est,
853 665 980 720 dum
1028 665 1082 718 in
1116 663 1218 718 hoc
1245 662 1353 718 duo
1398 669 1627 717 testatur
1665 660 1929 714 elementa
1956 697 1972 724 ,

375 763 504 820 dum
519 763 594 816 ait
627 779 639 815 :
669 747 816 826 audi,
843 759 1047 825 cretum,
1077 765 1125 812 et
1152 757 1351 826 percipe
1377 756 1610 823 auribus,
1630 763 1766 807 terra
1796 768 1814 806 :
1842 752 1978 821 ﬁlios

378 856 612 930 generatvi
659 864 707 909 et
751 854 973 910 exaltari
1020 868 1039 907 :
1085 853 1187 922 ipsi
1228 861 1398 906 autem
1463 865 1544 905 me
1597 849 1977 919 dereliquerunt

375 949 546 1020 (Esai.
606 961 645 1015 ι,
675 947 759 1020 2).
789 947 966 1015 Quare
1013 957 1121 1001 non
1167 945 1237 1000 de
1267 944 1369 999 hac
1412 942 1646 998 lcetione
1693 941 1894 1011 aliquid
1924 947 1973 1004 α,

377 1044 544 1099 frater
602 1041 996 1104 Parmeniane,
1046 1037 1264 1092 dixisti?
1305 1051 1372 1091 an
1420 1035 1542 1106 quia
1592 1033 1678 1089 hic
1719 1048 1829 1087 non
1897 1041 1982 1090 est

381 1151 517 1206 aqua
551 1133 866 1189 nominata?
912 1130 1030 1204 (69)
1057 1129 1378 1201 lntelligeris
1404 1133 1548 1183 enim
1592 1125 1770 1180 studio
1798 1126 1982 1180 crimi-

378 1225 546 1285 nandi
593 1229 671 1282 sic
719 1227 966 1296 pulsasse
1005 1223 1034 1262 ι)
1082 1224 1257 1293 legem
1312 1228 1371 1276 ut
1414 1219 1738 1288 ubicumque
1786 1231 1981 1287 aquam

380 1324 637 1394 scriptam
668 1319 864 1392 legeris
890 1359 904 1385 ,
945 1317 1227 1390 praestigiis
1252 1314 1572 1388 quibusdam
1611 1312 1680 1368 ad
1722 1311 1979 1367 invidiam

2081 565 2312 621 traxisti.
2349 564 2478 620 Nam
2516 566 2688 637 qualis
2719 575 2804 621 est
2834 576 2955 620 tuus
2981 564 3285 621 intellecms
3315 563 3369 620 in
3395 565 3495 622 hoc
3521 569 3651 638 capi-

2079 660 2195 715 tulo
2224 658 2500 724 Jercmiae,
2531 675 2654 715 cum
2685 661 2884 716 clamet
2912 660 3054 715 Deus
3082 674 3139 714 se
3164 660 3436 715 desertum
3460 675 3589 727 esse,
3609 671 3658 719 et

2076 754 2158 809 sic
2178 750 2405 808 en‘ossos
2427 753 2576 808 lacus
2610 769 2622 806 :
2656 766 2756 824 pro
2781 767 2841 808 se
2875 751 3128 807 irascitur
3152 793 3168 818 ,
3210 767 3318 807 non
3353 767 3449 823 pro
3473 765 3531 808 re
3553 765 3655 808 sua.

2081 846 2292 915 (Jerem.
2324 853 2409 917 ιι.)
2435 846 2549 919 (71)
2585 849 2737 918 Aqua
2763 847 2905 901 enim
2937 846 3280 914 Baptismatis
3320 859 3408 900 res
3438 845 3529 900 Dei
3558 855 3657 916 est,

2083 954 2192 994 non
2224 939 2363 994 Deus
2394 956 2408 992 :
2441 948 2495 994 et
2524 939 2569 994 si
2602 938 2805 1009 putatis
2831 937 3080 993 desertos
3107 951 3232 993 esse
3253 977 3267 1000 .
3299 936 3509 1008 quando
3536 939 3659 1008 apud

2083 1044 2180 1086 vos
2228 1028 2485 1097 luerunt,
2516 1029 2608 1099 qui
2659 1028 2799 1100 apud
2831 1043 2930 1084 nos
2977 1028 3230 1099 baptizati
3277 1039 3443 1094 sunt,
3491 1031 3662 1086 merito

2085 1123 2247 1178 vestri
2277 1121 2590 1178 desertores
2611 1121 2678 1176 ad
2709 1136 2806 1177 nos
2830 1121 3015 1177 venire
3036 1121 3372 1177 viderentur.
3395 1121 3663 1178 Probatum

2088 1225 2172 1274 est
2203 1231 2354 1288 ergo,
2386 1226 2438 1272 te
2468 1232 2574 1271 non
2604 1225 2795 1271 contra
2837 1231 2958 1284 nos,
2990 1215 3087 1273 sed
3113 1225 3304 1272 contra
3331 1231 3429 1272 vos
3453 1215 3660 1287 dixisse,

2089 1309 2230 1382 quod
2257 1325 2288 1364 a
2320 1319 2372 1366 te
2396 1309 2600 1366 dictum
2630 1319 2714 1366 est
2742 1309 2811 1365 de
2839 1309 2963 1366 oleo
2987 1317 3044 1365 et
3068 1309 3339 1366 sacriﬁcio
3362 1311 3661 1382 peccatoris.

1613 1427 1909 1486 LECTION
1918 1425 1999 1484 ES
2037 1423 2459 1483 VARIANTES.

441 1533 471 1563 ιι
505 1529 662 1581 Deest
680 1529 730 1577 in
751 1539 841 1578 ms.
861 1527 916 1578 S.
943 1523 1003 1576 G.

442 1591 472 1631 δ
507 1593 566 1644 In
587 1605 679 1643 ms.
711 1592 762 1641 8.
784 1589 844 1641 G.
869 1594 1109 1654 palpasse.

2160 1519 2182 1550 ο
2218 1517 2276 1568 In
2300 1529 2415 1582 mss.
2437 1517 2488 1569 S.
2513 1516 2653 1582 T.,et
2671 1518 2730 1582 _P.
2758 1519 2809 1570 8.
2836 1517 3114 1582 curriculo;
3135 1514 3225 1572 sed
3250 1518 3408 1572 multo
3433 1521 3606 1575 rectius
3624 1530 3670 1574 ut

2093 1581 2144 1632 in
2165 1593 2256 1632 ms.
2275 1582 2328 1632 S.
2355 1581 2414 1632 (Ξ.
2440 1579 2726 1634 everriculo.

1735 1688 2098 1748 VARIORUM
2139 1690 2372 1748 NOTE.

452 1791 570 1867 (69)
604 1785 1078 1867 Intelligerisenim
1103 1787 1280 1867 studia
1295 1785 1628 1867 criminandi,
1663 1792 1768 1840 etc.
1795 1784 1973 1867 [secus
2003 1783 2052 1844 B

383 1856 515 1921 mibi
547 1856 850 1933 suspectis.
893 1860 1014 1933 Nisi
1045 1869 1223 1933 tamen
1267 1858 1389 1914 ideo
1416 1858 1559 1933 dicit
1582 1872 1705 1912 eum
1736 1856 1976 1926 palpasse

386 1939 564 2007 legem,
595 1928 745 2007 quod
759 1936 871 2007 suis
892 1928 1592 2007 Parmenianuspriestigiis
1613 1937 1671 1983 et.
1690 1942 1978 2007 argumen-

385 1996 561 2062 tovruui
591 1996 884 2060 calliditate
913 2000 1175 2066 elTecerit,
1203 2010 1259 2056 ut
1292 1996 1376 2056 lex
1404 1996 1639 2068 iuitiuior
1686 1996 1979 2053 Catliolicis

384 2089 439 2135 et
464 2093 651 2134 eorum
679 2087 895 2139 causai;
938 2074 1039 2143 ipsi
1069 2085 1248 2127 autem
1283 2072 1402 2142 plus
1439 2067 1593 2140 sequo
1620 2067 1803 2124 favere
1832 2068 1980 2143 vide-

386 2161 570 2205 retur:
595 2149 720 2202 dum
756 2141 1028 2209 nimirum,
1054 2145 1168 2199 sola
1189 2141 1388 2213 promit
1413 2157 1478 2196 ex
1507 2144 1615 2205 illa,
1641 2155 1763 2210 qua:
1786 2141 1980 2196 saltem

387 2224 440 2274 in
473 2220 655 2290 specie
674 2219 780 2290 ipsi
809 2215 1265 2290 commodabam;
1304 2230 1423 2284 qua}
1457 2216 1637 2290 ipsum
1662 2221 1842 2267 autem
1871 2213 1983 2290 pla-

384 2308 455 2346 ne
482 2283 820 2359 jugulabant,
850 2297 904 2359 et
925 2283 1773 2359 adversariosaperte’juvabant,
1799 2283 1981 2338 omnia

386 2354 656 2417 malitiose
680 2374 734 2415 et
765 2358 992 2414 subdole
1021 2359 1228 2412 reticet.
1261 2354 1332 2410 lli.
1357 2354 1591 2411 CASAUB.

462 2497 578 2572 (70)
633 2495 698 2572 Et
741 2493 999 2572 curriculo
1045 2495 1272 2572 quodam
1310 2489 1534 2572 malitias
1567 2502 1989 2572 argumentorum

387 2565 597 2635 intexto,
624 2568 694 2623 ad
717 2579 764 2623 te
783 2569 956 2623 omnia
973 2565 1088 2638 quis
1109 2577 1230 2638 sunt
1246 2565 1378 2638 bona
1401 2565 1600 2620 traxisti
1609 2565 1711 2638 ,ΑΤὸ
1733 2565 1991 2618 curriculo

389 2634 591 2698 ineudi
618 2652 927 2711 suspectum
972 2634 1166 2694 merito
1210 2637 1459 2711 Barthius
1497 2634 1758 2711 corrigit.
1803 2645 1851 2690 et
1897 2651 1991 2711 ceu

388 2714 640 2768 riticulo:
675 2707 795 2782 quae
817 2711 867 2765 ei
898 2711 1010 2780 ipsa
1039 2717 1127 2765 est
1153 2709 1352 2782 veritas
1380 2726 1402 2782 ⁵ε
1439 2707 1534 2782 sed
1568 2707 1806 2782 fallitur,
1829 2715 1886 2782 et
1913 2708 1992 2782 le—

389 2785 623 2856 gendum
637 2777 859 2838 omnino
868 2777 1238 2856 eteverriculo.
1275 2783 1316 2834 Α
1342 2777 1642 2848 piscatione
1659 2777 1822 2834 trahit
1842 2777 1993 2833 simi-

393 2852 701 2922 iitudinem,
727 2869 834 2908 non
865 2853 1046 2910 hercle
1071 2852 1240 2922 magis
1264 2866 1447 2907 veram
1476 2868 1490 2907 :

2141 1784 2313 1847 Pythia
2345 1797 2457 1848 quae
2467 1784 2662 1848 tripode
2684 1794 2749 1836 ex
2770 1785 2942 1836 Phaebi
2966 1785 3206 1850 lauruque
3231 1785 3473 1850 profatur.
3497 1787 3670 1839 laesus.

2335 1877 2632 1930 Emendatus
2655 1885 2724 1930 est
2752 1892 2786 1928 a
2805 1878 2939 1931 nobis
2959 1877 3050 1931 iste
3072 1877 3225 1931 locus.

2158 1995 2296 2069 (7i)_
2323 1996 2468 2069 Aqua
2497 1996 2630 2050 enim
2659 1995 2981 2069 baptismatis
3016 2013 3095 2053 res
3127 1996 3228 2053 Dei
3256 2008 3353 2064 est,
3389 2015 3489 2055 non
3528 1997 3669 2055 Deus.

2085 2066 2262 2122 Etiam
2287 2067 2374 2122 hic
2393 2068 2598 2138 integra
2626 2068 2847 2134 periodo
2872 2070 3142 2138 pleniores
3165 2077 3385 2126 veteres
3404 2071 3672 2136 editiones,

2086 2154 2249 2208 quam
2277 2153 2376 2194 cur
2401 2138 2630 2211 Optatos
2655 2155 2752 2209 pro
2769 2143 3002 2209 genuina
3027 2158 3134 2195 non
3165 2154 3456 2211 agnoscat,
3480 2154 3565 2196 aut
3590 2157 3674 2196 cur

2088 2225 2189 2265 nos
2219 2211 2454 2280 aguitam
2483 2221 2538 2264 et
2575 2209 2783 2267 liberali
2807 2222 3068 2268 assertam
3103 2209 3271 2268 manu
3299 2214 3374 2268 illi
3404 2230 3506 2270 non
3533 2213 3673 2269 resti-

2094 2293 2331 2355 tuamus,
2355 2297 2575 2355 causam
2605 2297 2711 2336 non
2738 2281 2912 2337 video.
2944 2283 3016 2338 lta
3043 2282 3204 2355 igitur
3230 2284 3322 2339 ille
3349 2303 3362 2337 :
3393 2285 3535 2355 Aqua
3559 2286 3673 2338 enim

2094 2353 2415 2424 baptismatis
2427 2352 2631 2428 _res_l_)ei
2662 2366 2759 2428 est,
2786 2372 2888 2409 non
2924 2352 3084 2420 Deus,
3109 2353 3174 2408 Et
3193 2357 3240 2409 si
3264 2352 3458 2428 putatis
3476 2357 3674 2428 desertas

2093 2423 2233 2497 esse,
2265 2423 2470 2494 quando
2519 2423 2673 2496 (lego
2716 2425 2942 2480 desertos
2971 2443 3057 2480 vos
3101 2443 3211 2481 esse
3229 2423 3518 2497 aquandi).
3547 2437 3621 2482 etc
3656 2427 3671 2493 )

2095 2496 2243 2568 apud
2263 2512 2350 2568 vos
2373 2499 2598 2566 fuerunt,
2621 2497 2709 2564 qui
2729 2497 2868 2568 apud
2896 2515 2987 2552 nos
3007 2497 3258 2568 baptismi
3284 2496 3427 2564 sunt,
3447 2510 3501 2552 ut
3520 2500 3674 2553 merito

2095 2565 2601 2642 uestri_desertores,_
2621 2569 2688 2620 ad
2726 2565 2818 2623 nos
2855 2570 3024 2642 venire
3049 2565 3372 2625 viderentur.
3410 2571 3572 2642 Atque
3602 2570 3673 2642 hic

2095 2638 2284 2692 debuit
2301 2637 2549 2712 desinere
2568 2635 2705 2712 liber
2723 2652 2960 2710 quartus.
2987 2640 3117 2708 Quae
3141 2652 3445 2711 sequuntur
3469 2635 3672 2712 periodi,

2096 2711 2264 2764 altera
2292 2710 2357 2764 ad
2401 2711 2559 2765 linem
2594 2711 2715 2765 libri
2745 2714 2888 2766 tertii
2913 2754 2926 2775 .
2973 2720 3031 2766 ut
3060 2722 3208 2767 recte
3223 2710 3293 2767 fin
3324 2710 3520 2780 nuper.)
3549 2712 3674 2766 Pari-

2096 2780 2262 2835 siensi
2287 2781 2592 2836 restitutum
2615 2793 2699 2838 est
2718 2781 2923 2855 ;Aaltera
2948 2784 3014 2837 ad
3037 2789 3320 2855 sequentis
3341 2783 3460 2840 libri
3486 2784 3669 2839 initium

2099 2855 2352 2922 pertinet,
2379 2861 2435 2908 ut
2463 2869 2587 2908 mox
2611 2869 2640 2908 a
2667 2853 2821 2911 nobis
2853 2853 3183 2926 probabitur.
3217 2856 3292 2911 Μ.
3318 2857 3549 2912 (lassus.

1441 3065 1552 3136 '79
1584 3079 1918 3154 LIBER
1997 3083 2542 3178 QUINTUS.

390 3218 457 3274 In
485 3217 582 3273 hoc
605 3217 784 3288 quinto
809 3214 981 3271 libello
1009 3213 1295 3269 ostenditur
1337 3213 1457 3285 quia
1482 3214 1535 3268 in
1566 3212 1870 3285 baptismate
1901 3215 2129 3270 homines
2157 3227 2468 3284 operantur,
2519 3226 2568 3271 et
2604 3217 2729 3284 quia
2756 3217 2897 3274 Deus
2924 3217 3080 3284 lavat,
3112 3218 3432 3294 etChristus
3473 3224 3576 3294 ejus
3601 3222 3675 3274 dat

457 3311 594 3381 quod
614 3310 668 3365 in
707 3309 1010 3380 baptismate
1035 3305 1310 3378 accipitur,
1335 3315 1384 3361 et
1404 3307 1526 3378 quia
1556 3307 1857 3379 rebaptizati
1899 3324 2115 3382 regnum
2147 3308 2246 3365 Dei
2268 3311 2529 3382 possidere
2555 3328 2655 3390 non
2681 3324 2915 3384 possunt,
2942 3324 2987 3369 et
3007 3315 3128 3385 quia
3151 3317 3489 3386 perdiderunt
3515 3327 3673 3372 vestem

460 3409 761 3480 nuptialem.

469 3530 508 3583 I.
564 3529 645 3584 Ex
674 3529 941 3600 principiis
982 3526 1313 3582 Parmenlani
1344 3525 1483 3598 sequi
1519 3539 1681 3578 unum
1721 3537 1830 3578 esse
1869 3525 1993 3594 bap-
2019 3547 2064 3611 ρ
2099 3533 2246 3579 tores
2291 3537 2416 3581 esse
2448 3524 2648 3580 iudicio
2685 3525 2871 3581 divino
2896 3525 3199 3582 docuimus.
3240 3527 3365 3584 Jam
3398 3531 3466 3587 de
3493 3525 3672 3602 Baptis-

394 3623 567 3678 tisma.
594 3651 666 3662 ——
694 3619 1012 3675 Traditores
1047 3619 1124 3692 (l)
1160 3619 1293 3690 legis
1318 3619 1408 3688 qui
1449 3615 1690 3672 iuerint'Jl
1721 3625 1777 3673 et
1805 3627 1991 3672 aucto-

389 3729 481 3771 res
501 3711 837 3779 schismatis,
871 3713 927 3766 in
960 3714 1134 3781 primo
1167 3710 1307 3766 libro
1335 3709 1798 3764 manifestissimis
1825 3708 1993 3764 docu-

390 3809 590 3864 mentis
620 3803 981 3870 ostendimus,
1031 3812 1088 3859 et
1124 3802 1269 3873 apud
1312 3815 1420 3856 nos
1447 3816 1572 3857 esse
1610 3815 1772 3856 uuam
1804 3816 1990 3857 veram

391 3901 695 3960 Ecclesiam
731 3895 1071 3955 Catholicam
1103 3893 1344 3952 secundo
1390 3896 1852 3951 monstravimus:
1886 3906 1996 3950 ter-

391 3997 468 4052 tio
492 4009 623 4051 vero
657 3992 1009 4065 probavimus
1061 4004 1182 4061 quae
1212 4003 1405 4060 aspere
1425 3986 1453 4026 ι)
1484 3987 1622 4042 facta
1652 4003 1776 4043 esse
1803 3987 1995 4043 dicun-

389 4093 497 4156 tur,
532 4089 599 4144 ad
632 4103 732 4144 nos
771 4087 994 4142 minime
1035 4085 1330 4156 pertinere,
1360 4089 1418 4137 et
1457 4095 1556 4136 vos
1590 4084 1760 4154 magis
1802 4095 1994 4153 pecca-

2105 3627 2250 3671 mate
2281 3613 2384 3671 boc
2431 3616 2551 3672 loco
2595 3617 2880 3673 dicendum
2921 3625 3040 3674 est:
3072 3619 3125 3673 in
3155 3636 3258 3687 qua
3307 3638 3390 3688 re,
3419 3638 3532 3693 qttte
3554 3635 3673 3676 nunc

2098 3713 2293 3782 agitur,
2327 3711 2556 3781 quzestio
2595 3720 2708 3767 tota
2737 3713 3009 3777 consistit,
3038 3714 3183 3784 quod
3213 3713 3482 3786 baptisma
3519 3723 3669 3770 vestra

2101 3805 2325 3858 violavit
2348 3803 2593 3871 audacia,
2629 3804 2756 3859 dum
2788 3804 2839 3860 id
2868 3805 3120 3861 voluistis
3149 3807 3353 3864 iterare
3373 3819 3422 3874 ο,
3452 3806 3583 3879 quod
3602 3821 3672 3859 se-

2102 3897 2210 3954 mel
2241 3897 2520 3952 mandavit
2551 3896 2803 3952 Christus
2849 3912 2971 3953 esse
3006 3898 3311 3954 faciendum
3331 3897 3382 3956 ἀ.
3412 3899 3556 3969 Quod
3586 3912 3668 3953 nec

2100 4000 2156 4046 tu
2190 4005 2373 4060 negas,
2405 3987 2572 4044 frater
2601 3987 2983 4059 Parmeniane,
3016 3992 3147 4062 quit5
3177 3993 3227 4047 in
3263 3994 3530 4064 principio
3554 4001 3672 4047 trac-

2099 4091 2242 4138 tatus
2270 4082 2366 4148 tui,
2399 4081 2567 4137 multa
2593 4091 2783 4138 contra
2813 4097 2915 4139 vos
2939 4098 3038 4155 pro
3058 4084 3235 4151 nobis,
3271 4100 3396 4157 quae
3425 4093 3548 4142 sunt
3567 4099 3672 4140 nos-

1625 4197 1922 4254 LECTION
1933 4198 2016 4256 ES
2053 4198 2468 4256 VARIANTES.

449 4297 478 4327 ⁸
510 4295 584 4345 Ita
605 4294 776 4355 incipit
797 4293 878 4342 hic
899 4291 1030 4342 liber
1044 4292 1103 4355 in
1118 4303 1206 4340 ms.
1227 4290 1279 4340 8.
1299 4290 1358 4341 G.
1386 4289 1441 4340 In
1466 4303 1584 4340 mss.
1610 4291 1663 4340 S.
1686 4290 1744 4355 '_l‘.
1771 4296 1825 4341 et
1845 4290 1904 4355 Ρ.
1925 4290 1979 4340 8.

387 4361 519 4429 illam
535 4353 686 4429 atqui
707 4353 902 4429 ﬁlerunt
939 4353 1200 4429 auditores
1223 4359 1511 4429 etauctar'es
1526 4389 1541 4412 ,
1567 4359 1665 4429 etc.
1691 4353 1748 4404 In
1775 4353 1984 4416 quibus-

383 4422 494 4472 dam
512 4413 847 4482 Aedit'ionibus,
857 4415 960 4482 iam
967 4423 1028 4482 et
1045 4414 1128 4482 qui
1150 4413 1331 4481 fuerint
1357 4413 1636 4468 traditores.

443 4482 473 4523 b
508 4479 566 4534 In
587 4495 707 4533 mss.
733 4480 784 4531 8.
810 4477 868 4532 TI
897 4489 948 4532 vi.
967 4477 1024 4531 P.
1052 4477 1103 4532 S.
1131 4477 1325 4546 aspera.

2155 4296 2178 4324 ο
2213 4292 2270 4342 In
2296 4306 2387 4343 ms.
2414 4293 2466 4343 8.
2495 4291 2556 4344 G.
2582 4288 2772 4344 iterari.

2153 4352 2181 4394 (ι
2213 4353 2334 4420 llaec
2354 4353 2690 4420 supplevimus
2715 4368 2903 4420 egms.
2929 4354 2981 4420 S_.
3009 4356 3068 4408 G.

2155 4420 2178 4449 ο
2215 4417 2289 4469 Ita
2315 4419 2364 4467 in
2382 4417 2472 4470 ως.
2492 4418 2544 4468 8.
2571 4417 2632 4469 G.
2658 4421 2716 4472 In
2738 4417 2861 4482 aliis,
2890 4417 3022 4483 quia.

1728 4585 2092 4648 VARIORUM
2130 4589 2361 4648 NOTAE.

449 4703 530 4779 (1)
549 4705 648 4779 Qui
679 4704 877 4779 fuerint
897 4703 1172 4779 traditores
1196 4714 1242 4758 et
1266 4714 1504 4779 auctores
1531 4703 1976 4779 scitisma_tis,_ctc.
2007 4708 2062 4768 D
2089 4707 2254 4779 Satis,
2284 4717 2337 4762 ut
2368 4707 2609 4774 arbitror,
2651 4709 2706 4764 in
2731 4709 2957 4764 secundo
2999 4709 3171 4765 libello
3199 4710 3264 4765 de
3289 4700 3540 4776 Ecclesia,
3567 4716 3664 4764 etc.

377 4775 520 4834 Aliae
541 4775 808 4832 editibnes
838 4777 916 4830 sic
942 4775 1204 4844 incipiunt
1233 4793 1246 4830 :
1277 4775 1401 4829 lam
1436 4785 1482 4830 et
1513 4777 1599 4841 qui
1627 4777 1817 4846 fuerint
1845 4775 1979 4831 Tra-

380 4851 596 4915 ditores,
625 4858 730 4904 etc.
774 4847 928 4915 Quod
965 4861 1149 4901 verum
1172 4861 1293 4901 esse
1322 4858 1377 4902 et
1405 4848 1526 4903 sine
1551 4862 1713 4901 causa
1741 4863 1982 4918 expunc-

382 4929 465 4975 tas
503 4921 626 4974 illas
666 4922 891 4974 voculas
939 4919 1131 4988 quovis
1172 4918 1395 4988 pignore
1433 4918 1833 4975 contenderim.
1871 4921 1980 4975 Et-

378 4990 655 5060 puugeudi
686 5003 866 5045 autem
901 4987 1016 5044 haec
1049 5003 1212 5043 causa
1242 4987 1365 5052 fuit.
1395 4990 1540 5060 quod
1579 4990 1868 5044 ridiculum
1901 4993 1981 5046 vi-

382 5059 602 5117 deretur
643 5061 840 5115 librum
884 5062 951 5114 ab
992 5061 1058 5114 iis
1110 5061 1370 5128 incipere.
1419 5059 1525 5114 Sed
1573 5075 1677 5114 non
1728 5062 1980 5119 viderunt

379 5135 482 5188 viri
512 5133 674 5196 docti,
710 5131 872 5185 verba
903 5131 995 5184 illa
1025 5132 1117 5186 lib.
1153 5146 1204 5184 tv
1235 5148 1248 5184 :
1280 5141 1326 5184 et
1348 5132 1667 5202 intelligendi
1689 5132 1779 5185 tibi
1805 5135 1978 5189 aditus

381 5206 602 5269 clausit;
634 5203 717 5258 vel
749 5203 926 5271 potius
957 5202 1067 5266 illa,
1102 5203 1254 5256 uestri
1281 5202 1558 5258 desertores
1585 5203 1654 5256 ad
1681 5219 1773 5258 nos
1809 5207 1980 5259 venire

381 5276 696 5341 uiderentur,
741 5285 1009 5343 postrema
1045 5274 1164 5327 libri
1199 5273 1364 5326 verba
1391 5289 1535 5340 esse,
1573 5289 1804 5344 eumque
1832 5278 1981 5330 clau-

383 5349 533 5403 dere.
581 5348 793 5400 Initium
844 5345 964 5398 libri
991 5344 1163 5415 qttinti
1195 5345 1399 5398 fecerat
1445 5345 1674 5416 Optatus
1708 5363 1768 5416 in
1815 5349 1978 5402 istis:

384 5418 653 5488 probatum
682 5427 754 5472 est
794 5433 913 5487 ergo
944 5425 992 5470 te
1019 5429 1121 5470 non
1159 5425 1338 5468 contra
1382 5433 1495 5479 nos,
1534 5428 1637 5472 etc.
1676 5415 1810 5471 Nam
1843 5421 1982 5472 alin-

383 5491 516 5560 quin
547 5503 733 5543 manca
779 5501 924 5543 esset
954 5503 1072 5556 quae
1113 5502 1246 5560 mox,
1273 5488 1514 5556 sequitur
1544 5488 1883 5558 superiorum
1915 5491 1982 5544 lio

384 5559 608 5634 brorum
650 5560 899 5634 recensio
919 5570 991 5634 ﬂet
1017 5559 1478 5634 ᾀνακιφᾳλαίῳσις,
1502 5575 1612 5634 ψη
1648 5573 1782 5634 quin
1802 5562 1980 5631 primi,

385 5633 615 5697 secundi,
649 5631 887 5700 tertiiqae
917 5631 1033 5686 libri
1063 5629 1391 5695 meminerit,
1427 5631 1625 5686 nullam
1658 5629 1981 5701 facitquarti

385 5701 871 5773 mentionem._nisl
905 5702 988 5756 bis
1027 5701 1228 5766 verbis,
1244 5715 1378 5773 quae
1398 5705 1588 5773 quinto
1618 5701 1977 5758 vindicamus.

393 5772 501 5826 Sed
532 5781 586 5825 et
625 5771 814 5827 confer
850 5773 1185 5843 singulorum
1220 5771 1478 5830 libroruin
1524 5774 1700 5842 initia,
1732 5783 1790 5830 ut
1816 5775 1979 5845 tertii,

2088 4775 2163 4833 ita
2186 4789 2242 4834 et
2273 4781 2628 4857 reliquorum,
2652 4781 2703 4834 in
2726 4781 2942 4851 quibus,
2973 4781 3149 4857 uthac
3173 4784 3418 4857 quinto_a
3445 4781 3666 4857 proxime

2088 4851 2448 4920 prmcedentis
2493 4863 2814 4922 argumento
2869 4853 3033 4906 sumit
3079 4852 3309 4908 initium.
3366 4853 3589 4916 Erroris,
3627 4851 3666 4904 si

2086 4923 2309 4996 quzcrig,
2347 4923 2482 4996 haec,
2514 4925 2566 4977 ni
2601 4922 2777 4988 fallor,
2819 4938 2981 4979 causa
3016 4923 3136 4996 fuit.
3173 4925 3481 4996 Scripserat
3520 4923 3666 4990 Opta-

2088 5003 2207 5047 tus:
2247 4993 2528 5048 Probatum
2557 5006 2629 5049 est
2654 5011 2796 5066 ergo,
2829 5005 2961 5060 etc.,
2989 4996 3052 5050 de
3078 4995 3190 5050 oleo
3221 5005 3269 5051 et
3289 4993 3544 5063 Sacriﬁcio
3565 5008 3666 5064 pec-

2088 5065 2285 5138 catoris
2307 5067 2433 5138 libro
2473 5076 2655 5135 quarto
2689 5065 2784 5136 pro
2814 5066 2944 5120 libro
2969 5075 3174 5138 quarto,
3210 5069 3352 5122 male
3383 5067 3662 5138 descripse-

2083 5146 2168 5190 rat
2219 5136 2416 5208 ali-luis
2461 5132 2587 5191 libro
2631 5132 2853 5210 quinto;
2892 5132 2990 5192 aut"
3023 5138 3115 5192 lib.
3163 5132 3202 5192 'v
3262 5154 3360 5208 pro
3409 5153 3490 5201 Iv,
3535 5132 3662 5210 quod

2089 5219 2273 5282 postea
2303 5206 2396 5282 pro
2411 5206 2686 5282 sequentis
2711 5209 2830 5264 libri
2854 5210 3028 5270 titulo.
3061 5211 3174 5278 qui,
3200 5206 3430 5282 utsa‘pe
3453 5210 3500 5263 in
3523 5206 3659 5282 MSS.

2088 5280 2324 5351 omissus
2352 5279 2581 5334 fortasse
2612 5278 2809 5345 iuerat,
2841 5291 3123 5351 acceptum
3157 5289 3258 5336 est.
3291 5278 3379 5335 Ita'
3399 5282 3553 5351 igitur
3580 5278 3663 5330 de-

2088 5349 2178 5405 bet
2203 5351 2304 5406 ltoc
2328 5351 2540 5405 initiutn
2585 5353 2816 5417 restitui,
2855 5349 3004 5406 Liber
3035 5353 3263 5423 quintus.
3297 5349 3568 5406 Prob’atttm
3591 5355 3657 5401 est

2088 5437 2229 5492 ergo,
2259 5430 2306 5477 te
2331 5437 2432 5476 non
2476 5433 2652 5476 contra
2682 5441 2773 5477 nos
2818 5423 3009 5478 dixisse
3053 5425 3190 5494 quod
3211 5433 3328 5477 ante
3363 5425 3658 5494 dictumest,

2087 5491 2155 5547 an
2181 5496 2380 5563 potius,
2413 5508 2444 5548 a
2477 5503 2543 5557 te,
2587 5504 2639 5549 ut
2670 5508 2830 5564 supra
2862 5509 2968 5549 non
3009 5491 3176 5550 semel
3204 5512 3217 5549 :
3243 5495 3344 5550 nisi
3375 5497 3473 5551 hoc
3516 5491 3656 5546 nimis

2087 5565 2350 5632 putidum,
2380 5574 2430 5619 te
2455 5565 2648 5619 dixisse
2667 5567 2802 5634 quod
2831 5581 2862 5617 a
2893 5574 2940 5622 te
2963 5567 3158 5621 dictum
3183 5575 3274 5632 est,
3299 5567 3364 5619 de
3391 5567 3498 5620 oleo
3518 5567 3656 5634 etsu-

2085 5636 2281 5710 criﬁcio
2305 5638 2588 5706 peccatoris
2617 5632 2747 5691 libro
2768 5646 2970 5707 quarto.
2999 5638 3118 5710 Jam
3150 5647 3197 5692 et
3223 5640 3312 5709 qui
3339 5639 3521 5710 fuerint
3542 5632 3648 5710 Tra-

2091 5704 2312 5784 ditores,
2345 5718 2391 5761 et
2421 5717 2652 5784 auctores
2691 5704 3099 5784 scitismatis,.in
3125 5704 3254 5765 libro
3287 5704 3470 5784 primo,
3500 5704 3649 5762 mam"

2086 5777 2228 5854 festis
2250 5779 2586 5848 documentis,
2610 5791 2716 5838 etc.
2743 5781 2813 5838 M.
2844 5783 3071 5840 CASADB.

3892 1259 3893 1280 l

3892 1345 3893 1368 l

3892 1369 3893 1412 1

3892 1579 3893 1606 1

3892 1909 3893 1948 1

3891 1979 3893 2016 1
