3974 6324
322 240 345 298 1
356 234 466 300 ΜΒ

1126 235 1214 293 DE
1253 233 1647 293 SCHISMATE
1688 232 2235 292 DONATISTARUM
2273 233 2479 292 LIBER
2518 233 2839 304 QUINTUS.

3481 237 3620 293 1046

317 364 422 421 tra,
465 351 674 410 dixisti.
721 352 1177 409 Contmemorasti
1221 353 1365 409 enim
1406 352 1461 407 in
1507 352 1918 422 comparatione
1944 356 2000 416 Α
2021 351 2269 421 corporis
2290 351 2462 409 electa
2492 362 2600 417 est,
2635 352 2778 409 unde
2809 352 3109 424 peritomen
3129 361 3158 390 υ
3181 353 3350 411 semel
3381 354 3618 412 ablatum

318 448 686 520 baptismatis,
727 447 902 504 semel
927 445 1127 503 factum
1168 458 1291 503 esse
1322 445 1617 517 diluvium,
1664 453 1721 500 et
1749 458 1911 499 unam

317 541 795 600 circumcisionem
838 541 1004 597 fuisse
1044 537 1112 595 ad
1160 539 1420 611 populum
1458 536 1796 593 indecorum.
1840 534 1913 592 Et

315 650 443 695 cum
475 636 595 692 bare
637 634 797 692 initio
834 633 1087 691 dictionis
1115 640 1223 689 tua:
1265 630 1652 699 tractaveris‘,
1680 631 1735 686 in
1778 643 1910 700 pro-

311 747 471 792 cesso
496 733 765 787 tractatus
805 729 881 786 tul
928 726 1146 785 tamen”
1190 727 1383 783 borum
1424 726 1710 783 immemor
1734 725 1911 783 factus

311 840 393 893 es,
428 822 739 880 inducenda
762 821 900 880 duas
927 836 1118 893 aquas,
1146 829 1204 877 et
1232 820 1300 876 de
1320 834 1458 892 aqua
1483 831 1507 860 ε
1537 830 1664 875 vera
1694 828 1750 875 et
1775 818 1910 874 falsa

308 917 576 983 dicturus,
599 915 714 987 80
734 912 814 987 (2)
844 913 1170 985 principium
1191 913 1461 970 sermonis
1487 914 1562 968 ιιιί
1590 912 1910 983 insipienter

307 1016 646 1081 praestruens
666 1004 695 1045 τι
725 1006 806 1082 (ὃ)
834 1006 1103 1063 ordinasti
1134 1024 1148 1061 :
1181 1006 1534 1074 infirmando,
1565 1005 1862 1062 confirmas
1882 1013 1907 1042 ο

307 1102 487 1159 sancti
522 1099 866 1173 baptismatis
913 1099 1194 1156 unionem.
1248 1100 1323 1155 De
1362 1097 1781 1156 circumcisione
1817 1096 1913 1153 Ju-

306 1196 488 1263 ἀείδω,
526 1195 683 1267 quasi
727 1193 1135 1251 fundamentum
1175 1192 1385 1264 jactare
1427 1192 1668 1262 voluisti,
1717 1192 1904 1264 quodt

302 1288 572 1359 baptisma
618 1286 1048 1343 Christianorum
1102 1286 1157 1340 in
1228 1285 1580 1343 Hebraeorum
1625 1287 1908 1342 circumci-

304 1380 466 1437 sione
508 1378 688 1436 fuerat
737 1375 1116 1435 adumbratam
1156 1376 1283 1451 πμ)
1326 1376 1622 1435 defendisti
1666 1377 1908 1434 Cathollo

301 1486 423 1532 cam
476 1474 606 1530 dum
653 1474 962 1545 impugnas.
1013 1473 1098 1547 (5)
1145 1471 1403 1529 Etenim3
1452 1477 1507 1528 in
1566 1470 1909 1545 progressuh

302 1573 568 1622 tractatus
597 1566 699 1634 tui,
730 1567 963 1622 alterum
996 1576 1052 1623 te
1082 1566 1293 1621 inanire
1319 1563 1595 1637 professus
1636 1580 1719 1631 es,
1746 1574 1806 1620 ut
1830 1564 1909 1621 ai-

305 1666 487 1714 terum
536 1657 750 1729 replere
797 1657 1081 1714 videreris.
1125 1656 1291 1713 Extra
1340 1656 1721 1712 haereticorum
1772 1656 1907 1727 bap-

2019 443 2258 499 saiutare
2293 444 2349 499 in
2389 444 2497 500 illis
2536 444 2742 500 faceret
2770 454 2793 480 °
2825 445 3061 516 signum,
3107 446 3251 518 quod
3290 462 3398 503 non
3440 457 3621 518 potest

2013 534 2213 591 iterum
2248 535 2427 621 fierir.
2465 536 2546 608 (7)
2596 536 2781 594 Semel
2822 537 2967 594 enim
2999 539 3196 595 factum
3238 550 3422 597 servat
3470 541 3619 599 saltt-

2016 637 2125 685 tem
2151 647 2163 682 :
2192 630 2237 685 si
2271 630 2465 687 iterum
2515 629 2628 699 fiat,
2662 638 2889 702 potest‘t
2922 630 3123 689 sﬂ'erre
3167 633 3465 704 perniciem
3494 651 3508 690 ε
3536 635 3618 689 sie

2016 733 2070 779 et
2126 723 2394 796 baptisma
2439 721 2901 792 Christianorum,
2956 724 3227 783 Trinitate
3282 727 3615 794 confectum,

2015 810 2231 875 confert
2274 817 2541 887 gratiam:
2571 818 2619 873 si
2650 826 2947 888 repetatur,
2994 817 3126 875 facit
3170 820 3608 891 vitaejacturam.

2016 907 2156 978 Quid
2193 908 2289 964 tibi
2310 908 2473 980 igitur
2502 909 2724 981 placuit,
2756 910 2925 967 frater
2949 910 3331 977 Parmeniane,
3363 928 3476 969 rem
3503 913 3616 969 sin-

2012 1005 2256 1078 gularem
2286 1020 2611 1077 proponere,
2641 1014 2697 1061 et
2728 1015 2918 1062 contra
2949 1006 3087 1063 hanc
3112 1007 3237 1064 licet
3260 1007 3473 1064 diversa
3505 1008 3616 1064 duo

2014 1098 2336 1170 baptismata
2382 1114 2723 1169 comparare,
2770 1115 2936 1156 unum
2983 1116 3195 1168 verum,
3243 1102 3475 1159 alterum
3509 1102 3611 1158 [δια

2013 1190 2173 1247 sum?
2219 1191 2300 1247 sic
2329 1191 2476 1248 enim
2505 1201 2692 1263 postea
2733 1192 3045 1264 disputasti,
3076 1193 3210 1250 duas
3253 1209 3423 1265 aquas
3469 1209 3612 1260 esse,

2012 1299 2135 1341 cum
2174 1283 2329 1339 vobis
2366 1300 2527 1340 unam
2564 1284 2847 1340 vindicans
2891 1299 3098 1350 veram.
3147 1286 3413 1342 alteramr
3457 1287 3615 1341 nobis

2014 1376 2335 1433 mendacem
2362 1375 2673 1433 adscribere
2703 1376 2944 1432 voluisti.
2978 1377 3112 1434 Post
3140 1378 3243 1432 boc
3268 1378 3433 1433 etiam
3455 1377 3615 1434 Cata-

2013 1467 2205 1538 clysmi
2231 1467 2413 1524 fecisti
2454 1468 2783 1523 mentionem
2813 1486 2827 1521 :
2856 1476 2973 1524 erat
3013 1468 3228 1540 quidem
3261 1469 3438 1540 imago
3476 1472 3606 1539 bap-

2014 1559 2270 1626 tismatis,
2296 1568 2355 1615 ut
2394 1559 2709 1631 inquinatus
2741 1568 2886 1616 totus
2917 1561 3091 1628 orbis,
3130 1562 3397 1619 demersis
3426 1578 3617 1634 pecca-

2011 1653 2239 1719 toribus,
2262 1653 2479 1709 lavacro
2510 1654 2930 1720 interveniente,
2959 1654 3017 1711 in
3055 1654 3247 1712 faciem
3275 1657 3601 1728 pristinam“

304 1750 469 1807 tisma
497 1749 543 1818 ί,
572 1750 703 1807 dum
730 1749 869 1806 dicis
895 1751 1124 1807 alterum
1152 1757 1209 1807 et
1236 1751 1506 1817 alterum;
1540 1751 1664 1807 licet
1693 1749 1905 1806 diversa
1938 1754 1987 1816 Β
2015 1747 2385 1804 inundaretur.
2435 1747 2545 1804 Sed
2586 1750 2675 1820 qui
2701 1748 2721 1785 ί
2753 1756 2941 1819 postea
2986 1747 3232 1806 dicturus
3276 1765 3422 1819 eras,
3454 1763 3610 1806 extra

302 1843 601 1901 ostendere
635 1852 867 1901 conatus
897 1846 997 1912 sis,
1027 1859 1136 1900 non
1185 1844 1363 1916 possis
1390 1859 1611 1916 negare,
1642 1844 1766 1917 quia
1796 1844 1905 1901 duo

299 1945 466 2003 sunt;
496 1952 562 1993 ex
591 1937 787 2009 quibus
818 1936 948 1992 dum
976 1936 1193 1993 conaris
1213 1935 1431 1992 auferre
1465 1936 1723 2005 alterum,
1757 1938 1905 1993 labo-

301 2030 443 2086 rasti
474 2038 533 2085 ut
574 2030 644 2086 de
686 2029 933 2087 secundo
959 2030 1119 2100 quasi
1147 2029 1382 2101 primum
1414 2030 1590 2086 facere
1615 2029 1904 2087 videreris.

299 2120 660 2177 Circumclsio
687 2130 868 2178 autem
893 2121 907 2172 i
945 2130 1073 2178 ante
1110 2120 1405 2178 adventum
1424 2119 1451 2159 ιι
1476 2122 1824 2192 baptismatis
1850 2123 1906 2178 in
1942 2119 1948 2125 ’

304 2214 477 2284 ﬁgura
525 2214 803 2285 praemissa
841 2226 947 2282 est,
987 2222 1045 2269 et
1088 2229 1119 2269 a
1160 2221 1214 2269 te
1263 2222 1550 2270 tractatum
1605 2223 1711 2283 est,
1761 2215 1905 2285 apud

299 2302 644 2361 Christianos
672 2304 809 2361 duas
855 2320 978 2361 esse
1004 2320 1170 2376 aquas
1202 2321 1217 2359 :
1246 2320 1376 2378 ergo
1405 2312 1467 2361 et’
1503 2306 1649 2377 apud
1680 2306 1903 2363 Judmos

301 2397 443 2454 duas
492 2397 938 2455 circumcisiones
984 2397 1251 2466 ostende;
1310 2399 1536 2455 alteram
1583 2400 1902 2466 meliorem,

306 2490 551 2562 peiorem
578 2489 829 2546 alteram.
879 2489 994 2545 Hoc
1022 2490 1065 2545 si
1109 2500 1348 2560 qumras,
1377 2502 1484 2545 non
1519 2491 1722 2561 poteris
1752 2491 1904 2546 inve-

304 2581 432 2637 nire
465 2598 478 2635 ι
512 2580 743 2638 Abrahae
773 2581 1021 2653 prosapia
1048 2578 1093 2648 ι,
1119 2594 1222 2652 qua
1250 2580 1422 2638 Judaei
1450 2590 1768 2650 censentur,
1802 2582 1907 2641 hoc

301 2673 490 2745 sigillo
515 2687 577 2730 se
606 2673 855 2745 insigniri
892 2673 1195 2745 gloriantur
1225 2691 1240 2728 ι
1266 2688 1398 2744 ergo
1429 2673 1552 2730 talis
1580 2673 1744 2731 debet
1766 2676 1905 2732 veri-

304 2778 391 2824 tas
434 2766 613 2839 sequi,
644 2767 819 2838 qualis
844 2766 964 2838 ejus
1002 2765 1185 2839 imago
1211 2768 1490 2837 prarmissa
1531 2778 1636 2825 est.
1679 2768 1813 2825 Nam
1853 2778 1911 2827 et

305 2862 475 2932 Deus,
525 2862 619 2933 qui
665 2860 839 2918 voluit
892 2861 1181 2919 ostendere
1208 2861 1293 2935 (6)
1344 2877 1461 2919 rem
1514 2863 1907 2934 singularemIn

306 2962 435 3026 post
469 2968 594 3011 esse
626 2954 834 3011 debere
871 2954 1192 3027 insequente
1219 2955 1482 3022 veritate;
1532 2971 1640 3013 non
1666 2955 1735 3014 de
1763 2956 1911 3013 auri-

301 3050 455 3116 cula,
486 3062 597 3105 non
622 3047 693 3107 de
717 3047 891 3121 digito
921 3047 1094 3105 voluit
1120 3046 1326 3120 aliquid
1358 3047 1517 3116 tolli;
1566 3047 1664 3106 sed
1693 3064 1756 3106 es
1786 3062 1911 3120 pars

2011 1843 2394 1900 haereticorum
2445 1842 2726 1899 morbidos
2776 1840 2991 1910 fontes,
3061 1858 3183 1898 esse
3230 1844 3392 1899 etiam
3441 1843 3605 1899 aliam

2010 1953 2233 2010 aquam,
2264 1937 2316 1993 id
2357 1945 2464 2004 est,
2508 1936 2847 2003 mendacem,
2898 1945 3086 1992 contra
3124 1948 3352 1993 veram:
3381 1946 3439 1994 ut
3478 1936 3608 2007 quid

2009 2031 2408 2103 Cataclysmum
2446 2029 2613 2103 (quod
2651 2030 2817 2086 Semel
2844 2028 3016 2101 fuit“)
3055 2040 3485 2088 commemorare
3516 2047 3611 2085 vo-

2011 2124 2191 2183 luisti?
2221 2124 2280 2181 Si
2308 2124 2388 2179 ita
2412 2132 2519 2192 est,
2551 2123 2783 2179 ostende
2810 2123 2960 2193 prius
2979 2123 3115 2180 duas
3137 2136 3293 2180 arcas
3319 2123 3468 2180 etsiv
3499 2138 3607 2178 non

2011 2218 2243 2283 similes,
2277 2224 2334 2272 et
2371 2216 2507 2271 duas
2534 2216 2819 2271 columbas
2862 2214 3115 2285 dispares
3153 2215 3402 2272 diversos
3431 2229 3617 2271 ramos

2011 2326 2107 2368 ore
2142 2324 2243 2367 suo
2274 2317 2554 2372 portantes
2582 2307 2795 2381 (Gerus.
2828 2308 2969 2380 vni),
3014 2309 3059 2364 si
3093 2306 3177 2382 (8)
3201 2323 3397 2380 aquam
3426 2320 3612 2364 veram

2013 2415 2068 2461 et
2109 2403 2301 2458 falsam
2346 2402 2672 2473 probaturus
2710 2414 2788 2458 es.
2823 2403 2973 2472 Aqua
3019 2401 3185 2473 igitur
3221 2402 3338 2457 sola
3385 2410 3441 2458 et
3483 2414 3614 2457 vera

2013 2496 2109 2553 illa
2133 2505 2239 2562 est,
2270 2510 2389 2565 quae
2420 2509 2526 2550 non
2571 2494 2640 2550 de
2681 2494 2826 2561 loco,
2851 2493 2930 2565 (9)
2976 2500 3084 2550 non
3115 2492 3184 2549 de
3215 2506 3469 2563 persona,
3513 2494 3612 2549 sed

2012 2590 2082 2645 de
2119 2588 2387 2644 Trinitate
2410 2587 2627 2642 condita
2672 2594 2759 2642 est
2795 2594 2883 2641 :et
2906 2585 3033 2656 quia
3075 2585 3283 2652 dixisti,
3334 2595 3388 2641 et
3415 2600 3610 2655 aquam

2012 2697 2134 2739 esse
2163 2681 2503 2748 mendaeem,
2542 2682 2704 2737 etiam
2746 2681 2893 2736 bocx
2933 2680 3107 2747 disce,
3135 2680 3229 2736 ubi
3259 2694 3379 2735 cam
3407 2679 3611 2751 poteris

2011 2777 2257 2835 invenire
2302 2776 2465 2848 :(l0)
2517 2774 2661 2847 apud
2708 2774 3059 2839 Praxeamt’,
3110 2774 3608 2845 Patripassianum,

2008 2870 2099 2942 qui
2129 2885 2197 2926 ex
2241 2877 2353 2925 toto
2398 2866 2591 2923 Filium
2639 2876 2819 2939 negat,
2865 2877 2921 2923 et
2961 2867 3174 2923 Patrem
3205 2880 3423 2938 passum
3477 2877 3605 2923 esse

2012 2960 2316 3018 contendit.
2346 2962 2413 3016 Et
2450 2975 2573 3018 cum
2619 2959 2693 3015 sit
2732 2958 2904 3016 Filius
2931 2959 3029 3016 Dei
3052 2961 3276 3028 veritas,
3321 2959 3464 3016 sicut
3496 2960 3613 3030 ipse

2016 3062 2248 3111 testatur
2290 3054 2480 3110 dicens
2511 3072 2525 3110 ε
2553 3070 2646 3126 ego
2693 3067 2811 3108 sum
2864 3055 3057 3122 ianua,
3106 3062 3155 3109 et
3204 3053 3289 3111 sia
3329 3063 3379 3108 et
3425 3054 3612 3108 veritas

1548 3160 1935 3225 LECTIONES
1972 3167 2063 3225 VA
2074 3166 2389 3224 RIANTES:
3218 3180 3249 3207 ⁸

370 3252 400 3291 ⁸
431 3252 709 3328 In_mss.__8.
732 3256 792 3310 T.
817 3254 1043 3328 etP._§._
1061 3256 1252 3308 additur
1273 3256 1437 3328 male:
1462 3258 1514 3308 In
1542 3265 1786 3323 postrema
1809 3262 1917 3313 cdi:
1941 3264 1987 3328 ο
2083 3263 2114 3328 ’ξ
2146 3262 2221 3314 Its
2252 3264 2307 3328 in
2325 3275 2416 3328 ms.
2441 3260 2496 3313 S.
2522 3260 2582 3328 (ἃ.
2616 3260 2675 3328 l_u
2703 3273 2817 3328 mss.
2850 3260 2909 3328 8.
2933 3254 2993 3311 Τ.
3013 3263 3072 3328 et
3093 3256 3152 3311 P.
3178 3258 3229 3312 Β.
3255 3259 3587 3328 deperttomeit
3602 3298 3619 3324 ,

236 3384 239 3385 ν
304 3324 466 3377 tione.
483 3321 595 3372 tae.
622 3320 896 3400 Utrumque
919 3322 1111 3373 videtur
1129 3320 1451 3385 superﬂuum.

372 3383 404 3425 ιδ
444 3383 601 3435 Deest
626 3397 677 3434 in
698 3397 790 3434 ms.
815 3390 869 3435 8.
898 3383 958 3435 G.

373 3436 399 3522 ξι
437 3441 602 3497 Hicin
624 3456 753 3522 nias...
765 3448 1001 3520 inseritur
1023 3459 1117 3497 vox
1138 3444 1454 3512 argumentis,
1476 3452 1589 3509 quae
1612 3458 1711 3498 non
1746 3449 1912 3500 eost-

310 3516 403 3642 ἷθὲ
415 3519 787 3642 ci'gigrﬁifus’i
804 3522 960 3622 '1‘:
977 3583 1065 3622 ms.
1090 3571 1148 3622 P.
1182 3571 1234 3622 S.
1256 3568 1619 3637 praestringens.
1647 3571 1702 3625 In
1726 3582 1820 3626 ms.
1850 3575 1909 3626 P.

308 3634 365 3685 S'
378 3634 773 3761 ἥτιῗᾘπθὲθά.
798 3694 1106 3761 confirmans.

376 3756 399 3796 f
436 3757 495 3822 in
512 3771 602 3807 ms.
629 3760 682 3822 8.
705 3758 764 3822 (3:.
784 3756 917 3822 quid.

376 3822 403 3861 Β
436 3818 495 3870 In
517 3832 606 3869 ms.
633 3821 686 3871 8.
710 3821 769 3871 Τ.
797 3816 902 3872 Sed
924 3816 1069 3871 enirn.

372 3881 405 3922 ιι
437 3881 494 3932 In
519 3896 606 3933 ms.
627 3884 681 3933 S.
714 3882 775 3934 G.
800 3894 1043 3941 processu.
1434 3940 1439 3941 γ

377 3945 396 4011 ᾖ
437 3943 579 4011 ξμὶιι
600 3943 871 4011 ιιιε.ᾼ8.-Ἰ’.Δ
886 3944 943 3995 In
961 3958 1052 4011 ms.
1078 3944 1131 3995 S.
1158 3943 1221 4011 (ἰ.
1240 3954 1291 3997 et
1288 3946 1361 4011 _in
1382 3944 1546 4008 editis,
1574 3943 1875 4011 baptismum.

378 4009 394 4059 i
437 4006 558 4057 limo
581 4008 819 4060 particula
842 4009 987 4058 deest
1010 4008 1061 4056 in
1087 4020 1179 4059 ms.
1202 4010 1254 4060 S.
1288 4007 1349 4058 Τ.
1372 4026 1377 4033 ί

379 4071 410 4110 Ιι
446 4070 791 4133 Supplevimus
808 4070 935 4120 istud
962 4083 1025 4120 ex
1048 4082 1139 4119 ms.
1164 4072 1218 4121 8.
1244 4071 1305 4122 G.

338 4128 422 4219 hi.
441 4131 497 4181 In
520 4144 637 4183 mss.
659 4133 711 4183 S.
735 4132 794 4183 Τ.
821 4139 876 4185 et
896 4133 952 4184 P.
974 4131 1027 4183 8.
1054 4132 1174 4183 vitio
1192 4133 1579 4199 amanuensium,
1605 4140 1696 4198 pro
1716 4134 1912 4200 εαρίεη..

310 4201 422 4288 mi".
450 4256 508 4307 In
524 4269 615 4308 ms.
635 4246 689 4309 S.
714 4256 774 4309 Τ.
792 4254 1106 4323 singularem.

2019 3325 2216 3388 omissis
2235 3326 2427 3388 duabus
2443 3326 2613 3388 primis
2630 3324 2833 3375 litteris.
2850 3322 2974 3374 Hinc
2987 3323 3162 3376 vitiose
3185 3322 3381 3374 omnino
3403 3327 3453 3374 in
3473 3322 3622 3375 editis

2017 3387 2245 3448 deperire
2268 3386 2347 3438 vel
2369 3385 2587 3452 ιιεῄὰὶνὶ
2611 3390 2677 3437 ut.
2845 3443 2857 3456 ,

2080 3450 2106 3479 °
2142 3449 2197 3513 in
2222 3463 2338 3501 mss.
2365 3452 2417 3501 S.
2434 3450 2498 3513 g'l‘.
2525 3454 2578 3499 et
2598 3449 2654 3513 Ρ.
2679 3449 2732 3499 8.
2758 3446 2922 3513 fuerat.

2082 3512 2201 3575 Pin
2221 3526 2313 3564 ms.
2339 3514 2391 3564 S.
2419 3512 2477 3575 G.
2502 3510 2655 3575 Etsic
2676 3518 2727 3562 ut
2749 3506 3013 3575 nonpossit
3032 3506 3206 3561 iterum
3234 3507 3364 3574 ﬁeri.

2082 3566 2112 3617 τί
2146 3573 2200 3638 In
2224 3589 2317 3625 ms.
2340 3576 2391 3625 S.
2419 3574 2478 3626 G.
2500 3572 2663 3638 possit.

2086 3639 2110 3706 ξ
2140 3634 2927 3706 ξυρριθῖιφμεςΜ-ηο-νοεεξιῃοθι
2948 3648 3040 3685 ms.
3066 3636 3119 3685 S.
3146 3634 3207 3687 α.

2082 3701 2104 3729 ¹¹
2140 3697 2198 3753 In
2220 3697 2314 3750 his.
2332 3701 2386 3751 8.
2412 3700 2472 3752 Τ.
2493 3700 2545 3751 in
2561 3698 2686 3765 facie
2709 3697 2930 3762 pristina.

2083 3754 2104 3795 τ
2142 3759 2200 3812 In
2221 3777 2313 3813 ms.
2340 3763 2392 3814 8.
2419 3761 2478 3814 G.
2502 3759 2653 3814 quid:
2678 3754 2824 3811 male.

2086 3775 2104 3795 ι
2142 3775 2200 3812 1n
2221 3777 2313 3813 ms.
2340 3775 2392 3814 8.
2419 3775 2478 3814 υ.
2502 3775 2653 3825 quia,-
2678 3775 2824 3811 male.

2077 3832 2106 3860 ιι
2141 3822 2197 3888 in
2216 3839 2328 3875 mss.
2355 3827 2408 3876 S.
2433 3822 2491 3875 T.
2520 3832 2573 3874 et
2592 3825 2649 3875 P.
2675 3823 2727 3888 8.
2751 3820 2825 3888 ﬁt.

2076 3897 2106 3927 ν
2141 3885 2195 3936 In
2220 3901 2338 3939 mss.
2360 3889 2412 3938 S.
2438 3888 2497 3938 Τ.
2523 3897 2576 3939 et
2596 3888 2653 3937 P.
2677 3887 2729 3937 S.
2752 3885 2818 3936 et.

2080 3958 2108 3986 ι
2144 3948 2202 3998 In
2225 3964 2341 4000 mss.
2367 3951 2419 4000 8.
2445 3951 2504 4000 Τ.
2527 3959 2580 3999 et
2602 3950 2660 4001 P.
2685 3950 2739 4000 8.
2763 3945 2906 3998 hanc.

2038 4070 2039 4073 η
2080 4021 2110 4061 1
2144 4011 2332 4062 Nomen
2355 4014 2570 4080 Puram
2587 4000 2838 4080 reperitur
2860 4011 2917 4080 in_
2947 4020 3064 4080 mss_.
3177 4004 3235 4080 Τ.
3275 4000 3407 4080 et
3431 4006 3620 4080 §:,sed

2018 4070 2479 4140 deest_pr:epositio
2499 4068 2665 4140 apud,
2688 4083 2741 4125 et
2763 4072 2872 4136 ejus
2904 4071 3011 4140 l_oco
3043 4072 3270 4140 habetur,
3300 4079 3391 4140 _aut
3424 4068 3620 4140 Flavio:

2018 4155 2145 4193 nem.
2174 4132 2231 4188 In
2250 4132 2341 4188 ms.
2361 4139 2417 4189 S.
2444 4136 2503 4188 G.
2528 4132 2674 4189 deest
2695 4132 2879 4199 nomen,
2898 4137 3132 4199 Praua},
3160 4139 3214 4184 et
3235 4133 3444 4199 habetur
3481 4132 3614 4199 apud

2016 4190 2264 4258 Βῦἰὸηεηι.
2289 4201 2358 4252 At
2379 4214 2475 4252 non
2498 4199 2720 4263 Ebiouis,
2743 4199 2835 4250 sed
2853 4198 3062 4249 Prsxea:
3084 4190 3173 4248 fuit
3195 4208 3332 4248 error
3352 4198 3466 4247 iste.

1674 4342 2037 4411 VARIQRUM
2076 4348 2310 4407 NOTAE.

322 4531 335 4545 .
518 4448 849 4545 Principium.
881 4459 1614 4545 sermonis“luidin'sipienter,
1662 4470 1767 4545 etc.
1810 4465 1912 4520 Alii

316 4528 621 4605 insipienter
644 4528 1009 4605 prwslringens
1044 4528 1313 4588 ordinasti.
1341 4528 1464 4588 Séio
1509 4532 1719 4589 defendi
1752 4550 1914 4604 posse

319 4592 464 4674 quod
510 4600 594 4658 liic
618 4592 724 4659 est.
759 4592 1104 4659 Puto'tnmcn
1151 4605 1403 4672 Optatum
1446 4592 1909 4674 scripsisse-insi-

2020 4485 2197 4543 gressu
2228 4476 2474 4543 tractatus
2500 4468 2603 4543 tui,
2626 4466 2843 4543 alterum
2871 4472 2919 4520 te
2945 4465 3149 4543 inquire
3175 4468 3442 4543 professus
3462 4481 3536 4526 es.
3552 4472 3621 4543 ut

2021 4530 2242 4597 alterum
2282 4536 2479 4609 replere
2519 4530 2782 4603 uidereris,
2833 4546 2975 4609 extra
3013 4530 3372 4609 Iiwreticoruut
3421 4530 3619 4607 baptis-

2021 4621 2183 4675 mata,
2211 4604 2349 4666 dum'
2364 4606 2492 4665 dicis
2519 4611 2760 4674 alterum,
2789 4614 2838 4664 et
2869 4608 3128 4674 alterum;
3161 4608 3275 4663 licet
3305 4604 3506 4662 diversa
3531 4616 3618 4663 os-

317 4675 515 4748 pienter
532 4684 842 4744 prwstruens
873 4675 1311 4751 ordinqs_ti._Cuni
1341 4675 1495 4742 duas,
1524 4677 1718 4744 inquit,
1749 4693 1915 4749 aquas
1944 4681 1993 4743 D
2021 4682 2226 4738 tendere
2258 4691 2472 4737 conatus
2501 4683 2594 4749 sis,
2622 4697 2724 4735 non
2750 4678 2914 4751 passis
2945 4695 3152 4751 negare,
3183 4676 3304 4751 quia
3331 4679 3443 4751 duo
3461 4689 3620 4751 siml):

320 4751 373 4801 in
408 4760 665 4820 processu
695 4754 954 4801 tractatus
982 4748 1056 4820 tui
1082 4747 1399 4820 inducturus
1419 4761 1600 4820 esses,
1636 4747 1918 4820 proposito

319 4825 414 4872 tuo
438 4815 732 4888 infeliciter
761 4818 1139 4888 praestruxisti,
1178 4818 1306 4888 dum
1340 4818 1512 4872 unicze
1551 4815 1918 4877 circumcisio-

324 4882 843 4961 nisdfun‘darnentum
874 4888 1065 4961 jactus,
1102 4882 1221 4961 ac.
1242 4887 1312 4944 Μ.
1343 4888 1583 4945 Cssws.’

393 4950 475 5032 (3)
506 4950 820 5032 Insipienter
846 4950 1177 5034 praestruens.
1209 4959 1266 5016 Id
1303 4970 1405 5026 est,
1437 4977 1560 5016 cum
1589 4962 1724 5018 duas
1752 4976 1921 5034 aquas

324 5032 379 5087 in
401 5026 673 5104 processu
702 5026 963 5088 tractatus
996 5035 1069 5087 tui
1091 5026 1410 5104 inductnrns
1438 5048 1609 5104 esses,
1645 5026 1922 5104 proposito

326 5112 420 5176 tuo
462 5100 750 5160 infeliciter
778 5104 1158 5176 praestruxisti,
1210 5104 1335 5159 dum
1381 5100 1516 5160 dicis
1551 5100 1764 5161 unicum
1804 5122 1925 5163 esse

323 5172 590 5249 diluvium
619 5183 675 5229 et
703 5172 915 5249 unicam
951 5175 1454 5249 _circumcisionem,
1479 5192 1601 5247 quae
1645 5187 1772 5233 sunt
1793 5177 1927 5249 figu-

325 5261 403 5302 ra:
439 5246 801 5314 baptismatis.
840 5247 916 5309 Du
950 5247 1063 5302 PIN.

398 5313 485 5392 (4)
511 5306 807 5389 Defendisti
826 5306 1148 5392 Catholicam
1168 5316 1289 5392 dum
1312 5317 1605 5392 impugnas.
1629 5312 1762 5375 Dum
1787 5320 1928 5390 apud

329 5387 430 5443 nos
454 5387 809 5460 baptismum,
837 5391 1085 5456 quamvis
1116 5387 1329 5457 falsum,
1358 5387 1508 5445 dicas
1531 5405 1653 5461 esse
1685 5409 1698 5446 :
1731 5387 1929 5461 probas

329 5475 453 5535 eum
476 5474 598 5515 esse
628 5476 814 5535 verum
835 5470 889 5516 et
917 5461 1238 5535 legitimum,
1262 5462 1389 5531 quia
1416 5460 1557 5532 apud
1577 5460 1794 5518 Judazos
1822 5480 1926 5520 una

333 5531 547 5587 tantnm
572 5541 690 5587 erat
715 5531 1078 5588 circumcisio.
1103 5532 1337 5588 ALBASP.

406 5622 490 5698 (ἒξ)
524 5623 733 5680 Etenim
760 5626 817 5698 in
848 5641 1123 5698 progressu
1165 5635 1412 5681 tractatus
1449 5627 1548 5698 tui,
1572 5635 1679 5684 etc.
1709 5628 1933 5698 Aliquot

334 5689 440 5772 hie
453 5689 624 5772 lineas
652 5689 859 5772 mendo
882 5689 1150 5772 laborare,
1193 5713 1280 5772 res
1309 5698 1422 5767 ipsa
1456 5689 1675 5772 clamat.
1713 5689 1829 5770 Ego
1859 5701 1933 5757 ita

337 5767 627 5845 scribenda
662 5768 776 5825 haec
800 5783 863 5835 ac
904 5767 1289 5857 distinguenda
1312 5778 1444 5847 puto
1471 5786 1483 5825 :
1510 5767 1713 5841 Etenim
1732 5767 1785 5827 in
1816 5788 1937 5844 pro-

2026 4771 2088 4810 ex
2114 4753 2296 4825 quibus
2318 4754 2441 4809 dum
2465 4742 2666 4808 conaris
2693 4742 2896 4823 auferre
2924 4742 3167 4825 alterum,
3194 4742 3445 4825 laborgsti
3474 4754 3525 4803 ut
3556 4749 3620 4825 de

2025 4814 2269 4892 secundo,
2321 4825 2469 4897 quasi
2514 4814 2954 4897 printuutr'farcere
2999 4814 3265 4897 videreris.
3338 4814 3624 4897 Qircumci—

2026 4898 2128 4963 sio,
2172 4906 2279 4953 etc.
2312 4892 2384 4952 Μ.
2415 4892 2647 4952 Caesus.
2693 4892 2794 4949 me
2828 4896 2970 4949 locus
2999 4911 3029 4947 a
3058 4892 3200 4947 nobis
3228 4892 3491 4949 restitutus
3526 4898 3620 4948 est.

2099 4988 2181 5059 (6)
2212 4987 2340 5042 Rem
2363 4987 2697 5059 singularem.
2725 4985 2976 5056 Figuram
3005 4999 3125 5059 esse
3153 4984 3229 5039 rei
3252 4999 3371 5054 qute
3400 4994 3485 5040 est
3512 4985 3624 5040 sin—

2028 5055 2309 5131 gulariset
2339 5055 2462 5129 qua;
2488 5058 2657 5129 repeti
2689 5055 3023 5125 nmipotesl.
3051 5055 3286 5131 ALBASP:

2105 5128 2187 5203 (7)
2219 5126 2391 5186 Semel
2416 5126 2563 5185 enim'
2581 5135 2773 5203 factum
2796 5139 2959 5182 servat
2982 5126 3630 5203 salutemsSalutareest?

2030 5200 2224 5257 sensus
2255 5203 2502 5273 requirit,
2522 5202 2632 5273 sed
2668 5202 2828 5273 verba
2854 5212 2961 5273 tum
2990 5201 3188 5273 ferunt.
3216 5201 3299 5273 _An
3330 5200 3628 5273 salutarem

2029 5274 2136 5327 vim
2162 5267 2396 5329 retinet?
2425 5267 2534 5329 Sed
2556 5271 2681 5342 quid
2712 5271 2854 5327 hoc?
2877 5270 3016 5327 Puto
3039 5269 3347 5342 legendum,
3372 5270 3528 5325 seruis
3555 5267 3628 5323 ad

2034 5343 2274 5401 salutem.
2305 5346 2375 5402 Μ.
2408 5344 2641 5401 Cissus.

2110 5417 2190 5489 (8)
2220 5417 2419 5489 Aquam
2441 5432 2629 5481 veram,
2656 5422 2701 5468 et
2720 5414 2928 5489 falsam.
2956 5413 3096 5470 Duos
3119 5411 3438 5483 baptismos,
3462 5425 3632 5469 unum

2035 5485 2254 5553 falsum,
2278 5485 2510 5545 alterum
2545 5501 2754 5542 verum.
2785 5485 3015 5541 ALBASP.

2109 5559 2193 5631 (9)
2225 5559 2349 5615 Non
2379 5559 2444 5614 de
2494 5558 2747 5631 Persona.
2784 5557 2899 5611 Non
2929 5555 2996 5610 de
3042 5555 3330 5611 sanctitate
3360 5566 3632 5625 personae,

2039 5628 2134 5687 sed
2164 5628 2233 5687 ex
2264 5631 2313 5685 vi
2344 5629 2691 5686 sacramenti.
2720 5628 2953 5685 ALsAsr.
3580 5635 3586 5639 ·

2114 5702 2230 5786 (t0)
2261 5702 2416 5774 Apud
2437 5699 2954 5786 Praua.m.nifalsa_m
2986 5697 3416 5786 apud‘Pr‘axeam
3445 5711 3634 5770 posses

2043 5767 2284 5839 invenire
2310 5767 2526 5846 aquam,
2561 5770 2685 5842 quia
2713 5770 2821 5829 [ilio
2852 5784 2956 5826 non
2980 5767 3171 5828 credit.
3203 5767 3437 5844 Atsssp.
