3974 6324
438 225 577 282 1017

439 453 547 493 non
589 449 690 504 est,
743 437 1080 494 mendacium
1102 438 1209 510 81
1242 447 1326 492 est
1360 456 1372 490 :
1406 453 1530 494 cum
1581 439 1722 510 apud
1760 439 2030 510 Patripas-

436 531 653 587 sianum
677 539 702 568 α
736 545 841 586 non
893 539 977 586 est
1016 529 1208 596 Filius,
1253 544 1360 586 non
1411 539 1496 586 est
1534 529 1811 597 veritasb;
1843 541 1896 587 et
1943 531 2032 586 ubi

437 626 642 681 veritas
675 639 780 679 non
808 633 912 689 est,
939 623 1012 678 ibi
1037 632 1120 679 est
1140 638 1278 695 aqua
1309 623 1562 680 mendax.
1594 625 1771 693 Quare
1799 623 1881 679 vel
1911 639 2034 681 sero

439 717 626 772 desine
663 717 977 788 confingere
1015 716 1277 782 crimina;
1311 725 1365 772 et
1404 716 1548 788 quod
1595 716 1648 772 in
1680 717 2034 788 Patripassia-

439 824 538 866 nos
563 810 762 864 dictum
803 819 908 876 est,
958 811 1009 864 in
1052 807 1362 865 Catliolicos
1410 810 1520 865 noli
1559 811 1848 866 tranferre.
1883 810 2034 866 Nunc

438 905 696 974 quoniam
729 904 1013 959 manifeste
1045 913 1400 959 monstratum
1431 915 1549 971 est,
1596 920 1625 959 a
1657 905 1813 960 nobis
1856 913 1909 959 et
1936 920 2034 975 pro

439 996 595 1050 vobis
617 995 722 1050 dici
753 995 1015 1066 potuisse,
1048 995 1189 1065 quod
1217 995 1286 1052 de
1315 995 1517 1051 diluvio
1541 1005 1597 1053 et
1621 997 2033 1054 circumcisione

438 1089 652 1144 locutus
679 1105 738 1144 es
768 1107 779 1142 :
813 1104 1154 1160 consequens
1180 1098 1263 1145 est
1289 1092 1597 1156 ostendere,
1623 1091 1896 1162 quomodo
1922 1093 2038 1148 lau-

437 1182 559 1236 dem
594 1182 934 1249 baptismatis
962 1182 1031 1234 ita
1065 1181 1293 1244 dixeris.
1329 1191 1386 1237 ut
1427 1184 1478 1238 in
1511 1199 1571 1240 ea
1611 1184 1776 1238 multa
1802 1201 1902 1256 pro
1933 1199 2033 1240 no-

439 1274 525 1328 bis
554 1283 607 1329 et
637 1290 733 1344 pro
759 1274 932 1336 vobis,
964 1274 1165 1345 aliquid
1195 1284 1378 1331 tamen
1406 1285 1592 1332 contra
1622 1292 1719 1332 vos
1751 1295 1764 1332 :
1789 1276 1904 1349 (11)
1939 1292 2036 1349 pro

440 1366 680 1436 utrisque
704 1365 833 1420 illud
859 1377 964 1433 est,
996 1366 1141 1437 quod
1163 1376 1216 1423 et
1245 1368 1401 1424 nobis
1436 1378 1490 1424 et
1514 1370 1667 1425 vobis
1688 1381 1708 1408 ε
1739 1385 2034 1428 commune

437 1468 556 1513 est:
587 1458 702 1530 (12)
736 1459 857 1515 ideo
886 1469 938 1514 et
969 1461 1146 1526 vobis,
1185 1461 1311 1530 quia
1339 1477 1404 1518 ex
1441 1463 1596 1518 nobis
1627 1464 1840 1518 existis.
1877 1466 2034 1520 Deni-

437 1567 544 1622 que
567 1561 622 1607 et
643 1553 783 1623 apud
809 1567 905 1607 vos
932 1561 986 1608 et
1007 1553 1146 1624 apud
1173 1569 1272 1608 nos
1294 1570 1398 1608 una
1428 1565 1512 1610 est
1533 1555 1898 1612 ecclesiastica
1918 1557 2036 1628 (15)

441 1646 806 1711 conversatio,
838 1644 953 1717 (14)
989 1661 1308 1702 communes
1333 1647 1613 1716 lectiones,
1643 1649 1829 1705 eadem
1874 1650 2031 1720 fides,

1649 220 1896 283 SANCTl
1931 221 2183 284 ΟΡΤΑΤΙ
2225 223 2534 283 EPISCOPI

433 343 614 419 (Joan.
643 359 756 410 xiv,
789 343 844 415 6)
875 362 886 398 :
915 356 1045 413 ergo
1074 341 1240 397 Filius
1280 342 1373 397 Dei
1404 351 1488 398 est
1511 343 1750 410 veritas;
1781 344 1868 398 ubi
1916 345 2031 414 ipse
2059 345 2109 406 Δ
2134 343 2284 400 vivas
2333 345 2540 400 animas
2595 343 2829 400 edidisse
2879 361 2892 398 :

3562 228 3676 286 1018

2949 342 3206 415 numquid
3258 357 3351 399 sua
3395 352 3570 414 sponte
3603 361 3678 401 eas

2131 455 2392 512 generare
2441 440 2771 511 potuerunt?
2818 438 3078 508 numquid
3134 453 3240 492 non
3289 448 3344 493 et
3395 439 3493 492 illic
3541 437 3681 494 fuerat

2136 542 2244 589 tota
2269 533 2538 589 Trinitas?
2573 533 2754 605 utique
2776 541 2832 588 et
2880 531 2988 588 illic
3024 531 3203 587 fuerat
3236 530 3379 587 Deus
3413 540 3579 602 pater,
3609 534 3680 604 qui

2129 627 2319 700 jubere
2369 626 2617 697 dignatus
2659 635 2780 692 est,
2817 626 2906 696 qui
2960 624 3131 680 dixit:
3183 624 3396 679 educant
3436 640 3568 694 aqua
3606 641 3682 678 na-

2137 719 2298 774 tantia
2323 759 2338 785 ,
2389 719 2657 784 volatilia,
2688 725 2795 774 etc.
2841 716 3056 788 (Cenes.
3086 732 3137 783 ι,
3168 715 3292 787 20).
3325 715 3472 784 Quod
3513 717 3553 771 si
3591 717 3686 773 sine

2133 818 2391 882 operante
2417 809 2573 866 fieret
2600 809 2741 880 quod
2771 808 2970 863 factum
3003 817 3086 863 est
3106 850 3122 874 ,
3163 807 3367 862 diceret
3397 806 3531 862 Deus
3552 825 3564 859 :
3588 808 3687 860 edu-

2135 905 2256 968 cite.
2289 919 2434 969 aqum
2461 900 2624 972 (Ibid.
2655 900 2840 973 n):ibi
2867 907 2985 956 erat
3007 914 3135 969 ergo
3166 897 3334 953 Filius
3368 898 3456 953 Dei
3483 897 3564 968 qui
3586 913 3689 968 ope-

2135 996 2356 1053 rabatur
2400 1014 2413 1049 :
2464 995 2536 1050 ibi
2586 1003 2704 1050 erat
2751 994 2982 1065 Spiritus
3029 1003 3284 1059 sanctus,
3329 990 3485 1046 sicuti
3527 993 3687 1046 lectum

2137 1099 2256 1146 est:
2289 1100 2334 1145 et
2366 1089 2592 1161 Spiritus
2621 1088 2718 1142 Dei
2743 1087 3160 1160 superferebatur
3210 1102 3368 1156 super
3412 1102 3576 1156 aquas.
3612 1085 3688 1140 Ni-

2138 1182 2213 1239 hil
2238 1182 2354 1256 (2'5)
2379 1183 2489 1239 illic
2512 1183 2670 1238 video
2696 1191 2969 1250 quartum,
3002 1179 3137 1235 nihil
3169 1179 3346 1234 minus
3373 1192 3403 1232 a
3431 1177 3615 1245 tribus;
3647 1186 3690 1233 et

2137 1287 2314 1335 tamen
2349 1287 2530 1332 natum
2563 1275 2582 1314 ί
2615 1286 2699 1332 εει
2723 1275 2864 1346 quod
2887 1275 3123 1329 Trinitas
3147 1279 3370 1343 operata
3396 1281 3508 1327 est:
3537 1279 3688 1328 etnon

2139 1372 2210 1427 ibi
2241 1370 2452 1426 fuistis:
2487 1377 2579 1423 aut
2598 1368 2646 1424 si
2672 1369 2790 1423 sine
2820 1367 2972 1422 vobis
3005 1365 3138 1420 nihil
3170 1364 3333 1421 debet
3362 1364 3520 1420 licere
3545 1363 3691 1418 Trini-

2138 1460 2232 1518 tati
2261 1505 2276 1528 ,
2309 1471 2561 1517 revocate
2589 1459 2764 1530 pisces
2795 1458 2847 1513 in
2869 1457 3132 1528 originem
3162 1475 3174 1510 :
3204 1456 3314 1526 jam
3339 1455 3567 1511 volantes
3585 1471 3688 1511 aves

2140 1555 2390 1612 fluctibus
2440 1553 2706 1625 mergite,
2750 1552 2796 1607 si
2842 1551 2994 1608 vobis
3034 1550 3354 1607 absentibus
3398 1548 3522 1605 nihil
3561 1549 3692 1605 debet

2140 1648 2375 1704 Trinitas
2409 1646 2624 1721 operari
2652 1656 2699 1701 Β.

439 1738 555 1810 (15)
612 1739 724 1809 ipsa
775 1738 898 1794 fidei
947 1749 1307 1807 sacramenta,
1349 1740 1465 1814 (16)
1512 1743 1700 1798 eadem
1749 1745 2028 1815 mysteria.
2066 1735 2110 1795 Β
2209 1741 2298 1796 lll.
2331 1739 2603 1811 Baptisma
2645 1756 2749 1794 non
2792 1754 2900 1793 esse
2943 1737 3260 1792 iterandum.
3287 1767 3343 1777 —
3386 1733 3513 1792 Cum
3539 1731 3689 1806 ergoll

441 1835 589 1888 llene
632 1832 796 1904 igitur
825 1833 1057 1889 laudasti
1104 1834 1370 1905 baptisma
1403 1853 1418 1891 :
1447 1837 1568 1906 quis
1620 1837 1763 1892 enim
1794 1837 2031 1892 fidelium

436 1925 666 1991 nesciat,
714 1925 986 1995 singulare
1024 1926 1311 1996 baptisma,
1337 1927 1455 1998 (17)
1494 1928 1749 1983 virtutum
1790 1945 1914 1986 esse
1963 1931 2035 1985 vi-

444 2027 576 2085 tam,
627 2018 917 2073 criminum
967 2026 1222 2085 mortem,
1273 2019 1605 2074 nativitatem
1649 2020 2032 2090 immortalem,

438 2110 682 2165 caelestis
719 2111 871 2180 regni
911 2111 1398 2181 comparationem,
1445 2111 1768 2166 innocentia:
1796 2121 2033 2182 portum,

441 2212 790 2272 peccatorum
821 2203 902 2272 (ut
946 2211 1002 2258 et
1050 2211 1107 2258 tu
1140 2203 1350 2274 dixisti)
1399 2203 1755 2276 naufragium.
1789 2205 1899 2262 llas
1945 2223 2036 2262 res

434 2297 730 2366 unicuique
770 2294 1084 2365 credentid,
1134 2314 1239 2353 non
1289 2298 1536 2368 ejusdem
1580 2301 1656 2355 rei
1685 2300 1802 2373 (18)
1839 2316 2034 2372 opera-

434 2389 571 2454 rius,
602 2387 696 2443 sed
726 2389 1000 2446 credentis
1025 2389 1158 2445 fides
1187 2400 1241 2445 et
1263 2390 1498 2445 Trinitas
1527 2399 1765 2462 praestat.

510 2479 572 2534 ll.
607 2479 672 2534 In
699 2481 1000 2549 baptismate
1023 2480 1329 2536 Trinitatem
1346 2524 1360 2548 ,
1393 2498 1495 2536 non
1521 2483 1745 2537 ministri
1769 2500 2037 2554 personam

433 2575 659 2643 operari.
683 2603 757 2615 —-
783 2572 986 2630 Deinde
1013 2575 1242 2645 quieris,
1267 2574 1395 2645 quid
1429 2575 1481 2629 in
1513 2575 1672 2632 laude
1699 2575 2037 2645 baptismatis

430 2676 620 2721 contra
647 2682 744 2721 vos
761 2665 1006 2722 dixeris?
1032 2666 1155 2722 audi
1180 2684 1194 2733 ;
1229 2667 1324 2723 sed
1351 2668 1498 2738 prius
1518 2679 1600 2724 est
1623 2667 1868 2735 fatearis,
1895 2670 2038 2738 quod

433 2776 622 2818 omnes
668 2777 867 2833 negare
918 2762 1141 2818 minime
1184 2762 1450 2833 poteritis.
1500 2763 1686 2818 Dicitis
1733 2763 1876 2818 enim
1920 2763 2039 2837 (19)

435 2855 754 2910 Trinitatem
789 2869 886 2925 pro
926 2855 1100 2911 nihilo
1137 2857 1357 2922 haberi,
1391 2856 1479 2911 ubi
1527 2872 1632 2912 non
1679 2856 1986 2913 interfuerit
2015 2867 2038 2895 ο

434 2957 617 3003 vestra
649 2948 956 3017 praesentia.
991 2948 1106 3020 (20)
1135 2947 1191 3003 Si
1223 2948 1379 3003 nobis
1400 2949 1709 3020 derogatis,
1737 2950 1820 3005 vel
1855 2950 2041 3006 Domi-

439 3056 566 3095 num
607 3041 934 3096 reveremini
961 3085 975 3108 ,
1019 3042 1109 3112 qui
1159 3042 1212 3098 in
1263 3043 1530 3100 Trinitate
1574 3045 1724 3116 prior
1768 3054 1899 3103 est:
1949 3047 2040 3118 qui

2138 1835 2341 1890 dixeris
2371 1843 2426 1889 et
2454 1848 2616 1888 unum
2649 1831 2816 1888 fuisse
2846 1831 3105 1886 diluvium
3125 1872 3140 1897 ,
3172 1839 3229 1885 et
3267 1828 3691 1884 circntncisionem

2134 1927 2305 1997 repeti
2337 1942 2444 1982 non
2487 1939 2683 1998 posse;
2721 1933 2776 1980 et
2820 1940 2917 1978 nos
2938 1923 3224 1979 docuimus
3267 1921 3487 1978 caeleste
3535 1935 3693 1974 munus

2137 2019 2425 2088 unicuique
2449 2016 2690 2072 credenti
2722 2030 2753 2070 a
2779 2014 3042 2070 Trinitate
3076 2013 3354 2082 conferri,
3389 2029 3491 2068 non
3520 2013 3578 2068 ab
3614 2012 3692 2068 lto-

2135 2113 2320 2169 mine:
2350 2110 2478 2183 quid
2517 2109 2532 2147 ί
2573 2109 2728 2165 vobis
2776 2108 2950 2164 visum
2989 2115 3112 2172 est,
3153 2123 3264 2162 non
3299 2116 3416 2177 post
3463 2121 3586 2172 nos,
3619 2105 3694 2161 sed

2137 2215 2260 2280 post
2291 2206 2611 2261 Trinitatem
2633 2247 2648 2270 ,
2679 2203 2942 2274 baptisma
2973 2202 3294 2273 geminare?
3338 2201 3486 2270 cujus
3525 2200 3584 2254 de
3622 2214 3694 2253 sa-

2138 2314 2417 2359 cramento
2449 2316 2554 2356 non
2583 2300 2706 2356 leve
2742 2307 3021 2354 certamen
3052 2297 3301 2352 innatum
3332 2303 3451 2360 est,
3488 2303 3540 2349 et
3568 2292 3694 2347 dubi-

2141 2406 2324 2463 tatur,
2367 2411 2433 2450 an
2478 2402 2600 2465 post
2639 2391 2959 2448 Trinitatem
3005 2391 3058 2445 in
3108 2390 3301 2445 eodeni
3347 2387 3591 2444 Trinitate
3616 2388 3694 2442 hoc

2141 2489 2337 2544 iterum
2389 2487 2550 2543 liceat
2598 2485 2799 2542 facere.
2855 2486 2962 2540 Vos
3009 2483 3226 2553 dicitis,
3269 2483 3392 2538 iicet
3422 2500 3434 2536 :
3466 2495 3555 2537 nos
3592 2480 3695 2536 dici-

2142 2597 2298 2653 mus,
2339 2595 2449 2636 non
2489 2579 2618 2636 licet
2652 2597 2665 2634 :
2699 2580 2839 2634 inter
2880 2577 3010 2632 licet
3051 2584 3296 2632 vestrum
3322 2619 3337 2643 ,
3379 2584 3431 2630 et
3465 2590 3562 2630 non
3601 2573 3700 2628 licet

2141 2685 2388 2730 nostrum
2408 2715 2422 2739 ,
2448 2680 2639 2726 nutant
2668 2679 2724 2727 et
2749 2669 3015 2740 remigant
3042 2668 3242 2723 animae
3275 2667 3595 2738 populorum.
3621 2663 3701 2720 Nc-

2143 2783 2234 2824 mo
2275 2767 2428 2822 vobis
2464 2763 2688 2831 credat,
2734 2778 2896 2818 nemo
2937 2761 3139 2817 nobis:
3180 2773 3375 2816 omnes
3421 2756 3698 2815 contentiosi

2143 2859 2393 2915 homines
2436 2873 2639 2914 sumus.
2673 2854 2964 2926 Qumrendi
3011 2863 3139 2909 sunt
3179 2853 3437 2924 iudices:
3477 2853 3517 2907 si
3555 2849 3702 2906 Chris-

2147 2951 2275 3008 tiani
2301 2994 2317 3019 ,
2348 2951 2416 3006 de
2453 2959 2679 3020 utraque
2706 2957 2857 3020 parte
2892 2947 3008 3003 dari
3055 2961 3162 3002 non
3191 2953 3458 3016 possunt;
3484 2945 3593 3016 quia
3616 2953 3704 2998 stu—

2147 3045 2250 3100 diis
2292 3045 2493 3100 veritas
2541 3040 2854 3113 impeditur.
2879 3040 2958 3096 De
3005 3038 3139 3094 foris
3175 3037 3501 3108 quaerendus
3531 3043 3604 3091 est
3633 3034 3701 3103 ju-

438 3149 563 3189 cum
597 3134 742 3190 Filio
771 3144 826 3190 et
851 3134 1057 3206 Spiritu
1105 3145 1294 3191 sancto
1317 3137 1497 3192 omnia
1535 3148 1791 3210 operatur
1815 3150 1868 3196 et
1894 3156 2043 3199 com.
2078 3131 2124 3197 C
2154 3139 2258 3195 dex
2291 3159 2302 3192 :
2333 3137 2378 3193 si
2426 3151 2694 3207 paganus.
2726 3134 2841 3206 (εει)
2874 3149 2980 3188 non
3029 3141 3206 3204 potest
3235 3130 3538 3188 Christiana
3579 3142 3703 3183 nosse

435 3226 579 3296 plet,
608 3227 772 3282 etiam
806 3235 862 3283 et
894 3227 1006 3282 illic
1044 3229 1131 3285 ubi
1180 3244 1286 3284 non
1333 3228 1491 3286 fuerit
1525 3231 1754 3287 humana
1797 3247 2048 3303 persona.

435 3321 516 3376 Tu
545 3337 704 3390 vero,
742 3324 910 3380 frater
939 3324 1325 3396 Parmeniane,
1357 3327 1474 3400 (21)
1506 3329 1557 3384 in
1584 3329 1741 3386 laude
1770 3346 1924 3402 aquae
1972 3332 2041 3388 de

435 3415 1076 3476 Genesiorum‘lectione
1132 3420 1362 3491 dixisti,
1419 3423 1537 3496 (22)
1586 3441 1752 3497 aquas
1803 3426 2036 3496 primum

2161 3245 2368 3290 secreta
2399 3251 2413 3288 :
2447 3232 2489 3287 si
2519 3213 2738 3288 Judafus
2763 3271 2778 3294 ,
2817 3226 3069 3282 inimicus
3093 3235 3178 3282 est
3201 3224 3494 3281 Christiani
3539 3221 3704 3292 baptis-

2152 3329 2311 3384 matis
2341 3343 2355 3382 :
2390 3340 2519 3397 ergo
2552 3325 2604 3380 in
2637 3324 2798 3379 terris
2821 3320 2888 3378 de
2914 3321 3015 3377 hac
3046 3335 3105 3376 re
3136 3319 3344 3376 nullum
3375 3316 3558 3390 poterit
3582 3327 3703 3383 repe-

2149 3424 2245 3480 riri
2287 3421 2586 3494 judicium;
2626 3419 2695 3476 de
2735 3417 2876 3475 coelo
2918 3414 3244 3488 quierendus
3293 3422 3378 3472 est
3417 3411 3585 3484 judex.
3621 3404 3703 3465 Sed

1691 3541 1990 3601 LECTION
2000 3542 2086 3600 ES
2125 3538 2552 3597 VARIANTES.

497 3630 525 3695 ἒ
557 3630 616 3695 In
639 3643 730 3681 ms.
755 3631 804 3681 S.
835 3631 896 3695 (ᾖ
923 3631 1338 3695 Palripassianos.

494 3691 540 3762 b_
557 3691 617 3742 In
641 3705 754 3762 mss.
782 3695 831 3743 S.
855 3693 914 3762 T.
938 3702 991 3745 et
1007 3691 1139 3747 PIS.
1176 3703 1367 3762 nonest
1405 3709 1494 3762 nec
1535 3697 1734 3762 veritus,
1772 3699 1901 3761 quod
1926 3712 2035 3762 cum

433 3757 606 3869 ξιὲἔίυε
622 3755 706 3819 sit,
731 3758 890 3806 secuti
910 3771 1079 3808 sumus
1100 3759 1318 3809 codicem
1341 3761 1392 3812 S.
1421 3760 1479 3812 G.
1522 3763 1606 3812 ubi
1629 3755 1777 3813 deest
1793 3755 2036 3827 particula

451 3833 466 3869 ι
530 3856 542 3867 .

451 3833 523 3869 ιεσ
530 3856 542 3867 .

496 3883 520 3912 ο
557 3881 750 3932 Desunt
768 3882 816 3930 in
836 3894 950 3933 mss.
977 3883 1030 3933 S.
1055 3883 1114 3933 T.
1136 3887 1188 3932 et
1205 3881 1262 3931 P.
1290 3884 1342 3932 S.

495 3942 522 3984 ἀ
557 3943 735 3996 Addita
763 3952 840 3997 est
861 3945 968 3997 haec
993 3958 1088 3997 vox
1113 3959 1179 3996 ex
1199 3957 1291 3995 ms.
1317 3945 1369 3996 S.
1392 3945 1452 3997 G.

2210 3637 2233 3696 εξ
2267 3633 2326 3683 In
2343 3645 2435 3683 ms.
2462 3634 2516 3684 ε.
2543 3631 2602 3683 G.
2627 3629 2795 3696 fuerit.

2209 3694 2234 3765 ς
2269 3697 2602 3765 ρεεειὶρπιε.
2711 3693 2770 3744 G.
2812 3756 2850 3765 _
2885 3754 2898 3765 _
2937 3751 2967 3765 ._
3008 3752 3039 3765 Δ,

2209 3762 2235 3799 Β
2269 3759 2328 3809 In
2350 3772 2442 3808 ms.
2468 3759 2521 3808 S.
2547 3757 2604 3808 G.
2631 3756 2782 3808 licere
2811 3754 3060 3808 Trinitati.

2205 3820 2235 3889 1}
2271 3821 2326 3889 in
2348 3835 2442 3872 ms.
2466 3821 2522 3889 8ἐ
2542 3817 2768 3889 (‘r_._enin§_.
2813 3881 2842 3889 __
2927 3886 2936 3889 _
3029 3879 3042 3889 .

2214 3886 2231 3924 1
2271 3884 2326 3934 Ῑιι
2351 3897 2466 3936 mss.
2492 3885 2546 3936 S.
2570 3883 2629 3935 Τ.
2657 3887 2708 3934 et
2728 3881 2788 3932 P.
2810 3881 2866 3933 S.
2891 3886 2936 3933 et
2958 3881 3096 3946 quid.

1764 4009 2135 4068 VARIORUM
2161 4010 2396 4068 NOTIE.

501 4121 622 4194 (11)
657 4120 765 4194 Pro
795 4123 1021 4192 utrisque
1053 4122 1189 4177 illud
1215 4131 1290 4176 est
1309 4162 1322 4183 ,
1353 4121 1561 4194 quodet
1595 4122 1738 4176 nobis
1769 4139 2036 4178 commune

426 4193 537 4254 est.
563 4201 668 4246 etc.
705 4193 887 4264 Possis
925 4194 1141 4262 legere,
1175 4194 1310 4264 quod
1339 4204 1385 4246 et
1428 4193 1571 4246 nobis
1614 4210 1880 4247 commune
1922 4205 2034 4258 est,

427 4263 546 4336 ideo
570 4273 618 4336 et
646 4262 818 4336 vobis.
843 4265 967 4336 quia
990 4281 1054 4320 ea:
1080 4262 1244 4319 nobis.
1272 4265 1384 4336 Ego
1415 4272 1592 4320 tamen
1624 4265 1876 4333 Optatum
1908 4275 2036 4334 pnlo

428 4334 714 4400 scripsisse
745 4353 756 4386 :
780 4334 897 4407 ‘Pro
927 4338 1153 4407 utrisque
1184 4334 1427 4391 illud—est
1449 4377 1462 4401 ,
1489 4336 1627 4407 quod
1654 4347 1702 4390 et
1728 4338 1872 4391 nobis
1898 4353 2034 4392 com-

428 4398 585 4478 mune
612 4415 684 4458 est
712 4415 758 4478 et
780 4398 941 4478 vobis.
974 4398 1104 4462 Id'e'o
1131 4419 1176 4463 et
1206 4409 1348 4463 vobis
1368 4449 1382 4469 ,
1415 4398 1533 4478 quia
1562 4424 1628 4462 ea:
1666 4407 1810 4463 nobis
1833 4409 2032 4463 existis.

430 4475 633 4544 Supra,
675 4477 766 4532 lib.
799 4495 812 4534 t
847 4496 859 4532 :
899 4477 964 4534 Ut
989 4481 1114 4543 quid
1135 4499 1165 4535 a
1196 4491 1241 4535 te
1262 4475 1531 4551 memorati
1571 4489 1703 4551 sunt
1731 4481 1854 4544 isti,
1897 4480 2037 4551 apud

428 4564 560 4617 quos
587 4564 688 4601 non
716 4559 835 4604 sunt
860 4563 1177 4607 sacramenta
1196 4595 1210 4618 ,
1240 4567 1353 4622 qua:
1381 4550 1526 4605 nobis
1551 4560 1598 4604 et
1625 4550 1763 4605 vobis
1799 4550 2036 4604 videntur

428 4635 541 4674 esse
587 4622 914 4676 communia?
963 4622 1238 4694 Nusquam
1281 4633 1459 4676 autem
1511 4623 1710 4690 saepius
1755 4638 1784 4676 a
1831 4623 2034 4677 Scribis

2220 4123 2342 4196 (18)
2401 4123 2696 4197 Operantis.
2746 4122 2985 4179 Persona
3007 4123 3285 4194 operantis
3302 4116 3695 4249 Anihilspconfert.

3352 4210 3446 4249 LBA
3512 4231 3523 4244 .

3352 4208 3523 4249 LBASP.

2218 4267 2332 4340 (19)
2364 4266 2670 4322 Trinitate»:
2717 4283 2811 4340 pro
2858 4265 3043 4322 nihilo.
3072 4266 3393 4322 Trinitatem
3437 4261 3558 4318 nihil
3596 4273 3699 4315 con-

2145 4337 2287 4394 ferre
2318 4339 2370 4394 in
2402 4339 2689 4408 baptismo.
2719 4337 2954 4393 ΑωΑερ.

2217 4409 2335 4479 (20)
2377 4410 2439 4464 Si
2474 4407 2626 4464 nobis
2667 4409 2947 4480 derogatis.
2976 4408 3083 4463 Cur
3110 4407 3293 4463 dicitis
3325 4420 3568 4480 personas
3601 4413 3701 4480 nos:

2149 4468 2262 4536 tras
2291 4468 2554 4553 impedire
2608 4468 2898 4551 quominus
2939 4490 3086 4553 recte
3114 4483 3236 4549 quis
3265 4468 3553 4553 baptizetur
3586 4468 3699 4553 apud

2147 4569 2284 4615 nos;
2325 4547 2446 4608 cum
2495 4547 2642 4608 Deus
2681 4553 2731 4607 in
2766 4553 3031 4616 baptismo
3078 4547 3397 4616 invocetur,
3432 4547 3516 4620 qui
3554 4547 3697 4602 omnia

2149 4625 2408 4692 perlicere
2451 4624 2669 4691 potest?
2702 4625 2927 4678 ALBASP.

427 4699 711 4767 peccatum
760 4708 882 4748 esse
905 4733 922 4760 ,
966 4687 1135 4767 quam,
1173 4695 1263 4750 ubi
1315 4695 1539 4767 easdem
1575 4687 1739 4767 voces
1784 4695 2031 4767 proxime
2058 4698 2112 4758 D
2151 4687 2160 4692 ’
2211 4697 2324 4767 (21)
2356 4694 2420 4748 In
2446 4687 2597 4749 laude
2617 4711 2764 4767 aqua:
2784 4695 2847 4749 de
2867 4693 3544 4767 Genesiorum,etc..Victor
3563 4687 3697 4767 Utic..

428 4764 676 4837 repetita:
706 4776 830 4837 sunt
873 4773 962 4818 ant
999 4766 1284 4835 geminatae
1311 4806 1325 4830 ,
1351 4767 1461 4836 jam
1493 4765 1782 4837 aliquoties
1814 4765 2030 4820 monui-

431 4848 573 4888 mus.
606 4834 674 4889 M.
705 4834 937 4891 Casum.

501 4905 618 4975 (12)
651 4905 780 4960 Ideo
810 4917 856 4962 et
887 4907 1046 4962 vobis.
1072 4905 1206 4972 Quia
1244 4921 1273 4960 a
1305 4906 1458 4962 vobis
1483 4923 1546 4963 ea
1577 4907 1888 5034 actfpisﬁs.

1694 4995 1871 5034 LBASP.

1694 4995 1871 5035 LBASP.

499 5045 619 5116 (13)
654 5045 1000 5103 Conversatio.
1035 5049 1148 5104 Una
1187 5047 1566 5106 Ecclesiastica
1604 5049 1914 5118 disciplina.

1584 5123 1816 5177 ALBASP.

501 5186 617 5265 (1:4)
649 5186 952 5265 Communes
983 5191 1240 5245 lectiones.
1275 5191 1480 5248 Eodem
1521 5192 1680 5247 modo
1722 5193 2033 5265 Scripturas

430 5259 788 5329 explicamus.
824 5262 1052 5317 ALBASP.

505 5330 621 5474 (15)
657 5331 782 5420 Ipsa
807 5333 930 5403 ﬁdei
953 5342 1291 5416 sacramenta.
1325 5334 1583 5418 Regulam
1617 5335 1762 5419 fidei.
1797 5336 2027 5419 Abesse.

505 5405 596 5474 (10
656 5403 854 5474 [saltem
881 5417 1140 5474 mysteria.
1180 5405 1239 5461 D.
1273 5407 1602 5474 Augustinus
1631 5405 1914 5474 distinguit
1950 5425 2027 5462 tn-

504 5403 620 5475 (lli)
656 5403 854 5474 Eadem
881 5407 1140 5474 mysteria.
1180 5405 1239 5461 D.
1273 5403 1602 5476 Augustinus
1631 5405 1914 5474 distinguit
1950 5411 2033 5462 in-

427 5481 513 5528 ter
543 5480 804 5549 mysteria
848 5485 901 5532 et
917 5486 1264 5549 sacramenta
1294 5494 1306 5530 :
1339 5480 1652 5549 mysterium
1680 5489 1762 5532 est
1805 5478 1855 5532 id
1887 5480 2031 5548 quod

425 5545 707 5601 confertur
749 5557 842 5602 aut
885 5547 1236 5617 significatur;
1261 5545 1655 5604 sacramentum
1687 5563 1775 5604 res
1806 5545 2032 5606 visibilis

423 5631 524 5684 per
547 5634 705 5683 quam
740 5634 826 5673 res
855 5619 1148 5688 spiritualis
1174 5619 1352 5676 datur.
1379 5621 1609 5676 ALBASP.

497 5688 608 5759 (~17)
652 5689 1111 5764 Virtutimrvitam.
1151 5691 1284 5759 Quia
1312 5693 1540 5750 virtutes
1571 5694 1687 5749 sine
1715 5691 1885 5764 gratia
1921 5707 2042 5749 non

419 5770 646 5825 possunt
675 5762 876 5830 perlici.
908 5761 1136 5817 ALBASP.

2145 4767 2238 4821 lib.
2275 4764 2323 4839 ll_
2339 4785 2351 4820 :
2383 4766 2810 4839 Superferebutur
2848 4766 3076 4835 Spiritus
3109 4764 3207 4820 Dei
3247 4782 3399 4839 super
3436 4777 3612 4832 aquas,
3635 4765 3699 4809 ut-

2144 4847 2260 4909 pote
2286 4837 2499 4909 Greater
2526 4837 2707 4892 virtute
2733 4839 2972 4909 potentia:
2995 4853 3104 4892 suae
3125 4837 3401 4909 (continens
3423 4843 3697 4909 creaturam,

2144 4905 2198 4962 ut
2226 4926 2288 4964 ea:
2313 4908 2394 4963 Itis
2416 4913 2527 4963 viva
2549 4905 3096 4979 onmia'producturus
3117 4908 3227 4979 ipse
3246 4908 3459 4962 rudibus
3483 4905 3699 4979 elementi:

2143 4981 2282 5051 ignis
2313 4980 2523 5049 propria
2557 4984 2783 5046 fomenta
2813 4990 3076 5050 praestaret
3100 5021 3113 5043 ,
3141 4989 3188 5031 et
3208 4982 3326 5051 jam
3355 4988 3471 5051 tunc
3497 4983 3698 5051 mysterio

2143 5047 2419 5107 emicante
2441 5051 2762 5128 baptismatis
2788 5047 3037 5128 virtutem
3064 5047 3484 5128 sanctificationis
3522 5047 3696 5128 liquoris

2143 5135 2332 5178 natura
2364 5125 2648 5190 perciperet
2669 5164 2683 5182 ,
2718 5125 2981 5194 primaque
3007 5123 3074 5177 ad
3095 5123 3248 5176 vitam
3275 5136 3485 5192 corpora
3506 5121 3696 5172 animata

2139 5195 2466 5267 produccret.
2500 5195 2569 5249 Μ.
2599 5194 2830 5267 (lassus.
2947 5266 2950 5267 ν
3177 5263 3189 5267 _
3269 5263 3283 5267 _
3399 5265 3407 5267 _
3607 5255 3674 5267 Μ

2212 5265 2328 5337 (22)
2364 5268 2536 5337 Aquas
2562 5266 2720 5319 vivas.
2752 5265 3117 5321 Tertullianus
3159 5263 3230 5318 de
3268 5263 3566 5337 baptismo:
3595 5256 3693 5337 _Pri-

2138 5333 2252 5391 mus
2285 5333 2453 5408 liquor
2481 5337 2620 5408 quod
2645 5338 2826 5391 viveret
2857 5338 3018 5392 edidit
3043 5353 3061 5390 :
3089 5351 3180 5389 nec
3205 5337 3389 5388 mirum
3425 5336 3486 5389 sit
3516 5333 3564 5386 in
3589 5333 3689 5398 bap-

2139 5411 2289 5464 tismo
2312 5453 2325 5470 ,
2358 5410 2408 5479 si
2429 5426 2575 5479 aqua:
2601 5409 2831 5464 animare
2856 5417 3125 5462 noverunt.
3159 5409 3384 5479 Abesse.

2211 5479 2328 5551 (23)
2361 5470 2484 5534 Non
2511 5480 2656 5535 video
2686 5491 2955 5546 quantum.
2985 5479 3102 5535 Non
3130 5478 3297 5551 video
3316 5489 3581 5551 personam
3611 5470 3690 5524 liu-

2141 5549 2352 5624 manain
2385 5551 2584 5624 aliquid
2617 5551 2725 5605 illic
2755 5554 3002 5624 c0nfeArre
3029 5569 3041 5604 :
3069 5559 3177 5604 tres
3195 5549 3479 5624 sufficiunt,
3496 5550 3690 5624 Messe.

2221 5621 2336 5695 (24)
2371 5619 2492 5677 Non
2524 5633 2690 5694 potest
2717 5641 2865 5679 nosse
2886 5621 3180 5695 Christiana
3205 5631 3409 5695 secreta.
3435 5619 3688 5692 Mysteria;

2149 5692 2554 5750 Tertullianus':
2586 5697 2812 5766 sequitur
2835 5705 2889 5751 ut
2915 5693 3142 5750 extranei
3166 5709 3185 5749 .'
3209 5703 3258 5750 at
3287 5692 3448 5758 unde,
3478 5697 3690 5744 extraneis

2152 5767 2375 5822 notitia?
2405 5769 2632 5824 ALBASP.
