  <div class='ocr_page' id='page_1' title='image "/cluster/home/n/w/nwhite01/storage/ocr_20150623/11/hvd.32044015471287/530.png"; bbox 0 0 3974 6324; ppageno 0'>
   <div class='ocr_carea' id='block_1_1' title="bbox 210 329 355 387">
    <p class='ocr_par' dir='ltr' id='par_1_1' title="bbox 210 329 355 387">
     <span class='ocr_line' id='line_1_1' title="bbox 210 329 355 387; baseline -0.014 0"><span class='ocrx_word' id='word_1_1' title='bbox 210 331 234 387; x_wconf 71' lang='grc'>1</span> <span class='ocrx_word' id='word_1_2' title='bbox 245 329 355 386; x_wconf 64' lang='grc'><strong>049</strong></span> 
     </span>
    </p>
   </div>
   <div class='ocr_carea' id='block_1_2' title="bbox 989 325 2698 400">
    <p class='ocr_par' dir='ltr' id='par_1_2' title="bbox 989 325 2698 400">
     <span class='ocr_line' id='line_1_2' title="bbox 989 325 2698 400; baseline 0.004 -17"><span class='ocrx_word' id='word_1_3' title='bbox 989 327 1080 384; x_wconf 85' lang='lat' dir='ltr'><strong>DE</strong></span> <span class='ocrx_word' id='word_1_4' title='bbox 1122 325 1515 386; x_wconf 79' lang='lat' dir='ltr'><strong>SClllSMATE</strong></span> <span class='ocrx_word' id='word_1_5' title='bbox 1556 325 2094 387; x_wconf 64' lang='lat' dir='ltr'><strong>DONATISTARUM</strong></span> <span class='ocrx_word' id='word_1_6' title='bbox 2133 328 2334 387; x_wconf 82' lang='lat' dir='ltr'><strong>LIBER</strong></span> <span class='ocrx_word' id='word_1_7' title='bbox 2375 329 2698 400; x_wconf 85' lang='lat' dir='ltr'><strong>QUINTUS.</strong></span> 
     </span>
    </p>
   </div>
   <div class='ocr_carea' id='block_1_3' title="bbox 3363 335 3502 394">
    <p class='ocr_par' dir='ltr' id='par_1_3' title="bbox 3363 335 3502 394">
     <span class='ocr_line' id='line_1_3' title="bbox 3363 335 3502 394; baseline 0.014 -2"><span class='ocrx_word' id='word_1_8' title='bbox 3363 335 3502 394; x_wconf 74' lang='lat'><strong>1050</strong></span> 
     </span>
    </p>
   </div>
   <div class='ocr_carea' id='block_1_4' title="bbox 208 442 3507 525">
    <p class='ocr_par' dir='ltr' id='par_1_4' title="bbox 208 442 3507 525">
     <span class='ocr_line' id='line_1_4' title="bbox 208 442 3507 525; baseline 0.004 -24"><span class='ocrx_word' id='word_1_9' title='bbox 208 457 268 501; x_wconf 93' lang='lat' dir='ltr'><strong>ut</strong></span> <span class='ocrx_word' id='word_1_10' title='bbox 295 444 422 517; x_wconf 85' lang='lat' dir='ltr'><strong>quid</strong></span> <span class='ocrx_word' id='word_1_11' title='bbox 469 442 742 516; x_wconf 83' lang='lat' dir='ltr'><strong>pulsamus</strong></span> <span class='ocrx_word' id='word_1_12' title='bbox 772 443 838 500; x_wconf 90' lang='lat' dir='ltr'><strong>ad</strong></span> <span class='ocrx_word' id='word_1_13' title='bbox 876 445 1072 501; x_wconf 60' lang='lat' dir='ltr'><strong>coelum</strong></span> <span class='ocrx_word' id='word_1_14' title='bbox 1097 488 1112 511; x_wconf 92' lang='lat'><strong>,</strong></span> <span class='ocrx_word' id='word_1_15' title='bbox 1145 462 1267 502; x_wconf 90' lang='lat' dir='ltr'><strong>cum</strong></span> <span class='ocrx_word' id='word_1_16' title='bbox 1299 446 1592 503; x_wconf 83' lang='lat' dir='ltr'><strong>habeamus</strong></span> <span class='ocrx_word' id='word_1_17' title='bbox 1621 446 1709 502; x_wconf 91' lang='lat' dir='ltr'><strong>hic</strong></span> <span class='ocrx_word' id='word_1_18' title='bbox 1750 446 1803 502; x_wconf 91' lang='lat' dir='ltr'><strong>in</strong></span> <span class='ocrx_word' id='word_1_19' title='bbox 1832 452 1883 510; x_wconf 74' lang='grc' dir='ltr'><strong>Α</strong></span> <span class='ocrx_word' id='word_1_20' title='bbox 1911 447 2053 502; x_wconf 85' lang='lat' dir='ltr'><strong>habet</strong></span> <span class='ocrx_word' id='word_1_21' title='bbox 2097 451 2442 506; x_wconf 78' lang='lat' dir='ltr'><strong>neccssitatcttt</strong></span> <span class='ocrx_word' id='word_1_22' title='bbox 2472 456 2659 507; x_wconf 87' lang='lat' dir='ltr'><strong>iterum</strong></span> <span class='ocrx_word' id='word_1_23' title='bbox 2680 453 2914 523; x_wconf 76' lang='lat' dir='ltr'><strong>lavandi,</strong></span> <span class='ocrx_word' id='word_1_24' title='bbox 2942 454 3066 525; x_wconf 89' lang='lat' dir='ltr'><strong>quia</strong></span> <span class='ocrx_word' id='word_1_25' title='bbox 3086 464 3159 512; x_wconf 84' lang='lat' dir='ltr'><strong>est</strong></span> <span class='ocrx_word' id='word_1_26' title='bbox 3177 458 3401 513; x_wconf 85' lang='lat' dir='ltr'><strong>mundus</strong></span> <span class='ocrx_word' id='word_1_27' title='bbox 3431 470 3507 514; x_wconf 88' lang='lat' dir='ltr'><strong>to-</strong></span> 
     </span>
    </p>
   </div>
   <div class='ocr_carea' id='block_1_5' title="bbox 209 539 1806 610">
    <p class='ocr_par' dir='ltr' id='par_1_5' title="bbox 209 539 1806 610">
     <span class='ocr_line' id='line_1_5' title="bbox 209 539 1806 610; baseline 0.001 -15"><span class='ocrx_word' id='word_1_28' title='bbox 209 539 510 610; x_wconf 78' lang='lat' dir='ltr'><strong>Evangelio</strong></span> <span class='ocrx_word' id='word_1_29' title='bbox 550 539 661 610; x_wconf 76' lang='lat'><strong>82</strong></span> <span class='ocrx_word' id='word_1_30' title='bbox 691 547 1074 595; x_wconf 88' lang='lat' dir='ltr'><strong>testamentum</strong></span> <span class='ocrx_word' id='word_1_31' title='bbox 1103 539 1171 594; x_wconf 63' lang='lat' dir='ltr'><strong>ll?</strong></span> <span class='ocrx_word' id='word_1_32' title='bbox 1197 540 1330 607; x_wconf 84' lang='lat' dir='ltr'><strong>Quia</strong></span> <span class='ocrx_word' id='word_1_33' title='bbox 1375 540 1478 595; x_wconf 91' lang='lat' dir='ltr'><strong>hoc</strong></span> <span class='ocrx_word' id='word_1_34' title='bbox 1510 541 1629 596; x_wconf 90' lang='lat' dir='ltr'><strong>loco</strong></span> <span class='ocrx_word' id='word_1_35' title='bbox 1661 551 1806 596; x_wconf 88' lang='lat' dir='ltr'><strong>recte</strong></span> 
     </span>
    </p>
   </div>
   <div class='ocr_carea' id='block_1_6' title="bbox 206 631 1804 704">
    <p class='ocr_par' dir='ltr' id='par_1_6' title="bbox 206 631 1804 704">
     <span class='ocr_line' id='line_1_6' title="bbox 206 631 1804 704; baseline 0.002 -17"><span class='ocrx_word' id='word_1_36' title='bbox 206 641 437 703; x_wconf 88' lang='lat' dir='ltr'><strong>possunt</strong></span> <span class='ocrx_word' id='word_1_37' title='bbox 460 639 672 687; x_wconf 90' lang='lat' dir='ltr'><strong>terrena</strong></span> <span class='ocrx_word' id='word_1_38' title='bbox 698 631 1011 688; x_wconf 76' lang='lat' dir='ltr'><strong>cmlestibus</strong></span> <span class='ocrx_word' id='word_1_39' title='bbox 1039 633 1343 703; x_wconf 89' lang='lat' dir='ltr'><strong>comparari</strong></span> <span class='ocrx_word' id='word_1_40' title='bbox 1370 650 1384 687; x_wconf 90' lang='lat'><strong>:</strong></span> <span class='ocrx_word' id='word_1_41' title='bbox 1414 633 1521 690; x_wconf 91' lang='lat' dir='ltr'><strong>tale</strong></span> <span class='ocrx_word' id='word_1_42' title='bbox 1551 641 1635 690; x_wconf 90' lang='lat' dir='ltr'><strong>est</strong></span> <span class='ocrx_word' id='word_1_43' title='bbox 1661 633 1804 704; x_wconf 89' lang='lat' dir='ltr'><strong>quod</strong></span> 
     </span>
    </p>
   </div>
   <div class='ocr_carea' id='block_1_7' title="bbox 204 722 1802 798">
    <p class='ocr_par' dir='ltr' id='par_1_7' title="bbox 204 722 1802 798">
     <span class='ocr_line' id='line_1_7' title="bbox 204 722 1802 798; baseline 0.002 -20"><span class='ocrx_word' id='word_1_44' title='bbox 204 725 387 798; x_wconf 81' lang='lat' dir='ltr'><strong>quivis</strong></span> <span class='ocrx_word' id='word_1_45' title='bbox 418 724 696 778; x_wconf 88' lang='lat' dir='ltr'><strong>hominum</strong></span> <span class='ocrx_word' id='word_1_46' title='bbox 731 722 936 780; x_wconf 83' lang='lat' dir='ltr'><strong>habens</strong></span> <span class='ocrx_word' id='word_1_47' title='bbox 979 740 1300 781; x_wconf 89' lang='lat' dir='ltr'><strong>numerosos</strong></span> <span class='ocrx_word' id='word_1_48' title='bbox 1329 725 1470 782; x_wconf 85' lang='lat' dir='ltr'><strong>filios</strong></span> <span class='ocrx_word' id='word_1_49' title='bbox 1491 768 1506 793; x_wconf 95' lang='lat'><strong>,</strong></span> <span class='ocrx_word' id='word_1_50' title='bbox 1548 726 1802 798; x_wconf 82' lang='lat' dir='ltr'><strong>quamdiu</strong></span> 
     </span>
    </p>
   </div>
   <div class='ocr_carea' id='block_1_8' title="bbox 206 815 1806 888">
    <p class='ocr_par' dir='ltr' id='par_1_8' title="bbox 206 815 1806 888">
     <span class='ocr_line' id='line_1_8' title="bbox 206 815 1806 888; baseline 0.002 -19"><span class='ocrx_word' id='word_1_51' title='bbox 206 826 364 888; x_wconf 87' lang='lat' dir='ltr'><strong>pater</strong></span> <span class='ocrx_word' id='word_1_52' title='bbox 395 829 632 885; x_wconf 64' lang='lat' dir='ltr'><strong>praesens</strong></span> <span class='ocrx_word' id='word_1_53' title='bbox 671 825 788 882; x_wconf 85' lang='lat' dir='ltr'><strong>est,</strong></span> <span class='ocrx_word' id='word_1_54' title='bbox 836 816 951 886; x_wconf 92' lang='lat' dir='ltr'><strong>ipse</strong></span> <span class='ocrx_word' id='word_1_55' title='bbox 997 816 1224 885; x_wconf 87' lang='lat' dir='ltr'><strong>imperat</strong></span> <span class='ocrx_word' id='word_1_56' title='bbox 1267 815 1532 887; x_wconf 79' lang='lat' dir='ltr'><strong>singulis;</strong></span> <span class='ocrx_word' id='word_1_57' title='bbox 1585 825 1806 874; x_wconf 85' lang='lat' dir='ltr'><strong>nonest</strong></span> 
     </span>
    </p>
   </div>
   <div class='ocr_carea' id='block_1_9' title="bbox 204 910 1802 978">
    <p class='ocr_par' dir='ltr' id='par_1_9' title="bbox 204 910 1802 978">
     <span class='ocr_line' id='line_1_9' title="bbox 204 910 1802 978; baseline -0.001 -11"><span class='ocrx_word' id='word_1_58' title='bbox 204 911 382 967; x_wconf 83' lang='lat' dir='ltr'><strong>adhuc</strong></span> <span class='ocrx_word' id='word_1_59' title='bbox 414 910 782 965; x_wconf 87' lang='lat' dir='ltr'><strong>necessarium</strong></span> <span class='ocrx_word' id='word_1_60' title='bbox 828 917 1210 966; x_wconf 83' lang='lat' dir='ltr'><strong>testamentum</strong></span> <span class='ocrx_word' id='word_1_61' title='bbox 1245 929 1259 967; x_wconf 93' lang='lat'><strong>:</strong></span> <span class='ocrx_word' id='word_1_62' title='bbox 1303 911 1383 967; x_wconf 87' lang='lat' dir='ltr'><strong>sic</strong></span> <span class='ocrx_word' id='word_1_63' title='bbox 1423 922 1478 967; x_wconf 90' lang='lat' dir='ltr'><strong>et</strong></span> <span class='ocrx_word' id='word_1_64' title='bbox 1511 911 1761 967; x_wconf 84' lang='lat' dir='ltr'><strong>Christus</strong></span> <span class='ocrx_word' id='word_1_65' title='bbox 1786 953 1802 978; x_wconf 92' lang='lat'><strong>,</strong></span> 
     </span>
    </p>
   </div>
   <div class='ocr_carea' id='block_1_10' title="bbox 202 1002 1804 1075">
    <p class='ocr_par' dir='ltr' id='par_1_10' title="bbox 202 1002 1804 1075">
     <span class='ocr_line' id='line_1_10' title="bbox 202 1002 1804 1075; baseline 0 -17"><span class='ocrx_word' id='word_1_66' title='bbox 202 1003 464 1074; x_wconf 85' lang='lat' dir='ltr'><strong>quamdiu</strong></span> <span class='ocrx_word' id='word_1_67' title='bbox 507 1017 750 1074; x_wconf 67' lang='lat' dir='ltr'><strong>praesens</strong></span> <span class='ocrx_word' id='word_1_68' title='bbox 792 1003 843 1057; x_wconf 92' lang='lat' dir='ltr'><strong>in</strong></span> <span class='ocrx_word' id='word_1_69' title='bbox 878 1003 1037 1058; x_wconf 90' lang='lat' dir='ltr'><strong>terris</strong></span> <span class='ocrx_word' id='word_1_70' title='bbox 1078 1002 1175 1058; x_wconf 89' lang='lat' dir='ltr'><strong>fuit</strong></span> <span class='ocrx_word' id='word_1_71' title='bbox 1201 1002 1469 1075; x_wconf 80' lang='lat' dir='ltr'><strong>(quamvis</strong></span> <span class='ocrx_word' id='word_1_72' title='bbox 1513 1019 1614 1059; x_wconf 88' lang='lat' dir='ltr'><strong>nec</strong></span> <span class='ocrx_word' id='word_1_73' title='bbox 1644 1003 1804 1060; x_wconf 82' lang='lat' dir='ltr'><strong>modo</strong></span> 
     </span>
    </p>
   </div>
   <div class='ocr_carea' id='block_1_11' title="bbox 202 1095 1806 1169">
    <p class='ocr_par' dir='ltr' id='par_1_11' title="bbox 202 1095 1806 1169">
     <span class='ocr_line' id='line_1_11' title="bbox 202 1095 1806 1169; baseline 0.001 -17"><span class='ocrx_word' id='word_1_74' title='bbox 202 1097 392 1167; x_wconf 85' lang='lat' dir='ltr'><strong>desit),</strong></span> <span class='ocrx_word' id='word_1_75' title='bbox 424 1111 524 1167; x_wconf 92' lang='lat' dir='ltr'><strong>pro</strong></span> <span class='ocrx_word' id='word_1_76' title='bbox 556 1104 800 1166; x_wconf 85' lang='lat' dir='ltr'><strong>tempore</strong></span> <span class='ocrx_word' id='word_1_77' title='bbox 824 1095 1080 1169; x_wconf 88' lang='lat' dir='ltr'><strong>quidquid</strong></span> <span class='ocrx_word' id='word_1_78' title='bbox 1112 1097 1480 1153; x_wconf 88' lang='lat' dir='ltr'><strong>necessarium</strong></span> <span class='ocrx_word' id='word_1_79' title='bbox 1516 1107 1632 1153; x_wconf 91' lang='lat' dir='ltr'><strong>erat</strong></span> <span class='ocrx_word' id='word_1_80' title='bbox 1663 1101 1806 1168; x_wconf 83' lang='lat' dir='ltr'><strong>Apo-</strong></span> 
     </span>
    </p>
   </div>
   <div class='ocr_carea' id='block_1_12' title="bbox 201 1186 1804 1261">
    <p class='ocr_par' dir='ltr' id='par_1_12' title="bbox 201 1186 1804 1261">
     <span class='ocr_line' id='line_1_12' title="bbox 201 1186 1804 1261; baseline 0.001 -17"><span class='ocrx_word' id='word_1_81' title='bbox 201 1187 360 1244; x_wconf 90' lang='lat' dir='ltr'><strong>stolis</strong></span> <span class='ocrx_word' id='word_1_82' title='bbox 404 1188 706 1258; x_wconf 74' lang='lat' dir='ltr'><strong>imperavit.</strong></span> <span class='ocrx_word' id='word_1_83' title='bbox 745 1186 854 1244; x_wconf 90' lang='lat' dir='ltr'><strong>Sed</strong></span> <span class='ocrx_word' id='word_1_84' title='bbox 889 1189 1161 1260; x_wconf 92' lang='lat' dir='ltr'><strong>quomodo</strong></span> <span class='ocrx_word' id='word_1_85' title='bbox 1187 1199 1430 1245; x_wconf 90' lang='lat' dir='ltr'><strong>terrenus</strong></span> <span class='ocrx_word' id='word_1_86' title='bbox 1460 1197 1646 1261; x_wconf 86' lang='lat' dir='ltr'><strong>pater,</strong></span> <span class='ocrx_word' id='word_1_87' title='bbox 1676 1190 1804 1246; x_wconf 90' lang='lat' dir='ltr'><strong>dum</strong></span> 
     </span>
    </p>
   </div>
   <div class='ocr_carea' id='block_1_13' title="bbox 200 1280 1802 1355">
    <p class='ocr_par' dir='ltr' id='par_1_13' title="bbox 200 1280 1802 1355">
     <span class='ocr_line' id='line_1_13' title="bbox 200 1280 1802 1355; baseline 0.002 -20"><span class='ocrx_word' id='word_1_88' title='bbox 200 1294 262 1336; x_wconf 90' lang='lat' dir='ltr'><strong>se</strong></span> <span class='ocrx_word' id='word_1_89' title='bbox 288 1281 344 1336; x_wconf 91' lang='lat' dir='ltr'><strong>in</strong></span> <span class='ocrx_word' id='word_1_90' title='bbox 374 1280 615 1336; x_wconf 86' lang='lat' dir='ltr'><strong>c0nfmio</strong></span> <span class='ocrx_word' id='word_1_91' title='bbox 641 1281 873 1336; x_wconf 86' lang='lat' dir='ltr'><strong>senserit</strong></span> <span class='ocrx_word' id='word_1_92' title='bbox 911 1282 1105 1337; x_wconf 89' lang='lat' dir='ltr'><strong>mortis</strong></span> <span class='ocrx_word' id='word_1_93' title='bbox 1125 1322 1140 1349; x_wconf 97' lang='lat'><strong>,</strong></span> <span class='ocrx_word' id='word_1_94' title='bbox 1175 1282 1372 1338; x_wconf 89' lang='lat' dir='ltr'><strong>timens</strong></span> <span class='ocrx_word' id='word_1_95' title='bbox 1403 1297 1470 1338; x_wconf 91' lang='lat' dir='ltr'><strong>ne</strong></span> <span class='ocrx_word' id='word_1_96' title='bbox 1505 1293 1627 1355; x_wconf 88' lang='lat' dir='ltr'><strong>post</strong></span> <span class='ocrx_word' id='word_1_97' title='bbox 1656 1299 1802 1339; x_wconf 86' lang='lat' dir='ltr'><strong>mor-</strong></span> 
     </span>
    </p>
   </div>
   <div class='ocr_carea' id='block_1_14' title="bbox 201 1375 1804 1447">
    <p class='ocr_par' dir='ltr' id='par_1_14' title="bbox 201 1375 1804 1447">
     <span class='ocr_line' id='line_1_14' title="bbox 201 1375 1804 1447; baseline 0.004 -19"><span class='ocrx_word' id='word_1_98' title='bbox 201 1382 312 1428; x_wconf 89' lang='lat' dir='ltr'><strong>tem</strong></span> <span class='ocrx_word' id='word_1_99' title='bbox 359 1389 512 1429; x_wconf 83' lang='lat' dir='ltr'><strong>suam</strong></span> <span class='ocrx_word' id='word_1_100' title='bbox 542 1417 556 1441; x_wconf 91' lang='lat'><strong>,</strong></span> <span class='ocrx_word' id='word_1_101' title='bbox 601 1383 760 1445; x_wconf 89' lang='lat' dir='ltr'><strong>rupta</strong></span> <span class='ocrx_word' id='word_1_102' title='bbox 799 1389 970 1445; x_wconf 87' lang='lat' dir='ltr'><strong>pace,</strong></span> <span class='ocrx_word' id='word_1_103' title='bbox 1017 1375 1228 1447; x_wconf 83' lang='lat' dir='ltr'><strong>litigent</strong></span> <span class='ocrx_word' id='word_1_104' title='bbox 1269 1375 1498 1443; x_wconf 84' lang='lat' dir='ltr'><strong>fratres,</strong></span> <span class='ocrx_word' id='word_1_105' title='bbox 1545 1377 1804 1436; x_wconf 87' lang='lat' dir='ltr'><strong>adhibitis</strong></span> 
     </span>
    </p>
   </div>
   <div class='ocr_carea' id='block_1_15' title="bbox 199 1466 1803 1541">
    <p class='ocr_par' dir='ltr' id='par_1_15' title="bbox 199 1466 1803 1541">
     <span class='ocr_line' id='line_1_15' title="bbox 199 1466 1803 1541; baseline 0.004 -19"><span class='ocrx_word' id='word_1_106' title='bbox 199 1466 469 1534; x_wconf 79' lang='lat' dir='ltr'><strong>testibus,</strong></span> <span class='ocrx_word' id='word_1_107' title='bbox 531 1467 859 1523; x_wconf 87' lang='lat' dir='ltr'><strong>voluntatem</strong></span> <span class='ocrx_word' id='word_1_108' title='bbox 917 1483 1067 1523; x_wconf 89' lang='lat' dir='ltr'><strong>suam</strong></span> <span class='ocrx_word' id='word_1_109' title='bbox 1117 1469 1185 1525; x_wconf 91' lang='lat' dir='ltr'><strong>de</strong></span> <span class='ocrx_word' id='word_1_110' title='bbox 1254 1481 1470 1541; x_wconf 84' lang='lat' dir='ltr'><strong>pectore</strong></span> <span class='ocrx_word' id='word_1_111' title='bbox 1543 1473 1803 1528; x_wconf 87' lang='lat' dir='ltr'><strong>morituro</strong></span> 
     </span>
    </p>
   </div>
   <div class='ocr_carea' id='block_1_16' title="bbox 200 1557 1805 1620">
    <p class='ocr_par' dir='ltr' id='par_1_16' title="bbox 200 1557 1805 1620">
     <span class='ocr_line' id='line_1_16' title="bbox 200 1557 1805 1620; baseline 0.004 -7"><span class='ocrx_word' id='word_1_112' title='bbox 200 1557 459 1616; x_wconf 89' lang='lat' dir='ltr'><strong>transfert</strong></span> <span class='ocrx_word' id='word_1_113' title='bbox 487 1560 539 1614; x_wconf 92' lang='lat' dir='ltr'><strong>in</strong></span> <span class='ocrx_word' id='word_1_114' title='bbox 573 1561 784 1615; x_wconf 90' lang='lat' dir='ltr'><strong>tabulas</strong></span> <span class='ocrx_word' id='word_1_115' title='bbox 813 1560 904 1616; x_wconf 86' lang='lat' dir='ltr'><strong>ditt</strong></span> <span class='ocrx_word' id='word_1_116' title='bbox 932 1560 1256 1618; x_wconf 88' lang='lat' dir='ltr'><strong>duraturas:</strong></span> <span class='ocrx_word' id='word_1_117' title='bbox 1287 1571 1342 1618; x_wconf 90' lang='lat' dir='ltr'><strong>et</strong></span> <span class='ocrx_word' id='word_1_118' title='bbox 1382 1563 1427 1618; x_wconf 90' lang='lat' dir='ltr'><strong>si</strong></span> <span class='ocrx_word' id='word_1_119' title='bbox 1460 1562 1622 1620; x_wconf 89' lang='lat' dir='ltr'><strong>fuerit</strong></span> <span class='ocrx_word' id='word_1_120' title='bbox 1663 1565 1805 1620; x_wconf 89' lang='lat' dir='ltr'><strong>inter</strong></span> 
     </span>
    </p>
   </div>
   <div class='ocr_carea' id='block_1_17' title="bbox 200 1648 1800 1724">
    <p class='ocr_par' dir='ltr' id='par_1_17' title="bbox 200 1648 1800 1724">
     <span class='ocr_line' id='line_1_17' title="bbox 200 1648 1800 1724; baseline 0.005 -20"><span class='ocrx_word' id='word_1_121' title='bbox 200 1648 402 1705; x_wconf 72' lang='lat' dir='ltr'><strong>fratres</strong></span> <span class='ocrx_word' id='word_1_122' title='bbox 435 1662 556 1706; x_wconf 88' lang='lat' dir='ltr'><strong>nata</strong></span> <span class='ocrx_word' id='word_1_123' title='bbox 603 1652 916 1719; x_wconf 87' lang='lat' dir='ltr'><strong>contentio,</strong></span> <span class='ocrx_word' id='word_1_124' title='bbox 950 1668 1058 1708; x_wconf 92' lang='lat' dir='ltr'><strong>non</strong></span> <span class='ocrx_word' id='word_1_125' title='bbox 1108 1653 1217 1709; x_wconf 93' lang='lat' dir='ltr'><strong>itur</strong></span> <span class='ocrx_word' id='word_1_126' title='bbox 1255 1655 1321 1708; x_wconf 91' lang='lat' dir='ltr'><strong>ad</strong></span> <span class='ocrx_word' id='word_1_127' title='bbox 1369 1656 1630 1710; x_wconf 90' lang='lat' dir='ltr'><strong>tumulum</strong></span> <span class='ocrx_word' id='word_1_128' title='bbox 1656 1697 1672 1724; x_wconf 91' lang='lat'><strong>,</strong></span> <span class='ocrx_word' id='word_1_129' title='bbox 1705 1658 1800 1713; x_wconf 89' lang='lat' dir='ltr'><strong>sed</strong></span> 
     </span>
    </p>
   </div>
   <div class='ocr_carea' id='block_1_18' title="bbox 199 1743 1799 1821">
    <p class='ocr_par' dir='ltr' id='par_1_18' title="bbox 199 1743 1799 1821">
     <span class='ocr_line' id='line_1_18' title="bbox 199 1743 1799 1821; baseline 0.006 -24"><span class='ocrx_word' id='word_1_130' title='bbox 199 1743 466 1814; x_wconf 71' lang='lat' dir='ltr'><strong>quaeritur</strong></span> <span class='ocrx_word' id='word_1_131' title='bbox 497 1751 875 1802; x_wconf 85' lang='lat' dir='ltr'><strong>testamentum</strong></span> <span class='ocrx_word' id='word_1_132' title='bbox 904 1763 918 1800; x_wconf 91' lang='lat'><strong>:</strong></span> <span class='ocrx_word' id='word_1_133' title='bbox 952 1756 1006 1801; x_wconf 92' lang='lat' dir='ltr'><strong>et</strong></span> <span class='ocrx_word' id='word_1_134' title='bbox 1031 1745 1149 1818; x_wconf 81' lang='lat'><strong>(25)</strong></span> <span class='ocrx_word' id='word_1_135' title='bbox 1180 1748 1270 1816; x_wconf 89' lang='lat' dir='ltr'><strong>qui</strong></span> <span class='ocrx_word' id='word_1_136' title='bbox 1300 1747 1353 1803; x_wconf 93' lang='lat' dir='ltr'><strong>in</strong></span> <span class='ocrx_word' id='word_1_137' title='bbox 1383 1749 1590 1804; x_wconf 91' lang='lat' dir='ltr'><strong>tumulo</strong></span> <span class='ocrx_word' id='word_1_138' title='bbox 1617 1751 1799 1821; x_wconf 87' lang='lat' dir='ltr'><strong>quies—</strong></span> 
     </span>
    </p>
   </div>
   <div class='ocr_carea' id='block_1_19' title="bbox 1911 539 3505 623">
    <p class='ocr_par' dir='ltr' id='par_1_19' title="bbox 1911 539 3505 623">
     <span class='ocr_line' id='line_1_19' title="bbox 1911 539 3505 623; baseline 0.009 -29"><span class='ocrx_word' id='word_1_139' title='bbox 1911 549 1994 595; x_wconf 88' lang='lat' dir='ltr'><strong>tus</strong></span> <span class='ocrx_word' id='word_1_140' title='bbox 2023 539 2187 613; x_wconf 86' lang='lat' dir='ltr'><strong>(Ibid.</strong></span> <span class='ocrx_word' id='word_1_141' title='bbox 2221 542 2308 612; x_wconf 68' lang='grc'><strong>10)</strong></span> <span class='ocrx_word' id='word_1_142' title='bbox 2339 561 2352 598; x_wconf 92' lang='lat'><strong>:</strong></span> <span class='ocrx_word' id='word_1_143' title='bbox 2387 552 2442 598; x_wconf 90' lang='lat' dir='ltr'><strong>ct</strong></span> <span class='ocrx_word' id='word_1_144' title='bbox 2467 544 2534 600; x_wconf 90' lang='lat' dir='ltr'><strong>de</strong></span> <span class='ocrx_word' id='word_1_145' title='bbox 2577 561 2641 601; x_wconf 90' lang='lat' dir='ltr'><strong>eo</strong></span> <span class='ocrx_word' id='word_1_146' title='bbox 2671 547 2886 602; x_wconf 89' lang='lat' dir='ltr'><strong>lavacro</strong></span> <span class='ocrx_word' id='word_1_147' title='bbox 2927 549 3332 618; x_wconf 86' lang='lat' dir='ltr'><strong>pronuntiavit,</strong></span> <span class='ocrx_word' id='word_1_148' title='bbox 3362 552 3505 623; x_wconf 88' lang='lat' dir='ltr'><strong>quod</strong></span> 
     </span>
    </p>
   </div>
   <div class='ocr_carea' id='block_1_20' title="bbox 1909 635 3506 703">
    <p class='ocr_par' dir='ltr' id='par_1_20' title="bbox 1909 635 3506 703">
     <span class='ocr_line' id='line_1_20' title="bbox 1909 635 3506 703; baseline 0.008 -13"><span class='ocrx_word' id='word_1_149' title='bbox 1909 635 1976 691; x_wconf 91' lang='lat' dir='ltr'><strong>de</strong></span> <span class='ocrx_word' id='word_1_150' title='bbox 2003 636 2263 694; x_wconf 87' lang='lat' dir='ltr'><strong>Trinitate</strong></span> <span class='ocrx_word' id='word_1_151' title='bbox 2298 638 2684 696; x_wconf 89' lang='lat' dir='ltr'><strong>celebrandum</strong></span> <span class='ocrx_word' id='word_1_152' title='bbox 2712 656 2833 698; x_wconf 90' lang='lat' dir='ltr'><strong>esse</strong></span> <span class='ocrx_word' id='word_1_153' title='bbox 2869 642 3215 699; x_wconf 85' lang='lat' dir='ltr'><strong>mandaverat</strong></span> <span class='ocrx_word' id='word_1_154' title='bbox 3242 662 3255 699; x_wconf 90' lang='lat'><strong>:</strong></span> <span class='ocrx_word' id='word_1_155' title='bbox 3287 661 3394 701; x_wconf 92' lang='lat' dir='ltr'><strong>nou</strong></span> <span class='ocrx_word' id='word_1_156' title='bbox 3436 645 3506 703; x_wconf 90' lang='lat' dir='ltr'><strong>de</strong></span> 
     </span>
    </p>
   </div>
   <div class='ocr_carea' id='block_1_21' title="bbox 1908 729 3508 808">
    <p class='ocr_par' dir='ltr' id='par_1_21' title="bbox 1908 729 3508 808">
     <span class='ocr_line' id='line_1_21' title="bbox 1908 729 3508 808; baseline 0.007 -23"><span class='ocrx_word' id='word_1_157' title='bbox 1908 729 2216 786; x_wconf 73' lang='lat' dir='ltr'><strong>Judteorum</strong></span> <span class='ocrx_word' id='word_1_158' title='bbox 2257 743 2349 788; x_wconf 90' lang='lat' dir='ltr'><strong>aut</strong></span> <span class='ocrx_word' id='word_1_159' title='bbox 2377 732 2749 790; x_wconf 66' lang='lat' dir='ltr'><strong>haereticorum</strong></span> <span class='ocrx_word' id='word_1_160' title='bbox 2772 778 2788 800; x_wconf 83' lang='lat'><strong><em>.</em></strong></span> <span class='ocrx_word' id='word_1_161' title='bbox 2821 736 2943 808; x_wconf 90' lang='lat' dir='ltr'><strong>qui,</strong></span> <span class='ocrx_word' id='word_1_162' title='bbox 2990 737 3119 793; x_wconf 92' lang='lat' dir='ltr'><strong>dum</strong></span> <span class='ocrx_word' id='word_1_163' title='bbox 3148 739 3350 804; x_wconf 85' lang='lat' dir='ltr'><strong>lavant,</strong></span> <span class='ocrx_word' id='word_1_164' title='bbox 3388 754 3508 796; x_wconf 89' lang='lat' dir='ltr'><strong>sor-</strong></span> 
     </span>
    </p>
   </div>
   <div class='ocr_carea' id='block_1_22' title="bbox 1909 821 3502 898">
    <p class='ocr_par' dir='ltr' id='par_1_22' title="bbox 1909 821 3502 898">
     <span class='ocr_line' id='line_1_22' title="bbox 1909 821 3502 898; baseline 0.006 -22"><span class='ocrx_word' id='word_1_165' title='bbox 1909 821 2129 888; x_wconf 89' lang='lat' dir='ltr'><strong>didant;</strong></span> <span class='ocrx_word' id='word_1_166' title='bbox 2158 823 2251 878; x_wconf 92' lang='lat' dir='ltr'><strong>sed</strong></span> <span class='ocrx_word' id='word_1_167' title='bbox 2279 823 2348 879; x_wconf 90' lang='lat' dir='ltr'><strong>de</strong></span> <span class='ocrx_word' id='word_1_168' title='bbox 2374 839 2515 896; x_wconf 90' lang='lat' dir='ltr'><strong>aqua</strong></span> <span class='ocrx_word' id='word_1_169' title='bbox 2547 835 2758 894; x_wconf 87' lang='lat' dir='ltr'><strong>sancta,</strong></span> <span class='ocrx_word' id='word_1_170' title='bbox 2785 842 2905 898; x_wconf 73' lang='lat' dir='ltr'><strong>qum</strong></span> <span class='ocrx_word' id='word_1_171' title='bbox 2935 827 3006 884; x_wconf 89' lang='lat' dir='ltr'><strong>de</strong></span> <span class='ocrx_word' id='word_1_172' title='bbox 3033 829 3192 885; x_wconf 91' lang='lat' dir='ltr'><strong>trium</strong></span> <span class='ocrx_word' id='word_1_173' title='bbox 3225 831 3502 886; x_wconf 91' lang='lat' dir='ltr'><strong>nominum</strong></span> 
     </span>
    </p>
   </div>
   <div class='ocr_carea' id='block_1_23' title="bbox 1909 913 3506 992">
    <p class='ocr_par' dir='ltr' id='par_1_23' title="bbox 1909 913 3506 992">
     <span class='ocr_line' id='line_1_23' title="bbox 1909 913 3506 992; baseline 0.005 -22"><span class='ocrx_word' id='word_1_174' title='bbox 1909 913 2148 971; x_wconf 89' lang='lat' dir='ltr'><strong>fontibus</strong></span> <span class='ocrx_word' id='word_1_175' title='bbox 2187 915 2430 972; x_wconf 89' lang='lat' dir='ltr'><strong>inundat.</strong></span> <span class='ocrx_word' id='word_1_176' title='bbox 2470 915 2561 973; x_wconf 91' lang='lat' dir='ltr'><strong>Sic</strong></span> <span class='ocrx_word' id='word_1_177' title='bbox 2601 917 2743 972; x_wconf 88' lang='lat' dir='ltr'><strong>enim</strong></span> <span class='ocrx_word' id='word_1_178' title='bbox 2787 919 2902 990; x_wconf 90' lang='lat' dir='ltr'><strong>ipse</strong></span> <span class='ocrx_word' id='word_1_179' title='bbox 2949 920 3207 976; x_wconf 91' lang='lat' dir='ltr'><strong>Dominus</strong></span> <span class='ocrx_word' id='word_1_180' title='bbox 3249 922 3506 992; x_wconf 65' lang='lat' dir='ltr'><strong>praecepit</strong></span> 
     </span>
    </p>
   </div>
   <div class='ocr_carea' id='block_1_24' title="bbox 1907 1005 3503 1082">
    <p class='ocr_par' dir='ltr' id='par_1_24' title="bbox 1907 1005 3503 1082">
     <span class='ocr_line' id='line_1_24' title="bbox 1907 1005 3503 1082; baseline 0.005 -21"><span class='ocrx_word' id='word_1_181' title='bbox 1907 1005 2137 1061; x_wconf 90' lang='lat' dir='ltr'><strong>dicendo</strong></span> <span class='ocrx_word' id='word_1_182' title='bbox 2161 1024 2174 1060; x_wconf 89' lang='lat'><strong>:</strong></span> <span class='ocrx_word' id='word_1_183' title='bbox 2206 1008 2275 1062; x_wconf 92' lang='lat' dir='ltr'><strong>ite</strong></span> <span class='ocrx_word' id='word_1_184' title='bbox 2293 1048 2308 1072; x_wconf 94' lang='lat'><strong>,</strong></span> <span class='ocrx_word' id='word_1_185' title='bbox 2341 1007 2598 1078; x_wconf 78' lang='lat' dir='ltr'><strong>baptizate</strong></span> <span class='ocrx_word' id='word_1_186' title='bbox 2626 1025 2798 1064; x_wconf 89' lang='lat' dir='ltr'><strong>omnes</strong></span> <span class='ocrx_word' id='word_1_187' title='bbox 2839 1021 3010 1082; x_wconf 88' lang='lat' dir='ltr'><strong>gentes</strong></span> <span class='ocrx_word' id='word_1_188' title='bbox 3031 1055 3046 1080; x_wconf 95' lang='lat'><strong>,</strong></span> <span class='ocrx_word' id='word_1_189' title='bbox 3074 1013 3128 1068; x_wconf 89' lang='lat' dir='ltr'><strong>in</strong></span> <span class='ocrx_word' id='word_1_190' title='bbox 3157 1015 3362 1068; x_wconf 79' lang='lat' dir='ltr'><strong>nomine</strong></span> <span class='ocrx_word' id='word_1_191' title='bbox 3392 1013 3503 1070; x_wconf 84' lang='lat' dir='ltr'><strong>Pa-</strong></span> 
     </span>
    </p>
   </div>
   <div class='ocr_carea' id='block_1_25' title="bbox 1908 1098 3502 1179">
    <p class='ocr_par' dir='ltr' id='par_1_25' title="bbox 1908 1098 3502 1179">
     <span class='ocr_line' id='line_1_25' title="bbox 1908 1098 3502 1179; baseline 0.008 -27"><span class='ocrx_word' id='word_1_192' title='bbox 1908 1101 2003 1154; x_wconf 87' lang='lat' dir='ltr'><strong>tris</strong></span> <span class='ocrx_word' id='word_1_193' title='bbox 2026 1142 2041 1168; x_wconf 96' lang='lat'><strong>,</strong></span> <span class='ocrx_word' id='word_1_194' title='bbox 2075 1109 2124 1155; x_wconf 89' lang='lat' dir='ltr'><strong>et</strong></span> <span class='ocrx_word' id='word_1_195' title='bbox 2165 1098 2324 1167; x_wconf 82' lang='lat' dir='ltr'><strong>Filii,</strong></span> <span class='ocrx_word' id='word_1_196' title='bbox 2358 1110 2407 1156; x_wconf 89' lang='lat' dir='ltr'><strong>et</strong></span> <span class='ocrx_word' id='word_1_197' title='bbox 2438 1100 2670 1172; x_wconf 84' lang='lat' dir='ltr'><strong>Spiritus</strong></span> <span class='ocrx_word' id='word_1_198' title='bbox 2699 1105 2862 1158; x_wconf 84' lang='lat' dir='ltr'><strong>sancti</strong></span> <span class='ocrx_word' id='word_1_199' title='bbox 2888 1103 3118 1179; x_wconf 82' lang='lat' dir='ltr'><strong>(Matth.</strong></span> <span class='ocrx_word' id='word_1_200' title='bbox 3149 1123 3313 1162; x_wconf 79' lang='lat' dir='ltr'><strong>xxvtu</strong></span> <span class='ocrx_word' id='word_1_201' title='bbox 3339 1150 3354 1172; x_wconf 90' lang='lat'><strong>,</strong></span> <span class='ocrx_word' id='word_1_202' title='bbox 3383 1107 3502 1178; x_wconf 83' lang='lat'><strong>29).</strong></span> 
     </span>
    </p>
   </div>
   <div class='ocr_carea' id='block_1_26' title="bbox 1911 1191 3504 1264">
    <p class='ocr_par' dir='ltr' id='par_1_26' title="bbox 1911 1191 3504 1264">
     <span class='ocr_line' id='line_1_26' title="bbox 1911 1191 3504 1264; baseline 0.004 -17"><span class='ocrx_word' id='word_1_203' title='bbox 1911 1193 1985 1248; x_wconf 89' lang='lat' dir='ltr'><strong>De</strong></span> <span class='ocrx_word' id='word_1_204' title='bbox 2017 1191 2119 1249; x_wconf 88' lang='lat' dir='ltr'><strong>hoc</strong></span> <span class='ocrx_word' id='word_1_205' title='bbox 2149 1193 2360 1250; x_wconf 89' lang='lat' dir='ltr'><strong>lavacro</strong></span> <span class='ocrx_word' id='word_1_206' title='bbox 2389 1193 2564 1250; x_wconf 78' lang='lat' dir='ltr'><strong>dixit:</strong></span> <span class='ocrx_word' id='word_1_207' title='bbox 2596 1196 2685 1264; x_wconf 94' lang='lat' dir='ltr'><strong>qui</strong></span> <span class='ocrx_word' id='word_1_208' title='bbox 2724 1197 2880 1251; x_wconf 89' lang='lat' dir='ltr'><strong>semel</strong></span> <span class='ocrx_word' id='word_1_209' title='bbox 2915 1199 3052 1253; x_wconf 88' lang='lat' dir='ltr'><strong>lotus</strong></span> <span class='ocrx_word' id='word_1_210' title='bbox 3081 1208 3155 1253; x_wconf 83' lang='lat' dir='ltr'><strong>est</strong></span> <span class='ocrx_word' id='word_1_211' title='bbox 3175 1240 3190 1262; x_wconf 89' lang='lat'><strong>,</strong></span> <span class='ocrx_word' id='word_1_212' title='bbox 3217 1216 3319 1254; x_wconf 90' lang='lat' dir='ltr'><strong>non</strong></span> <span class='ocrx_word' id='word_1_213' title='bbox 3356 1199 3504 1256; x_wconf 87' lang='lat' dir='ltr'><strong>habet</strong></span> 
     </span>
    </p>
   </div>
   <div class='ocr_carea' id='block_1_27' title="bbox 1908 1285 3502 1364">
    <p class='ocr_par' dir='ltr' id='par_1_27' title="bbox 1908 1285 3502 1364">
     <span class='ocr_line' id='line_1_27' title="bbox 1908 1285 3502 1364; baseline 0.006 -27"><span class='ocrx_word' id='word_1_214' title='bbox 1908 1285 2256 1339; x_wconf 70' lang='lat' dir='ltr'><strong>necessitatem</strong></span> <span class='ocrx_word' id='word_1_215' title='bbox 2285 1286 2472 1340; x_wconf 83' lang='lat' dir='ltr'><strong>iterum</strong></span> <span class='ocrx_word' id='word_1_216' title='bbox 2493 1286 2700 1341; x_wconf 81' lang='lat' dir='ltr'><strong>lavandi</strong></span> <span class='ocrx_word' id='word_1_217' title='bbox 2723 1285 2904 1358; x_wconf 85' lang='lat' dir='ltr'><strong>(Joan.</strong></span> <span class='ocrx_word' id='word_1_218' title='bbox 2923 1305 3050 1355; x_wconf 83' lang='lat' dir='ltr'><strong>xm,</strong></span> <span class='ocrx_word' id='word_1_219' title='bbox 3082 1290 3193 1364; x_wconf 82' lang='grc'><strong>10).</strong></span> <span class='ocrx_word' id='word_1_220' title='bbox 3217 1290 3318 1360; x_wconf 84' lang='lat' dir='ltr'><strong>Qui</strong></span> <span class='ocrx_word' id='word_1_221' title='bbox 3336 1293 3502 1348; x_wconf 88' lang='lat' dir='ltr'><strong>semel</strong></span> 
     </span>
    </p>
   </div>
   <div class='ocr_carea' id='block_1_28' title="bbox 1907 1375 3499 1452">
    <p class='ocr_par' dir='ltr' id='par_1_28' title="bbox 1907 1375 3499 1452">
     <span class='ocr_line' id='line_1_28' title="bbox 1907 1375 3499 1452; baseline 0.006 -22"><span class='ocrx_word' id='word_1_222' title='bbox 1907 1375 2072 1442; x_wconf 78' lang='lat' dir='ltr'><strong>dixit,</strong></span> <span class='ocrx_word' id='word_1_223' title='bbox 2110 1376 2386 1447; x_wconf 86' lang='lat' dir='ltr'><strong>prohibuit</strong></span> <span class='ocrx_word' id='word_1_224' title='bbox 2429 1379 2625 1434; x_wconf 88' lang='lat' dir='ltr'><strong>iterum</strong></span> <span class='ocrx_word' id='word_1_225' title='bbox 2661 1380 2773 1436; x_wconf 88' lang='lat' dir='ltr'><strong>lieri</strong></span> <span class='ocrx_word' id='word_1_226' title='bbox 2803 1399 2816 1434; x_wconf 91' lang='lat'><strong>:</strong></span> <span class='ocrx_word' id='word_1_227' title='bbox 2845 1389 2900 1435; x_wconf 86' lang='lat' dir='ltr'><strong>et</strong></span> <span class='ocrx_word' id='word_1_228' title='bbox 2939 1381 3008 1437; x_wconf 93' lang='lat' dir='ltr'><strong>de</strong></span> <span class='ocrx_word' id='word_1_229' title='bbox 3037 1399 3096 1437; x_wconf 90' lang='lat' dir='ltr'><strong>re</strong></span> <span class='ocrx_word' id='word_1_230' title='bbox 3143 1383 3354 1439; x_wconf 87' lang='lat' dir='ltr'><strong>locutus</strong></span> <span class='ocrx_word' id='word_1_231' title='bbox 3383 1394 3499 1452; x_wconf 90' lang='lat' dir='ltr'><strong>est,</strong></span> 
     </span>
    </p>
   </div>
   <div class='ocr_carea' id='block_1_29' title="bbox 1906 1469 3501 1548">
    <p class='ocr_par' dir='ltr' id='par_1_29' title="bbox 1906 1469 3501 1548">
     <span class='ocr_line' id='line_1_29' title="bbox 1906 1469 3501 1548; baseline 0.006 -25"><span class='ocrx_word' id='word_1_232' title='bbox 1906 1469 2025 1541; x_wconf 92' lang='lat'><strong>(28)</strong></span> <span class='ocrx_word' id='word_1_233' title='bbox 2059 1485 2164 1526; x_wconf 91' lang='lat' dir='ltr'><strong>non</strong></span> <span class='ocrx_word' id='word_1_234' title='bbox 2194 1471 2263 1527; x_wconf 88' lang='lat' dir='ltr'><strong>de</strong></span> <span class='ocrx_word' id='word_1_235' title='bbox 2307 1487 2582 1544; x_wconf 86' lang='lat' dir='ltr'><strong>persona;</strong></span> <span class='ocrx_word' id='word_1_236' title='bbox 2623 1473 2740 1548; x_wconf 84' lang='lat'><strong>(29)</strong></span> <span class='ocrx_word' id='word_1_237' title='bbox 2773 1491 2894 1530; x_wconf 90' lang='lat' dir='ltr'><strong>nam</strong></span> <span class='ocrx_word' id='word_1_238' title='bbox 2937 1476 2983 1531; x_wconf 91' lang='lat' dir='ltr'><strong>si</strong></span> <span class='ocrx_word' id='word_1_239' title='bbox 3019 1487 3161 1533; x_wconf 91' lang='lat' dir='ltr'><strong>esset</strong></span> <span class='ocrx_word' id='word_1_240' title='bbox 3205 1477 3459 1533; x_wconf 81' lang='lat' dir='ltr'><strong>distantia</strong></span> <span class='ocrx_word' id='word_1_241' title='bbox 3485 1519 3501 1543; x_wconf 94' lang='lat'><strong>,</strong></span> 
     </span>
    </p>
   </div>
   <div class='ocr_carea' id='block_1_30' title="bbox 1906 1563 3503 1639">
    <p class='ocr_par' dir='ltr' id='par_1_30' title="bbox 1906 1563 3503 1639">
     <span class='ocr_line' id='line_1_30' title="bbox 1906 1563 3503 1639; baseline 0.004 -21"><span class='ocrx_word' id='word_1_242' title='bbox 1906 1563 2150 1620; x_wconf 87' lang='lat' dir='ltr'><strong>diceret:</strong></span> <span class='ocrx_word' id='word_1_243' title='bbox 2179 1565 2267 1634; x_wconf 87' lang='lat' dir='ltr'><strong>qui</strong></span> <span class='ocrx_word' id='word_1_244' title='bbox 2295 1565 2452 1621; x_wconf 81' lang='lat' dir='ltr'><strong>semel</strong></span> <span class='ocrx_word' id='word_1_245' title='bbox 2475 1566 2597 1620; x_wconf 86' lang='lat' dir='ltr'><strong>bene</strong></span> <span class='ocrx_word' id='word_1_246' title='bbox 2618 1568 2752 1622; x_wconf 87' lang='lat' dir='ltr'><strong>lotus</strong></span> <span class='ocrx_word' id='word_1_247' title='bbox 2774 1569 2962 1639; x_wconf 79' lang='lat' dir='ltr'><strong>fuerit;</strong></span> <span class='ocrx_word' id='word_1_248' title='bbox 2994 1569 3092 1624; x_wconf 90' lang='lat' dir='ltr'><strong>sed</strong></span> <span class='ocrx_word' id='word_1_249' title='bbox 3118 1568 3244 1624; x_wconf 92' lang='lat' dir='ltr'><strong>dum</strong></span> <span class='ocrx_word' id='word_1_250' title='bbox 3277 1583 3382 1624; x_wconf 89' lang='lat' dir='ltr'><strong>non</strong></span> <span class='ocrx_word' id='word_1_251' title='bbox 3408 1569 3503 1624; x_wconf 89' lang='lat' dir='ltr'><strong>ad-</strong></span> 
     </span>
    </p>
   </div>
   <div class='ocr_carea' id='block_1_31' title="bbox 1905 1649 3513 1733">
    <p class='ocr_par' dir='ltr' id='par_1_31' title="bbox 1905 1649 3513 1733">
     <span class='ocr_line' id='line_1_31' title="bbox 1905 1649 3513 1733; baseline 0.004 -22"><span class='ocrx_word' id='word_1_252' title='bbox 1905 1656 2042 1712; x_wconf 86' lang='lat' dir='ltr'><strong>didit</strong></span> <span class='ocrx_word' id='word_1_253' title='bbox 2071 1657 2330 1722; x_wconf 87' lang='lat' dir='ltr'><strong>vcrhum,</strong></span> <span class='ocrx_word' id='word_1_254' title='bbox 2363 1657 2520 1726; x_wconf 86' lang='lat' dir='ltr'><strong>bene,</strong></span> <span class='ocrx_word' id='word_1_255' title='bbox 2551 1658 2747 1714; x_wconf 91' lang='lat' dir='ltr'><strong>indicat</strong></span> <span class='ocrx_word' id='word_1_256' title='bbox 2777 1660 2900 1730; x_wconf 84' lang='lat' dir='ltr'><strong>quia</strong></span> <span class='ocrx_word' id='word_1_257' title='bbox 2941 1660 3200 1733; x_wconf 89' lang='lat' dir='ltr'><strong>quidquid</strong></span> <span class='ocrx_word' id='word_1_258' title='bbox 3242 1661 3294 1716; x_wconf 91' lang='lat' dir='ltr'><strong>iu</strong></span> <span class='ocrx_word' id='word_1_259' title='bbox 3325 1649 3513 1717; x_wconf 11' lang='lat' dir='ltr'><strong>&#39;l&#39;rini-i</strong></span> 
     </span>
    </p>
   </div>
   <div class='ocr_carea' id='block_1_32' title="bbox 1906 1751 3500 1825">
    <p class='ocr_par' dir='ltr' id='par_1_32' title="bbox 1906 1751 3500 1825">
     <span class='ocr_line' id='line_1_32' title="bbox 1906 1751 3500 1825; baseline 0.003 -19"><span class='ocrx_word' id='word_1_260' title='bbox 1906 1760 2014 1806; x_wconf 88' lang='lat' dir='ltr'><strong>tate</strong></span> <span class='ocrx_word' id='word_1_261' title='bbox 2043 1751 2240 1807; x_wconf 90' lang='lat' dir='ltr'><strong>factum</strong></span> <span class='ocrx_word' id='word_1_262' title='bbox 2275 1751 2470 1822; x_wconf 88' lang='lat' dir='ltr'><strong>fuerit,</strong></span> <span class='ocrx_word' id='word_1_263' title='bbox 2504 1755 2642 1808; x_wconf 87' lang='lat' dir='ltr'><strong>bene</strong></span> <span class='ocrx_word' id='word_1_264' title='bbox 2677 1762 2784 1810; x_wconf 86' lang='lat' dir='ltr'><strong>est.</strong></span> <span class='ocrx_word' id='word_1_265' title='bbox 2820 1753 2949 1809; x_wconf 91' lang='lat' dir='ltr'><strong>lude</strong></span> <span class='ocrx_word' id='word_1_266' title='bbox 2974 1763 3089 1821; x_wconf 90' lang='lat' dir='ltr'><strong>est,</strong></span> <span class='ocrx_word' id='word_1_267' title='bbox 3119 1754 3259 1825; x_wconf 92' lang='lat' dir='ltr'><strong>quod</strong></span> <span class='ocrx_word' id='word_1_268' title='bbox 3293 1755 3500 1825; x_wconf 90' lang='lat' dir='ltr'><strong>simpli-</strong></span> 
     </span>
    </p>
   </div>
   <div class='ocr_carea' id='block_1_33' title="bbox 195 1836 3498 1917">
    <p class='ocr_par' dir='ltr' id='par_1_33' title="bbox 195 1836 3498 1917">
     <span class='ocr_line' id='line_1_33' title="bbox 195 1836 3498 1917; baseline 0.003 -25"><span class='ocrx_word' id='word_1_269' title='bbox 195 1838 311 1905; x_wconf 90' lang='lat' dir='ltr'><strong>cit,</strong></span> <span class='ocrx_word' id='word_1_270' title='bbox 343 1836 539 1893; x_wconf 89' lang='lat' dir='ltr'><strong>tacitus</strong></span> <span class='ocrx_word' id='word_1_271' title='bbox 569 1838 637 1893; x_wconf 91' lang='lat' dir='ltr'><strong>de</strong></span> <span class='ocrx_word' id='word_1_272' title='bbox 664 1838 862 1894; x_wconf 87' lang='lat' dir='ltr'><strong>tabulis</strong></span> <span class='ocrx_word' id='word_1_273' title='bbox 888 1839 1145 1910; x_wconf 89' lang='lat' dir='ltr'><strong>loquitur.</strong></span> <span class='ocrx_word' id='word_1_274' title='bbox 1173 1839 1365 1908; x_wconf 85' lang='lat' dir='ltr'><strong>Vivus,</strong></span> <span class='ocrx_word' id='word_1_275' title='bbox 1398 1843 1552 1913; x_wconf 86' lang='lat' dir='ltr'><strong>cujus</strong></span> <span class='ocrx_word' id='word_1_276' title='bbox 1583 1855 1662 1898; x_wconf 91' lang='lat' dir='ltr'><strong>est</strong></span> <span class='ocrx_word' id='word_1_277' title='bbox 1691 1853 1798 1900; x_wconf 83' lang='lat' dir='ltr'><strong>tes-</strong></span> <span class='ocrx_word' id='word_1_278' title='bbox 1831 1851 1876 1910; x_wconf 82' lang='grc' dir='ltr'><strong>Β</strong></span> <span class='ocrx_word' id='word_1_279' title='bbox 1901 1845 2040 1899; x_wconf 91' lang='lat' dir='ltr'><strong>citer</strong></span> <span class='ocrx_word' id='word_1_280' title='bbox 2073 1860 2102 1898; x_wconf 91' lang='lat' dir='ltr'><strong>a</strong></span> <span class='ocrx_word' id='word_1_281' title='bbox 2147 1845 2300 1900; x_wconf 84' lang='lat' dir='ltr'><strong>vobis</strong></span> <span class='ocrx_word' id='word_1_282' title='bbox 2331 1845 2605 1902; x_wconf 81' lang='lat' dir='ltr'><strong>venientes</strong></span> <span class='ocrx_word' id='word_1_283' title='bbox 2631 1847 2951 1917; x_wconf 82' lang='lat' dir='ltr'><strong>excipimus.</strong></span> <span class='ocrx_word' id='word_1_284' title='bbox 2979 1847 3114 1903; x_wconf 90' lang='lat' dir='ltr'><strong>Cum</strong></span> <span class='ocrx_word' id='word_1_285' title='bbox 3150 1858 3172 1887; x_wconf 78' lang='grc' dir='ltr'><strong>ο</strong></span> <span class='ocrx_word' id='word_1_286' title='bbox 3195 1847 3364 1903; x_wconf 91' lang='lat' dir='ltr'><strong>dicit:</strong></span> <span class='ocrx_word' id='word_1_287' title='bbox 3397 1864 3498 1903; x_wconf 91' lang='lat' dir='ltr'><strong>non</strong></span> 
     </span>
    </p>
   </div>
   <div class='ocr_carea' id='block_1_34' title="bbox 195 1933 1802 2008">
    <p class='ocr_par' dir='ltr' id='par_1_34' title="bbox 195 1933 1802 2008">
     <span class='ocr_line' id='line_1_34' title="bbox 195 1933 1802 2008; baseline 0.006 -22"><span class='ocrx_word' id='word_1_288' title='bbox 195 1941 497 1988; x_wconf 89' lang='lat' dir='ltr'><strong>tamentum</strong></span> <span class='ocrx_word' id='word_1_289' title='bbox 519 1975 534 2001; x_wconf 95' lang='lat'><strong>,</strong></span> <span class='ocrx_word' id='word_1_290' title='bbox 577 1933 632 1989; x_wconf 93' lang='lat' dir='ltr'><strong>in</strong></span> <span class='ocrx_word' id='word_1_291' title='bbox 679 1934 820 1990; x_wconf 65' lang='lat' dir='ltr'><strong>caelo</strong></span> <span class='ocrx_word' id='word_1_292' title='bbox 849 1945 930 1989; x_wconf 89' lang='lat' dir='ltr'><strong>cst</strong></span> <span class='ocrx_word' id='word_1_293' title='bbox 961 1953 975 1990; x_wconf 89' lang='lat'><strong>:</strong></span> <span class='ocrx_word' id='word_1_294' title='bbox 1020 1950 1150 2007; x_wconf 87' lang='lat' dir='ltr'><strong>ergo</strong></span> <span class='ocrx_word' id='word_1_295' title='bbox 1187 1936 1438 1991; x_wconf 86' lang='lat' dir='ltr'><strong>voluntas</strong></span> <span class='ocrx_word' id='word_1_296' title='bbox 1465 1939 1582 2008; x_wconf 87' lang='lat' dir='ltr'><strong>ejus</strong></span> <span class='ocrx_word' id='word_1_297' title='bbox 1605 1981 1620 2005; x_wconf 96' lang='lat'><strong>,</strong></span> <span class='ocrx_word' id='word_1_298' title='bbox 1654 1940 1802 1995; x_wconf 86' lang='lat' dir='ltr'><strong>velut</strong></span> 
     </span>
    </p>
   </div>
   <div class='ocr_carea' id='block_1_35' title="bbox 195 2028 1795 2103">
    <p class='ocr_par' dir='ltr' id='par_1_35' title="bbox 195 2028 1795 2103">
     <span class='ocr_line' id='line_1_35' title="bbox 195 2028 1795 2103; baseline 0.004 -20"><span class='ocrx_word' id='word_1_299' title='bbox 195 2028 252 2083; x_wconf 91' lang='lat' dir='ltr'><strong>in</strong></span> <span class='ocrx_word' id='word_1_300' title='bbox 288 2038 649 2094; x_wconf 88' lang='lat' dir='ltr'><strong>testamento,</strong></span> <span class='ocrx_word' id='word_1_301' title='bbox 700 2033 778 2085; x_wconf 90' lang='lat' dir='ltr'><strong>sic</strong></span> <span class='ocrx_word' id='word_1_302' title='bbox 811 2031 864 2085; x_wconf 91' lang='lat' dir='ltr'><strong>in</strong></span> <span class='ocrx_word' id='word_1_303' title='bbox 899 2031 1191 2102; x_wconf 82' lang='lat' dir='ltr'><strong>Evangelio</strong></span> <span class='ocrx_word' id='word_1_304' title='bbox 1230 2031 1554 2103; x_wconf 77' lang='lat' dir='ltr'><strong>requiratur.</strong></span> <span class='ocrx_word' id='word_1_305' title='bbox 1588 2034 1795 2089; x_wconf 80' lang='lat' dir='ltr'><strong>Etenim</strong></span> 
     </span>
    </p>
   </div>
   <div class='ocr_carea' id='block_1_36' title="bbox 191 2121 1796 2196">
    <p class='ocr_par' dir='ltr' id='par_1_36' title="bbox 191 2121 1796 2196">
     <span class='ocr_line' id='line_1_36' title="bbox 191 2121 1796 2196; baseline 0.004 -20"><span class='ocrx_word' id='word_1_306' title='bbox 191 2121 264 2177; x_wconf 92' lang='lat' dir='ltr'><strong>de</strong></span> <span class='ocrx_word' id='word_1_307' title='bbox 311 2123 650 2193; x_wconf 65' lang='lat' dir='ltr'><strong>pra-scientia</strong></span> <span class='ocrx_word' id='word_1_308' title='bbox 704 2121 763 2190; x_wconf 75' lang='grc' dir='ltr'><strong>δ,</strong></span> <span class='ocrx_word' id='word_1_309' title='bbox 813 2139 933 2194; x_wconf 80' lang='lat' dir='ltr'><strong>qua:</strong></span> <span class='ocrx_word' id='word_1_310' title='bbox 983 2123 1146 2180; x_wconf 91' lang='lat' dir='ltr'><strong>modo</strong></span> <span class='ocrx_word' id='word_1_311' title='bbox 1197 2126 1408 2192; x_wconf 83' lang='lat' dir='ltr'><strong>facitis,</strong></span> <span class='ocrx_word' id='word_1_312' title='bbox 1457 2126 1569 2196; x_wconf 89' lang='lat' dir='ltr'><strong>jam</strong></span> <span class='ocrx_word' id='word_1_313' title='bbox 1618 2125 1796 2184; x_wconf 92' lang='lat' dir='ltr'><strong>futura</strong></span> 
     </span>
    </p>
   </div>
   <div class='ocr_carea' id='block_1_37' title="bbox 191 2217 1797 2290">
    <p class='ocr_par' dir='ltr' id='par_1_37' title="bbox 191 2217 1797 2290">
     <span class='ocr_line' id='line_1_37' title="bbox 191 2217 1797 2290; baseline 0.004 -20"><span class='ocrx_word' id='word_1_314' title='bbox 191 2225 556 2286; x_wconf 77' lang='lat' dir='ltr'><strong>conSpexerat</strong></span> <span class='ocrx_word' id='word_1_315' title='bbox 596 2217 874 2274; x_wconf 71' lang='lat' dir='ltr'><strong>Christus;</strong></span> <span class='ocrx_word' id='word_1_316' title='bbox 915 2218 1155 2288; x_wconf 81' lang='lat' dir='ltr'><strong>Denique</strong></span> <span class='ocrx_word' id='word_1_317' title='bbox 1203 2233 1322 2274; x_wconf 89' lang='lat' dir='ltr'><strong>cum</strong></span> <span class='ocrx_word' id='word_1_318' title='bbox 1379 2220 1581 2275; x_wconf 89' lang='lat' dir='ltr'><strong>lavaret</strong></span> <span class='ocrx_word' id='word_1_319' title='bbox 1635 2221 1797 2290; x_wconf 86' lang='lat' dir='ltr'><strong>pedes</strong></span> 
     </span>
    </p>
   </div>
   <div class='ocr_carea' id='block_1_38' title="bbox 189 2309 1797 2384">
    <p class='ocr_par' dir='ltr' id='par_1_38' title="bbox 189 2309 1797 2384">
     <span class='ocr_line' id='line_1_38' title="bbox 189 2309 1797 2384; baseline 0.002 -20"><span class='ocrx_word' id='word_1_320' title='bbox 189 2309 475 2381; x_wconf 89' lang='lat' dir='ltr'><strong>discipulis</strong></span> <span class='ocrx_word' id='word_1_321' title='bbox 503 2310 616 2366; x_wconf 90' lang='lat' dir='ltr'><strong>suis</strong></span> <span class='ocrx_word' id='word_1_322' title='bbox 638 2351 654 2377; x_wconf 91' lang='lat'><strong>,</strong></span> <span class='ocrx_word' id='word_1_323' title='bbox 695 2311 776 2366; x_wconf 90' lang='lat' dir='ltr'><strong>sic</strong></span> <span class='ocrx_word' id='word_1_324' title='bbox 813 2311 889 2365; x_wconf 90' lang='lat' dir='ltr'><strong>ait</strong></span> <span class='ocrx_word' id='word_1_325' title='bbox 934 2309 1098 2365; x_wconf 89' lang='lat' dir='ltr'><strong>Petro</strong></span> <span class='ocrx_word' id='word_1_326' title='bbox 1133 2309 1302 2366; x_wconf 90' lang='lat' dir='ltr'><strong>Filius</strong></span> <span class='ocrx_word' id='word_1_327' title='bbox 1349 2311 1446 2367; x_wconf 91' lang='lat' dir='ltr'><strong>Dei</strong></span> <span class='ocrx_word' id='word_1_328' title='bbox 1491 2329 1503 2365; x_wconf 93' lang='lat'><strong>:</strong></span> <span class='ocrx_word' id='word_1_329' title='bbox 1534 2311 1675 2382; x_wconf 84' lang='lat' dir='ltr'><strong>quod</strong></span> <span class='ocrx_word' id='word_1_330' title='bbox 1703 2329 1797 2384; x_wconf 89' lang='lat' dir='ltr'><strong>ego</strong></span> 
     </span>
    </p>
   </div>
   <div class='ocr_carea' id='block_1_39' title="bbox 189 2403 1793 2478">
    <p class='ocr_par' dir='ltr' id='par_1_39' title="bbox 189 2403 1793 2478">
     <span class='ocr_line' id='line_1_39' title="bbox 189 2403 1793 2478; baseline 0.002 -21"><span class='ocrx_word' id='word_1_331' title='bbox 189 2403 366 2474; x_wconf 78' lang='lat' dir='ltr'><strong>facio,</strong></span> <span class='ocrx_word' id='word_1_332' title='bbox 400 2413 457 2458; x_wconf 90' lang='lat' dir='ltr'><strong>tu</strong></span> <span class='ocrx_word' id='word_1_333' title='bbox 484 2404 693 2472; x_wconf 85' lang='lat' dir='ltr'><strong>nescis;</strong></span> <span class='ocrx_word' id='word_1_334' title='bbox 721 2406 850 2459; x_wconf 83' lang='lat' dir='ltr'><strong>scies</strong></span> <span class='ocrx_word' id='word_1_335' title='bbox 913 2415 1083 2460; x_wconf 88' lang='lat' dir='ltr'><strong>autem</strong></span> <span class='ocrx_word' id='word_1_336' title='bbox 1123 2415 1298 2478; x_wconf 84' lang='lat' dir='ltr'><strong>postea</strong></span> <span class='ocrx_word' id='word_1_337' title='bbox 1337 2405 1520 2473; x_wconf 86' lang='lat' dir='ltr'><strong>(Joan.</strong></span> <span class='ocrx_word' id='word_1_338' title='bbox 1551 2423 1641 2462; x_wconf 71' lang='grc' dir='ltr'>χιιι</span> <span class='ocrx_word' id='word_1_339' title='bbox 1664 2448 1679 2474; x_wconf 88' lang='grc'><strong><em>,</em></strong></span> <span class='ocrx_word' id='word_1_340' title='bbox 1712 2407 1793 2478; x_wconf 89' lang='lat'><strong>8).</strong></span> 
     </span>
    </p>
   </div>
   <div class='ocr_carea' id='block_1_40' title="bbox 190 2496 1792 2569">
    <p class='ocr_par' dir='ltr' id='par_1_40' title="bbox 190 2496 1792 2569">
     <span class='ocr_line' id='line_1_40' title="bbox 190 2496 1792 2569; baseline 0.002 -17"><span class='ocrx_word' id='word_1_341' title='bbox 190 2496 480 2563; x_wconf 86' lang='lat' dir='ltr'><strong>Diccttdo,</strong></span> <span class='ocrx_word' id='word_1_342' title='bbox 531 2499 662 2552; x_wconf 84' lang='lat' dir='ltr'><strong>scies</strong></span> <span class='ocrx_word' id='word_1_343' title='bbox 706 2507 922 2566; x_wconf 61' lang='lat' dir='ltr'><strong>postia,</strong></span> <span class='ocrx_word' id='word_1_344' title='bbox 965 2497 1080 2554; x_wconf 69' lang='lat' dir='ltr'><strong>hare</strong></span> <span class='ocrx_word' id='word_1_345' title='bbox 1145 2508 1386 2567; x_wconf 87' lang='lat' dir='ltr'><strong>tempora</strong></span> <span class='ocrx_word' id='word_1_346' title='bbox 1433 2499 1792 2569; x_wconf 79' lang='lat' dir='ltr'><strong>designabat:</strong></span> 
     </span>
    </p>
   </div>
   <div class='ocr_carea' id='block_1_41' title="bbox 186 2589 1792 2662">
    <p class='ocr_par' dir='ltr' id='par_1_41' title="bbox 186 2589 1792 2662">
     <span class='ocr_line' id='line_1_41' title="bbox 186 2589 1792 2662; baseline -0.001 -15"><span class='ocrx_word' id='word_1_347' title='bbox 186 2605 322 2662; x_wconf 84' lang='lat' dir='ltr'><strong>ergo</strong></span> <span class='ocrx_word' id='word_1_348' title='bbox 368 2590 507 2646; x_wconf 87' lang='lat' dir='ltr'><strong>inter</strong></span> <span class='ocrx_word' id='word_1_349' title='bbox 543 2599 770 2646; x_wconf 62' lang='lat' dir='ltr'><strong>Caeteros</strong></span> <span class='ocrx_word' id='word_1_350' title='bbox 795 2589 1128 2646; x_wconf 87' lang='lat' dir='ltr'><strong>Testamenti</strong></span> <span class='ocrx_word' id='word_1_351' title='bbox 1157 2590 1375 2657; x_wconf 88' lang='lat' dir='ltr'><strong>titulos,</strong></span> <span class='ocrx_word' id='word_1_352' title='bbox 1406 2589 1549 2646; x_wconf 92' lang='lat' dir='ltr'><strong>hunc</strong></span> <span class='ocrx_word' id='word_1_353' title='bbox 1579 2591 1792 2646; x_wconf 88' lang='lat' dir='ltr'><strong>titulum</strong></span> 
     </span>
    </p>
   </div>
   <div class='ocr_carea' id='block_1_42' title="bbox 184 2683 1794 2758">
    <p class='ocr_par' dir='ltr' id='par_1_42' title="bbox 184 2683 1794 2758">
     <span class='ocr_line' id='line_1_42' title="bbox 184 2683 1794 2758; baseline 0.003 -18"><span class='ocrx_word' id='word_1_354' title='bbox 184 2684 256 2740; x_wconf 90' lang='lat' dir='ltr'><strong>de</strong></span> <span class='ocrx_word' id='word_1_355' title='bbox 308 2701 447 2756; x_wconf 88' lang='lat' dir='ltr'><strong>aqua</strong></span> <span class='ocrx_word' id='word_1_356' title='bbox 497 2685 798 2740; x_wconf 89' lang='lat' dir='ltr'><strong>constituit.</strong></span> <span class='ocrx_word' id='word_1_357' title='bbox 854 2683 987 2740; x_wconf 89' lang='lat' dir='ltr'><strong>Cum</strong></span> <span class='ocrx_word' id='word_1_358' title='bbox 1039 2685 1245 2742; x_wconf 84' lang='lat' dir='ltr'><strong>lavarct</strong></span> <span class='ocrx_word' id='word_1_359' title='bbox 1292 2687 1455 2756; x_wconf 88' lang='lat' dir='ltr'><strong>pedes</strong></span> <span class='ocrx_word' id='word_1_360' title='bbox 1509 2687 1794 2758; x_wconf 81' lang='lat' dir='ltr'><strong>Discipulis</strong></span> 
     </span>
    </p>
   </div>
   <div class='ocr_carea' id='block_1_43' title="bbox 183 2776 1791 2849">
    <p class='ocr_par' dir='ltr' id='par_1_43' title="bbox 183 2776 1791 2849">
     <span class='ocr_line' id='line_1_43' title="bbox 183 2776 1791 2849; baseline 0.001 -16"><span class='ocrx_word' id='word_1_361' title='bbox 183 2778 327 2849; x_wconf 85' lang='lat' dir='ltr'><strong>suis,</strong></span> <span class='ocrx_word' id='word_1_362' title='bbox 362 2777 666 2833; x_wconf 85' lang='lat' dir='ltr'><strong>tacentibus</strong></span> <span class='ocrx_word' id='word_1_363' title='bbox 699 2777 931 2842; x_wconf 83' lang='lat' dir='ltr'><strong>caeteris,</strong></span> <span class='ocrx_word' id='word_1_364' title='bbox 961 2776 1008 2832; x_wconf 90' lang='lat' dir='ltr'><strong>si</strong></span> <span class='ocrx_word' id='word_1_365' title='bbox 1039 2789 1240 2834; x_wconf 88' lang='lat' dir='ltr'><strong>taceret</strong></span> <span class='ocrx_word' id='word_1_366' title='bbox 1270 2789 1323 2833; x_wconf 91' lang='lat' dir='ltr'><strong>et</strong></span> <span class='ocrx_word' id='word_1_367' title='bbox 1370 2777 1562 2834; x_wconf 91' lang='lat' dir='ltr'><strong>Petrus</strong></span> <span class='ocrx_word' id='word_1_368' title='bbox 1582 2822 1596 2846; x_wconf 89' lang='lat'><strong>,</strong></span> <span class='ocrx_word' id='word_1_369' title='bbox 1625 2780 1791 2835; x_wconf 91' lang='lat' dir='ltr'><strong>solam</strong></span> 
     </span>
    </p>
   </div>
   <div class='ocr_carea' id='block_1_44' title="bbox 184 2871 1790 2946">
    <p class='ocr_par' dir='ltr' id='par_1_44' title="bbox 184 2871 1790 2946">
     <span class='ocr_line' id='line_1_44' title="bbox 184 2871 1790 2946; baseline 0.001 -18"><span class='ocrx_word' id='word_1_370' title='bbox 184 2874 396 2929; x_wconf 76' lang='lat' dir='ltr'><strong>fecerat</strong></span> <span class='ocrx_word' id='word_1_371' title='bbox 435 2871 548 2946; x_wconf 84' lang='lat'><strong>(26)</strong></span> <span class='ocrx_word' id='word_1_372' title='bbox 578 2873 806 2929; x_wconf 81' lang='lat' dir='ltr'><strong>formam</strong></span> <span class='ocrx_word' id='word_1_373' title='bbox 856 2872 1206 2941; x_wconf 82' lang='lat' dir='ltr'><strong>humilitatis,</strong></span> <span class='ocrx_word' id='word_1_374' title='bbox 1241 2872 1371 2928; x_wconf 87' lang='lat' dir='ltr'><strong>nihil</strong></span> <span class='ocrx_word' id='word_1_375' title='bbox 1401 2875 1790 2945; x_wconf 87' lang='lat' dir='ltr'><strong>pronuntiave-</strong></span> 
     </span>
    </p>
   </div>
   <div class='ocr_carea' id='block_1_45' title="bbox 179 2965 1790 3036">
    <p class='ocr_par' dir='ltr' id='par_1_45' title="bbox 179 2965 1790 3036">
     <span class='ocr_line' id='line_1_45' title="bbox 179 2965 1790 3036; baseline -0.001 -13"><span class='ocrx_word' id='word_1_376' title='bbox 179 2975 270 3023; x_wconf 79' lang='lat' dir='ltr'><strong>rat</strong></span> <span class='ocrx_word' id='word_1_377' title='bbox 318 2967 386 3021; x_wconf 88' lang='lat' dir='ltr'><strong>de</strong></span> <span class='ocrx_word' id='word_1_378' title='bbox 427 2976 769 3022; x_wconf 91' lang='lat' dir='ltr'><strong>sacramento</strong></span> <span class='ocrx_word' id='word_1_379' title='bbox 799 2965 1159 3036; x_wconf 81' lang='lat' dir='ltr'><strong>baptismatis.</strong></span> <span class='ocrx_word' id='word_1_380' title='bbox 1192 2965 1298 3021; x_wconf 81' lang='lat' dir='ltr'><strong>Sed</strong></span> <span class='ocrx_word' id='word_1_381' title='bbox 1331 2980 1453 3020; x_wconf 89' lang='lat' dir='ltr'><strong>cum</strong></span> <span class='ocrx_word' id='word_1_382' title='bbox 1485 2966 1677 3022; x_wconf 82' lang='lat' dir='ltr'><strong>Petrus</strong></span> <span class='ocrx_word' id='word_1_383' title='bbox 1705 2982 1790 3022; x_wconf 85' lang='lat' dir='ltr'><strong>re-</strong></span> 
     </span>
    </p>
   </div>
   <div class='ocr_carea' id='block_1_46' title="bbox 177 3059 1786 3132">
    <p class='ocr_par' dir='ltr' id='par_1_46' title="bbox 177 3059 1786 3132">
     <span class='ocr_line' id='line_1_46' title="bbox 177 3059 1786 3132; baseline -0.002 -14"><span class='ocrx_word' id='word_1_384' title='bbox 177 3070 379 3127; x_wconf 90' lang='lat' dir='ltr'><strong>cusat,</strong></span> <span class='ocrx_word' id='word_1_385' title='bbox 430 3077 531 3117; x_wconf 91' lang='lat' dir='ltr'><strong>nec</strong></span> <span class='ocrx_word' id='word_1_386' title='bbox 583 3063 748 3132; x_wconf 86' lang='lat' dir='ltr'><strong>pedes</strong></span> <span class='ocrx_word' id='word_1_387' title='bbox 801 3059 906 3115; x_wconf 88' lang='lat' dir='ltr'><strong>sibi</strong></span> <span class='ocrx_word' id='word_1_388' title='bbox 957 3060 1121 3114; x_wconf 88' lang='lat' dir='ltr'><strong>lavari</strong></span> <span class='ocrx_word' id='word_1_389' title='bbox 1173 3060 1461 3130; x_wconf 90' lang='lat' dir='ltr'><strong>permisit,</strong></span> <span class='ocrx_word' id='word_1_390' title='bbox 1510 3071 1667 3131; x_wconf 76' lang='lat' dir='ltr'><strong>negat</strong></span> <span class='ocrx_word' id='word_1_391' title='bbox 1707 3060 1786 3114; x_wconf 86' lang='lat' dir='ltr'><strong>illi</strong></span> 
     </span>
    </p>
   </div>
   <div class='ocr_carea' id='block_1_47' title="bbox 178 3154 1785 3228">
    <p class='ocr_par' dir='ltr' id='par_1_47' title="bbox 178 3154 1785 3228">
     <span class='ocr_line' id='line_1_47' title="bbox 178 3154 1785 3228; baseline -0.001 -16"><span class='ocrx_word' id='word_1_392' title='bbox 178 3154 436 3212; x_wconf 89' lang='lat' dir='ltr'><strong>Christus</strong></span> <span class='ocrx_word' id='word_1_393' title='bbox 479 3171 704 3228; x_wconf 74' lang='lat' dir='ltr'><strong>regnum</strong></span> <span class='ocrx_word' id='word_1_394' title='bbox 731 3197 746 3220; x_wconf 88' lang='lat'><strong>,</strong></span> <span class='ocrx_word' id='word_1_395' title='bbox 786 3155 887 3228; x_wconf 82' lang='lat' dir='ltr'><strong>nisi</strong></span> <span class='ocrx_word' id='word_1_396' title='bbox 944 3155 1243 3226; x_wconf 85' lang='lat' dir='ltr'><strong>accepisset</strong></span> <span class='ocrx_word' id='word_1_397' title='bbox 1288 3155 1626 3226; x_wconf 88' lang='lat' dir='ltr'><strong>obsequium.</strong></span> <span class='ocrx_word' id='word_1_398' title='bbox 1679 3155 1785 3210; x_wconf 90' lang='lat' dir='ltr'><strong>Sed</strong></span> 
     </span>
    </p>
   </div>
   <div class='ocr_carea' id='block_1_48' title="bbox 1903 1939 3500 2012">
    <p class='ocr_par' dir='ltr' id='par_1_48' title="bbox 1903 1939 3500 2012">
     <span class='ocr_line' id='line_1_48' title="bbox 1903 1939 3500 2012; baseline 0.005 -22"><span class='ocrx_word' id='word_1_399' title='bbox 1903 1939 2052 1992; x_wconf 88' lang='lat' dir='ltr'><strong>habet</strong></span> <span class='ocrx_word' id='word_1_400' title='bbox 2083 1940 2430 1995; x_wconf 85' lang='lat' dir='ltr'><strong>necessitatem</strong></span> <span class='ocrx_word' id='word_1_401' title='bbox 2461 1941 2644 1995; x_wconf 84' lang='lat' dir='ltr'><strong>iterum</strong></span> <span class='ocrx_word' id='word_1_402' title='bbox 2686 1941 2891 1995; x_wconf 85' lang='lat' dir='ltr'><strong>lavandi</strong></span> <span class='ocrx_word' id='word_1_403' title='bbox 2916 1983 2932 2009; x_wconf 95' lang='lat'><strong>,</strong></span> <span class='ocrx_word' id='word_1_404' title='bbox 2967 1942 3084 1996; x_wconf 61' lang='lat' dir='ltr'><strong>huic</strong></span> <span class='ocrx_word' id='word_1_405' title='bbox 3111 1941 3377 1997; x_wconf 85' lang='lat' dir='ltr'><strong>sententia</strong></span> <span class='ocrx_word' id='word_1_406' title='bbox 3405 1956 3500 2012; x_wconf 76' lang='lat' dir='ltr'><strong>ge-</strong></span> 
     </span>
    </p>
   </div>
   <div class='ocr_carea' id='block_1_49' title="bbox 1903 2031 3497 2104">
    <p class='ocr_par' dir='ltr' id='par_1_49' title="bbox 1903 2031 3497 2104">
     <span class='ocr_line' id='line_1_49' title="bbox 1903 2031 3497 2104; baseline 0.003 -18"><span class='ocrx_word' id='word_1_407' title='bbox 1903 2031 2104 2086; x_wconf 90' lang='lat' dir='ltr'><strong>neralis</strong></span> <span class='ocrx_word' id='word_1_408' title='bbox 2134 2041 2217 2087; x_wconf 89' lang='lat' dir='ltr'><strong>est</strong></span> <span class='ocrx_word' id='word_1_409' title='bbox 2242 2074 2257 2100; x_wconf 91' lang='lat'><strong>,</strong></span> <span class='ocrx_word' id='word_1_410' title='bbox 2293 2048 2398 2088; x_wconf 92' lang='lat' dir='ltr'><strong>non</strong></span> <span class='ocrx_word' id='word_1_411' title='bbox 2443 2034 2731 2104; x_wconf 90' lang='lat' dir='ltr'><strong>specialis;</strong></span> <span class='ocrx_word' id='word_1_412' title='bbox 2765 2051 2885 2089; x_wconf 92' lang='lat' dir='ltr'><strong>nam</strong></span> <span class='ocrx_word' id='word_1_413' title='bbox 2927 2035 2972 2090; x_wconf 89' lang='lat' dir='ltr'><strong>si</strong></span> <span class='ocrx_word' id='word_1_414' title='bbox 3017 2035 3178 2090; x_wconf 88' lang='lat' dir='ltr'><strong>Petro</strong></span> <span class='ocrx_word' id='word_1_415' title='bbox 3207 2032 3234 2072; x_wconf 75' lang='lat' dir='ltr'><strong>d</strong></span> <span class='ocrx_word' id='word_1_416' title='bbox 3263 2033 3378 2090; x_wconf 64' lang='lat' dir='ltr'><strong>haec</strong></span> <span class='ocrx_word' id='word_1_417' title='bbox 3414 2034 3497 2090; x_wconf 92' lang='lat' dir='ltr'><strong>di-</strong></span> 
     </span>
    </p>
   </div>
   <div class='ocr_carea' id='block_1_50' title="bbox 1901 2126 3496 2198">
    <p class='ocr_par' dir='ltr' id='par_1_50' title="bbox 1901 2126 3496 2198">
     <span class='ocr_line' id='line_1_50' title="bbox 1901 2126 3496 2198; baseline 0.002 -18"><span class='ocrx_word' id='word_1_418' title='bbox 1901 2136 2153 2181; x_wconf 86' lang='lat' dir='ltr'><strong>cerentur</strong></span> <span class='ocrx_word' id='word_1_419' title='bbox 2177 2168 2190 2191; x_wconf 96' lang='lat'><strong>,</strong></span> <span class='ocrx_word' id='word_1_420' title='bbox 2221 2126 2428 2182; x_wconf 89' lang='lat' dir='ltr'><strong>diceret</strong></span> <span class='ocrx_word' id='word_1_421' title='bbox 2455 2127 2704 2183; x_wconf 88' lang='lat' dir='ltr'><strong>Christus</strong></span> <span class='ocrx_word' id='word_1_422' title='bbox 2729 2147 2742 2182; x_wconf 91' lang='lat'><strong>:</strong></span> <span class='ocrx_word' id='word_1_423' title='bbox 2772 2129 2894 2198; x_wconf 84' lang='lat' dir='ltr'><strong>quia</strong></span> <span class='ocrx_word' id='word_1_424' title='bbox 2921 2129 3075 2184; x_wconf 89' lang='lat' dir='ltr'><strong>semel</strong></span> <span class='ocrx_word' id='word_1_425' title='bbox 3109 2129 3242 2184; x_wconf 90' lang='lat' dir='ltr'><strong>lotus</strong></span> <span class='ocrx_word' id='word_1_426' title='bbox 3266 2145 3318 2182; x_wconf 87' lang='lat' dir='ltr'><strong>es</strong></span> <span class='ocrx_word' id='word_1_427' title='bbox 3338 2170 3353 2195; x_wconf 94' lang='lat'><strong>,</strong></span> <span class='ocrx_word' id='word_1_428' title='bbox 3393 2144 3496 2183; x_wconf 91' lang='lat' dir='ltr'><strong>non</strong></span> 
     </span>
    </p>
   </div>
   <div class='ocr_carea' id='block_1_51' title="bbox 1901 2219 3497 2296">
    <p class='ocr_par' dir='ltr' id='par_1_51' title="bbox 1901 2219 3497 2296">
     <span class='ocr_line' id='line_1_51' title="bbox 1901 2219 3497 2296; baseline 0.004 -25"><span class='ocrx_word' id='word_1_429' title='bbox 1901 2219 2058 2275; x_wconf 87' lang='lat' dir='ltr'><strong>habes</strong></span> <span class='ocrx_word' id='word_1_430' title='bbox 2085 2221 2436 2276; x_wconf 71' lang='lat' dir='ltr'><strong>necessitate»:</strong></span> <span class='ocrx_word' id='word_1_431' title='bbox 2461 2222 2646 2277; x_wconf 87' lang='lat' dir='ltr'><strong>iterum</strong></span> <span class='ocrx_word' id='word_1_432' title='bbox 2671 2223 2878 2278; x_wconf 83' lang='lat' dir='ltr'><strong>lavandi</strong></span> <span class='ocrx_word' id='word_1_433' title='bbox 2901 2221 3090 2296; x_wconf 87' lang='lat' dir='ltr'><strong>(Ibid.)</strong></span> <span class='ocrx_word' id='word_1_434' title='bbox 3116 2232 3139 2260; x_wconf 73' lang='grc' dir='ltr'>ο</span> <span class='ocrx_word' id='word_1_435' title='bbox 3170 2240 3184 2276; x_wconf 86' lang='lat'><strong>:</strong></span> <span class='ocrx_word' id='word_1_436' title='bbox 3217 2221 3337 2277; x_wconf 89' lang='lat' dir='ltr'><strong>ideo</strong></span> <span class='ocrx_word' id='word_1_437' title='bbox 3366 2237 3497 2293; x_wconf 84' lang='lat' dir='ltr'><strong>quo-</strong></span> 
     </span>
    </p>
   </div>
   <div class='ocr_carea' id='block_1_52' title="bbox 1901 2320 3497 2393">
    <p class='ocr_par' dir='ltr' id='par_1_52' title="bbox 1901 2320 3497 2393">
     <span class='ocr_line' id='line_1_52' title="bbox 1901 2320 3497 2393; baseline 0.001 -19"><span class='ocrx_word' id='word_1_438' title='bbox 1901 2320 2000 2376; x_wconf 92' lang='lat' dir='ltr'><strong>ties</strong></span> <span class='ocrx_word' id='word_1_439' title='bbox 2029 2336 2056 2375; x_wconf 87' lang='lat' dir='ltr'><strong>a</strong></span> <span class='ocrx_word' id='word_1_440' title='bbox 2087 2320 2241 2376; x_wconf 86' lang='lat' dir='ltr'><strong>vobis</strong></span> <span class='ocrx_word' id='word_1_441' title='bbox 2269 2321 2570 2392; x_wconf 82' lang='lat' dir='ltr'><strong>baptizatus</strong></span> <span class='ocrx_word' id='word_1_442' title='bbox 2593 2322 2822 2393; x_wconf 90' lang='lat' dir='ltr'><strong>aliquis,</strong></span> <span class='ocrx_word' id='word_1_443' title='bbox 2854 2321 2920 2376; x_wconf 90' lang='lat' dir='ltr'><strong>ad</strong></span> <span class='ocrx_word' id='word_1_444' title='bbox 2953 2337 3052 2378; x_wconf 91' lang='lat' dir='ltr'><strong>nos</strong></span> <span class='ocrx_word' id='word_1_445' title='bbox 3084 2321 3366 2377; x_wconf 83' lang='lat' dir='ltr'><strong>transitum</strong></span> <span class='ocrx_word' id='word_1_446' title='bbox 3399 2335 3497 2376; x_wconf 86' lang='lat' dir='ltr'><strong>vo-</strong></span> 
     </span>
    </p>
   </div>
   <div class='ocr_carea' id='block_1_53' title="bbox 1899 2413 3494 2486">
    <p class='ocr_par' dir='ltr' id='par_1_53' title="bbox 1899 2413 3494 2486">
     <span class='ocr_line' id='line_1_53' title="bbox 1899 2413 3494 2486; baseline 0 -18"><span class='ocrx_word' id='word_1_447' title='bbox 1899 2415 2058 2470; x_wconf 92' lang='lat' dir='ltr'><strong>luerit</strong></span> <span class='ocrx_word' id='word_1_448' title='bbox 2087 2414 2262 2470; x_wconf 81' lang='lat' dir='ltr'><strong>facere</strong></span> <span class='ocrx_word' id='word_1_449' title='bbox 2282 2457 2295 2480; x_wconf 93' lang='lat'><strong>,</strong></span> <span class='ocrx_word' id='word_1_450' title='bbox 2330 2416 2631 2471; x_wconf 85' lang='lat' dir='ltr'><strong>venientem</strong></span> <span class='ocrx_word' id='word_1_451' title='bbox 2661 2415 2764 2471; x_wconf 93' lang='lat' dir='ltr'><strong>hoc</strong></span> <span class='ocrx_word' id='word_1_452' title='bbox 2795 2415 3104 2486; x_wconf 78' lang='lat' dir='ltr'><strong>magisterio</strong></span> <span class='ocrx_word' id='word_1_453' title='bbox 3147 2423 3198 2470; x_wconf 90' lang='lat' dir='ltr'><strong>et</strong></span> <span class='ocrx_word' id='word_1_454' title='bbox 3241 2413 3494 2484; x_wconf 77' lang='lat' dir='ltr'><strong>exemplo</strong></span> 
     </span>
    </p>
   </div>
   <div class='ocr_carea' id='block_1_54' title="bbox 1904 2504 3497 2581">
    <p class='ocr_par' dir='ltr' id='par_1_54' title="bbox 1904 2504 3497 2581">
     <span class='ocr_line' id='line_1_54' title="bbox 1904 2504 3497 2581; baseline 0.001 -21"><span class='ocrx_word' id='word_1_455' title='bbox 1904 2504 1922 2544; x_wconf 69' lang='grc' dir='ltr'><em>τ</em></span> <span class='ocrx_word' id='word_1_456' title='bbox 1947 2505 2064 2581; x_wconf 81' lang='grc'>(50)</span> <span class='ocrx_word' id='word_1_457' title='bbox 2097 2516 2205 2563; x_wconf 88' lang='lat' dir='ltr'><strong>tota</strong></span> <span class='ocrx_word' id='word_1_458' title='bbox 2252 2508 2597 2578; x_wconf 86' lang='lat' dir='ltr'><strong>simplicitate</strong></span> <span class='ocrx_word' id='word_1_459' title='bbox 2643 2509 2985 2578; x_wconf 89' lang='lat' dir='ltr'><strong>suscipimus.</strong></span> <span class='ocrx_word' id='word_1_460' title='bbox 3019 2507 3172 2563; x_wconf 84' lang='lat' dir='ltr'><strong>Absit</strong></span> <span class='ocrx_word' id='word_1_461' title='bbox 3215 2508 3360 2564; x_wconf 91' lang='lat' dir='ltr'><strong>enim</strong></span> <span class='ocrx_word' id='word_1_462' title='bbox 3385 2550 3401 2576; x_wconf 92' lang='lat'><strong>,</strong></span> <span class='ocrx_word' id='word_1_463' title='bbox 3436 2515 3497 2563; x_wconf 93' lang='lat' dir='ltr'><strong>ut</strong></span> 
     </span>
    </p>
   </div>
   <div class='ocr_carea' id='block_1_55' title="bbox 1896 2601 3497 2671">
    <p class='ocr_par' dir='ltr' id='par_1_55' title="bbox 1896 2601 3497 2671">
     <span class='ocr_line' id='line_1_55' title="bbox 1896 2601 3497 2671; baseline 0.001 -17"><span class='ocrx_word' id='word_1_464' title='bbox 1896 2614 2152 2671; x_wconf 88' lang='lat' dir='ltr'><strong>umquam</strong></span> <span class='ocrx_word' id='word_1_465' title='bbox 2197 2602 2570 2656; x_wconf 76' lang='lat' dir='ltr'><strong>exorcizemus</strong></span> <span class='ocrx_word' id='word_1_466' title='bbox 2615 2616 2806 2656; x_wconf 84' lang='lat' dir='ltr'><strong>sanum</strong></span> <span class='ocrx_word' id='word_1_467' title='bbox 2857 2601 3071 2656; x_wconf 83' lang='lat' dir='ltr'><strong>ﬁdelem</strong></span> <span class='ocrx_word' id='word_1_468' title='bbox 3101 2610 3126 2647; x_wconf 77' lang='grc' dir='ltr'><strong><em>κ</em></strong></span> <span class='ocrx_word' id='word_1_469' title='bbox 3163 2618 3178 2656; x_wconf 88' lang='lat'><strong>:</strong></span> <span class='ocrx_word' id='word_1_470' title='bbox 3221 2602 3397 2664; x_wconf 89' lang='lat' dir='ltr'><strong>absit.</strong></span> <span class='ocrx_word' id='word_1_471' title='bbox 3439 2611 3497 2657; x_wconf 92' lang='lat' dir='ltr'><strong>ut</strong></span> 
     </span>
    </p>
   </div>
   <div class='ocr_carea' id='block_1_56' title="bbox 1889 2692 3494 2768">
    <p class='ocr_par' dir='ltr' id='par_1_56' title="bbox 1889 2692 3494 2768">
     <span class='ocr_line' id='line_1_56' title="bbox 1889 2692 3494 2768; baseline 0.006 -26"><span class='ocrx_word' id='word_1_472' title='bbox 1889 2692 1998 2763; x_wconf 83' lang='lat' dir='ltr'><strong>jam</strong></span> <span class='ocrx_word' id='word_1_473' title='bbox 2040 2694 2208 2749; x_wconf 89' lang='lat' dir='ltr'><strong>lotum</strong></span> <span class='ocrx_word' id='word_1_474' title='bbox 2239 2709 2554 2750; x_wconf 88' lang='lat' dir='ltr'><strong>rcvoccmus</strong></span> <span class='ocrx_word' id='word_1_475' title='bbox 2591 2695 2656 2749; x_wconf 90' lang='lat' dir='ltr'><strong>ad</strong></span> <span class='ocrx_word' id='word_1_476' title='bbox 2703 2696 2946 2750; x_wconf 88' lang='lat' dir='ltr'><strong>fontem:</strong></span> <span class='ocrx_word' id='word_1_477' title='bbox 2980 2696 3156 2762; x_wconf 90' lang='lat' dir='ltr'><strong>absit,</strong></span> <span class='ocrx_word' id='word_1_478' title='bbox 3197 2705 3257 2750; x_wconf 92' lang='lat' dir='ltr'><strong>ut</strong></span> <span class='ocrx_word' id='word_1_479' title='bbox 3297 2695 3412 2768; x_wconf 75' lang='lat'><strong>(5|)</strong></span> <span class='ocrx_word' id='word_1_480' title='bbox 3441 2697 3494 2752; x_wconf 89' lang='lat' dir='ltr'><strong>in</strong></span> 
     </span>
    </p>
   </div>
   <div class='ocr_carea' id='block_1_57' title="bbox 1894 2786 3496 2859">
    <p class='ocr_par' dir='ltr' id='par_1_57' title="bbox 1894 2786 3496 2859">
     <span class='ocr_line' id='line_1_57' title="bbox 1894 2786 3496 2859; baseline 0.002 -18"><span class='ocrx_word' id='word_1_481' title='bbox 1894 2786 2156 2857; x_wconf 85' lang='lat' dir='ltr'><strong>Spiritum</strong></span> <span class='ocrx_word' id='word_1_482' title='bbox 2198 2797 2441 2842; x_wconf 89' lang='lat' dir='ltr'><strong>sanctum</strong></span> <span class='ocrx_word' id='word_1_483' title='bbox 2488 2803 2775 2858; x_wconf 88' lang='lat' dir='ltr'><strong>peccemus</strong></span> <span class='ocrx_word' id='word_1_484' title='bbox 2818 2787 3034 2859; x_wconf 80' lang='lat' dir='ltr'><strong>(Matth.</strong></span> <span class='ocrx_word' id='word_1_485' title='bbox 3067 2791 3204 2859; x_wconf 78' lang='lat' dir='ltr'><strong>xu);</strong></span> <span class='ocrx_word' id='word_1_486' title='bbox 3233 2789 3318 2843; x_wconf 93' lang='lat' dir='ltr'><strong>cui</strong></span> <span class='ocrx_word' id='word_1_487' title='bbox 3367 2788 3496 2844; x_wconf 90' lang='lat' dir='ltr'><strong>faci-</strong></span> 
     </span>
    </p>
   </div>
   <div class='ocr_carea' id='block_1_58' title="bbox 1894 2879 3492 2952">
    <p class='ocr_par' dir='ltr' id='par_1_58' title="bbox 1894 2879 3492 2952">
     <span class='ocr_line' id='line_1_58' title="bbox 1894 2879 3492 2952; baseline 0.003 -19"><span class='ocrx_word' id='word_1_488' title='bbox 1894 2879 2014 2933; x_wconf 89' lang='lat' dir='ltr'><strong>nori</strong></span> <span class='ocrx_word' id='word_1_489' title='bbox 2052 2879 2103 2933; x_wconf 91' lang='lat' dir='ltr'><strong>iu</strong></span> <span class='ocrx_word' id='word_1_490' title='bbox 2147 2880 2400 2948; x_wconf 65' lang='lat' dir='ltr'><strong>praesenti</strong></span> <span class='ocrx_word' id='word_1_491' title='bbox 2434 2889 2486 2935; x_wconf 90' lang='lat' dir='ltr'><strong>et</strong></span> <span class='ocrx_word' id='word_1_492' title='bbox 2517 2879 2695 2936; x_wconf 87' lang='lat' dir='ltr'><strong>futuro</strong></span> <span class='ocrx_word' id='word_1_493' title='bbox 2733 2881 2934 2936; x_wconf 63' lang='lat' dir='ltr'><strong>saeculo</strong></span> <span class='ocrx_word' id='word_1_494' title='bbox 2963 2880 3293 2952; x_wconf 80' lang='lat' dir='ltr'><strong>indulgentia</strong></span> <span class='ocrx_word' id='word_1_495' title='bbox 3320 2880 3492 2937; x_wconf 90' lang='lat' dir='ltr'><strong>dene-</strong></span> 
     </span>
    </p>
   </div>
   <div class='ocr_carea' id='block_1_59' title="bbox 1890 2971 3493 3042">
    <p class='ocr_par' dir='ltr' id='par_1_59' title="bbox 1890 2971 3493 3042">
     <span class='ocr_line' id='line_1_59' title="bbox 1890 2971 3493 3042; baseline 0.001 -15"><span class='ocrx_word' id='word_1_496' title='bbox 1890 2982 2087 3042; x_wconf 88' lang='lat' dir='ltr'><strong>gatur:</strong></span> <span class='ocrx_word' id='word_1_497' title='bbox 2120 2971 2292 3038; x_wconf 92' lang='lat' dir='ltr'><strong>absit,</strong></span> <span class='ocrx_word' id='word_1_498' title='bbox 2324 2982 2383 3028; x_wconf 91' lang='lat' dir='ltr'><strong>ut</strong></span> <span class='ocrx_word' id='word_1_499' title='bbox 2410 2971 2669 3029; x_wconf 89' lang='lat' dir='ltr'><strong>iteremus</strong></span> <span class='ocrx_word' id='word_1_500' title='bbox 2690 3013 2703 3035; x_wconf 92' lang='lat'><strong>,</strong></span> <span class='ocrx_word' id='word_1_501' title='bbox 2735 2972 2875 3042; x_wconf 89' lang='lat' dir='ltr'><strong>quod</strong></span> <span class='ocrx_word' id='word_1_502' title='bbox 2907 2974 3072 3029; x_wconf 91' lang='lat' dir='ltr'><strong>semel</strong></span> <span class='ocrx_word' id='word_1_503' title='bbox 3114 2983 3229 3039; x_wconf 88' lang='lat' dir='ltr'><strong>est,</strong></span> <span class='ocrx_word' id='word_1_504' title='bbox 3262 2984 3353 3028; x_wconf 91' lang='lat' dir='ltr'><strong>aut</strong></span> <span class='ocrx_word' id='word_1_505' title='bbox 3391 2973 3493 3028; x_wconf 88' lang='lat' dir='ltr'><strong>du-</strong></span> 
     </span>
    </p>
   </div>
   <div class='ocr_carea' id='block_1_60' title="bbox 1892 3066 3492 3137">
    <p class='ocr_par' dir='ltr' id='par_1_60' title="bbox 1892 3066 3492 3137">
     <span class='ocr_line' id='line_1_60' title="bbox 1892 3066 3492 3137; baseline 0 -16"><span class='ocrx_word' id='word_1_506' title='bbox 1892 3067 2155 3137; x_wconf 90' lang='lat' dir='ltr'><strong>plicemus</strong></span> <span class='ocrx_word' id='word_1_507' title='bbox 2203 3066 2347 3137; x_wconf 88' lang='lat' dir='ltr'><strong>quod</strong></span> <span class='ocrx_word' id='word_1_508' title='bbox 2377 3083 2539 3122; x_wconf 91' lang='lat' dir='ltr'><strong>unum</strong></span> <span class='ocrx_word' id='word_1_509' title='bbox 2587 3075 2671 3122; x_wconf 90' lang='lat' dir='ltr'><strong>est</strong></span> <span class='ocrx_word' id='word_1_510' title='bbox 2711 3084 2723 3120; x_wconf 92' lang='lat'><strong>:</strong></span> <span class='ocrx_word' id='word_1_511' title='bbox 2764 3066 2842 3120; x_wconf 91' lang='lat' dir='ltr'><strong>sic</strong></span> <span class='ocrx_word' id='word_1_512' title='bbox 2881 3068 3024 3122; x_wconf 88' lang='lat' dir='ltr'><strong>enim</strong></span> <span class='ocrx_word' id='word_1_513' title='bbox 3065 3068 3326 3137; x_wconf 89' lang='lat' dir='ltr'><strong>scriptum</strong></span> <span class='ocrx_word' id='word_1_514' title='bbox 3374 3075 3492 3132; x_wconf 88' lang='lat' dir='ltr'><strong>est,</strong></span> 
     </span>
    </p>
   </div>
   <div class='ocr_carea' id='block_1_61' title="bbox 1891 3158 3494 3229">
    <p class='ocr_par' dir='ltr' id='par_1_61' title="bbox 1891 3158 3494 3229">
     <span class='ocr_line' id='line_1_61' title="bbox 1891 3158 3494 3229; baseline 0 -16"><span class='ocrx_word' id='word_1_515' title='bbox 1891 3159 2151 3229; x_wconf 80' lang='lat' dir='ltr'><strong>Apostolo</strong></span> <span class='ocrx_word' id='word_1_516' title='bbox 2179 3158 2394 3216; x_wconf 87' lang='lat' dir='ltr'><strong>dicente</strong></span> <span class='ocrx_word' id='word_1_517' title='bbox 2419 3177 2431 3213; x_wconf 89' lang='lat'><strong>:</strong></span> <span class='ocrx_word' id='word_1_518' title='bbox 2464 3177 2598 3214; x_wconf 88' lang='lat' dir='ltr'><strong>unus</strong></span> <span class='ocrx_word' id='word_1_519' title='bbox 2632 3159 2767 3214; x_wconf 87' lang='lat' dir='ltr'><strong>Deus</strong></span> <span class='ocrx_word' id='word_1_520' title='bbox 2786 3202 2800 3224; x_wconf 92' lang='lat'><strong>,</strong></span> <span class='ocrx_word' id='word_1_521' title='bbox 2830 3177 2962 3213; x_wconf 88' lang='lat' dir='ltr'><strong>unus</strong></span> <span class='ocrx_word' id='word_1_522' title='bbox 2990 3159 3262 3224; x_wconf 85' lang='lat' dir='ltr'><strong>Christus,</strong></span> <span class='ocrx_word' id='word_1_523' title='bbox 3295 3177 3401 3214; x_wconf 88' lang='lat' dir='ltr'><strong>una</strong></span> <span class='ocrx_word' id='word_1_524' title='bbox 3429 3161 3494 3229; x_wconf 85' lang='lat' dir='ltr'><strong>[i-</strong></span> 
     </span>
    </p>
   </div>
   <div class='ocr_carea' id='block_1_62' title="bbox 176 3235 3492 3326">
    <p class='ocr_par' dir='ltr' id='par_1_62' title="bbox 176 3235 3492 3326">
     <span class='ocr_line' id='line_1_62' title="bbox 176 3235 3492 3326; baseline 0 -18"><span class='ocrx_word' id='word_1_525' title='bbox 176 3269 304 3308; x_wconf 90' lang='lat' dir='ltr'><strong>cum</strong></span> <span class='ocrx_word' id='word_1_526' title='bbox 337 3253 580 3307; x_wconf 71' lang='lat' dir='ltr'><strong>caelestis</strong></span> <span class='ocrx_word' id='word_1_527' title='bbox 606 3249 755 3321; x_wconf 85' lang='lat' dir='ltr'><strong>regni</strong></span> <span class='ocrx_word' id='word_1_528' title='bbox 788 3249 990 3305; x_wconf 88' lang='lat' dir='ltr'><strong>mentio</strong></span> <span class='ocrx_word' id='word_1_529' title='bbox 1017 3249 1201 3315; x_wconf 86' lang='lat' dir='ltr'><strong>fieret,</strong></span> <span class='ocrx_word' id='word_1_530' title='bbox 1233 3265 1340 3320; x_wconf 90' lang='lat' dir='ltr'><strong>quo</strong></span> <span class='ocrx_word' id='word_1_531' title='bbox 1384 3265 1505 3320; x_wconf 86' lang='lat' dir='ltr'><strong>pars</strong></span> <span class='ocrx_word' id='word_1_532' title='bbox 1535 3250 1782 3318; x_wconf 90' lang='lat' dir='ltr'><strong>corporis</strong></span> <span class='ocrx_word' id='word_1_533' title='bbox 1809 3235 1854 3298; x_wconf 82' lang='lat' dir='ltr'><strong>C</strong></span> <span class='ocrx_word' id='word_1_534' title='bbox 1887 3252 1976 3306; x_wconf 84' lang='lat' dir='ltr'><strong>des</strong></span> <span class='ocrx_word' id='word_1_535' title='bbox 1999 3294 2013 3318; x_wconf 96' lang='lat'><strong>,</strong></span> <span class='ocrx_word' id='word_1_536' title='bbox 2049 3269 2156 3307; x_wconf 89' lang='lat' dir='ltr'><strong>una</strong></span> <span class='ocrx_word' id='word_1_537' title='bbox 2197 3253 2376 3308; x_wconf 88' lang='lat' dir='ltr'><strong>tinctio</strong></span> <span class='ocrx_word' id='word_1_538' title='bbox 2408 3251 2643 3326; x_wconf 86' lang='lat' dir='ltr'><strong>(Ephes.</strong></span> <span class='ocrx_word' id='word_1_539' title='bbox 2693 3269 2775 3320; x_wconf 90' lang='lat' dir='ltr'><strong>tv,</strong></span> <span class='ocrx_word' id='word_1_540' title='bbox 2823 3253 2900 3324; x_wconf 82' lang='lat'><strong>5).</strong></span> <span class='ocrx_word' id='word_1_541' title='bbox 2939 3253 3178 3323; x_wconf 88' lang='lat' dir='ltr'><strong>Denique</strong></span> <span class='ocrx_word' id='word_1_542' title='bbox 3221 3267 3353 3319; x_wconf 90' lang='lat' dir='ltr'><strong>vos,</strong></span> <span class='ocrx_word' id='word_1_543' title='bbox 3399 3253 3492 3323; x_wconf 90' lang='lat' dir='ltr'><strong>qui</strong></span> 
     </span>
    </p>
   </div>
   <div class='ocr_carea' id='block_1_63' title="bbox 175 3342 1784 3416">
    <p class='ocr_par' dir='ltr' id='par_1_63' title="bbox 175 3342 1784 3416">
     <span class='ocr_line' id='line_1_63' title="bbox 175 3342 1784 3416; baseline -0.002 -16"><span class='ocrx_word' id='word_1_544' title='bbox 175 3345 469 3416; x_wconf 86' lang='lat' dir='ltr'><strong>petebatur</strong></span> <span class='ocrx_word' id='word_1_545' title='bbox 508 3342 572 3398; x_wconf 87' lang='lat' dir='ltr'><strong>ad</strong></span> <span class='ocrx_word' id='word_1_546' title='bbox 620 3342 973 3413; x_wconf 87' lang='lat' dir='ltr'><strong>obsequium,</strong></span> <span class='ocrx_word' id='word_1_547' title='bbox 1022 3349 1193 3396; x_wconf 86' lang='lat' dir='ltr'><strong>totum</strong></span> <span class='ocrx_word' id='word_1_548' title='bbox 1234 3357 1432 3412; x_wconf 84' lang='lat' dir='ltr'><strong>corpus</strong></span> <span class='ocrx_word' id='word_1_549' title='bbox 1477 3343 1674 3396; x_wconf 83' lang='lat' dir='ltr'><strong>obtulit</strong></span> <span class='ocrx_word' id='word_1_550' title='bbox 1717 3342 1784 3398; x_wconf 91' lang='lat' dir='ltr'><strong>ad</strong></span> 
     </span>
    </p>
   </div>
   <div class='ocr_carea' id='block_1_64' title="bbox 174 3433 1786 3507">
    <p class='ocr_par' dir='ltr' id='par_1_64' title="bbox 174 3433 1786 3507">
     <span class='ocr_line' id='line_1_64' title="bbox 174 3433 1786 3507; baseline -0.001 -16"><span class='ocrx_word' id='word_1_551' title='bbox 174 3436 481 3493; x_wconf 86' lang='lat' dir='ltr'><strong>lavacrum.</strong></span> <span class='ocrx_word' id='word_1_552' title='bbox 531 3434 684 3490; x_wconf 83' lang='lat' dir='ltr'><strong>Nunc</strong></span> <span class='ocrx_word' id='word_1_553' title='bbox 713 3434 982 3501; x_wconf 71' lang='lat' dir='ltr'><strong>adestote,</strong></span> <span class='ocrx_word' id='word_1_554' title='bbox 1013 3449 1204 3490; x_wconf 87' lang='lat' dir='ltr'><strong>omnes</strong></span> <span class='ocrx_word' id='word_1_555' title='bbox 1247 3433 1416 3489; x_wconf 71' lang='lat' dir='ltr'><strong>turbae</strong></span> <span class='ocrx_word' id='word_1_556' title='bbox 1440 3476 1456 3501; x_wconf 95' lang='lat'><strong>,</strong></span> <span class='ocrx_word' id='word_1_557' title='bbox 1487 3443 1542 3489; x_wconf 91' lang='lat' dir='ltr'><strong>et</strong></span> <span class='ocrx_word' id='word_1_558' title='bbox 1588 3436 1786 3507; x_wconf 84' lang='lat' dir='ltr'><strong>singuli</strong></span> 
     </span>
    </p>
   </div>
   <div class='ocr_carea' id='block_1_65' title="bbox 169 3527 1786 3601">
    <p class='ocr_par' dir='ltr' id='par_1_65' title="bbox 169 3527 1786 3601">
     <span class='ocr_line' id='line_1_65' title="bbox 169 3527 1786 3601; baseline -0.002 -13"><span class='ocrx_word' id='word_1_559' title='bbox 169 3532 468 3588; x_wconf 88' lang='lat' dir='ltr'><strong>Christiani</strong></span> <span class='ocrx_word' id='word_1_560' title='bbox 504 3529 686 3601; x_wconf 84' lang='lat' dir='ltr'><strong>pepuli</strong></span> <span class='ocrx_word' id='word_1_561' title='bbox 716 3546 728 3583; x_wconf 92' lang='lat'><strong>:</strong></span> <span class='ocrx_word' id='word_1_562' title='bbox 760 3527 886 3600; x_wconf 86' lang='lat' dir='ltr'><strong>quid</strong></span> <span class='ocrx_word' id='word_1_563' title='bbox 927 3528 1121 3595; x_wconf 87' lang='lat' dir='ltr'><strong>liceat,</strong></span> <span class='ocrx_word' id='word_1_564' title='bbox 1156 3528 1390 3584; x_wconf 87' lang='lat' dir='ltr'><strong>discite:</strong></span> <span class='ocrx_word' id='word_1_565' title='bbox 1423 3529 1552 3584; x_wconf 91' lang='lat' dir='ltr'><strong>dum</strong></span> <span class='ocrx_word' id='word_1_566' title='bbox 1586 3545 1786 3599; x_wconf 88' lang='lat' dir='ltr'><strong>provo-</strong></span> 
     </span>
    </p>
   </div>
   <div class='ocr_carea' id='block_1_66' title="bbox 168 3620 1778 3692">
    <p class='ocr_par' dir='ltr' id='par_1_66' title="bbox 168 3620 1778 3692">
     <span class='ocr_line' id='line_1_66' title="bbox 168 3620 1778 3692; baseline -0.003 -11"><span class='ocrx_word' id='word_1_567' title='bbox 168 3635 264 3681; x_wconf 90' lang='lat' dir='ltr'><strong>cat</strong></span> <span class='ocrx_word' id='word_1_568' title='bbox 304 3624 535 3690; x_wconf 89' lang='lat' dir='ltr'><strong>Petrus,</strong></span> <span class='ocrx_word' id='word_1_569' title='bbox 581 3621 831 3678; x_wconf 90' lang='lat' dir='ltr'><strong>Christus</strong></span> <span class='ocrx_word' id='word_1_570' title='bbox 878 3620 1036 3677; x_wconf 91' lang='lat' dir='ltr'><strong>docet</strong></span> <span class='ocrx_word' id='word_1_571' title='bbox 1075 3639 1090 3676; x_wconf 91' lang='lat'><strong>:</strong></span> <span class='ocrx_word' id='word_1_572' title='bbox 1131 3622 1222 3692; x_wconf 90' lang='lat' dir='ltr'><strong>qui</strong></span> <span class='ocrx_word' id='word_1_573' title='bbox 1269 3621 1517 3688; x_wconf 87' lang='lat' dir='ltr'><strong>dubitat,</strong></span> <span class='ocrx_word' id='word_1_574' title='bbox 1563 3622 1778 3678; x_wconf 90' lang='lat' dir='ltr'><strong>discat:</strong></span> 
     </span>
    </p>
   </div>
   <div class='ocr_carea' id='block_1_67' title="bbox 170 3715 1781 3794">
    <p class='ocr_par' dir='ltr' id='par_1_67' title="bbox 170 3715 1781 3794">
     <span class='ocr_line' id='line_1_67' title="bbox 170 3715 1781 3794; baseline 0 -20"><span class='ocrx_word' id='word_1_575' title='bbox 170 3719 291 3794; x_wconf 80' lang='lat'><strong>(27)</strong></span> <span class='ocrx_word' id='word_1_576' title='bbox 323 3718 524 3776; x_wconf 85' lang='lat' dir='ltr'><strong>Christi</strong></span> <span class='ocrx_word' id='word_1_577' title='bbox 565 3717 711 3774; x_wconf 89' lang='lat' dir='ltr'><strong>enim</strong></span> <span class='ocrx_word' id='word_1_578' title='bbox 744 3732 845 3772; x_wconf 80' lang='lat' dir='ltr'><strong>vox</strong></span> <span class='ocrx_word' id='word_1_579' title='bbox 889 3726 1013 3772; x_wconf 91' lang='lat' dir='ltr'><strong>est:</strong></span> <span class='ocrx_word' id='word_1_580' title='bbox 1045 3717 1132 3788; x_wconf 89' lang='lat' dir='ltr'><strong>qui</strong></span> <span class='ocrx_word' id='word_1_581' title='bbox 1168 3716 1324 3772; x_wconf 82' lang='lat' dir='ltr'><strong>semel</strong></span> <span class='ocrx_word' id='word_1_582' title='bbox 1362 3715 1498 3771; x_wconf 89' lang='lat' dir='ltr'><strong>lotus</strong></span> <span class='ocrx_word' id='word_1_583' title='bbox 1537 3726 1645 3786; x_wconf 83' lang='lat' dir='ltr'><strong>est,</strong></span> <span class='ocrx_word' id='word_1_584' title='bbox 1675 3735 1781 3774; x_wconf 90' lang='lat' dir='ltr'><strong>non</strong></span> 
     </span>
    </p>
   </div>
   <div class='ocr_carea' id='block_1_68' title="bbox 1892 3344 3492 3418">
    <p class='ocr_par' dir='ltr' id='par_1_68' title="bbox 1892 3344 3492 3418">
     <span class='ocr_line' id='line_1_68' title="bbox 1892 3344 3492 3418; baseline 0 -18"><span class='ocrx_word' id='word_1_585' title='bbox 1892 3344 2155 3415; x_wconf 89' lang='lat' dir='ltr'><strong>baptisma</strong></span> <span class='ocrx_word' id='word_1_586' title='bbox 2184 3346 2337 3416; x_wconf 82' lang='lat' dir='ltr'><strong>quasi</strong></span> <span class='ocrx_word' id='word_1_587' title='bbox 2370 3346 2603 3402; x_wconf 88' lang='lat' dir='ltr'><strong>libenter</strong></span> <span class='ocrx_word' id='word_1_588' title='bbox 2645 3346 2920 3418; x_wconf 89' lang='lat' dir='ltr'><strong>duplicare</strong></span> <span class='ocrx_word' id='word_1_589' title='bbox 2967 3346 3297 3401; x_wconf 88' lang='lat' dir='ltr'><strong>contenditis</strong></span> <span class='ocrx_word' id='word_1_590' title='bbox 3325 3389 3339 3412; x_wconf 92' lang='lat'><strong>,</strong></span> <span class='ocrx_word' id='word_1_591' title='bbox 3381 3347 3492 3418; x_wconf 79' lang='lat'><strong>83</strong></span> 
     </span>
    </p>
   </div>
   <div class='ocr_carea' id='block_1_69' title="bbox 1892 3438 3489 3510">
    <p class='ocr_par' dir='ltr' id='par_1_69' title="bbox 1892 3438 3489 3510">
     <span class='ocr_line' id='line_1_69' title="bbox 1892 3438 3489 3510; baseline 0.001 -18"><span class='ocrx_word' id='word_1_592' title='bbox 1892 3439 1935 3492; x_wconf 93' lang='lat' dir='ltr'><strong>si</strong></span> <span class='ocrx_word' id='word_1_593' title='bbox 1966 3438 2106 3494; x_wconf 88' lang='lat' dir='ltr'><strong>datis</strong></span> <span class='ocrx_word' id='word_1_594' title='bbox 2146 3439 2375 3494; x_wconf 91' lang='lat' dir='ltr'><strong>alterum</strong></span> <span class='ocrx_word' id='word_1_595' title='bbox 2426 3440 2730 3510; x_wconf 89' lang='lat' dir='ltr'><strong>baptisma,</strong></span> <span class='ocrx_word' id='word_1_596' title='bbox 2769 3439 2895 3494; x_wconf 86' lang='lat' dir='ltr'><strong>date</strong></span> <span class='ocrx_word' id='word_1_597' title='bbox 2944 3439 3167 3494; x_wconf 88' lang='lat' dir='ltr'><strong>alteram</strong></span> <span class='ocrx_word' id='word_1_598' title='bbox 3213 3438 3373 3494; x_wconf 84' lang='lat' dir='ltr'><strong>ﬁdem</strong></span> <span class='ocrx_word' id='word_1_599' title='bbox 3398 3456 3413 3502; x_wconf 92' lang='lat'><strong>;</strong></span> <span class='ocrx_word' id='word_1_600' title='bbox 3443 3439 3489 3494; x_wconf 92' lang='lat' dir='ltr'><strong>si</strong></span> 
     </span>
    </p>
   </div>
   <div class='ocr_carea' id='block_1_70' title="bbox 1891 3530 3490 3600">
    <p class='ocr_par' dir='ltr' id='par_1_70' title="bbox 1891 3530 3490 3600">
     <span class='ocr_line' id='line_1_70' title="bbox 1891 3530 3490 3600; baseline 0 -14"><span class='ocrx_word' id='word_1_601' title='bbox 1891 3530 2030 3588; x_wconf 91' lang='lat' dir='ltr'><strong>datis</strong></span> <span class='ocrx_word' id='word_1_602' title='bbox 2070 3533 2296 3588; x_wconf 89' lang='lat' dir='ltr'><strong>alteram</strong></span> <span class='ocrx_word' id='word_1_603' title='bbox 2343 3532 2540 3600; x_wconf 88' lang='lat' dir='ltr'><strong>tidem,</strong></span> <span class='ocrx_word' id='word_1_604' title='bbox 2569 3533 2694 3589; x_wconf 89' lang='lat' dir='ltr'><strong>date</strong></span> <span class='ocrx_word' id='word_1_605' title='bbox 2732 3544 2786 3588; x_wconf 93' lang='lat' dir='ltr'><strong>et</strong></span> <span class='ocrx_word' id='word_1_606' title='bbox 2825 3533 3050 3588; x_wconf 80' lang='lat' dir='ltr'><strong>alterum</strong></span> <span class='ocrx_word' id='word_1_607' title='bbox 3089 3530 3403 3597; x_wconf 88' lang='lat' dir='ltr'><strong>Christum;</strong></span> <span class='ocrx_word' id='word_1_608' title='bbox 3445 3533 3490 3586; x_wconf 91' lang='lat' dir='ltr'><strong>si</strong></span> 
     </span>
    </p>
   </div>
   <div class='ocr_carea' id='block_1_71' title="bbox 1889 3625 3490 3693">
    <p class='ocr_par' dir='ltr' id='par_1_71' title="bbox 1889 3625 3490 3693">
     <span class='ocr_line' id='line_1_71' title="bbox 1889 3625 3490 3693; baseline 0.001 -14"><span class='ocrx_word' id='word_1_609' title='bbox 1889 3625 2031 3682; x_wconf 89' lang='lat' dir='ltr'><strong>datis</strong></span> <span class='ocrx_word' id='word_1_610' title='bbox 2055 3627 2281 3683; x_wconf 89' lang='lat' dir='ltr'><strong>alterum</strong></span> <span class='ocrx_word' id='word_1_611' title='bbox 2309 3625 2584 3683; x_wconf 90' lang='lat' dir='ltr'><strong>Christum</strong></span> <span class='ocrx_word' id='word_1_612' title='bbox 2610 3668 2625 3693; x_wconf 92' lang='lat'><strong>,</strong></span> <span class='ocrx_word' id='word_1_613' title='bbox 2671 3627 2792 3682; x_wconf 82' lang='lat' dir='ltr'><strong>date</strong></span> <span class='ocrx_word' id='word_1_614' title='bbox 2831 3626 3056 3682; x_wconf 84' lang='lat' dir='ltr'><strong>alterum</strong></span> <span class='ocrx_word' id='word_1_615' title='bbox 3097 3627 3285 3682; x_wconf 76' lang='lat' dir='ltr'><strong>Deum.</strong></span> <span class='ocrx_word' id='word_1_616' title='bbox 3317 3625 3490 3681; x_wconf 90' lang='lat' dir='ltr'><strong>Unum</strong></span> 
     </span>
    </p>
   </div>
   <div class='ocr_carea' id='block_1_72' title="bbox 1892 3719 3492 3793">
    <p class='ocr_par' dir='ltr' id='par_1_72' title="bbox 1892 3719 3492 3793">
     <span class='ocr_line' id='line_1_72' title="bbox 1892 3719 3492 3793; baseline -0.001 -17"><span class='ocrx_word' id='word_1_617' title='bbox 1892 3721 2063 3777; x_wconf 92' lang='lat' dir='ltr'><strong>Deum</strong></span> <span class='ocrx_word' id='word_1_618' title='bbox 2105 3736 2229 3778; x_wconf 91' lang='lat' dir='ltr'><strong>esse</strong></span> <span class='ocrx_word' id='word_1_619' title='bbox 2273 3736 2470 3793; x_wconf 83' lang='lat' dir='ltr'><strong>negare</strong></span> <span class='ocrx_word' id='word_1_620' title='bbox 2512 3738 2616 3776; x_wconf 89' lang='lat' dir='ltr'><strong>non</strong></span> <span class='ocrx_word' id='word_1_621' title='bbox 2668 3721 2893 3791; x_wconf 89' lang='lat' dir='ltr'><strong>potestis</strong></span> <span class='ocrx_word' id='word_1_622' title='bbox 2920 3762 2934 3785; x_wconf 94' lang='lat'><strong>,</strong></span> <span class='ocrx_word' id='word_1_623' title='bbox 2977 3736 3044 3776; x_wconf 89' lang='lat' dir='ltr'><strong>ne</strong></span> <span class='ocrx_word' id='word_1_624' title='bbox 3100 3720 3152 3774; x_wconf 91' lang='lat' dir='ltr'><strong>in</strong></span> <span class='ocrx_word' id='word_1_625' title='bbox 3205 3719 3492 3775; x_wconf 72' lang='lat' dir='ltr'><strong>Marcionis</strong></span> 
     </span>
    </p>
   </div>
   <div class='ocr_carea' id='block_1_73' title="bbox 1451 3839 2291 3899">
    <p class='ocr_par' dir='ltr' id='par_1_73' title="bbox 1451 3839 2291 3899">
     <span class='ocr_line' id='line_1_73' title="bbox 1451 3839 2291 3899; baseline 0.002 -4"><span class='ocrx_word' id='word_1_626' title='bbox 1451 3840 1742 3897; x_wconf 76' lang='lat' dir='ltr'><strong>LECTION</strong></span> <span class='ocrx_word' id='word_1_627' title='bbox 1751 3840 1837 3899; x_wconf 87' lang='lat' dir='ltr'><strong>ES</strong></span> <span class='ocrx_word' id='word_1_628' title='bbox 1866 3839 2291 3899; x_wconf 72' lang='lat' dir='ltr'><strong>VARIANTES.</strong></span> 
     </span>
    </p>
   </div>
   <div class='ocr_carea' id='block_1_74' title="bbox 238 3931 1784 3998">
    <p class='ocr_par' dir='ltr' id='par_1_74' title="bbox 238 3931 1784 3998">
     <span class='ocr_line' id='line_1_74' title="bbox 238 3931 1784 3998; baseline 0 -14"><span class='ocrx_word' id='word_1_629' title='bbox 238 3935 266 3964; x_wconf 81' lang='grc'>⁸</span> <span class='ocrx_word' id='word_1_630' title='bbox 301 3933 396 3984; x_wconf 77' lang='lat' dir='ltr'><strong>Hic</strong></span> <span class='ocrx_word' id='word_1_631' title='bbox 420 3934 652 3998; x_wconf 83' lang='lat' dir='ltr'><strong>inseritur</strong></span> <span class='ocrx_word' id='word_1_632' title='bbox 677 3933 725 3982; x_wconf 90' lang='lat' dir='ltr'><strong>in</strong></span> <span class='ocrx_word' id='word_1_633' title='bbox 746 3946 862 3983; x_wconf 88' lang='lat' dir='ltr'><strong>mss.</strong></span> <span class='ocrx_word' id='word_1_634' title='bbox 886 3933 1095 3984; x_wconf 89' lang='lat' dir='ltr'><strong>verbum</strong></span> <span class='ocrx_word' id='word_1_635' title='bbox 1117 3931 1334 3998; x_wconf 87' lang='lat' dir='ltr'><strong>inquam,</strong></span> <span class='ocrx_word' id='word_1_636' title='bbox 1375 3933 1504 3997; x_wconf 89' lang='lat' dir='ltr'><strong>quod</strong></span> <span class='ocrx_word' id='word_1_637' title='bbox 1529 3939 1584 3984; x_wconf 90' lang='lat' dir='ltr'><strong>ut</strong></span> <span class='ocrx_word' id='word_1_638' title='bbox 1607 3947 1784 3996; x_wconf 89' lang='lat' dir='ltr'><strong>super-</strong></span> 
     </span>
    </p>
   </div>
   <div class='ocr_carea' id='block_1_75' title="bbox 166 3997 674 4047">
    <p class='ocr_par' dir='ltr' id='par_1_75' title="bbox 166 3997 674 4047">
     <span class='ocr_line' id='line_1_75' title="bbox 166 3997 674 4047; baseline -0.002 0"><span class='ocrx_word' id='word_1_639' title='bbox 166 3997 327 4047; x_wconf 82' lang='lat' dir='ltr'><strong>ﬂuum</strong></span> <span class='ocrx_word' id='word_1_640' title='bbox 347 3997 674 4046; x_wconf 84' lang='lat' dir='ltr'><strong>resecuimus.</strong></span> 
     </span>
    </p>
   </div>
   <div class='ocr_carea' id='block_1_76' title="bbox 165 4056 1784 4122">
    <p class='ocr_par' dir='ltr' id='par_1_76' title="bbox 165 4056 1784 4122">
     <span class='ocr_line' id='line_1_76' title="bbox 165 4056 1784 4122; baseline 0.002 -17"><span class='ocrx_word' id='word_1_641' title='bbox 165 4101 170 4105; x_wconf 89' lang='lat'><strong>.</strong></span> <span class='ocrx_word' id='word_1_642' title='bbox 224 4056 378 4122; x_wconf 10' lang='lat' dir='ltr'><strong>ibiIta</strong></span> <span class='ocrx_word' id='word_1_643' title='bbox 417 4060 466 4108; x_wconf 87' lang='lat' dir='ltr'><strong>in</strong></span> <span class='ocrx_word' id='word_1_644' title='bbox 505 4059 732 4122; x_wconf 78' lang='lat' dir='ltr'><strong>omnibus</strong></span> <span class='ocrx_word' id='word_1_645' title='bbox 755 4071 873 4108; x_wconf 89' lang='lat' dir='ltr'><strong>mss.</strong></span> <span class='ocrx_word' id='word_1_646' title='bbox 899 4057 1030 4122; x_wconf 90' lang='lat' dir='ltr'><strong>quod</strong></span> <span class='ocrx_word' id='word_1_647' title='bbox 1071 4071 1167 4108; x_wconf 86' lang='lat' dir='ltr'><strong>non</strong></span> <span class='ocrx_word' id='word_1_648' title='bbox 1192 4058 1538 4122; x_wconf 79' lang='lat' dir='ltr'><strong>intelligeutcs</strong></span> <span class='ocrx_word' id='word_1_649' title='bbox 1562 4057 1784 4109; x_wconf 86' lang='lat' dir='ltr'><strong>editores</strong></span> 
     </span>
    </p>
   </div>
   <div class='ocr_carea' id='block_1_77' title="bbox 167 4120 1776 4186">
    <p class='ocr_par' dir='ltr' id='par_1_77' title="bbox 167 4120 1776 4186">
     <span class='ocr_line' id='line_1_77' title="bbox 167 4120 1776 4186; baseline 0.001 -15"><span class='ocrx_word' id='word_1_650' title='bbox 167 4121 234 4171; x_wconf 82' lang='lat' dir='ltr'><strong>ad</strong></span> <span class='ocrx_word' id='word_1_651' title='bbox 255 4121 502 4173; x_wconf 86' lang='lat' dir='ltr'><strong>Christum</strong></span> <span class='ocrx_word' id='word_1_652' title='bbox 523 4120 722 4186; x_wconf 78' lang='lat' dir='ltr'><strong>referri,</strong></span> <span class='ocrx_word' id='word_1_653' title='bbox 745 4122 830 4184; x_wconf 88' lang='lat' dir='ltr'><strong>qui</strong></span> <span class='ocrx_word' id='word_1_654' title='bbox 850 4120 939 4186; x_wconf 80' lang='lat' dir='ltr'><strong>per</strong></span> <span class='ocrx_word' id='word_1_655' title='bbox 965 4123 1324 4186; x_wconf 65' lang='lat' dir='ltr'><strong>praescieutiam</strong></span> <span class='ocrx_word' id='word_1_656' title='bbox 1365 4120 1530 4172; x_wconf 72' lang='lat' dir='ltr'><strong>futura</strong></span> <span class='ocrx_word' id='word_1_657' title='bbox 1553 4127 1776 4182; x_wconf 89' lang='lat' dir='ltr'><strong>noverat,</strong></span> 
     </span>
    </p>
   </div>
   <div class='ocr_carea' id='block_1_78' title="bbox 166 4181 782 4296">
    <p class='ocr_par' dir='ltr' id='par_1_78' title="bbox 166 4181 782 4296">
     <span class='ocr_line' id='line_1_78' title="bbox 166 4181 777 4249; baseline -0.003 -16"><span class='ocrx_word' id='word_1_658' title='bbox 166 4192 450 4249; x_wconf 79' lang='lat' dir='ltr'><strong>posuerunt</strong></span> <span class='ocrx_word' id='word_1_659' title='bbox 465 4181 738 4247; x_wconf 75' lang='lat' dir='ltr'><strong>prtesentia.</strong></span> <span class='ocrx_word' id='word_1_660' title='bbox 763 4181 777 4184; x_wconf 81' lang='grc'><strong><em>“</em></strong></span> 
     </span>
     <span class='ocr_line' id='line_1_79' title="bbox 238 4246 782 4296; baseline 0 0"><span class='ocrx_word' id='word_1_661' title='bbox 238 4249 260 4277; x_wconf 73' lang='grc' dir='ltr'><strong>ε</strong></span> <span class='ocrx_word' id='word_1_662' title='bbox 299 4246 356 4296; x_wconf 87' lang='lat' dir='ltr'><strong>lu</strong></span> <span class='ocrx_word' id='word_1_663' title='bbox 382 4261 472 4296; x_wconf 87' lang='lat' dir='ltr'><strong>ms.</strong></span> <span class='ocrx_word' id='word_1_664' title='bbox 494 4246 548 4296; x_wconf 93' lang='lat' dir='ltr'><strong>S.</strong></span> <span class='ocrx_word' id='word_1_665' title='bbox 579 4246 638 4296; x_wconf 88' lang='lat' dir='ltr'><strong>G.</strong></span> <span class='ocrx_word' id='word_1_666' title='bbox 665 4247 782 4296; x_wconf 87' lang='lat' dir='ltr'><strong>dum</strong></span> 
     </span>
    </p>
   </div>
   <div class='ocr_carea' id='block_1_79' title="bbox 233 4281 1068 4370">
    <p class='ocr_par' dir='ltr' id='par_1_79' title="bbox 233 4281 1068 4370">
     <span class='ocr_line' id='line_1_80' title="bbox 233 4281 1068 4370; baseline 0 -12"><span class='ocrx_word' id='word_1_667' title='bbox 233 4307 261 4348; x_wconf 70' lang='grc' dir='ltr'><strong>εἰ</strong></span> <span class='ocrx_word' id='word_1_668' title='bbox 901 4309 1068 4360; x_wconf 88' lang='lat' dir='ltr'><strong>Petro.</strong></span> 
     </span>
    </p>
   </div>
   <div class='ocr_carea' id='block_1_80' title="bbox 237 4370 1781 4435">
    <p class='ocr_par' dir='ltr' id='par_1_80' title="bbox 237 4370 1781 4435">
     <span class='ocr_line' id='line_1_81' title="bbox 237 4370 1781 4435; baseline 0 -14"><span class='ocrx_word' id='word_1_669' title='bbox 237 4376 263 4404; x_wconf 80' lang='grc' dir='ltr'>θ</span> <span class='ocrx_word' id='word_1_670' title='bbox 297 4370 374 4422; x_wconf 83' lang='lat' dir='ltr'><strong>Ita</strong></span> <span class='ocrx_word' id='word_1_671' title='bbox 416 4370 684 4435; x_wconf 83' lang='lat' dir='ltr'><strong>legendum</strong></span> <span class='ocrx_word' id='word_1_672' title='bbox 720 4372 851 4422; x_wconf 90' lang='lat' dir='ltr'><strong>hunc</strong></span> <span class='ocrx_word' id='word_1_673' title='bbox 889 4371 1044 4421; x_wconf 90' lang='lat' dir='ltr'><strong>locum</strong></span> <span class='ocrx_word' id='word_1_674' title='bbox 1087 4376 1143 4422; x_wconf 82' lang='lat' dir='ltr'><strong>ut</strong></span> <span class='ocrx_word' id='word_1_675' title='bbox 1180 4371 1393 4422; x_wconf 80' lang='lat' dir='ltr'><strong>habetur</strong></span> <span class='ocrx_word' id='word_1_676' title='bbox 1419 4373 1468 4421; x_wconf 90' lang='lat' dir='ltr'><strong>in</strong></span> <span class='ocrx_word' id='word_1_677' title='bbox 1507 4385 1597 4421; x_wconf 91' lang='lat' dir='ltr'><strong>ms.</strong></span> <span class='ocrx_word' id='word_1_678' title='bbox 1640 4372 1693 4423; x_wconf 91' lang='lat' dir='ltr'><strong>S.</strong></span> <span class='ocrx_word' id='word_1_679' title='bbox 1722 4371 1781 4422; x_wconf 71' lang='grc' dir='ltr'><strong>Ο.</strong></span> 
     </span>
    </p>
   </div>
   <div class='ocr_carea' id='block_1_81' title="bbox 1890 3929 3490 3997">
    <p class='ocr_par' dir='ltr' id='par_1_81' title="bbox 1890 3929 3490 3997">
     <span class='ocr_line' id='line_1_82' title="bbox 1890 3929 3490 3997; baseline -0.001 -14"><span class='ocrx_word' id='word_1_680' title='bbox 1890 3934 2107 3984; x_wconf 85' lang='lat' dir='ltr'><strong>ostendit</strong></span> <span class='ocrx_word' id='word_1_681' title='bbox 2130 3946 2306 3997; x_wconf 80' lang='lat' dir='ltr'><strong>scapus</strong></span> <span class='ocrx_word' id='word_1_682' title='bbox 2329 3932 2494 3997; x_wconf 87' lang='lat' dir='ltr'><strong>Optati</strong></span> <span class='ocrx_word' id='word_1_683' title='bbox 2517 3948 2526 3983; x_wconf 89' lang='lat'><strong>:</strong></span> <span class='ocrx_word' id='word_1_684' title='bbox 2550 3931 2680 3982; x_wconf 80' lang='lat' dir='ltr'><strong>male</strong></span> <span class='ocrx_word' id='word_1_685' title='bbox 2701 3933 2752 3984; x_wconf 88' lang='lat' dir='ltr'><strong>in</strong></span> <span class='ocrx_word' id='word_1_686' title='bbox 2768 3946 2883 3983; x_wconf 88' lang='lat' dir='ltr'><strong>mss.</strong></span> <span class='ocrx_word' id='word_1_687' title='bbox 2908 3933 2962 3982; x_wconf 94' lang='lat' dir='ltr'><strong>S.</strong></span> <span class='ocrx_word' id='word_1_688' title='bbox 2997 3929 3058 3983; x_wconf 89' lang='grc' dir='ltr'><strong>Τ.</strong></span> <span class='ocrx_word' id='word_1_689' title='bbox 3085 3939 3137 3982; x_wconf 92' lang='lat' dir='ltr'><strong>et</strong></span> <span class='ocrx_word' id='word_1_690' title='bbox 3159 3931 3215 3982; x_wconf 88' lang='lat' dir='ltr'><strong>P.</strong></span> <span class='ocrx_word' id='word_1_691' title='bbox 3241 3933 3294 3982; x_wconf 93' lang='lat' dir='ltr'><strong>S.</strong></span> <span class='ocrx_word' id='word_1_692' title='bbox 3315 3931 3422 3982; x_wconf 78' lang='lat' dir='ltr'><strong>haec</strong></span> <span class='ocrx_word' id='word_1_693' title='bbox 3439 3933 3490 3983; x_wconf 90' lang='lat' dir='ltr'><strong>in</strong></span> 
     </span>
    </p>
   </div>
   <div class='ocr_carea' id='block_1_82' title="bbox 1891 3997 2630 4061">
    <p class='ocr_par' dir='ltr' id='par_1_82' title="bbox 1891 3997 2630 4061">
     <span class='ocr_line' id='line_1_83' title="bbox 1891 3997 2630 4061; baseline -0.001 -14"><span class='ocrx_word' id='word_1_694' title='bbox 1891 3999 2037 4061; x_wconf 72' lang='lat' dir='ltr'><strong>tertia</strong></span> <span class='ocrx_word' id='word_1_695' title='bbox 2058 4009 2267 4061; x_wconf 90' lang='lat' dir='ltr'><strong>persona</strong></span> <span class='ocrx_word' id='word_1_696' title='bbox 2292 3997 2630 4061; x_wconf 64' lang='lat' dir='ltr'><strong>enuntientur.</strong></span> 
     </span>
    </p>
   </div>
   <div class='ocr_carea' id='block_1_83' title="bbox 1957 4054 3492 4123">
    <p class='ocr_par' dir='ltr' id='par_1_83' title="bbox 1957 4054 3492 4123">
     <span class='ocr_line' id='line_1_84' title="bbox 1957 4054 3492 4123; baseline -0.001 -15"><span class='ocrx_word' id='word_1_697' title='bbox 1957 4056 1977 4097; x_wconf 69' lang='grc' dir='ltr'><strong>ι</strong></span> <span class='ocrx_word' id='word_1_698' title='bbox 2015 4054 2088 4109; x_wconf 76' lang='lat' dir='ltr'><strong>It&#39;a</strong></span> <span class='ocrx_word' id='word_1_699' title='bbox 2131 4061 2177 4108; x_wconf 93' lang='lat' dir='ltr'><strong>in</strong></span> <span class='ocrx_word' id='word_1_700' title='bbox 2215 4072 2304 4109; x_wconf 92' lang='lat' dir='ltr'><strong>ms.</strong></span> <span class='ocrx_word' id='word_1_701' title='bbox 2332 4058 2385 4108; x_wconf 95' lang='grc'>8.</span> <span class='ocrx_word' id='word_1_702' title='bbox 2414 4057 2473 4123; x_wconf 76' lang='lat' dir='ltr'><strong>G.</strong></span> <span class='ocrx_word' id='word_1_703' title='bbox 2523 4058 2577 4108; x_wconf 89' lang='lat' dir='ltr'><strong>Iu</strong></span> <span class='ocrx_word' id='word_1_704' title='bbox 2618 4070 2732 4123; x_wconf 88' lang='lat' dir='ltr'><strong>mss.</strong></span> <span class='ocrx_word' id='word_1_705' title='bbox 2769 4059 2821 4123; x_wconf 74' lang='grc'>8.</span> <span class='ocrx_word' id='word_1_706' title='bbox 2847 4057 2906 4107; x_wconf 88' lang='grc' dir='ltr'><strong>Τ.</strong></span> <span class='ocrx_word' id='word_1_707' title='bbox 2942 4064 2996 4108; x_wconf 87' lang='lat' dir='ltr'><strong>et</strong></span> <span class='ocrx_word' id='word_1_708' title='bbox 3034 4055 3094 4106; x_wconf 90' lang='lat' dir='ltr'><strong>P.</strong></span> <span class='ocrx_word' id='word_1_709' title='bbox 3136 4056 3190 4106; x_wconf 94' lang='lat' dir='ltr'><strong>S.</strong></span> <span class='ocrx_word' id='word_1_710' title='bbox 3215 4054 3492 4123; x_wconf 81' lang='lat' dir='ltr'><strong>magisterio</strong></span> 
     </span>
    </p>
   </div>
   <div class='ocr_carea' id='block_1_84' title="bbox 1890 4120 3490 4185">
    <p class='ocr_par' dir='ltr' id='par_1_84' title="bbox 1890 4120 3490 4185">
     <span class='ocr_line' id='line_1_85' title="bbox 1890 4120 3490 4185; baseline -0.003 -12"><span class='ocrx_word' id='word_1_711' title='bbox 1890 4123 2130 4185; x_wconf 77' lang='lat' dir='ltr'><strong>exemplo,</strong></span> <span class='ocrx_word' id='word_1_712' title='bbox 2155 4123 2332 4172; x_wconf 87' lang='lat' dir='ltr'><strong>omissa</strong></span> <span class='ocrx_word' id='word_1_713' title='bbox 2350 4120 2542 4172; x_wconf 88' lang='lat' dir='ltr'><strong>scilicet</strong></span> <span class='ocrx_word' id='word_1_714' title='bbox 2558 4122 2924 4185; x_wconf 79' lang='lat' dir='ltr'><strong>conjunctione,</strong></span> <span class='ocrx_word' id='word_1_715' title='bbox 2953 4133 3063 4182; x_wconf 66' lang='lat' dir='ltr'><strong>quae</strong></span> <span class='ocrx_word' id='word_1_716' title='bbox 3105 4126 3267 4169; x_wconf 89' lang='lat' dir='ltr'><strong>tamen</strong></span> <span class='ocrx_word' id='word_1_717' title='bbox 3301 4120 3490 4185; x_wconf 72' lang='lat' dir='ltr'><strong>neces-</strong></span> 
     </span>
    </p>
   </div>
   <div class='ocr_carea' id='block_1_85' title="bbox 1889 4181 3490 4248">
    <p class='ocr_par' dir='ltr' id='par_1_85' title="bbox 1889 4181 3490 4248">
     <span class='ocr_line' id='line_1_86' title="bbox 1889 4181 3490 4248; baseline 0 -14"><span class='ocrx_word' id='word_1_718' title='bbox 1889 4181 2042 4248; x_wconf 72' lang='lat' dir='ltr'><strong>saria,</strong></span> <span class='ocrx_word' id='word_1_719' title='bbox 2069 4193 2122 4235; x_wconf 83' lang='lat' dir='ltr'><strong>et</strong></span> <span class='ocrx_word' id='word_1_720' title='bbox 2138 4199 2284 4248; x_wconf 83' lang='lat' dir='ltr'><strong>quam</strong></span> <span class='ocrx_word' id='word_1_721' title='bbox 2309 4197 2404 4248; x_wconf 74' lang='lat' dir='ltr'><strong>non</strong></span> <span class='ocrx_word' id='word_1_722' title='bbox 2428 4182 2720 4248; x_wconf 85' lang='lat' dir='ltr'><strong>supplentes</strong></span> <span class='ocrx_word' id='word_1_723' title='bbox 2735 4181 2956 4233; x_wconf 87' lang='lat' dir='ltr'><strong>editores</strong></span> <span class='ocrx_word' id='word_1_724' title='bbox 2974 4181 3290 4232; x_wconf 77' lang='lat' dir='ltr'><strong>mutaverunt</strong></span> <span class='ocrx_word' id='word_1_725' title='bbox 3309 4181 3490 4248; x_wconf 87' lang='lat' dir='ltr'><strong>magis-</strong></span> 
     </span>
    </p>
   </div>
   <div class='ocr_carea' id='block_1_86' title="bbox 1890 4245 2342 4312">
    <p class='ocr_par' dir='ltr' id='par_1_86' title="bbox 1890 4245 2342 4312">
     <span class='ocr_line' id='line_1_87' title="bbox 1890 4245 2342 4312; baseline -0.002 -15"><span class='ocrx_word' id='word_1_726' title='bbox 1890 4245 2086 4312; x_wconf 60' lang='lat' dir='ltr'><strong>terio_&#39;i_n</strong></span> <span class='ocrx_word' id='word_1_727' title='bbox 2105 4245 2342 4312; x_wconf 71' lang='lat' dir='ltr'><strong>magistri.</strong></span> 
     </span>
    </p>
   </div>
   <div class='ocr_carea' id='block_1_87' title="bbox 1903 4307 3082 4361">
    <p class='ocr_par' dir='ltr' id='par_1_87' title="bbox 1903 4307 3082 4361">
     <span class='ocr_line' id='line_1_88' title="bbox 1903 4307 3082 4361; baseline -0.002 -1"><span class='ocrx_word' id='word_1_728' title='bbox 1903 4341 1908 4350; x_wconf 92' lang='lat'><strong><em>-</em></strong></span> <span class='ocrx_word' id='word_1_729' title='bbox 1956 4312 1981 4350; x_wconf 76' lang='grc' dir='ltr'>ὅ</span> <span class='ocrx_word' id='word_1_730' title='bbox 2015 4309 2132 4360; x_wconf 72' lang='lat' dir='ltr'><strong>Haec</strong></span> <span class='ocrx_word' id='word_1_731' title='bbox 2157 4307 2402 4361; x_wconf 68' lang='lat' dir='ltr'><strong>habentur</strong></span> <span class='ocrx_word' id='word_1_732' title='bbox 2427 4309 2475 4359; x_wconf 87' lang='lat' dir='ltr'><strong>in</strong></span> <span class='ocrx_word' id='word_1_733' title='bbox 2499 4321 2590 4358; x_wconf 90' lang='lat' dir='ltr'><strong>ms.</strong></span> <span class='ocrx_word' id='word_1_734' title='bbox 2613 4310 2666 4360; x_wconf 89' lang='lat' dir='ltr'><strong>S.</strong></span> <span class='ocrx_word' id='word_1_735' title='bbox 2687 4308 2746 4360; x_wconf 91' lang='lat' dir='ltr'><strong>G.</strong></span> <span class='ocrx_word' id='word_1_736' title='bbox 2769 4321 2863 4359; x_wconf 90' lang='lat' dir='ltr'><strong>non</strong></span> <span class='ocrx_word' id='word_1_737' title='bbox 2887 4309 2937 4358; x_wconf 89' lang='lat' dir='ltr'><strong>in</strong></span> <span class='ocrx_word' id='word_1_738' title='bbox 2957 4307 3082 4358; x_wconf 88' lang='lat' dir='ltr'><strong>aliis.</strong></span> 
     </span>
    </p>
   </div>
   <div class='ocr_carea' id='block_1_88' title="bbox 1533 4477 2168 4536">
    <p class='ocr_par' dir='ltr' id='par_1_88' title="bbox 1533 4477 2168 4536">
     <span class='ocr_line' id='line_1_89' title="bbox 1533 4477 2168 4536; baseline 0 -2"><span class='ocrx_word' id='word_1_739' title='bbox 1533 4477 1897 4534; x_wconf 73' lang='grc' dir='ltr'>νΑιιιοιιυιι</span> <span class='ocrx_word' id='word_1_740' title='bbox 1935 4479 2168 4536; x_wconf 66' lang='lat' dir='ltr'><strong>NOTAE.</strong></span> 
     </span>
    </p>
   </div>
   <div class='ocr_carea' id='block_1_89' title="bbox 241 4574 3484 4652">
    <p class='ocr_par' dir='ltr' id='par_1_89' title="bbox 241 4574 3484 4652">
     <span class='ocr_line' id='line_1_90' title="bbox 241 4574 3484 4652; baseline -0.001 -18"><span class='ocrx_word' id='word_1_741' title='bbox 241 4579 365 4652; x_wconf 82' lang='lat'><strong>(25)</strong></span> <span class='ocrx_word' id='word_1_742' title='bbox 399 4576 464 4632; x_wconf 82' lang='lat' dir='ltr'><strong>Et</strong></span> <span class='ocrx_word' id='word_1_743' title='bbox 487 4577 572 4652; x_wconf 87' lang='lat' dir='ltr'><strong>qui</strong></span> <span class='ocrx_word' id='word_1_744' title='bbox 600 4577 652 4632; x_wconf 81' lang='lat' dir='ltr'><strong>in</strong></span> <span class='ocrx_word' id='word_1_745' title='bbox 678 4576 882 4652; x_wconf 81' lang='lat' dir='ltr'><strong>tumulo</strong></span> <span class='ocrx_word' id='word_1_746' title='bbox 907 4574 1158 4652; x_wconf 84' lang='lat' dir='ltr'><strong>quiescit,</strong></span> <span class='ocrx_word' id='word_1_747' title='bbox 1187 4585 1292 4652; x_wconf 84' lang='lat' dir='ltr'><strong>etc.</strong></span> <span class='ocrx_word' id='word_1_748' title='bbox 1326 4576 1538 4652; x_wconf 82' lang='lat' dir='ltr'><strong>Priores</strong></span> <span class='ocrx_word' id='word_1_749' title='bbox 1579 4578 1772 4652; x_wconf 80' lang='lat' dir='ltr'><strong>editio-</strong></span> <span class='ocrx_word' id='word_1_750' title='bbox 1804 4584 1858 4645; x_wconf 89' lang='lat' dir='ltr'><strong>D</strong></span> <span class='ocrx_word' id='word_1_751' title='bbox 1886 4595 2007 4644; x_wconf 83' lang='lat' dir='ltr'><strong>nus,</strong></span> <span class='ocrx_word' id='word_1_752' title='bbox 2037 4579 2104 4635; x_wconf 90' lang='lat' dir='ltr'><strong>de</strong></span> <span class='ocrx_word' id='word_1_753' title='bbox 2143 4583 2291 4650; x_wconf 90' lang='lat' dir='ltr'><strong>bapt.</strong></span> <span class='ocrx_word' id='word_1_754' title='bbox 2328 4595 2450 4646; x_wconf 85' lang='lat' dir='ltr'><strong>cap.</strong></span> <span class='ocrx_word' id='word_1_755' title='bbox 2498 4581 2565 4636; x_wconf 77' lang='lat' dir='ltr'><strong>i2</strong></span> <span class='ocrx_word' id='word_1_756' title='bbox 2585 4622 2600 4646; x_wconf 91' lang='lat'><strong>,</strong></span> <span class='ocrx_word' id='word_1_757' title='bbox 2633 4581 2788 4647; x_wconf 88' lang='lat' dir='ltr'><strong>plane</strong></span> <span class='ocrx_word' id='word_1_758' title='bbox 2811 4577 3234 4652; x_wconf 85' lang='lat' dir='ltr'><strong>sitniltter_usus</strong></span> <span class='ocrx_word' id='word_1_759' title='bbox 3275 4577 3445 4652; x_wconf 79' lang='lat' dir='ltr'><strong>fuerat</strong></span> <span class='ocrx_word' id='word_1_760' title='bbox 3468 4617 3484 4641; x_wconf 93' lang='lat'><strong>,</strong></span> 
     </span>
    </p>
   </div>
   <div class='ocr_carea' id='block_1_90' title="bbox 165 4649 1772 4720">
    <p class='ocr_par' dir='ltr' id='par_1_90' title="bbox 165 4649 1772 4720">
     <span class='ocr_line' id='line_1_91' title="bbox 165 4649 1772 4720; baseline -0.003 -13"><span class='ocrx_word' id='word_1_761' title='bbox 165 4649 299 4714; x_wconf 77' lang='lat' dir='ltr'><strong>nes,</strong></span> <span class='ocrx_word' id='word_1_762' title='bbox 335 4661 381 4704; x_wconf 87' lang='lat' dir='ltr'><strong>et</strong></span> <span class='ocrx_word' id='word_1_763' title='bbox 410 4651 497 4720; x_wconf 89' lang='lat' dir='ltr'><strong>qui</strong></span> <span class='ocrx_word' id='word_1_764' title='bbox 525 4649 717 4704; x_wconf 90' lang='lat' dir='ltr'><strong>tumulo</strong></span> <span class='ocrx_word' id='word_1_765' title='bbox 745 4650 961 4720; x_wconf 77' lang='lat' dir='ltr'><strong>quiescit</strong></span> <span class='ocrx_word' id='word_1_766' title='bbox 987 4651 1172 4704; x_wconf 86' lang='lat' dir='ltr'><strong>tacitus</strong></span> <span class='ocrx_word' id='word_1_767' title='bbox 1197 4651 1261 4702; x_wconf 87' lang='lat' dir='ltr'><strong>de</strong></span> <span class='ocrx_word' id='word_1_768' title='bbox 1297 4650 1482 4703; x_wconf 87' lang='lat' dir='ltr'><strong>tabulis</strong></span> <span class='ocrx_word' id='word_1_769' title='bbox 1513 4649 1737 4716; x_wconf 83' lang='lat' dir='ltr'><strong>loquitur</strong></span> <span class='ocrx_word' id='word_1_770' title='bbox 1756 4691 1772 4716; x_wconf 90' lang='lat'><strong>,</strong></span> 
     </span>
    </p>
   </div>
   <div class='ocr_carea' id='block_1_91' title="bbox 165 4722 1776 4793">
    <p class='ocr_par' dir='ltr' id='par_1_91' title="bbox 165 4722 1776 4793">
     <span class='ocr_line' id='line_1_92' title="bbox 165 4722 1776 4793; baseline -0.001 -15"><span class='ocrx_word' id='word_1_771' title='bbox 165 4734 216 4778; x_wconf 86' lang='lat' dir='ltr'><strong>et</strong></span> <span class='ocrx_word' id='word_1_772' title='bbox 254 4727 398 4777; x_wconf 79' lang='lat' dir='ltr'><strong>vivus</strong></span> <span class='ocrx_word' id='word_1_773' title='bbox 447 4723 630 4793; x_wconf 80' lang='lat' dir='ltr'><strong>cujus,</strong></span> <span class='ocrx_word' id='word_1_774' title='bbox 669 4731 775 4793; x_wconf 78' lang='lat' dir='ltr'><strong>etc.</strong></span> <span class='ocrx_word' id='word_1_775' title='bbox 799 4763 813 4782; x_wconf 84' lang='lat'><strong>,</strong></span> <span class='ocrx_word' id='word_1_776' title='bbox 857 4723 1034 4776; x_wconf 89' lang='lat' dir='ltr'><strong>scribe</strong></span> <span class='ocrx_word' id='word_1_777' title='bbox 1059 4763 1073 4782; x_wconf 84' lang='lat'><strong>.</strong></span> <span class='ocrx_word' id='word_1_778' title='bbox 1113 4733 1178 4793; x_wconf 14' lang='lat' dir='ltr'><strong>et,</strong></span> <span class='ocrx_word' id='word_1_779' title='bbox 1208 4722 1293 4788; x_wconf 89' lang='lat' dir='ltr'><strong>qui</strong></span> <span class='ocrx_word' id='word_1_780' title='bbox 1335 4723 1534 4775; x_wconf 90' lang='lat' dir='ltr'><strong>tumulo</strong></span> <span class='ocrx_word' id='word_1_781' title='bbox 1562 4722 1776 4789; x_wconf 86' lang='lat' dir='ltr'><strong>quiescit</strong></span> 
     </span>
    </p>
   </div>
   <div class='ocr_carea' id='block_1_92' title="bbox 165 4791 1771 4868">
    <p class='ocr_par' dir='ltr' id='par_1_92' title="bbox 165 4791 1771 4868">
     <span class='ocr_line' id='line_1_93' title="bbox 165 4791 1771 4868; baseline 0 -20"><span class='ocrx_word' id='word_1_782' title='bbox 165 4796 357 4868; x_wconf 86' lang='lat' dir='ltr'><strong>tacitus</strong></span> <span class='ocrx_word' id='word_1_783' title='bbox 374 4834 392 4868; x_wconf 87' lang='lat'><strong>,</strong></span> <span class='ocrx_word' id='word_1_784' title='bbox 421 4792 484 4846; x_wconf 84' lang='lat' dir='ltr'><strong>de</strong></span> <span class='ocrx_word' id='word_1_785' title='bbox 502 4791 692 4847; x_wconf 80' lang='lat' dir='ltr'><strong>tabulis</strong></span> <span class='ocrx_word' id='word_1_786' title='bbox 716 4791 940 4868; x_wconf 69' lang='lat' dir='ltr'><strong>loquitur</strong></span> <span class='ocrx_word' id='word_1_787' title='bbox 969 4794 1130 4868; x_wconf 79' lang='lat' dir='ltr'><strong>vivus.</strong></span> <span class='ocrx_word' id='word_1_788' title='bbox 1157 4792 1223 4868; x_wconf 75' lang='lat' dir='ltr'><strong>Is</strong></span> <span class='ocrx_word' id='word_1_789' title='bbox 1244 4796 1392 4868; x_wconf 80' lang='lat' dir='ltr'><strong>cujus</strong></span> <span class='ocrx_word' id='word_1_790' title='bbox 1410 4835 1426 4860; x_wconf 91' lang='lat'><strong>,</strong></span> <span class='ocrx_word' id='word_1_791' title='bbox 1447 4803 1551 4868; x_wconf 86' lang='lat' dir='ltr'><strong>etc.</strong></span> <span class='ocrx_word' id='word_1_792' title='bbox 1577 4793 1771 4868; x_wconf 83' lang='lat' dir='ltr'><strong>Totum</strong></span> 
     </span>
    </p>
   </div>
   <div class='ocr_carea' id='block_1_93' title="bbox 167 4863 1770 4935">
    <p class='ocr_par' dir='ltr' id='par_1_93' title="bbox 167 4863 1770 4935">
     <span class='ocr_line' id='line_1_94' title="bbox 167 4863 1770 4935; baseline -0.002 -14"><span class='ocrx_word' id='word_1_793' title='bbox 167 4867 317 4921; x_wconf 87' lang='lat' dir='ltr'><strong>hunc</strong></span> <span class='ocrx_word' id='word_1_794' title='bbox 372 4866 548 4919; x_wconf 87' lang='lat' dir='ltr'><strong>locum</strong></span> <span class='ocrx_word' id='word_1_795' title='bbox 593 4863 965 4935; x_wconf 83' lang='lat' dir='ltr'><strong>quoutodoS.</strong></span> <span class='ocrx_word' id='word_1_796' title='bbox 1001 4863 1332 4935; x_wconf 70' lang='lat' dir='ltr'><strong>Augusﬁuus</strong></span> <span class='ocrx_word' id='word_1_797' title='bbox 1379 4865 1618 4918; x_wconf 89' lang='lat' dir='ltr'><strong>imitatus</strong></span> <span class='ocrx_word' id='word_1_798' title='bbox 1667 4867 1770 4931; x_wconf 91' lang='lat' dir='ltr'><strong>sit,</strong></span> 
     </span>
    </p>
   </div>
   <div class='ocr_carea' id='block_1_94' title="bbox 166 4934 1771 5004">
    <p class='ocr_par' dir='ltr' id='par_1_94' title="bbox 166 4934 1771 5004">
     <span class='ocr_line' id='line_1_95' title="bbox 166 4934 1771 5004; baseline 0 -12"><span class='ocrx_word' id='word_1_799' title='bbox 166 4937 383 4992; x_wconf 80' lang='lat' dir='ltr'><strong>videbis</strong></span> <span class='ocrx_word' id='word_1_800' title='bbox 415 4935 466 4989; x_wconf 92' lang='lat' dir='ltr'><strong>iu</strong></span> <span class='ocrx_word' id='word_1_801' title='bbox 502 4934 746 4990; x_wconf 88' lang='lat' dir='ltr'><strong>Balduini</strong></span> <span class='ocrx_word' id='word_1_802' title='bbox 788 4934 932 4990; x_wconf 89' lang='lat' dir='ltr'><strong>notis</strong></span> <span class='ocrx_word' id='word_1_803' title='bbox 956 4977 972 5004; x_wconf 88' lang='lat'><strong>,</strong></span> <span class='ocrx_word' id='word_1_804' title='bbox 1005 4934 1106 5004; x_wconf 82' lang='lat' dir='ltr'><strong>qui</strong></span> <span class='ocrx_word' id='word_1_805' title='bbox 1139 4936 1314 4990; x_wconf 92' lang='lat' dir='ltr'><strong>locum</strong></span> <span class='ocrx_word' id='word_1_806' title='bbox 1355 4937 1581 5004; x_wconf 83' lang='lat' dir='ltr'><strong>profert.</strong></span> <span class='ocrx_word' id='word_1_807' title='bbox 1619 4937 1771 5004; x_wconf 86' lang='lat' dir='ltr'><strong>Quod</strong></span> 
     </span>
    </p>
   </div>
   <div class='ocr_carea' id='block_1_95' title="bbox 167 5006 1766 5078">
    <p class='ocr_par' dir='ltr' id='par_1_95' title="bbox 167 5006 1766 5078">
     <span class='ocr_line' id='line_1_96' title="bbox 167 5006 1766 5078; baseline -0.001 -14"><span class='ocrx_word' id='word_1_808' title='bbox 167 5011 259 5065; x_wconf 90' lang='lat' dir='ltr'><strong>hic</strong></span> <span class='ocrx_word' id='word_1_809' title='bbox 297 5019 478 5062; x_wconf 84' lang='lat' dir='ltr'><strong>autem</strong></span> <span class='ocrx_word' id='word_1_810' title='bbox 509 5006 736 5078; x_wconf 88' lang='lat' dir='ltr'><strong>Optatus</strong></span> <span class='ocrx_word' id='word_1_811' title='bbox 755 5048 770 5070; x_wconf 94' lang='lat'><strong>,</strong></span> <span class='ocrx_word' id='word_1_812' title='bbox 807 5007 908 5072; x_wconf 80' lang='lat' dir='ltr'><strong>Qui</strong></span> <span class='ocrx_word' id='word_1_813' title='bbox 939 5008 1135 5061; x_wconf 88' lang='lat' dir='ltr'><strong>tumulo</strong></span> <span class='ocrx_word' id='word_1_814' title='bbox 1164 5008 1376 5077; x_wconf 86' lang='lat' dir='ltr'><strong>quiescit</strong></span> <span class='ocrx_word' id='word_1_815' title='bbox 1405 5009 1591 5062; x_wconf 88' lang='lat' dir='ltr'><strong>tacitus</strong></span> <span class='ocrx_word' id='word_1_816' title='bbox 1612 5049 1626 5073; x_wconf 95' lang='lat'><strong>,</strong></span> <span class='ocrx_word' id='word_1_817' title='bbox 1655 5009 1766 5063; x_wconf 88' lang='lat' dir='ltr'><strong>Att-</strong></span> 
     </span>
    </p>
   </div>
   <div class='ocr_carea' id='block_1_96' title="bbox 163 5079 1773 5206">
    <p class='ocr_par' dir='ltr' id='par_1_96' title="bbox 163 5079 1773 5206">
     <span class='ocr_line' id='line_1_97' title="bbox 163 5079 1773 5206; baseline 0.001 -70"><span class='ocrx_word' id='word_1_818' title='bbox 163 5081 455 5154; x_wconf 68' lang='lat' dir='ltr'><strong>gustinus,</strong></span> <span class='ocrx_word' id='word_1_819' title='bbox 491 5081 582 5135; x_wconf 90' lang='lat' dir='ltr'><strong>ille</strong></span> <span class='ocrx_word' id='word_1_820' title='bbox 610 5079 730 5134; x_wconf 88' lang='lat' dir='ltr'><strong>sine</strong></span> <span class='ocrx_word' id='word_1_821' title='bbox 769 5092 933 5134; x_wconf 89' lang='lat' dir='ltr'><strong>sensu</strong></span> <span class='ocrx_word' id='word_1_822' title='bbox 969 5080 1113 5149; x_wconf 89' lang='lat' dir='ltr'><strong>jacet</strong></span> <span class='ocrx_word' id='word_1_823' title='bbox 1148 5079 1199 5132; x_wconf 93' lang='lat' dir='ltr'><strong>in</strong></span> <span class='ocrx_word' id='word_1_824' title='bbox 1220 5091 1594 5206; x_wconf 49' lang='grc' dir='ltr'><strong>⁸ἴιιοὲιιιιιειυιο</strong></span> <span class='ocrx_word' id='word_1_825' title='bbox 1618 5121 1632 5143; x_wconf 88' lang='grc'><strong>.</strong></span> <span class='ocrx_word' id='word_1_826' title='bbox 1664 5092 1773 5138; x_wconf 75' lang='lat' dir='ltr'><strong>etc.</strong></span> 
     </span>
     <span class='ocr_line' id='line_1_98' title="bbox 1275 5167 1552 5206; baseline 0.014 -4"><span class='ocrx_word' id='word_1_827' title='bbox 1275 5190 1287 5202; x_wconf 93' lang='lat'><strong>.</strong></span> <span class='ocrx_word' id='word_1_828' title='bbox 1365 5167 1552 5206; x_wconf 58' lang='lat' dir='ltr'><strong>assus.</strong></span> 
     </span>
    </p>
   </div>
   <div class='ocr_carea' id='block_1_97' title="bbox 1275 5167 1552 5207">
    <p class='ocr_par' dir='ltr' id='par_1_97' title="bbox 1275 5167 1552 5207">
     <span class='ocr_line' id='line_1_99' title="bbox 1275 5167 1552 5207; baseline 0.018 -5"><span class='ocrx_word' id='word_1_829' title='bbox 1275 5190 1287 5202; x_wconf 92' lang='lat'><strong>.</strong></span> <span class='ocrx_word' id='word_1_830' title='bbox 1320 5167 1552 5207; x_wconf 67' lang='lat' dir='ltr'><strong>LASAUB.</strong></span> 
     </span>
    </p>
   </div>
   <div class='ocr_carea' id='block_1_98' title="bbox 241 5221 1772 5292">
    <p class='ocr_par' dir='ltr' id='par_1_98' title="bbox 241 5221 1772 5292">
     <span class='ocr_line' id='line_1_100' title="bbox 241 5221 1772 5292; baseline 0.002 -16"><span class='ocrx_word' id='word_1_831' title='bbox 241 5224 382 5283; x_wconf 75' lang='lat' dir='ltr'><strong>Ibid.</strong></span> <span class='ocrx_word' id='word_1_832' title='bbox 417 5223 519 5288; x_wconf 80' lang='lat' dir='ltr'><strong>Qui</strong></span> <span class='ocrx_word' id='word_1_833' title='bbox 549 5223 602 5276; x_wconf 90' lang='lat' dir='ltr'><strong>in</strong></span> <span class='ocrx_word' id='word_1_834' title='bbox 632 5221 830 5277; x_wconf 86' lang='lat' dir='ltr'><strong>tumulo</strong></span> <span class='ocrx_word' id='word_1_835' title='bbox 871 5222 1118 5292; x_wconf 87' lang='lat' dir='ltr'><strong>quiescit,</strong></span> <span class='ocrx_word' id='word_1_836' title='bbox 1161 5225 1348 5279; x_wconf 88' lang='lat' dir='ltr'><strong>tacitus</strong></span> <span class='ocrx_word' id='word_1_837' title='bbox 1379 5222 1442 5277; x_wconf 86' lang='lat' dir='ltr'><strong>de</strong></span> <span class='ocrx_word' id='word_1_838' title='bbox 1479 5223 1670 5278; x_wconf 90' lang='lat' dir='ltr'><strong>tabulis</strong></span> <span class='ocrx_word' id='word_1_839' title='bbox 1699 5225 1772 5279; x_wconf 89' lang='lat' dir='ltr'><strong>lo-</strong></span> 
     </span>
    </p>
   </div>
   <div class='ocr_carea' id='block_1_99' title="bbox 163 5294 1773 5368">
    <p class='ocr_par' dir='ltr' id='par_1_99' title="bbox 163 5294 1773 5368">
     <span class='ocr_line' id='line_1_101' title="bbox 163 5294 1773 5368; baseline -0.001 -16"><span class='ocrx_word' id='word_1_840' title='bbox 163 5299 368 5368; x_wconf 85' lang='lat' dir='ltr'><strong>quitur.</strong></span> <span class='ocrx_word' id='word_1_841' title='bbox 395 5294 809 5368; x_wconf 79' lang='lat' dir='ltr'><strong>Elegantissime</strong></span> <span class='ocrx_word' id='word_1_842' title='bbox 830 5335 845 5356; x_wconf 87' lang='lat'><strong>,</strong></span> <span class='ocrx_word' id='word_1_843' title='bbox 877 5296 944 5348; x_wconf 90' lang='lat' dir='ltr'><strong>de</strong></span> <span class='ocrx_word' id='word_1_844' title='bbox 969 5295 1181 5363; x_wconf 90' lang='lat' dir='ltr'><strong>sepulto</strong></span> <span class='ocrx_word' id='word_1_845' title='bbox 1205 5297 1361 5364; x_wconf 88' lang='lat' dir='ltr'><strong>cujus</strong></span> <span class='ocrx_word' id='word_1_846' title='bbox 1392 5303 1773 5368; x_wconf 82' lang='lat' dir='ltr'><strong>testamentum</strong></span> 
     </span>
    </p>
   </div>
   <div class='ocr_carea' id='block_1_100' title="bbox 164 5365 1776 5437">
    <p class='ocr_par' dir='ltr' id='par_1_100' title="bbox 164 5365 1776 5437">
     <span class='ocr_line' id='line_1_102' title="bbox 164 5365 1776 5437; baseline -0.001 -14"><span class='ocrx_word' id='word_1_847' title='bbox 164 5365 264 5424; x_wconf 81' lang='lat' dir='ltr'><strong>aut</strong></span> <span class='ocrx_word' id='word_1_848' title='bbox 302 5367 539 5424; x_wconf 89' lang='lat' dir='ltr'><strong>codicilli</strong></span> <span class='ocrx_word' id='word_1_849' title='bbox 570 5407 584 5430; x_wconf 83' lang='lat'><strong>,</strong></span> <span class='ocrx_word' id='word_1_850' title='bbox 613 5366 804 5420; x_wconf 87' lang='lat' dir='ltr'><strong>oborta</strong></span> <span class='ocrx_word' id='word_1_851' title='bbox 835 5380 866 5420; x_wconf 92' lang='lat' dir='ltr'><strong>e</strong></span> <span class='ocrx_word' id='word_1_852' title='bbox 905 5380 964 5422; x_wconf 86' lang='lat' dir='ltr'><strong>re</strong></span> <span class='ocrx_word' id='word_1_853' title='bbox 1012 5375 1137 5422; x_wconf 88' lang='lat' dir='ltr'><strong>nata</strong></span> <span class='ocrx_word' id='word_1_854' title='bbox 1180 5365 1527 5423; x_wconf 87' lang='lat' dir='ltr'><strong>contentione</strong></span> <span class='ocrx_word' id='word_1_855' title='bbox 1553 5408 1566 5432; x_wconf 94' lang='lat'><strong>,</strong></span> <span class='ocrx_word' id='word_1_856' title='bbox 1608 5368 1776 5437; x_wconf 91' lang='lat' dir='ltr'><strong>inspi-</strong></span> 
     </span>
    </p>
   </div>
   <div class='ocr_carea' id='block_1_101' title="bbox 164 5439 1849 5498">
    <p class='ocr_par' dir='ltr' id='par_1_101' title="bbox 164 5439 1849 5498">
     <span class='ocr_line' id='line_1_103' title="bbox 164 5439 1849 5498; baseline -0.015 -1"><span class='ocrx_word' id='word_1_857' title='bbox 164 5443 406 5498; x_wconf 87' lang='lat' dir='ltr'><strong>ciuntur.</strong></span> <span class='ocrx_word' id='word_1_858' title='bbox 451 5439 667 5494; x_wconf 73' lang='lat' dir='ltr'><strong>lucem.</strong></span> <span class='ocrx_word' id='word_1_859' title='bbox 1789 5466 1791 5468; x_wconf 83' lang='lat'><strong>.</strong></span> <span class='ocrx_word' id='word_1_860' title='bbox 1841 5463 1849 5471; x_wconf 91' lang='lat'><strong>.</strong></span> 
     </span>
    </p>
   </div>
   <div class='ocr_carea' id='block_1_102' title="bbox 243 5507 1772 5586">
    <p class='ocr_par' dir='ltr' id='par_1_102' title="bbox 243 5507 1772 5586">
     <span class='ocr_line' id='line_1_104' title="bbox 243 5507 1772 5586; baseline -0.001 -18"><span class='ocrx_word' id='word_1_861' title='bbox 243 5513 363 5586; x_wconf 85' lang='lat'><strong>(26)</strong></span> <span class='ocrx_word' id='word_1_862' title='bbox 419 5509 662 5564; x_wconf 80' lang='lat' dir='ltr'><strong>Formam</strong></span> <span class='ocrx_word' id='word_1_863' title='bbox 707 5507 1028 5586; x_wconf 79' lang='lat' dir='ltr'><strong>humilitatis.</strong></span> <span class='ocrx_word' id='word_1_864' title='bbox 1071 5509 1127 5586; x_wconf 81' lang='lat' dir='ltr'><strong>Si</strong></span> <span class='ocrx_word' id='word_1_865' title='bbox 1178 5509 1371 5586; x_wconf 82' lang='lat' dir='ltr'><strong>P_etrns</strong></span> <span class='ocrx_word' id='word_1_866' title='bbox 1411 5509 1621 5586; x_wconf 84' lang='lat' dir='ltr'><strong>locutus</strong></span> <span class='ocrx_word' id='word_1_867' title='bbox 1664 5524 1772 5586; x_wconf 84' lang='lat' dir='ltr'><strong>non</strong></span> 
     </span>
    </p>
   </div>
   <div class='ocr_carea' id='block_1_103' title="bbox 164 5580 1778 5653">
    <p class='ocr_par' dir='ltr' id='par_1_103' title="bbox 164 5580 1778 5653">
     <span class='ocr_line' id='line_1_105' title="bbox 164 5580 1778 5653; baseline -0.001 -13"><span class='ocrx_word' id='word_1_868' title='bbox 164 5580 366 5640; x_wconf 76' lang='lat' dir='ltr'><strong>fuisset</strong></span> <span class='ocrx_word' id='word_1_869' title='bbox 396 5592 452 5636; x_wconf 89' lang='lat' dir='ltr'><strong>et</strong></span> <span class='ocrx_word' id='word_1_870' title='bbox 482 5597 586 5637; x_wconf 90' lang='lat' dir='ltr'><strong>non</strong></span> <span class='ocrx_word' id='word_1_871' title='bbox 632 5591 934 5635; x_wconf 80' lang='lat' dir='ltr'><strong>recusasset</strong></span> <span class='ocrx_word' id='word_1_872' title='bbox 965 5581 1166 5647; x_wconf 87' lang='lat' dir='ltr'><strong>lavari,</strong></span> <span class='ocrx_word' id='word_1_873' title='bbox 1194 5580 1443 5638; x_wconf 88' lang='lat' dir='ltr'><strong>Christus</strong></span> <span class='ocrx_word' id='word_1_874' title='bbox 1474 5583 1540 5638; x_wconf 89' lang='lat' dir='ltr'><strong>de</strong></span> <span class='ocrx_word' id='word_1_875' title='bbox 1571 5582 1778 5653; x_wconf 89' lang='lat' dir='ltr'><strong>baptis-</strong></span> 
     </span>
    </p>
   </div>
   <div class='ocr_carea' id='block_1_104' title="bbox 163 5655 962 5713">
    <p class='ocr_par' dir='ltr' id='par_1_104' title="bbox 163 5655 962 5713">
     <span class='ocr_line' id='line_1_106' title="bbox 163 5655 962 5713; baseline -0.009 0"><span class='ocrx_word' id='word_1_876' title='bbox 163 5675 262 5713; x_wconf 88' lang='lat' dir='ltr'><strong>mo</strong></span> <span class='ocrx_word' id='word_1_877' title='bbox 295 5655 426 5711; x_wconf 86' lang='lat' dir='ltr'><strong>nihil</strong></span> <span class='ocrx_word' id='word_1_878' title='bbox 458 5655 704 5709; x_wconf 76' lang='lat' dir='ltr'><strong>dixisset.</strong></span> <span class='ocrx_word' id='word_1_879' title='bbox 733 5656 962 5706; x_wconf 76' lang='lat' dir='ltr'><strong>ALBASP.</strong></span> 
     </span>
    </p>
   </div>
   <div class='ocr_carea' id='block_1_105' title="bbox 244 5724 1775 5801">
    <p class='ocr_par' dir='ltr' id='par_1_105' title="bbox 244 5724 1775 5801">
     <span class='ocr_line' id='line_1_107' title="bbox 244 5724 1775 5801; baseline 0.001 -18"><span class='ocrx_word' id='word_1_880' title='bbox 244 5729 365 5801; x_wconf 79' lang='lat'><strong>(27)</strong></span> <span class='ocrx_word' id='word_1_881' title='bbox 395 5727 587 5801; x_wconf 64' lang='lat' dir='ltr'><strong>Christi</strong></span> <span class='ocrx_word' id='word_1_882' title='bbox 615 5725 750 5801; x_wconf 81' lang='lat' dir='ltr'><strong>enim</strong></span> <span class='ocrx_word' id='word_1_883' title='bbox 773 5739 872 5801; x_wconf 70' lang='lat' dir='ltr'><strong>vos:</strong></span> <span class='ocrx_word' id='word_1_884' title='bbox 898 5735 1007 5801; x_wconf 80' lang='lat' dir='ltr'><strong>est,</strong></span> <span class='ocrx_word' id='word_1_885' title='bbox 1035 5724 1124 5794; x_wconf 88' lang='lat' dir='ltr'><strong>qui</strong></span> <span class='ocrx_word' id='word_1_886' title='bbox 1143 5725 1298 5801; x_wconf 81' lang='lat' dir='ltr'><strong>semel</strong></span> <span class='ocrx_word' id='word_1_887' title='bbox 1327 5726 1461 5781; x_wconf 82' lang='lat' dir='ltr'><strong>lotus</strong></span> <span class='ocrx_word' id='word_1_888' title='bbox 1481 5768 1495 5792; x_wconf 94' lang='lat'><strong>,</strong></span> <span class='ocrx_word' id='word_1_889' title='bbox 1525 5734 1630 5801; x_wconf 83' lang='lat' dir='ltr'><strong>etc.</strong></span> <span class='ocrx_word' id='word_1_890' title='bbox 1656 5727 1775 5785; x_wconf 87' lang='lat' dir='ltr'><strong>Non</strong></span> 
     </span>
    </p>
   </div>
   <div class='ocr_carea' id='block_1_106' title="bbox 165 5794 1778 5873">
    <p class='ocr_par' dir='ltr' id='par_1_106' title="bbox 165 5794 1778 5873">
     <span class='ocr_line' id='line_1_108' title="bbox 165 5794 1778 5873; baseline -0.001 -16"><span class='ocrx_word' id='word_1_891' title='bbox 165 5794 386 5873; x_wconf 85' lang='lat' dir='ltr'><strong>primus</strong></span> <span class='ocrx_word' id='word_1_892' title='bbox 416 5797 679 5873; x_wconf 29' lang='lat' dir='ltr'><strong>Optatus‘,</strong></span> <span class='ocrx_word' id='word_1_893' title='bbox 710 5794 928 5873; x_wconf 78' lang='lat' dir='ltr'><strong>dubium</strong></span> <span class='ocrx_word' id='word_1_894' title='bbox 974 5797 1024 5852; x_wconf 93' lang='lat' dir='ltr'><strong>in</strong></span> <span class='ocrx_word' id='word_1_895' title='bbox 1058 5797 1318 5873; x_wconf 81' lang='lat' dir='ltr'><strong>re_magis</strong></span> <span class='ocrx_word' id='word_1_896' title='bbox 1339 5813 1433 5873; x_wconf 88' lang='lat' dir='ltr'><strong>_au</strong></span> <span class='ocrx_word' id='word_1_897' title='bbox 1465 5799 1778 5873; x_wconf 27' lang='lat' dir='ltr'><strong>verbis‘lal-</strong></span> 
     </span>
    </p>
   </div>
   <div class='ocr_carea' id='block_1_107' title="bbox 165 5865 1775 5941">
    <p class='ocr_par' dir='ltr' id='par_1_107' title="bbox 165 5865 1775 5941">
     <span class='ocr_line' id='line_1_109' title="bbox 165 5865 1775 5941; baseline -0.001 -12"><span class='ocrx_word' id='word_1_898' title='bbox 165 5865 302 5940; x_wconf 71' lang='lat' dir='ltr'><strong>sus,</strong></span> <span class='ocrx_word' id='word_1_899' title='bbox 339 5872 441 5929; x_wconf 90' lang='lat' dir='ltr'><strong>hoc</strong></span> <span class='ocrx_word' id='word_1_900' title='bbox 466 5865 591 5927; x_wconf 82' lang='lat' dir='ltr'><strong>loco</strong></span> <span class='ocrx_word' id='word_1_901' title='bbox 636 5869 710 5927; x_wconf 88' lang='lat' dir='ltr'><strong>ita</strong></span> <span class='ocrx_word' id='word_1_902' title='bbox 739 5867 941 5926; x_wconf 88' lang='lat' dir='ltr'><strong>abusus</strong></span> <span class='ocrx_word' id='word_1_903' title='bbox 966 5878 1071 5926; x_wconf 91' lang='lat' dir='ltr'><strong>est.</strong></span> <span class='ocrx_word' id='word_1_904' title='bbox 1114 5865 1446 5941; x_wconf 71' lang='lat' dir='ltr'><strong>iampridem</strong></span> <span class='ocrx_word' id='word_1_905' title='bbox 1485 5870 1775 5929; x_wconf 87' lang='lat' dir='ltr'><strong>Tertullia-</strong></span> 
     </span>
    </p>
   </div>
   <div class='ocr_carea' id='block_1_108' title="bbox 1887 4647 3485 4724">
    <p class='ocr_par' dir='ltr' id='par_1_108' title="bbox 1887 4647 3485 4724">
     <span class='ocr_line' id='line_1_110' title="bbox 1887 4647 3485 4724; baseline -0.002 -19"><span class='ocrx_word' id='word_1_906' title='bbox 1887 4653 1989 4706; x_wconf 90' lang='lat' dir='ltr'><strong>nisi</strong></span> <span class='ocrx_word' id='word_1_907' title='bbox 2021 4655 2161 4722; x_wconf 87' lang='lat' dir='ltr'><strong>quod</strong></span> <span class='ocrx_word' id='word_1_908' title='bbox 2187 4647 2550 4707; x_wconf 60' lang='lat' dir='ltr'><strong>&#39;l‘ertullianus</strong></span> <span class='ocrx_word' id='word_1_909' title='bbox 2593 4651 2761 4724; x_wconf 85' lang='lat' dir='ltr'><strong>(quod</strong></span> <span class='ocrx_word' id='word_1_910' title='bbox 2787 4659 2964 4704; x_wconf 89' lang='lat' dir='ltr'><strong>tamen</strong></span> <span class='ocrx_word' id='word_1_911' title='bbox 2992 4648 3180 4704; x_wconf 86' lang='lat' dir='ltr'><strong>eodem</strong></span> <span class='ocrx_word' id='word_1_912' title='bbox 3214 4647 3385 4719; x_wconf 84' lang='lat' dir='ltr'><strong>redit)</strong></span> <span class='ocrx_word' id='word_1_913' title='bbox 3415 4650 3485 4724; x_wconf 75' lang='lat' dir='ltr'><strong>ita</strong></span> 
     </span>
    </p>
   </div>
   <div class='ocr_carea' id='block_1_109' title="bbox 1885 4720 3483 4794">
    <p class='ocr_par' dir='ltr' id='par_1_109' title="bbox 1885 4720 3483 4794">
     <span class='ocr_line' id='line_1_111' title="bbox 1885 4720 3483 4794; baseline -0.002 -18"><span class='ocrx_word' id='word_1_914' title='bbox 1885 4720 2048 4777; x_wconf 85' lang='lat' dir='ltr'><strong>vertit</strong></span> <span class='ocrx_word' id='word_1_915' title='bbox 2074 4744 2089 4778; x_wconf 91' lang='lat'><strong>:</strong></span> <span class='ocrx_word' id='word_1_916' title='bbox 2120 4726 2207 4794; x_wconf 86' lang='lat' dir='ltr'><strong>qui</strong></span> <span class='ocrx_word' id='word_1_917' title='bbox 2245 4726 2401 4778; x_wconf 86' lang='lat' dir='ltr'><strong>semel</strong></span> <span class='ocrx_word' id='word_1_918' title='bbox 2427 4726 2578 4791; x_wconf 88' lang='lat' dir='ltr'><strong>lavit,</strong></span> <span class='ocrx_word' id='word_1_919' title='bbox 2601 4720 2712 4778; x_wconf 84' lang='lat' dir='ltr'><strong>non</strong></span> <span class='ocrx_word' id='word_1_920' title='bbox 2744 4723 2891 4776; x_wconf 84' lang='lat' dir='ltr'><strong>habet</strong></span> <span class='ocrx_word' id='word_1_921' title='bbox 2933 4737 3132 4775; x_wconf 84' lang='lat' dir='ltr'><strong>necesse</strong></span> <span class='ocrx_word' id='word_1_922' title='bbox 3175 4720 3483 4794; x_wconf 80' lang='lat' dir='ltr'><strong>rursum._ln</strong></span> 
     </span>
    </p>
   </div>
   <div class='ocr_carea' id='block_1_110' title="bbox 1881 4791 3482 4864">
    <p class='ocr_par' dir='ltr' id='par_1_110' title="bbox 1881 4791 3482 4864">
     <span class='ocr_line' id='line_1_112' title="bbox 1881 4791 3482 4864; baseline -0.002 -16"><span class='ocrx_word' id='word_1_923' title='bbox 1881 4795 2004 4851; x_wconf 90' lang='lat' dir='ltr'><strong>aliis</strong></span> <span class='ocrx_word' id='word_1_924' title='bbox 2031 4791 2361 4852; x_wconf 86' lang='lat' dir='ltr'><strong>editionibus</strong></span> <span class='ocrx_word' id='word_1_925' title='bbox 2387 4795 2592 4864; x_wconf 84' lang='lat' dir='ltr'><strong>integer</strong></span> <span class='ocrx_word' id='word_1_926' title='bbox 2627 4798 2774 4850; x_wconf 86' lang='lat' dir='ltr'><strong>locus</strong></span> <span class='ocrx_word' id='word_1_927' title='bbox 2803 4794 3025 4848; x_wconf 68' lang='grc' dir='ltr'>τιίΐνιοιιιι</span> <span class='ocrx_word' id='word_1_928' title='bbox 3049 4810 3061 4846; x_wconf 89' lang='lat'><strong>:</strong></span> <span class='ocrx_word' id='word_1_929' title='bbox 3097 4793 3198 4858; x_wconf 83' lang='lat' dir='ltr'><strong>Qui</strong></span> <span class='ocrx_word' id='word_1_930' title='bbox 3225 4793 3379 4846; x_wconf 81' lang='lat' dir='ltr'><strong>semel</strong></span> <span class='ocrx_word' id='word_1_931' title='bbox 3403 4791 3482 4864; x_wconf 80' lang='lat' dir='ltr'><strong>lo-</strong></span> 
     </span>
    </p>
   </div>
   <div class='ocr_carea' id='block_1_111' title="bbox 1884 4862 3484 4932">
    <p class='ocr_par' dir='ltr' id='par_1_111' title="bbox 1884 4862 3484 4932">
     <span class='ocr_line' id='line_1_113' title="bbox 1884 4862 3484 4932; baseline -0.004 -12"><span class='ocrx_word' id='word_1_932' title='bbox 1884 4876 1965 4920; x_wconf 88' lang='lat' dir='ltr'><strong>tus</strong></span> <span class='ocrx_word' id='word_1_933' title='bbox 1996 4877 2104 4932; x_wconf 89' lang='lat' dir='ltr'><strong>est,</strong></span> <span class='ocrx_word' id='word_1_934' title='bbox 2139 4885 2237 4923; x_wconf 90' lang='lat' dir='ltr'><strong>non</strong></span> <span class='ocrx_word' id='word_1_935' title='bbox 2290 4867 2437 4921; x_wconf 89' lang='lat' dir='ltr'><strong>habet</strong></span> <span class='ocrx_word' id='word_1_936' title='bbox 2475 4862 2659 4922; x_wconf 72' lang='lat' dir='ltr'><strong>iterum</strong></span> <span class='ocrx_word' id='word_1_937' title='bbox 2703 4867 3049 4920; x_wconf 81' lang='lat' dir='ltr'><strong>neerssitatem</strong></span> <span class='ocrx_word' id='word_1_938' title='bbox 3081 4863 3316 4925; x_wconf 84' lang='lat' dir='ltr'><strong>lavandi,</strong></span> <span class='ocrx_word' id='word_1_939' title='bbox 3361 4862 3484 4931; x_wconf 89' lang='lat' dir='ltr'><strong>quia</strong></span> 
     </span>
    </p>
   </div>
   <div class='ocr_carea' id='block_1_112' title="bbox 1879 4936 3480 4995">
    <p class='ocr_par' dir='ltr' id='par_1_112' title="bbox 1879 4936 3480 4995">
     <span class='ocr_line' id='line_1_114' title="bbox 1879 4936 3480 4995; baseline -0.003 -3"><span class='ocrx_word' id='word_1_940' title='bbox 1879 4947 1953 4992; x_wconf 91' lang='lat' dir='ltr'><strong>est</strong></span> <span class='ocrx_word' id='word_1_941' title='bbox 1983 4939 2204 4994; x_wconf 88' lang='lat' dir='ltr'><strong>mundus</strong></span> <span class='ocrx_word' id='word_1_942' title='bbox 2241 4947 2375 4994; x_wconf 86' lang='lat' dir='ltr'><strong>totus</strong></span> <span class='ocrx_word' id='word_1_943' title='bbox 2402 4954 2420 4993; x_wconf 91' lang='lat'><strong>:</strong></span> <span class='ocrx_word' id='word_1_944' title='bbox 2447 4950 2502 4995; x_wconf 89' lang='lat' dir='ltr'><strong>et</strong></span> <span class='ocrx_word' id='word_1_945' title='bbox 2545 4939 2726 4994; x_wconf 87' lang='lat' dir='ltr'><strong>Victor</strong></span> <span class='ocrx_word' id='word_1_946' title='bbox 2755 4937 3020 4994; x_wconf 88' lang='lat' dir='ltr'><strong>Uticensis</strong></span> <span class='ocrx_word' id='word_1_947' title='bbox 3065 4936 3195 4989; x_wconf 77' lang='lat' dir='ltr'><strong>citat</strong></span> <span class='ocrx_word' id='word_1_948' title='bbox 3234 4944 3480 4988; x_wconf 82' lang='lat' dir='ltr'><strong>extremo</strong></span> 
     </span>
    </p>
   </div>
   <div class='ocr_carea' id='block_1_113' title="bbox 1883 5006 3266 5082">
    <p class='ocr_par' dir='ltr' id='par_1_113' title="bbox 1883 5006 3266 5082">
     <span class='ocr_line' id='line_1_115' title="bbox 1883 5006 3266 5082; baseline -0.004 -18"><span class='ocrx_word' id='word_1_949' title='bbox 1883 5009 2044 5077; x_wconf 87' lang='lat' dir='ltr'><strong>libro,</strong></span> <span class='ocrx_word' id='word_1_950' title='bbox 2077 5012 2178 5066; x_wconf 89' lang='lat' dir='ltr'><strong>nisi</strong></span> <span class='ocrx_word' id='word_1_951' title='bbox 2209 5011 2352 5082; x_wconf 90' lang='lat' dir='ltr'><strong>quod</strong></span> <span class='ocrx_word' id='word_1_952' title='bbox 2383 5011 2472 5066; x_wconf 85' lang='lat' dir='ltr'><strong>ille</strong></span> <span class='ocrx_word' id='word_1_953' title='bbox 2514 5011 2712 5077; x_wconf 84' lang='lat' dir='ltr'><strong>lavari,</strong></span> <span class='ocrx_word' id='word_1_954' title='bbox 2745 5011 2886 5079; x_wconf 85' lang='lat' dir='ltr'><strong>quod</strong></span> <span class='ocrx_word' id='word_1_955' title='bbox 2916 5009 3009 5082; x_wconf 78' lang='lat' dir='ltr'><strong>hic</strong></span> <span class='ocrx_word' id='word_1_956' title='bbox 3025 5006 3266 5082; x_wconf 64' lang='lat' dir='ltr'><strong>lavandi.</strong></span> 
     </span>
    </p>
   </div>
   <div class='ocr_carea' id='block_1_114' title="bbox 2915 5077 3248 5135">
    <p class='ocr_par' dir='ltr' id='par_1_114' title="bbox 2915 5077 3248 5135">
     <span class='ocr_line' id='line_1_116' title="bbox 2915 5077 3248 5135; baseline -0.012 0"><span class='ocrx_word' id='word_1_957' title='bbox 2915 5081 2982 5135; x_wconf 85' lang='lat' dir='ltr'><strong>M.</strong></span> <span class='ocrx_word' id='word_1_958' title='bbox 3014 5077 3248 5134; x_wconf 72' lang='lat' dir='ltr'><strong>CASAUB.</strong></span> 
     </span>
    </p>
   </div>
   <div class='ocr_carea' id='block_1_115' title="bbox 1951 5151 3482 5225">
    <p class='ocr_par' dir='ltr' id='par_1_115' title="bbox 1951 5151 3482 5225">
     <span class='ocr_line' id='line_1_117' title="bbox 1951 5151 3482 5225; baseline -0.002 -18"><span class='ocrx_word' id='word_1_959' title='bbox 1951 5151 2069 5225; x_wconf 87' lang='lat'><strong>(28)</strong></span> <span class='ocrx_word' id='word_1_960' title='bbox 2105 5152 2224 5209; x_wconf 88' lang='lat' dir='ltr'><strong>Non</strong></span> <span class='ocrx_word' id='word_1_961' title='bbox 2246 5155 2310 5209; x_wconf 86' lang='lat' dir='ltr'><strong>de</strong></span> <span class='ocrx_word' id='word_1_962' title='bbox 2337 5171 2574 5223; x_wconf 84' lang='lat' dir='ltr'><strong>persona.</strong></span> <span class='ocrx_word' id='word_1_963' title='bbox 2607 5154 2748 5209; x_wconf 85' lang='lat' dir='ltr'><strong>Dixit</strong></span> <span class='ocrx_word' id='word_1_964' title='bbox 2771 5168 2960 5222; x_wconf 89' lang='lat' dir='ltr'><strong>aquam</strong></span> <span class='ocrx_word' id='word_1_965' title='bbox 2985 5152 3163 5206; x_wconf 86' lang='lat' dir='ltr'><strong>lavare</strong></span> <span class='ocrx_word' id='word_1_966' title='bbox 3182 5191 3196 5217; x_wconf 94' lang='lat'><strong>,</strong></span> <span class='ocrx_word' id='word_1_967' title='bbox 3227 5165 3330 5206; x_wconf 91' lang='lat' dir='ltr'><strong>non</strong></span> <span class='ocrx_word' id='word_1_968' title='bbox 3359 5163 3482 5221; x_wconf 85' lang='lat' dir='ltr'><strong>per-</strong></span> 
     </span>
    </p>
   </div>
   <div class='ocr_carea' id='block_1_116' title="bbox 1879 5227 2984 5297">
    <p class='ocr_par' dir='ltr' id='par_1_116' title="bbox 1879 5227 2984 5297">
     <span class='ocr_line' id='line_1_118' title="bbox 1879 5227 2984 5297; baseline 0 -18"><span class='ocrx_word' id='word_1_969' title='bbox 1879 5237 2068 5297; x_wconf 80' lang='lat' dir='ltr'><strong>sonam</strong></span> <span class='ocrx_word' id='word_1_970' title='bbox 2103 5227 2473 5297; x_wconf 82' lang='lat' dir='ltr'><strong>conferentem</strong></span> <span class='ocrx_word' id='word_1_971' title='bbox 2501 5243 2717 5297; x_wconf 80' lang='lat' dir='ltr'><strong>aquam.</strong></span> <span class='ocrx_word' id='word_1_972' title='bbox 2753 5230 2984 5280; x_wconf 72' lang='lat' dir='ltr'><strong>ALnsse.</strong></span> 
     </span>
    </p>
   </div>
   <div class='ocr_carea' id='block_1_117' title="bbox 1954 5292 3484 5366">
    <p class='ocr_par' dir='ltr' id='par_1_117' title="bbox 1954 5292 3484 5366">
     <span class='ocr_line' id='line_1_119' title="bbox 1954 5292 3484 5366; baseline -0.002 -17"><span class='ocrx_word' id='word_1_973' title='bbox 1954 5295 2067 5366; x_wconf 83' lang='lat'><strong>(29)</strong></span> <span class='ocrx_word' id='word_1_974' title='bbox 2103 5296 2241 5352; x_wconf 85' lang='lat' dir='ltr'><strong>Nam</strong></span> <span class='ocrx_word' id='word_1_975' title='bbox 2268 5299 2310 5352; x_wconf 88' lang='lat' dir='ltr'><strong>si</strong></span> <span class='ocrx_word' id='word_1_976' title='bbox 2342 5308 2469 5353; x_wconf 86' lang='lat' dir='ltr'><strong>esset</strong></span> <span class='ocrx_word' id='word_1_977' title='bbox 2499 5292 2762 5352; x_wconf 78' lang='lat' dir='ltr'><strong>distantia.</strong></span> <span class='ocrx_word' id='word_1_978' title='bbox 2803 5297 2860 5352; x_wconf 89' lang='lat' dir='ltr'><strong>Si</strong></span> <span class='ocrx_word' id='word_1_979' title='bbox 2887 5305 3035 5351; x_wconf 85' lang='lat' dir='ltr'><strong>esset</strong></span> <span class='ocrx_word' id='word_1_980' title='bbox 3068 5292 3368 5348; x_wconf 84' lang='lat' dir='ltr'><strong>differentia</strong></span> <span class='ocrx_word' id='word_1_981' title='bbox 3402 5292 3484 5346; x_wconf 85' lang='lat' dir='ltr'><strong>itt-</strong></span> 
     </span>
    </p>
   </div>
   <div class='ocr_carea' id='block_1_118' title="bbox 1877 5370 2978 5440">
    <p class='ocr_par' dir='ltr' id='par_1_118' title="bbox 1877 5370 2978 5440">
     <span class='ocr_line' id='line_1_120' title="bbox 1877 5370 2978 5440; baseline 0 -20"><span class='ocrx_word' id='word_1_982' title='bbox 1877 5373 1963 5440; x_wconf 86' lang='lat' dir='ltr'><strong>ter</strong></span> <span class='ocrx_word' id='word_1_983' title='bbox 1994 5384 2250 5440; x_wconf 44' lang='lat' dir='ltr'><strong>personas</strong></span> <span class='ocrx_word' id='word_1_984' title='bbox 2277 5379 2395 5434; x_wconf 66' lang='lat' dir='ltr'><strong>quit:</strong></span> <span class='ocrx_word' id='word_1_985' title='bbox 2425 5370 2716 5440; x_wconf 84' lang='lat' dir='ltr'><strong>haptizant.</strong></span> <span class='ocrx_word' id='word_1_986' title='bbox 2751 5373 2978 5422; x_wconf 66' lang='lat' dir='ltr'><strong>Messe.</strong></span> 
     </span>
    </p>
   </div>
   <div class='ocr_carea' id='block_1_119' title="bbox 1947 5435 3478 5511">
    <p class='ocr_par' dir='ltr' id='par_1_119' title="bbox 1947 5435 3478 5511">
     <span class='ocr_line' id='line_1_121' title="bbox 1947 5435 3478 5511; baseline 0.003 -17"><span class='ocrx_word' id='word_1_987' title='bbox 1947 5439 2062 5510; x_wconf 78' lang='lat'><strong>(&#39;50)</strong></span> <span class='ocrx_word' id='word_1_988' title='bbox 2097 5438 2224 5495; x_wconf 88' lang='lat' dir='ltr'><strong>Tota</strong></span> <span class='ocrx_word' id='word_1_989' title='bbox 2251 5435 2595 5511; x_wconf 78' lang='lat' dir='ltr'><strong>simplicitate.</strong></span> <span class='ocrx_word' id='word_1_990' title='bbox 2653 5441 2754 5495; x_wconf 79' lang='lat' dir='ltr'><strong>Pro</strong></span> <span class='ocrx_word' id='word_1_991' title='bbox 2797 5441 2934 5494; x_wconf 83' lang='lat' dir='ltr'><strong>omni</strong></span> <span class='ocrx_word' id='word_1_992' title='bbox 2978 5437 3147 5511; x_wconf 81' lang='lat' dir='ltr'><strong>dixit,</strong></span> <span class='ocrx_word' id='word_1_993' title='bbox 3205 5446 3261 5489; x_wconf 93' lang='lat' dir='ltr'><strong>ut</strong></span> <span class='ocrx_word' id='word_1_994' title='bbox 3305 5435 3478 5499; x_wconf 56' lang='lat' dir='ltr'><strong>alias.</strong></span> 
     </span>
    </p>
   </div>
   <div class='ocr_carea' id='block_1_120' title="bbox 1877 5510 3482 5584">
    <p class='ocr_par' dir='ltr' id='par_1_120' title="bbox 1877 5510 3482 5584">
     <span class='ocr_line' id='line_1_122' title="bbox 1877 5510 3482 5584; baseline -0.002 -20"><span class='ocrx_word' id='word_1_995' title='bbox 1877 5519 2037 5566; x_wconf 88' lang='lat' dir='ltr'><strong>totam</strong></span> <span class='ocrx_word' id='word_1_996' title='bbox 2067 5510 2533 5584; x_wconf 80' lang='lat' dir='ltr'><strong>importunitatem,</strong></span> <span class='ocrx_word' id='word_1_997' title='bbox 2566 5512 2700 5567; x_wconf 89' lang='lat' dir='ltr'><strong>alias</strong></span> <span class='ocrx_word' id='word_1_998' title='bbox 2730 5521 2885 5584; x_wconf 73' lang='lat' dir='ltr'><strong>totum</strong></span> <span class='ocrx_word' id='word_1_999' title='bbox 2917 5510 3232 5563; x_wconf 88' lang='lat' dir='ltr'><strong>sanctitatem</strong></span> <span class='ocrx_word' id='word_1_1000' title='bbox 3257 5550 3270 5567; x_wconf 87' lang='lat'><strong>.</strong></span> <span class='ocrx_word' id='word_1_1001' title='bbox 3289 5522 3361 5584; x_wconf 80' lang='lat' dir='ltr'><strong>_:I_c</strong></span> <span class='ocrx_word' id='word_1_1002' title='bbox 3403 5517 3482 5584; x_wconf 79' lang='lat' dir='ltr'><strong>to-</strong></span> 
     </span>
    </p>
   </div>
   <div class='ocr_carea' id='block_1_121' title="bbox 1877 5578 3482 5653">
    <p class='ocr_par' dir='ltr' id='par_1_121' title="bbox 1877 5578 3482 5653">
     <span class='ocr_line' id='line_1_123' title="bbox 1877 5578 3482 5653; baseline -0.001 -19"><span class='ocrx_word' id='word_1_1003' title='bbox 1877 5590 1982 5636; x_wconf 88' lang='lat' dir='ltr'><strong>tmn</strong></span> <span class='ocrx_word' id='word_1_1004' title='bbox 2026 5578 2369 5639; x_wconf 81' lang='lat' dir='ltr'><strong>securitatem.</strong></span> <span class='ocrx_word' id='word_1_1005' title='bbox 2395 5584 2677 5653; x_wconf 87' lang='lat' dir='ltr'><strong>Quomodo</strong></span> <span class='ocrx_word' id='word_1_1006' title='bbox 2715 5592 2770 5638; x_wconf 89' lang='lat' dir='ltr'><strong>et</strong></span> <span class='ocrx_word' id='word_1_1007' title='bbox 2813 5582 3175 5653; x_wconf 70' lang='lat' dir='ltr'><strong>Hieronymus</strong></span> <span class='ocrx_word' id='word_1_1008' title='bbox 3206 5587 3260 5653; x_wconf 74' lang='lat' dir='ltr'><strong>et</strong></span> <span class='ocrx_word' id='word_1_1009' title='bbox 3289 5578 3482 5653; x_wconf 82' lang='lat' dir='ltr'><strong>Vopis-</strong></span> 
     </span>
    </p>
   </div>
   <div class='ocr_carea' id='block_1_122' title="bbox 1879 5651 3482 5720">
    <p class='ocr_par' dir='ltr' id='par_1_122' title="bbox 1879 5651 3482 5720">
     <span class='ocr_line' id='line_1_124' title="bbox 1879 5651 3482 5720; baseline -0.001 -12"><span class='ocrx_word' id='word_1_1010' title='bbox 1879 5667 2006 5720; x_wconf 86' lang='lat' dir='ltr'><strong>cus,</strong></span> <span class='ocrx_word' id='word_1_1011' title='bbox 2039 5664 2259 5711; x_wconf 90' lang='lat' dir='ltr'><strong>uotaute</strong></span> <span class='ocrx_word' id='word_1_1012' title='bbox 2300 5651 2482 5712; x_wconf 79' lang='lat' dir='ltr'><strong>Isaaco</strong></span> <span class='ocrx_word' id='word_1_1013' title='bbox 2509 5654 2831 5711; x_wconf 75' lang='lat' dir='ltr'><strong>Casaubono</strong></span> <span class='ocrx_word' id='word_1_1014' title='bbox 2870 5651 3328 5707; x_wconf 84' lang='lat' dir='ltr'><strong>excellentissimo</strong></span> <span class='ocrx_word' id='word_1_1015' title='bbox 3365 5652 3482 5706; x_wconf 74' lang='lat' dir='ltr'><strong>(Iri-</strong></span> 
     </span>
    </p>
   </div>
   <div class='ocr_carea' id='block_1_123' title="bbox 1878 5724 2262 5783">
    <p class='ocr_par' dir='ltr' id='par_1_123' title="bbox 1878 5724 2262 5783">
     <span class='ocr_line' id='line_1_125' title="bbox 1878 5724 2262 5783; baseline 0.008 -3"><span class='ocrx_word' id='word_1_1016' title='bbox 1878 5724 2008 5782; x_wconf 87' lang='lat' dir='ltr'><strong>tico.</strong></span> <span class='ocrx_word' id='word_1_1017' title='bbox 2044 5727 2262 5783; x_wconf 72' lang='lat' dir='ltr'><strong>lucem.</strong></span> 
     </span>
    </p>
   </div>
   <div class='ocr_carea' id='block_1_124' title="bbox 1953 5796 3476 5874">
    <p class='ocr_par' dir='ltr' id='par_1_124' title="bbox 1953 5796 3476 5874">
     <span class='ocr_line' id='line_1_126' title="bbox 1953 5796 3476 5874; baseline -0.003 -18"><span class='ocrx_word' id='word_1_1018' title='bbox 1953 5800 2070 5874; x_wconf 70' lang='lat' dir='ltr'><strong>(3i)</strong></span> <span class='ocrx_word' id='word_1_1019' title='bbox 2114 5799 2180 5874; x_wconf 77' lang='lat' dir='ltr'><strong>lu</strong></span> <span class='ocrx_word' id='word_1_1020' title='bbox 2229 5802 2502 5874; x_wconf 46' lang='lat' dir='ltr'><strong>Spiritum.</strong></span> <span class='ocrx_word' id='word_1_1021' title='bbox 2542 5812 2792 5857; x_wconf 84' lang='lat' dir='ltr'><strong>sanctum.</strong></span> <span class='ocrx_word' id='word_1_1022' title='bbox 2839 5796 3171 5856; x_wconf 77' lang='lat' dir='ltr'><strong>Exorcisntis</strong></span> <span class='ocrx_word' id='word_1_1023' title='bbox 3221 5812 3344 5852; x_wconf 89' lang='lat' dir='ltr'><strong>eum</strong></span> <span class='ocrx_word' id='word_1_1024' title='bbox 3391 5796 3476 5852; x_wconf 85' lang='lat' dir='ltr'><strong>fu-</strong></span> 
     </span>
    </p>
   </div>
   <div class='ocr_carea' id='block_1_125' title="bbox 1879 5871 2339 5940">
    <p class='ocr_par' dir='ltr' id='par_1_125' title="bbox 1879 5871 2339 5940">
     <span class='ocr_line' id='line_1_127' title="bbox 1879 5871 2339 5940; baseline 0 -12"><span class='ocrx_word' id='word_1_1025' title='bbox 1879 5872 2075 5940; x_wconf 81' lang='lat' dir='ltr'><strong>gando.</strong></span> <span class='ocrx_word' id='word_1_1026' title='bbox 2109 5871 2339 5931; x_wconf 74' lang='lat' dir='ltr'><strong>ALBASP.</strong></span> 
     </span>
    </p>
   </div>
  </div>
