3974 6324
539 313 671 373 1051

1738 316 1987 377 SANCTI
2023 318 2272 377 OP‘MTI
2317 321 2620 381 EPISCOPI

3682 330 3703 386 i
3712 330 3802 386 032

535 442 716 497 faveas
762 442 1010 499 incidatis
1045 461 1055 498 :
1090 454 1218 515 ergo
1247 445 1388 499 Deus
1432 457 1570 500 unus
1614 452 1732 511 est;
1763 444 1829 500 de
1874 459 1980 500 uno
2015 445 2124 501 Deo
2153 447 2207 508 Α
2235 447 2360 500 Dnze
2389 447 2596 516 priores
2625 456 2945 518 permanent
2982 461 3197 518 semper
3226 446 3591 504 immutabiles
3631 457 3686 503 et
3721 450 3807 506 im-

533 549 674 590 unus
698 545 781 591 est
805 535 1050 592 Christus
1076 553 1088 590 :
1118 537 1205 606 qui
1235 536 1596 608 rebaptizatur
1615 578 1628 602 ,
1651 537 1761 607 jam
1789 535 2130 592 Christianus

533 623 706 686 fuerat
729 640 755 666 α
783 647 796 684 :
831 631 1104 701 quomodo
1146 631 1252 687 dici
1294 642 1471 704 potest
1497 631 1613 706 (3‘2)
1645 632 1842 687 iterum
1870 631 2129 688 Christia-

531 721 665 777 nus?
689 722 805 795 (55)
836 721 952 778 Una
977 720 1110 778 ﬁdes
1141 724 1240 779 hoc
1271 725 1390 780 loco
1415 725 1483 779 ab
1511 725 1894 781 haereticorum
1924 721 2128 780 errori-

533 813 666 881 bus,
697 825 752 871 et
796 815 864 871 ab
897 828 1084 872 eorum
1126 817 1271 873 varia
1317 817 1422 874 ﬁde
1451 817 1586 874 ﬁdes
1617 818 1774 875 unica
1799 827 2080 890 separatur
2113 835 2128 873 :

533 906 650 979 (34)
682 909 844 963 etiam
877 909 1029 965 vobis
1060 911 1444 980 prmscribimr,
1475 912 1566 982 qui
1593 922 1714 982 post
1736 912 1907 967 semel
1937 913 2130 967 lterum

534 1001 711 1057 facitis
732 1045 746 1070 ,
776 1001 895 1075 (36)
925 1011 1094 1058 totum
1127 1005 1380 1075 ponendo
1411 1006 1460 1059 in
1490 1004 1706 1061 dotibus
1731 1047 1746 1072 ,
1783 1005 1916 1060 nihil
1962 1007 2016 1060 in
2047 1018 2130 1060 sa-

533 1095 862 1160 cramentis;
891 1109 1014 1151 cum
1058 1089 1160 1152 hoc
1200 1097 1317 1170 (56)
1356 1111 1551 1154 nomen
1597 1098 1720 1154 ﬁdei
1768 1099 2034 1169 pertineat
2063 1098 2131 1154 ad

533 1188 878 1258 credentem,
927 1203 1034 1246 non
1084 1187 1153 1245 ad
1202 1201 1560 1261 operantem:
1600 1201 1940 1262 quocumque
1987 1191 2129 1246 enim

535 1281 904 1354 interrogante
934 1285 1023 1354 qui
1069 1284 1300 1340 credidit
1332 1285 1441 1340 Deo
1465 1326 1480 1351 ,
1522 1283 1750 1340 credidit
1780 1302 1793 1340 :
1823 1292 1877 1340 et
1920 1291 2041 1355 post
2068 1285 2132 1338 il-

538 1373 640 1428 lius
692 1385 857 1429 untun
904 1375 1106 1440 credo,
1162 1385 1217 1430 tn
1265 1375 1438 1447 exigis
1490 1376 1606 1448 (37)
1657 1377 1887 1431 alterum
1941 1375 2126 1431 credo.

541 1465 741 1521 Deinde
785 1467 1026 1536 sequitur
1078 1482 1242 1522 unum
1293 1467 1597 1538 baptisma;
1649 1477 1705 1525 et
1742 1467 1772 1508 δ
1813 1469 1936 1539 quia
1984 1467 2130 1539 quod

537 1573 702 1615 unum
720 1566 822 1625 est,
855 1571 1098 1618 sanetum
1121 1570 1228 1628 est,
1253 1577 1349 1634 per
1376 1564 1518 1633 quod
1543 1575 1706 1618 unmn
1733 1571 1814 1618 est
1842 1580 1854 1618 :
1879 1563 1999 1635 (38)
2025 1579 2128 1619 non

537 1654 709 1709 solum
755 1656 822 1710 ab
874 1656 1250 1712 haereticorum
1301 1656 1540 1728 profanis
1577 1664 1632 1713 et
1675 1655 1955 1728 sacrilegis
2003 1658 2131 1729 bap-

538 1747 842 1803 tismatibus
867 1759 1153 1820 separatur
1173 1792 1189 1819 ,
1217 1751 1311 1806 sed
1349 1767 1416 1806 ne
1451 1751 1756 1824 duplicetur
1791 1752 1935 1823 quod
1965 1767 2127 1809 unum

535 1849 649 1908 est,
679 1849 770 1897 aut
796 1844 1021 1899 lteretur
1048 1845 1192 1915 quod
1214 1845 1384 1900 semel
1408 1855 1512 1901 est.

536 1947 543 1999 ;
609 1935 696 1992 ιν.
715 1935 879 1991 Deum
903 1953 1012 1993 esse
1035 1939 1123 2009 qui
1145 1938 1280 1993 lavat
1300 1938 1352 1993 in
1375 1939 1694 2010 baptismate,
1723 1955 1823 1994 non
1840 1949 2008 1994 autem
2041 1939 2137 1993 mi-

538 2029 780 2083 nistrum.
803 2057 876 2070 —-
903 2029 957 2084 lu
992 2029 1094 2085 hoc
1136 2037 1478 2086 sacramento
1502 2031 1838 2102 baptismatis
1853 2032 2136 2088 celebran-

539 2121 610 2175 do
635 2161 651 2187 ,
687 2121 802 2191 (39)
836 2131 948 2176 tres
977 2137 1098 2178 esse
1121 2124 1330 2193 species
1351 2129 1585 2190 constat,
1611 2138 1747 2195 quas
1779 2137 1832 2180 et
1858 2139 1978 2190 vos,
2036 2140 2136 2182 ncc

541 2226 762 2283 augere,
816 2227 916 2268 nec
935 2213 1199 2283 minuere,
1250 2229 1347 2270 nec
1405 2216 1818 2286 prtetermitlere
1863 2218 2130 2287 poteritis.

540 2306 658 2376 (40)
675 2307 846 2360 Prima
861 2309 1070 2377 species
1081 2317 1163 2364 est
1183 2309 1235 2363 in
1249 2307 1540 2376 Trinitate;
1559 2312 1790 2366 secunda
1801 2354 1814 2376 ,
1834 2311 1886 2366 in
1903 2311 2134 2367 creden-

543 2405 630 2463 te;
663 2399 842 2465 tertia,
871 2401 924 2454 in
954 2412 1216 2471 operante
1250 2419 1262 2455 :
1291 2402 1385 2458 sed
1413 2417 1518 2457 non
1547 2405 1661 2475 pari
1687 2405 1969 2459 libramine
2001 2419 2134 2476 pon-

540 2489 795 2545 derandas
817 2501 943 2547 sunt
967 2494 1192 2562 singula:
1218 2509 1230 2547 ε
1263 2494 1398 2550 duas
1427 2496 1571 2550 enim
1597 2496 1756 2551 video
1775 2495 2131 2564 necessarias,

540 2593 597 2638 et
652 2599 810 2639 unam
867 2586 1020 2656 quasi
1076 2589 1485 2643 necessariam:
1545 2589 1894 2660 principalem
1956 2589 2134 2645 locum

541 2673 777 2730 Trinitas
807 2677 1070 2748 possidet,
1095 2676 1212 2734 sine
1240 2694 1344 2750 qua
1371 2695 1463 2735 res
1495 2681 1611 2751 ipsa
1638 2697 1746 2735 non
1781 2688 1957 2751 potest
1981 2681 2134 2752 geri:

543 2765 682 2822 hanc
709 2769 953 2838 sequitur
980 2769 1114 2826 iides
1137 2771 1412 2828 credentis
1443 2789 1456 2826 :
1495 2772 1606 2842 jam
1640 2787 1874 2843 persona
1903 2787 2133 2845 operan-

544 2859 613 2913 tis
639 2858 812 2915 vicina
840 2870 948 2928 est,
970 2877 1094 2932 quae
1121 2863 1283 2920 simili
1312 2865 1632 2922 auctoritate
1649 2879 1772 2922 esse
1801 2881 1909 2922 non
1934 2874 2133 2937 potest.

2237 549 2394 594 motm
2425 558 2436 593 :
2471 540 2706 594 Trinitas
2733 542 2874 596 enim
2905 555 3120 612 semper
3166 541 3283 612 ipsa
3313 547 3398 597 est
3428 559 3440 594 :
3471 542 3600 596 ﬁdes
3625 542 3677 596 in
3700 544 3801 597 sin-

2232 633 2372 705 gulis
2399 647 2506 688 una
2555 641 2638 689 est
2672 649 2686 689 :
2738 635 2846 689 vim
2892 649 3044 690 suam
3090 651 3308 705 semper
3349 635 3592 691 retinent
3629 637 3806 692 ambas.

2234 733 2472 789 Persona
2499 749 2626 790 vero
2655 736 2966 806 Operantis,
3004 734 3322 806 intelligitur
3370 733 3580 789 duabus
3629 735 3805 802 priori-

2235 827 2333 883 bus
2355 827 2642 898 speciebus
2669 843 2764 898 par
2793 843 2916 884 esse
2946 843 3051 882 non
3077 842 3238 898 posse
3263 867 3276 891 ,
3326 842 3392 882 eo
3440 838 3462 865 ο
3522 826 3666 898 quod
3708 829 3806 882 sola

2234 934 2354 976 esse
2385 917 2498 992 (41)
2527 921 2776 975 videatur
2805 921 3095 976 mutabilis.
3130 921 3277 975 Inter
3317 934 3416 975 nos
3437 928 3492 974 et
3516 935 3617 974 vos
3667 919 3807 974 vultis

2235 1013 2354 1086 (.52)
2382 1012 2620 1082 ejusdem
2654 1023 2900 1083 personae
2926 1026 3047 1069 esse
3068 1013 3377 1068 distantiam
3403 1027 3416 1078 ;
3449 1019 3505 1066 et
3531 1010 3807 1065 sanctiores

2234 1114 2330 1158 vos
2351 1107 2698 1169 mstiniantes,
2729 1103 2847 1176 (45)
2873 1103 3183 1174 superbiam
3227 1114 3461 1159 vestram
3511 1117 3622 1157 non
3673 1101 3806 1157 dubi-

2234 1198 2355 1252 tatis
2383 1207 2712 1268 antcponere
2741 1197 3034 1252 Trinitatl:
3092 1208 3213 1252 cum
3268 1209 3495 1266 persona
3550 1196 3807 1265 operantis

2234 1291 2428 1345 mutari
2461 1292 2651 1361 p05sit,
2683 1291 2916 1346 Trinitas
2959 1291 3151 1344 mutari
3198 1303 3306 1344 non
3338 1288 3510 1359 possit
3544 1306 3560 1344 :
3602 1287 3722 1358 (ιι)
3764 1297 3809 1342 et

2233 1397 2352 1441 cum
2387 1383 2454 1438 ab
2480 1384 2866 1454 accipientibus
2913 1381 3032 1454 (45)
3089 1383 3351 1453 baptisma
3406 1382 3710 1438 desiderari
3731 1381 3810 1436 de-

2231 1475 2376 1542 beat,
2409 1490 2506 1530 vos
2529 1475 2919 1530 desiderandus
2957 1488 3079 1530 esse
3119 1475 3466 1544 pr0ponitis:
3517 1489 3642 1529 cum
3692 1489 3809 1541 ope-

2237 1577 2420 1622 rantes
2444 1568 2585 1622 inter
2607 1567 2744 1621 alios
2768 1566 2908 1633 sitis,
2941 1565 3214 1622 ostendite
3265 1568 3478 1637 qualem
3524 1566 3577 1620 in
3637 1565 3810 1620 eodem

2233 1662 2493 1734 mysterio
2522 1661 2696 1716 locum
2739 1659 3017 1725 habeatis,
3049 1669 3102 1714 et
3132 1673 3199 1712 an
3245 1673 3311 1713 ex
3359 1657 3550 1714 eodem
3603 1671 3814 1728 corpore

2232 1767 2354 1810 esse
2381 1753 2618 1824 possitis.
2644 1752 3215 1822 Baptismatisunicum
3236 1765 3435 1806 nomen
3449 1759 3564 1816 est;
3586 1752 3674 1806 cui
3702 1751 3813 1805 sab-

2160 1849 2208 1912 B
2235 1855 2318 1904 est
2357 1846 2467 1921 (46)
2523 1848 2798 1918 proprium
2829 1860 3026 1918 corpus
3055 1863 3070 1912 ;
3099 1846 3183 1901 cui
3213 1846 3429 1916 corpori
3460 1843 3487 1882 δ
3528 1845 3648 1913 (47)
3685 1853 3815 1901 cena

2238 1947 2364 1995 sunt
2393 1941 2632 1995 membra
2663 1955 2677 1996 :
2702 1939 2898 2010 quibus
2925 1948 2947 1976 ο
2974 1953 3074 1994 nec
3100 1938 3247 2003 addi,
3280 1952 3379 1993 nec
3405 1937 3611 1992 auferri
3635 1936 3815 2006 aliquid

2241 2041 2452 2102 potest;
2480 2033 2618 2088 inter
2642 2045 2763 2102 quae
2793 2032 3029 2087 membra
3059 2031 3103 2085 si
3129 2029 3412 2100 eligendus
3433 2031 3718 2101 operarius
3742 2032 3811 2083 in-

2241 2123 2490 2189 venitur;
2521 2132 2690 2177 lotum
2712 2137 2909 2193 corpus
2933 2122 3000 2176 ad
3028 2131 3342 2194 operantem
3381 2121 3641 2192 pertinet.
3699 2120 3808 2175 Hec

2237 2219 2419 2272 omnia
2455 2216 2615 2288 hujus
2645 2217 2891 2286 corporis
2931 2216 3170 2271 membra
3193 2256 3208 2281 ,
3240 2223 3294 2270 et
3330 2229 3549 2285 semper
3574 2224 3632 2270 rt
3667 2214 3812 2270 semel

2241 2322 2424 2365 secum
2456 2317 2604 2375 sunt,
2637 2317 2692 2363 et
2719 2307 2910 2363 mutari
2942 2323 3046 2362 non
3097 2316 3322 2378 possunt
3353 2325 3366 2361 :
3417 2309 3654 2378 operarii
3707 2320 3814 2361 vero

2238 2400 2478 2471 quotidie
2500 2409 2774 2456 mutantur
2797 2409 2854 2456 et
2878 2399 3039 2466 locis,
3069 2407 3124 2454 et
3164 2399 3503 2470 temporibus
3524 2442 3538 2464 ,
3572 2408 3628 2454 et
3653 2413 3813 2468 perso-

2241 2496 2345 2550 nis.
2378 2493 2492 2566 (48)
2521 2495 2703 2564 Neque
2728 2494 2870 2550 enim
2893 2510 3032 2548 unus
3065 2494 3225 2547 homo
3246 2502 3349 2556 est,
3375 2495 3463 2563 qui
3502 2507 3720 2560 semper
3738 2499 3814 2546 aut

2240 2588 2437 2656 ubique
2463 2587 2716 2657 baptizat.
2748 2588 2801 2641 lu
2832 2587 2934 2642 hoc
2950 2601 3114 2656 opere
3125 2585 3445 2656 jamdudum
3463 2586 3556 2640 alii
3577 2587 3809 2648 fuerunt;

2243 2679 2404 2734 modo
2478 2679 2628 2744 alii;
2702 2687 2887 2750 postea
2979 2679 3067 2734 alii
3152 2680 3312 2732 futuri
3349 2686 3533 2732 sunt:
3602 2676 3811 2748 operarii

2241 2771 2439 2827 mutari
2497 2781 2761 2843 possunt,
2814 2778 3150 2827 sacramenta
3190 2771 3386 2826 mutari
3436 2787 3544 2824 non
3589 2778 3810 2840 possunt.

2241 2864 2374 2921 Cum
2439 2879 2568 2936 ergo
2629 2865 2852 2921 videatis
2881 2896 2914 2930 ,-
2951 2878 3141 2920 omnes
3195 2863 3285 2934 qui
3328 2863 3609 2936 baptisant
3639 2901 3656 2931 ,
3703 2877 3813 2932 ope-

1793 2991 2178 3062 LECTIONES
2218 2995 2635 3059 V’ARIANTES.

608 3115 635 3144 ⁸
669 3113 787 3166 Haec
801 3115 978 3167 desunt
1003 3117 1052 3167 in
1073 3131 1164 3169 ms.
1190 3119 1243 3169 S.
1271 3117 1331 3171 G.

605 3175 634 3216 b
669 3173 724 3226 Itt
746 3191 860 3228 mss.
889 3182 941 3229 S.
964 3178 1024 3230 Τ.
1052 3189 1104 3232 et
1128 3181 1216 3232 Ph.
1254 3182 1308 3233 S.
1333 3189 1400 3234 ut.

608 3244 631 3270 υ
669 3239 724 3290 In
748 3255 861 3292 mss.
890 3243 944 3294 8.
965 3243 1023 3294 Τ.
1051 3253 1104 3295 et
1128 3239 1185 3295 Ρ.
1207 3247 1258 3296 S.
1280 3243 1391 3297 ideo
1413 3243 1564 3311 quod.

2167 3227 2214 3292 C

2308 3116 2336 3213 εξ
2369 3118 2427 3231 a
2449 3132 2539 3232 τις·
2724 3116 3116 3232 arm-

1862 3327 2225 3388 VARIORUM
2263 3326 2496 3385 NOTE.

615 3423 732 3497 (32)
792 3424 992 3482 Iterum
1016 3426 1358 3483 Christianus.
1392 3427 1676 3497 Quomodo
1707 3435 1884 3499 potest
1924 3426 2138 3484 renasci

543 3500 634 3567 qui
658 3507 815 3554 natus
837 3510 921 3554 est
951 3519 965 3553 ε
1011 3517 1105 3570 per
1147 3503 1378 3572 primum
1406 3503 1730 3570 baptismum
1757 3515 1949 3554 noram
1984 3514 2158 3572 amen

545 3578 702 3623 cutus
746 3579 1116 3644 estnaturam
1149 3571 1165 3637 ,
1212 3573 1484 3644 quomodo
1510 3580 1687 3644 potest
1722 3587 1842 3626 eam
1889 3571 2140 3644 amittere

548 3654 642 3709 per
663 3643 956 3697 secundum
979 3641 1304 3715 baptismum
1337 3655 1391 3700 et
1417 3641 1663 3700 eamdem
1681 3653 1869 3698 rursus
1895 3641 2144 3712 assequi?

1761 3717 1989 3770 ΑιιιΑςρ.

619 3781 736 3854 (55)
767 3782 882 3838 Una
913 3785 1041 3854 ﬁdes
1063 3788 1156 3840 hoc
1178 3788 1290 3842 loco
1311 3787 1374 3841 ab
1395 3777 1773 3849 haereticorum,
1799 3797 1902 3842 etc.
1925 3785 2133 3852 Scribe,

547 3869 651 3907 una
672 3855 822 3924 ﬁdes.
861 3855 972 3911 Hoc
1000 3858 1112 3911 loco
1138 3859 1198 3912 ab
1229 3859 1581 3912 hwreticorum
1610 3859 1866 3912 erroribus
1896 3867 1943 3911 et
1966 3855 2029 3911 ab
2055 3875 2140 3912 eo-

545 3941 662 3998 rum
686 3927 827 3981 varia
859 3928 981 3996 ﬁde,
1012 3929 1140 3994 ﬁdes
1178 3930 1330 3983 unica
1361 3937 1647 3998 separatur.
1683 3928 1939 3984 Proxime
1990 3928 2141 3984 citati

550 3996 651 4051 loci
681 3999 891 4070 singula
918 4001 1207 4069 percurrit.
1238 4000 1354 4056 Jam
1376 3996 1441 4054 de
1473 4011 1574 4054 uno
1605 3997 1735 4068 Deo,
1765 4017 1865 4054 uno
1893 4000 2138 4068 Christo;

547 4070 808 4142 sequitur,
836 4087 938 4125 una
961 4073 1130 4141 ﬁdes:
1171 4073 1244 4128 De
1278 4073 1375 4126 hac
1429 4081 1643 4142 quoilue
1674 4079 1954 4141 postquam
2007 4075 2138 4141 egit,

547 4138 696 4194 addit
722 4163 736 4197 ς
769 4138 969 4198 Deinde
994 4144 1222 4215 sequitur
1252 4161 1410 4198 unum
1448 4138 1726 4214 baptisma,
1754 4138 1964 4214 utquid
2001 4138 2140 4215 quod

549 4227 708 4264 unum
729 4223 820 4274 est,
855 4225 960 4269 etc.
994 4214 1064 4269 Μ.
1093 4216 1324 4270 (lassus.

621 4282 755 4337 Ibid.
785 4283 901 4340 Una
927 4286 1057 4356 ﬁdes
1084 4286 1179 4340 hoc
1201 4289 1333 4341 loco.
1357 4286 1560 4342 Sensus
1588 4294 1675 4341 est
1703 4302 1716 4340 ε
1749 4296 1871 4342 cum
1918 4284 1988 4342 sit
2033 4301 2140 4342 una

549 4352 832 4434 dumtaxat
854 4352 1007 4423 lides,
1041 4357 1276 4434 haeretici
1300 4360 1388 4430 qui
1413 4373 1593 4413 veram
1626 4366 1684 4413 et
1704 4367 1905 4434 rectam
1932 4358 2000 4434 de
2021 4357 2139 4413 Tri-

549 4427 729 4500 nitate‘
761 4427 923 4500 ﬁdem
975 4446 1080 4486 non
1133 4427 1358 4498 habent,
1409 4445 1514 4485 non
1567 4440 1793 4500 possunt
1843 4430 2137 4500 baptizare,

548 4499 670 4574 qum
694 4497 835 4574 ﬁdes
864 4502 930 4558 ab
950 4518 1136 4558 eorum
1163 4520 1296 4559 vana
1320 4504 1424 4559 ﬁde
1455 4497 1734 4574 separatur
1765 4497 1997 4560 Ansasp.

621 4570 738 4648 (54)
773 4574 836 4629 Et
853 4580 968 4651 jam
988 4578 1127 4633 vobis
1164 4570 1536 4650 prtescribitur'.
1568 4578 1632 4633 Et
1655 4577 1758 4651 hoc
1799 4579 1963 4632 etiam
2001 4590 2136 4631 conJ

551 4651 753 4745 trnlxvos
785 4648 985 4745 pugnat
1014 4692 1035 4745 ,I
1093 4648 1380 4745 .quia‘cum
1411 4653 1478 4745 sit
1507 4663 1609 4734 una
1659 4648 1794 4745 ﬁdes
1819 4687 1834 4714 ,
1861 4663 2002 4745 μοι).
2041 4664 2138 4716 po-
2167 4685 2220 4745 D

551 4719 724 4786 testis,
749 4733 924 4791 neque
951 4719 1161 4777 debetis
1204 4722 1366 4776 aliam
1405 4722 1536 4778 dare
1591 4723 1643 4777 in
1688 4721 2136 4846 Rebaptizatione.

1736 4807 1918 4846 LBASP.

622 4859 738 4936 (55)
772 4861 954 4918 Totum
977 4865 1212 4932 ponendo
1242 4867 1296 4920 in
1323 4866 1544 4921 dotibus.
1571 4807 1932 4922 matria}
1961 4877 2131 4919 sacra-

549 4944 854 4991 mentorum
897 4936 1149 5007 ponendo
1193 4938 1245 4992 in
1290 4938 1577 4994 sanctitate
1623 4937 1972 5064 confeArentls.

1815 5021 1972 5063 ωηεν

622 5077 745 5150 (56)
776 5075 977 5150 Nomen
1003 5080 1148 5150 ﬁdei.
1177 5081 1277 5149 Qui
1312 5081 1629 5150 baptizatur,
1670 5021 2097 5136 debtfngfe’dere
2122 5094 2138 5132 :

551 5145 937 5222 debet'habere
967 5145 1124 5206 ﬁdem
1159 5165 1172 5206 :‘
1201 5145 1348 5222 quod
1381 5145 1448 5206 'si
1500 5145 1692 5206 Imbeat
1717 5159 1772 5206 et
1797 5152 2009 5222 habere
2047 5149 2144 5203 de-

551 5220 695 5346 gant,
731 5235 837 5276 non
861 5223 1165 5292 requiretur
1193 5220 1326 5280 ﬁdes
1353 5223 1713 5295 baptizantis;
1748 5223 1840 5349 εἰ]
1866 5221 2144 5292 baptizan-

593 5309 626 5347 I.
1818 5309 1996 5349 LBASP.

613 5333 743 5436 .(57)
785 5361 1017 5419 Alterura
1057 5365 1228 5421 credo.
1268 5366 1739 5434 lnterrogabantur
1766 5333 2142 5435 iiiiiiiiiismo,

559 5435 1055 5507 prolitcbanturque
1085 5453 1145 5492 se
1179 5439 1230 5492 in
1262 5435 1535 5494 Christum
1565 5445 1620 5492 et
1663 5439 1714 5490 in
1745 5438 1911 5491 Deum
1957 5436 2145 5507 crede-

556 5524 637 5573 re,
666 5523 830 5577 quare
853 5506 974 5562 cum
1006 5509 1079 5563 ita
1110 5520 1294 5576 esset,
1339 5523 1446 5564 non
1495 5509 1765 5564 debebant
1817 5508 1960 5562 aliud
1992 5506 2144 5562 credo

557 5581 797 5651 exigere,
828 5581 949 5650 quia
978 5595 1141 5636 unum
1168 5591 1250 5636 est
1283 5591 1486 5637 tantum
1519 5581 1693 5643 credo.
1725 5589 1831 5705 ntxt
1858 5580 1986 5634 duo.

1827 5666 1983 5706 LBASP

2240 3428 2351 3496 ipsa
2377 3425 2681 3496 duplicetur
2711 3423 2846 3480 ﬁdes
2871 3463 2885 3486 .
2913 3432 2970 3479 et
2993 3425 3149 3485 aliam
3195 3438 3225 3478 a
3276 3424 3624 3494 rebaptizatis
3647 3435 3809 3481 extor—

2240 3495 2569 3568 queatisjut
2598 3496 2864 3552 inl'eratis.
2887 3495 3122 3568 ALBASP.

2340 3565 2566 3635 59)Tres
2597 3585 2703 3622 esse
2723 3569 2938 3635 species.
2966 3567 3088 3622 Tria
3112 3577 3462 3623 concurrunt.
3496 3570 3716 3624 Amasr.

2340 3574 2406 3621 59
2441 3574 2566 3621 Tres
2597 3585 2703 3622 esse
2723 3574 2938 3635 species.
2966 3574 3088 3622 Tria
3112 3577 3462 3623 concurrunt.
3496 3574 3716 3624 Amasr.

2337 3574 2428 3709 4ος
2475 3638 2654 3693 Prima
2702 3639 2754 3693 in
2800 3636 3074 3693 Trinitate.
3122 3640 3357 3695 Necesse
3402 3651 3488 3694 est
3534 3649 3588 3694 ut
3620 3639 3806 3709 Baptis-

2242 3709 2363 3767 mus
2394 3716 2483 3766 liat
2517 3712 2568 3766 in
2602 3712 2820 3768 nomine
2855 3711 3050 3778 Patris,
3093 3711 3212 3766 Filii
3245 3720 3320 3836 Aet
3371 3711 3604 3780 Spiritus
3635 3709 3804 3767 sancti.

3292 3797 3475 3836 nesse.

3292 3797 3475 3839 LBASP.

2318 3854 2432 3927 (41)
2475 3851 2720 3927 Videatur
2745 3854 3024 3910 mutabilis.
3079 3857 3316 3909 Persona
3348 3855 3667 3927 baptizantis
3713 3868 3806 3927 non

2246 3927 2372 4011 facit
2401 3925 2455 4051 at
2485 3926 2656 3996 gratia
2682 3927 3007 3982 sacramenti
3039 3933 3337 3991 remaneat,
3367 3927 3464 3981 sed
3495 3927 3625 3982 ﬁdes
3655 3925 3806 3996 bapti-

2246 4010 2368 4051 zatt.
2449 4014 2630 4051 LBASP.

2245 3999 2368 4054 zati.
2402 3999 2630 4053 Assur.

2315 4065 2431 4142 (42)
2465 4069 2709 4144 Ejusdem
2731 4081 3081 4144 personcegsse
3097 4069 3414 4144 distantium.
3450 4068 3613 4144 Vultis
3641 4076 3691 4144 ut
3711 4073 3809 4120 ina-

2243 4137 2345 4213 gna
2379 4137 2445 4196 sit
2475 4137 2777 4213 d'ilrercntia
2810 4141 2946 4195 inter
2977 4137 3306 4196 DonatiStam
3356 4147 3409 4196 et
3458 4139 3805 4196 Ortbodosurn

2247 4211 2599 4282 baptizantes.
2628 4211 2855 4268 ALBAaP.
3392 4277 3401 4282 Α
3707 4268 3720 4282 ς

2315 4277 2430 4356 (45)
2455 4284 2761 4354 Superbiam
2794 4294 3011 4350 vestram
3035 4293 3343 4353 anteponere
3377 4277 3644 4356 _Trinitati.
3691 4280 3806 4349 Quia

2241 4349 2764 4412 Vuitis'sanclitatem
2786 4367 2840 4411 et
2864 4349 3113 4412 eﬁectum
3141 4349 3391 4424 baptismi
3416 4356 3562 4411 nasci
3584 4371 3646 4410 es
3671 4366 3805 4407 sanc-

2243 4431 2394 4484 titate
2415 4426 2765 4490 conferentis,
2793 4442 2897 4482 non
2922 4443 2990 4482 ex
3023 4427 3152 4482 ﬁde.
3180 4426 3410 4482 ALnssr.

2314 4499 2430 4572 (44)
2467 4499 2531 4553 Et
2561 4516 2674 4576 cunt
2725 4499 2786 4576 ab
2825 4498 3188 4576 accipientibus
3222 4499 3520 4576 baptisma,
3545 4506 3666 4576 _e_tc.
3692 4495 3807 4576 Bap-

2243 4566 2397 4627 tistna
2411 4566 2503 4626 est
2533 4570 2672 4638 quod
2695 4570 2763 4625 ab
2789 4566 3176 4638 accipientibus
3202 4566 3500 4626 desiderari
3527 4570 3711 4626 debere
3736 4566 3807 4619 di-

2243 4645 2338 4709 cit,
2370 4658 2474 4698 non
2506 4641 2742 4696 Trinitas
2785 4651 2876 4696 aut
2907 4642 3063 4707 ﬁdes,
3093 4651 3151 4696 ut
3188 4642 3407 4712 quidam
3442 4641 3529 4697 bic
3558 4638 3802 4710 itteplissi-

2246 4731 2370 4781 tne;
2402 4729 2506 4769 non
2547 4714 2892 4769 advertentes
2947 4714 3075 4768 illud
3111 4713 3401 4768 desiderare
3429 4712 3694 4782 proprium
3731 4723 3804 4762 sa-

2245 4787 2538 4841 cramentis
2562 4785 2785 4851 nostris,
2812 4785 3088 4854 Baptismo
3115 4795 3169 4838 ct
3192 4786 3564 4850 Eucharistim,
3608 4783 3802 4854 verbum

2247 4859 2372 4912 olim
2412 4857 2744 4932 ifuisse_:_tle
2794 4852 2904 4927 quo
2951 4857 3200 4932 mu_lta_§
3251 4861 3567 4932 μακαρίαις.-
3593 4865 3723 4925 pater
3758 4852 3802 4902 in

2244 4931 2523 4985 exercitat.
2553 4927 2620 4982 ad
2643 4927 2841 4983 Baron.
2868 4928 3095 4984 esercit.
3123 4927 3207 4983 16.
3235 4927 3464 4984 section.
3499 4928 3591 4982 65.

3282 4999 3353 5054 Μ.
3386 4997 3621 5054 ΟΑεΑυΒ.

2321 5071 2727 5148 (iSiBaptisma
2750 5069 3030 5148 desiderari
3059 5071 3255 5148 debeat.
3285 5070 3601 5139 Baptizandi
3625 5075 3798 5148 summa

2245 5134 2346 5219 ope
2368 5134 2569 5219 debent
2596 5143 2730 5219 eniti
2751 5151 2807 5219 ut
2833 5143 3315 5219 perfectecredant
3341 5134 3374 5206 ;’
3391 5158 3490 5196 vos
3521 5134 3800 5219 antemut'ul-

2247 5209 2316 5275 tis
2337 5227 2393 5271 ut
2422 5216 2591 5286 inagis
2619 5209 2927 5269 desiderent
2952 5216 3273 5289 baptizaria
3307 5230 3412 5289 non
3442 5209 3798 5289 peccatorum}.

2245 5303 2300 5346 ct
2329 5290 2446 5355 plus
2477 5276 2695 5355 sperent
2724 5302 2752 5340 a
2781 5276 3062 5343 sanctitate
3090 5276 3624 5357 baptisantisfquam
3661 5298 3685 5335 a
3711 5276 3798 5330 lide

2246 5372 2302 5419 et
2323 5377 2350 5415 a
2373 5360 2656 5415 Trinitate.
2684 5361 2912 5412 ALBASP.

2322 5433 2435 5504 (46)
2460 5429 2737 5504 Proprium
2770 5446 2974 5504 corpus.
3011 5430 3316 5504 Baptismus
3344 5435 3560 5484 constat
3601 5441 3680 5504 sua
3703 5418 3798 5497 im:-

2252 5497 2339 5563 ma
2367 5497 2427 5577 et
2449 5497 2695 5566 materia,
2747 5507 2802 5554 ut
2849 5497 3021 5569 aiunt,
3051 5497 3188 5557 inter
3219 5518 3339 5577 quae
3359 5514 3610 5577 persona
3655 5497 3799 5577 brutu-

2257 5576 2426 5633 zantis
2451 5591 2554 5630 non
2583 5582 2898 5627 numeratur
2924 5593 2936 5627 :
2971 5588 3068 5628 cur
3097 5589 3226 5644 ergo
3240 5571 3404 5628 vobis
3427 5571 3690 5626 vindicatis
3723 5571 3796 5614 ιη-

2261 5664 2366 5705 tam
2390 5648 2504 5716 ejus
2527 5644 2787 5716 rationcm
2813 5654 2867 5698 et
2887 5647 3202 5713 essentiam,
3229 5653 3284 5700 et
3303 5659 3419 5701 eam
3444 5645 3494 5698 in
3518 5651 3673 5698 vestra
3695 5646 3797 5701 per-

640 5723 756 5794 (38)
785 5724 907 5778 Non
936 5725 1103 5780 solum
1142 5727 1517 5782 hereticorum.
1561 5723 1651 5779 Illa
1683 5722 1806 5778 ﬁdei
1839 5724 2014 5794 unitas
2043 5737 2150 5778 non
2253 5714 2652 5794 sunaponitis’
2681 5714 2911 5771 Δωριέι».

573 5791 745 5868 solum
771 5795 1147 5868 luereticoruns
1178 5799 1440 5866 baptisma
1467 5840 1481 5864 ,
1523 5796 1739 5868 quodin
1767 5795 1853 5849 illa
1883 5791 1988 5849 llde
2015 5805 2068 5848 et
2095 5795 2148 5850 in

573 5864 832 5940 Trinitate
857 5866 1037 5926 datum
1060 5884 1168 5930 twn
1189 5864 1292 5955 est,
1321 5864 1560 5928 esrtvdit
1576 5885 1593 5942 ;
1611 5866 1705 5940 sed
1734 5869 1895 5944 etiam
1917 5873 2061 5929 velut
2082 5879 2150 5941 ne

2338 5782 2454 5865 (Π)
2484 5792 2632 5865 Qerta
2650 5799 2766 5865 sunt
2789 5788 3228 5865 utembra._Cerl:e
3245 5797 3372 5844 sunt
3393 5795 3583 5865 partes.

2330 5855 2448 5948 (4⁸)
2479 5861 2656 5938 Neque
2684 5861 2819 5918 enim
2849 5879 2980 5935 unus
3021 5862 3176 5920 homo
3212 5869 3305 5938 est,
3351 5855 3436 5934 qui
3470 5870 3677 5934 semper,
3703 5855 3792 5916 etc.
