3974 6324
162 340 305 398 1053

954 335 1043 392 DE
1075 330 1467 392 SCiiiSMA'I‘E
1509 320 2052 388 DONATISTARUM
2090 317 2298 383 LIBER
2327 321 2656 393 QUINTUS.

3324 311 3463 372 illi“

162 460 342 513 rnrios
370 465 513 523 esse,
545 469 651 510 non
675 453 946 521 dominos,
973 450 1086 526 ab
1110 459 1164 507 et
1190 458 1526 505 sacramenta
1561 461 1654 518 per
1700 461 1759 501 se
1787 448 1840 507 Α
1865 445 1952 498 tiet
1979 444 2033 496 in
2063 453 2308 498 aeternum
2329 439 2516 511 (Joan.
2551 453 2626 506 Iv,
2653 437 2766 511 l5).
2797 433 2994 508 Aquam
3033 445 3189 502 quam
3235 450 3326 507 ego
3372 435 3460 502 tto,

163 565 288 606 esse
311 559 522 615 sancta,
548 557 653 602 nbn
679 563 776 618 per
805 547 1073 608 homines,
1099 543 1228 614 quid
1254 549 1341 598 est
1365 583 1378 607 ,
1419 539 1562 612 quod
1605 537 1762 594 vobis

160 652 371 700 tantum
398 641 683 696 vindicatis
702 639 726 693 ’ἒ
744 638 873 709 quid
899 643 1001 703 est,
1025 635 1171 708 quod
1204 635 1371 690 Deum
1396 648 1426 688 ιι
1448 631 1763 688 muneribus

159 737 277 792 suis
299 733 589 790 excludere
617 729 982 788 contenditis?
1007 726 1293 784 concedite
1317 725 1426 780 Deo
1447 761 1464 791 ,
1504 733 1764 796 praestare

160 843 288 898 qua:
314 841 410 882 sua
440 833 586 882 sunt.
620 824 736 881 Non
768 825 911 881 enim
945 831 1124 893 potest
1152 821 1204 875 id
1235 833 1430 874 munus
1453 818 1522 874 ah
1545 818 1764 874 homine

162 917 304 983 dari,
335 917 481 989 quod
507 916 757 971 divinum
781 923 884 970 est.
917 913 973 969 Si
1003 913 1083 967 sic
1115 911 1332 982 putatis,
1364 908 1760 980 PrOphetarum

162 1025 350 1077 voces,
376 1021 433 1066 et
466 1011 559 1066 Dei
586 1009 849 1081 promissa
899 1006 1110 1062 inanire
1145 1003 1474 1060 contenditis
1499 1044 1515 1071 ,
1565 1002 1762 1073 quibus

162 1105 446 1175 probatur,
480 1104 603 1175 quia
631 1103 778 1158 Deus
807 1103 972 1168 lavat,
1012 1116 1119 1156 non
1152 1100 1336 1155 homo.
1376 1099 1542 1154 Adest
1572 1107 1762 1154 contra

159 1211 256 1252 vos
278 1196 450 1252 David
478 1196 777 1268 PrOpheta,
803 1195 894 1266 qui
917 1194 990 1250 ait
1021 1194 1071 1248 in
1104 1194 1314 1264 psalmo
1337 1208 1369 1248 ι.
1411 1192 1569 1265 (vers.
1615 1191 1674 1259 9)
1698 1199 1759 1244 ιε

168 1292 389 1347 Lavabis
418 1307 498 1346 me
523 1301 569 1346 st
600 1306 756 1361 super
781 1291 947 1344 nivem
985 1287 1303 1344 dealbabor:
1335 1288 1461 1342 item
1489 1287 1544 1342 in
1571 1269 1762 1342 eodem

159 1385 375 1454 psalmo
406 1401 418 1436 :
455 1381 612 1449 Dens,
639 1383 851 1436 locante
881 1381 944 1434 ab
974 1379 1234 1453 injustitia
1260 1394 1395 1444 mea,
1426 1379 1473 1432 et
1496 1394 1528 1432 a
1573 1377 1764 1432 delicto

152 1491 266 1530 nico
293 1476 490 1530 munda
529 1491 606 1529 me
628 1473 821 1546 (lbid.,
857 1473 915 1545 4)
942 1490 957 1527 :
981 1474 1096 1528 lava
1123 1487 1223 1539 me,
1258 1471 1429 1538 dixit;
1453 1485 1560 1526 non
1596 1469 1760 1537 dixit,

146 1571 281 1640 elige
307 1584 400 1641 per
421 1583 568 1639 quam
595 1567 734 1622 laver
762 1585 776 1622 :
831 1577 884 1622 et
918 1565 1108 1622 Esaias
1135 1566 1395 1636 preplieta
1421 1564 1528 1629 sic;
1579 1563 1717 1619 dixit
1747 1581 1760 1618 :

145 1662 394 1732 quoniam
422 1659 591 1714 abluet
617 1657 874 1713 Dominus
895 1655 921 1696 ι)
945 1657 1122 1712 sordes
1153 1667 1176 1696 ο
1198 1656 1427 1726 ﬁliorum
1449 1665 1494 1710 et
1523 1655 1754 1725 ﬁliarum

148 1755 282 1811 Sion
315 1753 486 1827 (Esai.
522 1769 596 1819 Iv,
646 1750 726 1825 4).
758 1752 888 1808 Sion
930 1751 1228 1807 Ecclesium
1258 1765 1382 1806 esse
1425 1749 1478 1804 in
1501 1750 1663 1806 tertio
1703 1749 1768 1805 li-

1869 536 2045 608 inquit
2073 554 2085 591 :
2120 549 2226 592 non
2251 535 2407 602 dixit,
2435 547 2593 605 quam
2642 531 2900 597 dederint,
2941 530 3027 601 qui
3055 545 3108 584 se
3136 535 3341 584 sanctos
3370 539 3467 599 pu-

1866 640 1994 696 tant,
2019 628 2163 684 sicut
2190 627 2345 683 vobis
2366 627 2390 665 ι
2425 625 2683 682 videmini
2715 641 2732 680 :
2763 625 2858 680 sed
2905 633 2965 678 Sc
3007 623 3147 678 dixit
3184 622 3460 677 daturum.

1865 722 1986 794 Ipse
2007 730 2095 778 est
2121 737 2251 794 ergo
2278 723 2366 793 qui
2421 720 2510 776 dat
2545 737 2559 774 :
2592 720 2759 791 ipsius
2782 727 2888 784 est,
2916 716 3059 788 quod
3092 709 3255 771 datur
3286 728 3300 783 ;
3333 713 3458 786 quid

1863 825 1968 881 est,
1997 815 2144 886 quod
2175 815 2328 871 vobis
2349 821 2460 869 tota
2491 811 2902 884 importunitate
2922 809 3203 866 vindicare
3229 815 3456 864 conten-

1864 909 2036 966 ditis?

1939 999 2002 1059 V.
2034 1001 2113 1057 De
2135 996 2405 1073 Baptismo
2431 999 2677 1066 Joannis,
2701 1001 2910 1071 quando
2952 1007 3001 1053 et
3033 1009 3124 1053 cur
3145 1004 3256 1068 post
3285 997 3454 1066 ipsum

1864 1093 2134 1165 Baptisma
2160 1093 2355 1148 Christi
2375 1094 2643 1148 collatum.
2660 1089 2880 1147 —CtIm
2911 1091 3053 1146 hanc
3078 1103 3191 1145 rem
3215 1088 3462 1144 cumulet

1861 1185 2100 1242 Joannes
2128 1186 2392 1257 Baptista,
2418 1186 2508 1256 qui
2533 1195 2844 1256 prmcursor
2867 1191 3093 1240 venerat
3137 1177 3459 1249 Saivatoris,

1861 1295 1986 1334 cum
2009 1280 2210 1334 multos
2241 1281 2472 1349 lingeret
2495 1277 2547 1332 in
2576 1277 2892 1348 pmnitentia
2915 1284 2971 1330 et
2997 1275 3227 1330 remissa
3267 1283 3463 1344 pecca-

1863 1356 2064 1443 torum,
2105 1375 2378 1431 nuntiavit
2409 1374 2605 1430 Filiqu
2648 1372 2744 1429 Dei
2781 1387 2903 1429 esse
2945 1380 3270 1436 venturum;
3307 1369 3461 1438 cujus

1864 1471 2029 1526 verba
2053 1471 2168 1526 haec
2193 1478 2356 1526 sunt:
2386 1483 2500 1524 ecce
2519 1468 2650 1523 venit
2677 1467 2766 1538 qui
2798 1481 2885 1521 vos
2932 1465 3157 1532 bapti‘set
3201 1463 3384 1531 (Joan.
3419 1469 3459 1529 I,

1863 1565 1960 1633 53)
1988 1583 2001 1620 :
2032 1575 2086 1621 et
2116 1577 2294 1620 tamen
2325 1571 2432 1620 non
2457 1561 2685 1635 legimus
2713 1572 2832 1632 post
2871 1560 3136 1616 Joannem
3179 1557 3460 1615 Christum

1862 1658 2096 1730 aliquem
2123 1657 2487 1729 rebaptisasse
2519 1673 2532 1711 :
2565 1657 2706 1728 quod
2731 1669 2863 1726 ergo
2896 1655 3032 1710 dixit
3057 1671 3070 1707 :
3099 1654 3187 1724 qui
3217 1665 3306 1707 vos
3332 1653 3460 1717 bap-

1864 1752 2008 1817 tiset,
2070 1752 2294 1807 veniens
2323 1749 2574 1806 Christus
2613 1749 2707 1804 illo
2759 1756 3005 1819 tempore
3032 1753 3152 1818 post
3198 1745 3462 1800 Joannem

148 1849 247 1903 bro
270 1845 620 1919 probavimus
652 1864 665 1900 ε
699 1861 830 1914 ει·εο
853 1845 996 1900 Deus
1021 1847 1166 1900 lavat
1197 1844 1338 1899 tilios
1384 1853 1440 1898 et
1483 1844 1622 1899 tilias
1658 1843 1757 1900 Ec-
1787 1844 1834 1906 B
1864 1846 2044 1902 tinxit.
2076 1846 2407 1902 Promissum
2437 1855 2558 1900 erat
2588 1842 2922 1914 temporibus
2963 1840 3186 1904 nostris,
3234 1848 3294 1892 ut
3343 1837 3460 1906 ipse

145 1944 330 1999 etesia:
353 1939 404 1998 ά.
436 1941 553 1997 Non
575 1940 712 1996 dixit
739 1957 754 1995 :
789 1939 1029 1994 lambunt
1054 1939 1088 1993 ii
1117 1948 1166 2004 θ,
1209 1939 1299 2005 qui
1332 1955 1386 1992 se
1429 1946 1634 1992 sanctos
1663 1955 1759 2006 pu-

155 2047 287 2091 tant.
323 2036 624 2106 Dignamini
655 2043 708 2088 ut
735 2034 818 2089 vel
852 2033 1132 2104 prephem
1157 2047 1256 2088 vos
1276 2033 1532 2098 vincant,
1563 2033 1648 2088 vel
1678 2032 1758 2088 sic

153 2127 460 2198 agnoscite,
488 2128 611 2197 quia
637 2143 742 2181 non
776 2126 916 2180 lavat
937 2126 1122 2193 homo,
1167 2124 1262 2180 sed
1303 2124 1464 2178 Deus.
1488 2123 1754 2191 Quamdiu

151 2221 338 2275 dicitis
371 2237 385 2274 :
417 2219 531 2290 (b9)
560 2221 648 2290 qui
676 2235 778 2273 non
803 2219 953 2273 habet
978 2219 1114 2285 quod
1137 2217 1244 2282 det,
1272 2217 1527 2288 quomodo
1568 2217 1656 2270 dat
1687 2217 1703 2255 τ
1732 2217 1755 2272 ?

151 2315 336 2370 videte
397 2314 678 2369 Dominum
737 2327 860 2368 esse
928 2312 1173 2367 datorem
1220 2321 1286 2366 8:
1347 2312 1525 2366 videte
1584 2309 1753 2368 Deum

149 2422 597 2478 unumquemque
620 2405 927 2462 mundare:
977 2405 1168 2460 sordes
1219 2405 1363 2459 enim
1408 2414 1462 2459 ct
1513 2406 1754 2459 maculas

149 2502 352 2556 mentis
379 2501 558 2556 lavare
584 2515 690 2555 non
720 2509 917 2570 potest,
952 2499 1054 2555 nisi
1098 2499 1238 2553 Deus
1265 2500 1355 2568 qui
1385 2499 1630 2568 ejusdem
1671 2499 1749 2552 l‘n-

149 2594 392 2648 bricator
434 2600 519 2648 est
548 2593 767 2648 mentis.
801 2593 909 2646 Aut
933 2593 975 2645 si
1000 2591 1204 2663 putatis
1229 2631 1244 2656 ,
1301 2592 1424 2660 qnia
1480 2592 1749 2647 lavacrum

148 2695 393 2741 vestrum
425 2693 529 2750 est,
560 2683 751 2749 dicite,
779 2683 954 2753 qualis
979 2694 1063 2740 est
1112 2688 1228 2752 ipsa
1253 2698 1408 2738 mens
1435 2699 1450 2748 ;
1493 2693 1612 2754 quze
1656 2700 1752 2755 per

143 2788 351 2846 corpus
377 2775 744 2840 lavatur;aut
771 2785 928 2846 Quam
973 2775 1133 2831 habet
1183 2775 1452 2838 formam;
1505 2784 1595 2829 aut
1641 2789 1751 2845 quo

143 2868 270 2924 loco
297 2870 351 2924 in
380 2868 602 2924 homine
628 2868 873 2924 habitet:
920 2867 1025 2924 hoc
1066 2868 1271 2924 homini
1315 2867 1460 2924 scire
1498 2878 1749 2938 negatum

143 2973 251 3018 est.
285 2963 430 3033 Ergo
457 2963 731 3032 quomodo
759 2972 940 3035 putas,
966 2962 1090 3034 quia
1117 2963 1285 3029 lavas,
1311 2963 1401 3033 qui
1424 2963 1601 3018 nescis
1617 2978 1750 3033 qua-

144 3057 200 3113 le
228 3059 302 3112 sit
327 3057 470 3128 quod
492 3057 681 3113 lavas?
711 3058 805 3113 Dei
830 3054 858 3094 ιι
879 3066 965 3113 est
987 3056 1272 3122 mundare,
1313 3071 1419 3112 non
1471 3056 1706 3112 hominis
1732 3073 1746 3111 :

141 3150 265 3221 ipse
288 3151 436 3206 enim
466 3166 562 3220 per
589 3153 908 3223 prephetam
943 3151 1157 3207 Esaiam
1205 3151 1454 3221 promisit
1503 3167 1563 3208 se
1608 3151 1750 3207 lotu-

1857 1939 2057 2006 daret,
2107 1939 2254 2010 quod
2316 1935 2478 1994 hodie
2531 1936 2734 2003 datur;
2791 1933 3091 1990 secundum
3147 1929 3289 2002 quod
3336 1929 3454 1983 ait:

1855 2048 2044 2098 aquam
2069 2046 2224 2104 quam
2249 2047 2340 2105 ego
2377 2032 2443 2086 do
2463 2031 2551 2102 qui
2582 2029 2786 2096 biberit,
2814 2043 2918 2082 non
2944 2027 3081 2082 sitiet
3120 2027 3174 2080 tu
3210 2031 3458 2082 retentum

1856 2125 2041 2195 (Joan.
2073 2139 2146 2193 Iv,
2183 2126 2294 2196 15).
2317 2123 2451 2180 Nam
2481 2131 2537 2180 et
2559 2122 2807 2192 discipuli
2841 2119 3086 2185 Joannis,
3118 2126 3241 2172 cum
3299 2115 3456 2171 dice-

1858 2233 1978 2277 rent
2003 2221 2262 2291 magistro
2293 2234 2393 2275 suo
2424 2237 2435 2271 :
2486 2234 2598 2272 ecce
2623 2229 2768 2288 quem
2792 2213 3067 2285 baptisasti
3098 2227 3117 2268 :
3149 2210 3458 2281 baptizabat

1855 2317 2073 2386 quidem
2103 2334 2117 2381 ς
2148 2317 2243 2372 sed
2269 2329 2363 2386 per
2403 2329 2592 2370 manus
2621 2313 3024 2383 Apostolorum,
3063 2308 3260 2378 quibus
3313 2307 3458 2375 leges

1856 2408 2192 2478 baptismatis
2217 2409 2466 2463 dederat.
2508 2407 2746 2474 Deniqtte
2770 2405 2969 2458 lectum
3013 2411 3093 2456 ρει
3139 2399 3246 2453 alio
3286 2399 3406 2452 loco
3439 2415 3454 2453 :

1853 2515 1975 2556 nam
2032 2503 2143 2574 ipss
2190 2502 2442 2555 netninem
2505 2499 2820 2567 baptizavit,
2890 2497 2978 2550 sed
3025 2484 3268 2566 discipuli
3319 2496 3454 2564 ejus.

1857 2596 2037 2666 (Joan.
2071 2610 2152 2661 III,
2180 2595 2262 2665 ti.)
2292 2595 2348 2651 ln
2381 2595 2481 2650 huc
2504 2607 2564 2649 re
2594 2603 2784 2646 omnes
2810 2589 3062 2659 discipuli
3090 2588 3210 2657 ejus
3239 2593 3452 2653 sumus,

1855 2698 1910 2744 ut
1938 2703 2036 2744 nos
2064 2695 2374 2759 operemur,
2405 2695 2465 2741 ut
2493 2685 2584 2741 ille
2632 2683 2724 2740 det
2769 2682 2860 2754 qui
2915 2695 2974 2736 se
3019 2681 3274 2734 daturum
3330 2688 3456 2734 esse

1854 2783 2101 2852 promisit
2134 2799 2146 2835 :
2180 2791 2235 2836 et
2257 2787 2437 2837 tamen
2471 2795 2592 2836 cum
2623 2779 2866 2836 Joannes
2897 2776 3106 2832 inﬁnita
3154 2773 3324 2830 millia
3357 2774 3456 2828 ho-

1854 2875 2062 2929 minum
2097 2874 2415 2944 baptisaret,
2449 2872 2569 2945 (50)
2594 2873 2704 2942 jam
2734 2869 2956 2926 Chrisw
3009 2875 3279 2938 praesente
3322 2879 3458 2936 ope-

1852 2963 2075 3022 rabatur
2103 2979 2312 3032 servus,
2345 2973 2400 3021 et
2426 2965 2653 3020 vacabat
2676 2962 2938 3018 Dominus
2959 2967 3254 3031 antequam
3278 2953 3455 3029 bapti-

1851 3057 2009 3114 zandi
2059 3058 2218 3112 daret
2270 3055 2498 3112 formam
2532 3053 2575 3109 ι.
2626 3053 2914 3110 Peractum
2947 3060 2988 3090 ιιι
3029 3065 3137 3106 non
3182 3050 3454 3106 modicum

1853 3162 2067 3224 tempus
2095 3152 2265 3207 millia
2296 3150 2657 3214 hominumsin
2695 3147 3013 3220 ptenitentia
3041 3155 3097 3202 et
3128 3143 3454 3202 remissione

141 3259 288 3310 rum,
319 3243 446 3298 dum
473 3245 551 3300 ait
576 3261 589 3298 :
618 3255 665 3300 st
692 3246 736 3300 si
759 3245 952 3314 fuerint
993 3254 1202 3317 peccata
1250 3255 1416 3300 castra
1457 3247 1590 3300 velut
1633 3263 1749 3301 coc-
1773 3236 1819 3299 C
1853 3246 2015 3300 tincta
2047 3252 2177 3299 sunt
2205 3247 2574 3314 peccatorum.
2603 3241 2709 3297 Sed
2759 3254 2919 3295 nemo
2947 3239 3151 3295 tinctus
3192 3236 3368 3292 fuerat
3397 3235 3452 3292 iu

138 3353 279 3404 cum,
311 3347 366 3392 ut
397 3338 560 3392 nivem
581 3339 822 3394 inalbabo
860 3337 1037 3412 (Esai.
1064 3353 1104 3403 ι,
1138 3339 1206 3395 18
1299 3337 1546 3394 Inulbabo
1583 3339 1747 3406 dixit,

139 3445 250 3486 non
283 3432 474 3502 faciam
503 3433 746 3488 inalbari.
781 3433 836 3490 Si
866 3432 969 3489 hoc
998 3434 1137 3488 Deus
1157 3434 1426 3503 promisit,
1455 3443 1626 3504 quare
1651 3448 1748 3490 vos

137 3526 308 3580 vultis
332 3525 580 3594 reddere,
613 3527 756 3598 quod
790 3529 940 3582 vobis
973 3544 1072 3582 nec
1096 3528 1414 3598 promittere
1451 3528 1608 3593 licet.
1646 3542 1748 3584 nec

134 3618 371 3674 reddere
402 3660 415 3683 ,
451 3618 814 3676 necbabere?
859 3635 988 3675 ecce
1033 3619 1086 3676 in
1135 3619 1293 3675 Esaia
1341 3635 1401 3676 se
1445 3619 1740 3692 promisiti

135 3711 283 3766 Deus
315 3711 558 3768 inalbare
586 3713 820 3780 peccatis
843 3712 1068 3768 allectos
1101 3713 1150 3778 ἱ,
1187 3727 1290 3766 non
1324 3729 1417 3780 per
1445 3713 1738 3769 hominem.

135 3801 496 3857 Revertimini
519 3803 586 3858 ad
619 3803 968 3874 Evangellum
999 3821 1011 3858 :
1053 3803 1252 3869 videte,
1277 3803 1407 3875 quid
1431 3805 1482 3859 in
1511 3805 1740 3860 salutem

127 3894 352 3963 generis
395 3895 612 3950 humani
657 3895 727 3950 sit
785 3891 1064 3965 pollicitus
1116 3892 1366 3950 Christus
1411 3914 1423 3950 :
1483 3899 1566 3952 cui
1617 3913 1741 3954 cum

126 3981 337 4041 mulier
364 3983 705 4041 Samaritana
733 4001 928 4058 aquam
961 3995 1207 4058 negaret,
1245 3999 1370 4044 tunc
1401 4005 1428 4042 ιι
1463 3987 1604 4045 Filio
1649 3989 1742 4046 Dei

125 4078 340 4133 dictum
362 4087 462 4143 est,
494 4079 637 4149 quod
691 4080 1009 4149 praescribat
1057 4081 1572 4152 prwsemptionibus
1620 4097 1743 4138 ves-

125 4169 230 4226 tris
255 4187 269 4224 :
294 4186 507 4241 aquam,
534 4171 732 4244 inquit,
763 4189 917 4242 quam
945 4190 1038 4246 ego
1067 4174 1156 4243 do,
1190 4176 1278 4245 qui
1311 4174 1516 4243 biberit,
1544 4189 1647 4232 non
1668 4177 1742 4232 sie

1851 3339 2118 3394 Trinitat'e
2151 3355 2164 3392 :
2197 3351 2357 3394 nemo
2379 3336 2556 3392 adhuc
2578 3345 2798 3392 noverat
2819 3331 3096 3390 Christum
3123 3347 3136 3386 :
3167 3345 3328 3387 nemo
3351 3343 3448 3384 an-

1848 3431 2026 3488 dierat
2052 3445 2174 3487 esse
2193 3431 2456 3502 Spiritum
2489 3438 2759 3484 sanctum.
2812 3428 2879 3482 At
2912 3426 3004 3481 ubi
3055 3423 3200 3481 venit
3237 3433 3452 3494 tempus

1848 3525 2224 3596 plenitudinis,
2261 3532 2414 3580 certo
2457 3533 2700 3594 tempore
2719 3519 2870 3576 dedit
2905 3519 3050 3590 leges
3104 3506 3449 3588 baptismatis

1850 3621 2020 3676 Filius
2046 3620 2141 3676 Dei
2167 3637 2181 3687 ;
2215 3627 2271 3675 et
2295 3618 2444 3673 dedit
2473 3616 2637 3682 viam,
2662 3632 2763 3687 qua
2795 3615 2971 3670 iretur
3015 3611 3084 3668 ad
3141 3626 3305 3680 regna
3334 3624 3448 3667 cm-

1846 3714 2022 3768 lorum
2053 3731 2065 3767 :
2100 3712 2260 3768 etiam
2297 3715 2424 3767 tunc
2457 3708 2928 3782 pra‘cepitdlctans
2959 3717 2971 3760 ‘:
3003 3706 3102 3772 lie,
3135 3705 3310 3760 dorele
3338 3717 3448 3758 om-

1847 3823 1935 3861 nes
1964 3819 2154 3878 gentes,
2184 3805 2502 3878 baptisantes
2527 3821 2611 3859 eos
2638 3804 2691 3858 in
2723 3803 2928 3858 nomine
2961 3799 3132 3857 Patris
3167 3811 3212 3856 et
3252 3797 3379 3854 Filii
3402 3809 3448 3854 et

1849 3899 2079 3969 Spiritus
2110 3901 2274 3954 sancti
2303 3898 2518 3969 (Matth.
2552 3905 2739 3962 XXVIII,
2790 3898 2903 3966 l9):
2940 3895 3018 3950 Ex
3048 3903 3110 3950 ea
3143 3893 3232 3948 die
3283 3903 3444 3962 opor-

1847 3994 1950 4050 tttit
1971 3993 2087 4050 lieri
2107 3993 2248 4065 quod
2267 3993 2574 4049 mandatum
2596 3987 2708 4063 85
2728 3997 2812 4046 est
2837 4007 2849 4042 :
2880 3996 3002 4043 ante
3034 3997 3244 4056 tempus
3275 3985 3448 4040 noluit

1845 4087 2142 4144 emendare
2172 4087 2312 4157 quod
2337 4094 2623 4157 operatum
2647 4095 2752 4148 est,
2783 4098 2852 4138 ne
2888 4081 3160 4136 licentiam
3194 4078 3438 4148 rebapti-

1846 4177 2002 4236 zandi
2027 4175 2221 4247 daret;
2248 4180 2496 4250 quamvis
2525 4178 2756 4233 alterum
2792 4176 2955 4231 luerit
2981 4173 3245 4244 baptisma
3276 4170 3440 4228 Joan.

1376 4331 1672 4393 LECTION
1681 4335 1764 4395 ES
1806 4331 2220 4396 VARIANTES.

187 4470 218 4534 fl
254 4463 314 4534 in
340 4463 608 4534 mss._S.:i‘.
625 4475 688 4534 Aet
710 4467 773 4534 P._
790 4467 1047 4534 SLpsalmo
1072 4483 1205 4522 χιιι.

183 4531 216 4572 b
253 4531 310 4582 in
337 4543 429 4581 ms.
455 4529 507 4583 S.
533 4529 591 4582 G.
619 4531 791 4583 (aravit
816 4529 966 4584 Deus.

183 4597 209 4628 ο
249 4592 306 4643 In
333 4607 422 4643 ms.
449 4594 502 4645 S.
529 4595 588 4645 T.
615 4595 826 4646 sordem.

179 4657 373 4731 {Haec
391 4659 658 4720 adjecimus
680 4672 742 4707 ex
765 4670 859 4708 ms.
900 4660 954 4709 S.
980 4658 1040 4709 t}.
1059 4667 1171 4722 quis
1194 4658 1375 4709 desunt
1396 4658 1444 4708 in
1470 4660 1578 4712 aliis
1601 4667 1654 4714 et
1677 4663 1728 4713 in

117 4719 306 4855 ωξιῖἱι
329 4793 442 4830 mss.
460 4781 512 4855 ξ.
535 4782 593 4855 τε.
622 4788 675 4855 et
697 4783 754 4855 ιζ.
779 4782 833 4855 ξ.

111 4843 309 4959 dormiit
326 4858 441 4894 mss.
463 4847 514 4896 S.
536 4843 596 4896 T.
627 4853 680 4896 et
701 4845 758 4895 P.
780 4848 831 4898 S.
857 4845 940 4913 qui
957 4860 1053 4898 non
1069 4844 1232 4910 habet,
1271 4846 1398 4912 quod
1417 4848 1554 4902 debet
1576 4863 1731 4918 quan-

182 4971 210 5011 ε
246 4967 368 5021 Haec
386 4968 576 5034 adjecta
599 4975 712 5024 sunt
733 4983 798 5022 ex
821 4984 911 5022 ms.
931 4971 986 5022 S.
1014 4972 1074 5024 G.

1905 4467 1937 4516 ll
1967 4465 2023 4525 ῐιι
2045 4488 2159 4525 mss.
2187 4473 2240 4526 S.
2261 4463 2320 4526 Τ.
2349 4475 2399 4525 et
2422 4467 2479 4523 Ρ.
2505 4467 2558 4524 S.
2587 4463 2798 4524 Domini.

1906 4538 1924 4578 ί
1965 4535 2020 4587 In
2042 4549 2130 4587 ms.
2160 4539 2214 4598 8.
2243 4531 2302 4587 G.
2326 4547 2438 4598 ecce
2449 4534 2560 4597 jam
2579 4548 2666 4598 per
2692 4547 2744 4586 se
2767 4529 3006 4598 promisit.

1907 4599 2021 4663 iln
2047 4593 2515 4663 ms.S.Q.en‘agbs.
2579 4593 2598 4663 ξ
2667 4657 2672 4662 .

1834 4672 1855 4690 ἐ
1898 4665 1926 4704 ι
1961 4661 2015 4711 In
2033 4675 2146 4713 uias.
2174 4664 2228 4713 S.
2251 4655 2310 4713 '1‘.
2337 4655 2461 4712 é'tP.
2484 4661 2535 4712 S.
2553 4657 2677 4711 sicut
2700 4671 2780 4710 vos
2805 4655 2954 4709 vobis.
2979 4656 3036 4706 in
3061 4668 3154 4707 ms.
3179 4657 3233 4707 S.
3259 4655 3319 4706 G.
3343 4655 3442 4707 sic-
3493 4708 3496 4712 ,

1829 4733 1881 4778 at
1900 4738 2028 4776 nunc
2052 4724 2197 4777 tubis.

1757 4791 1808 4853 ι)
1873 4789 1921 4853 Νι
1959 4789 2079 4840 Haec
2121 4788 2458 4853 supplevimus
2497 4800 2559 4837 ex
2591 4798 2684 4834 ms.
2733 4785 2786 4835 S.
2828 4782 2886 4834 ϐ.
2913 4795 3025 4848 qua:
3050 4784 3228 4834 omissa
3251 4788 3365 4832 sunt
3390 4779 3438 4829 ln

1838 4852 2030 4966 ἓιιιέιξἸιι
2049 4927 2164 4967 mss.
2183 4915 2239 4966 S.
2253 4913 2310 4966 T.
2340 4920 2392 4966 et
2413 4911 2471 4964 P.
2492 4911 2545 4964 S.
2571 4914 2672 4964 Per
2697 4917 2967 4976 acceptum-

1452 5069 1819 5168 uuiusun
1857 5105 2084 5168 NOTAE.

107 5243 282 5319 Lege,
317 5258 476 5319 neque
497 5241 629 5319 enim
659 5258 817 5319 unus
835 5243 986 5319 homo
1006 5253 1101 5319 est,
1133 5243 1438 5319 qui‘seniper
1463 5257 1512 5302 et
1536 5247 1722 5318 ubique

107 5310 365 5386 baptism.
391 5310 456 5367 In
488 5312 584 5386 hoc
620 5329 772 5384 opere
790 5313 1104 5382 jamdudum
1145 5310 1238 5371 alii
1280 5310 1488 5386 fuerunt
1513 5362 1528 5386 ,
1569 5310 1720 5376 modo

105 5385 230 5449 alii,
278 5394 457 5456 postea
487 5385 579 5438 alii
611 5387 772 5464 {utter}
803 5397 942 5441 sunt.
979 5388 1220 5457 Uperarii
1248 5385 1437 5449 mutari
1477 5385 1716 5464 passunt,

100 5454 460 5520 sacramenta,
492 5468 597 5512 ett‘.
629 5454 698 5512 M.
724 5456 956 5512 CASAUB.

181 5527 302 5598 (i9)
331 5526 431 5593 Qui
480 5543 584 5603 non
630 5527 960 5603 habethqttod
1013 5531 1118 5603 det;
1168 5533 1423 5603 quomodo
1447 5531 1722 5593 datHioc

100 5609 501 5672 argumentum
550 5599 602 5654 iu
646 5599 880 5657 concilio
927 5600 990 5655 D.
1040 5599 1294 5675 Cypriani
1331 5604 1582 5662 habetur.

1312 5682 1541 5734 ALBASP.

361 5737 482 5826 {ant
532 5741 734 5798 Christo
765 5746 1029 5826 premente,
1064 5751 1167 5801 elc.
1198 5744 1303 5802 Pro
1334 5751 1542 5826 uocabat
1591 5749 1744 5826 pillet

142 5811 354 5898 aliquis
379 5812 627 5898 fortasse,
656 5811 865 5898 vacabat
885 5859 900 5886 ,
924 5811 1044 5898 esse
1074 5815 1464 5893 reponendum,
1511 5811 1667 5898 quod,
1687 5833 1743 5884 et

141 5887 237 5950 hic
261 5902 370 5946 non
395 5888 536 5947 male
563 5889 854 5952 convenire
895 5887 1187 5964 videatur,
1230 5901 1285 5956 et
1330 5887 1741 5983 pOSIea'smpius

1825 5252 2052 5334 ingerat,
2079 5256 2483 5334 apponitctiam
2501 5265 2576 5334 τῷ
2593 5255 2815 5334 aperari,
2843 5253 2984 5326 quod
3013 5253 3102 5310 hic
3126 5269 3141 5316 ;
3184 5261 3240 5334 et.
3258 5260 3312 5306 ut
3353 5265 3438 5306 os-

1827 5327 2050 5386 tenderet
2081 5325 2249 5384 Filius
2279 5325 2375 5384 Dei
2397 5347 2448 5385 se
2466 5325 2695 5390 vacasse,
2730 5325 2887 5399 ﬁdem
2917 5325 3272 5399 tantummodo
3307 5340 3395 5390 op.

1825 5407 1991 5451 ratam
2032 5417 2159 5465 esse,
2190 5411 2294 5456 etc.
2328 5399 2512 5456 Potest
2531 5411 2711 5456 tamen
2730 5394 2964 5454 retineri
2993 5396 3136 5466 quod
3193 5394 3279 5448 hic
3327 5403 3436 5461 est,

1826 5483 1950 5544 cum
1984 5466 2112 5527 illud
2142 5488 2352 5544 quoque
2402 5475 2692 5529 sententia:
2726 5473 2951 5544 locoque
2985 5470 3120 5544 bene
3153 5475 3442 5544 congruat,

1827 5539 2080 5615 idemque
2111 5535 2217 5599 alio
2249 5535 2368 5600 ibeo
2423 5551 2677 5615 repetere
2731 5535 2977 5615 videatur
3034 5539 3158 5592 aliis
3209 5535 3437 5591 verbis:

1831 5609 1928 5667 Cui
1952 5609 2181 5688 greditur
2212 5619 2320 5688 ipse
2366 5609 2501 5684 dat,"
2521 5615 2660 5688 quod
2706 5612 2932 5688 creditur
2958 5653 2972 5674 ,
3006 5627 3109 5664 non
3138 5625 3244 5688 per
3294 5623 3440 5677 quem

1841 5677 2118 5759 creditur:
2149 5677 2308 5742 etiam
2337 5677 2596 5759 operan'di
2624 5687 2796 5759 verbo
2850 5692 3109 5752 usurpato
3137 5680 3188 5734 in
3219 5693 3447 5759 sequen:

1843 5755 1984 5812 tibus
2012 5739 2878 5841 3‘0}.eiéiiijbigéiiinsnumam;
2897 5739 3013 5821 suu't
3035 5768 3211 5826 opera,
3234 5739 3323 5807 sed
3346 5739 3446 5814 Dei

1842 5844 1961 5910 sunt
1996 5851 2226 5908 munera.
2261 5835 2330 5916 Μ.
2360 5833 2591 5926 (lassus.
