  <div class='ocr_page' id='page_1' title='image "/cluster/home/n/w/nwhite01/storage/ocr_20150623/11/hvd.32044015471287/534.png"; bbox 0 0 3974 6324; ppageno 0'>
   <div class='ocr_carea' id='block_1_1' title="bbox 141 300 279 356">
    <p class='ocr_par' dir='ltr' id='par_1_1' title="bbox 141 300 279 356">
     <span class='ocr_line' id='line_1_1' title="bbox 141 300 279 356; baseline 0 0"><span class='ocrx_word' id='word_1_1' title='bbox 141 300 279 356; x_wconf 78' lang='grc'><strong>1037</strong></span> 
     </span>
    </p>
   </div>
   <div class='ocr_carea' id='block_1_2' title="bbox 929 302 2616 380">
    <p class='ocr_par' dir='ltr' id='par_1_2' title="bbox 929 302 2616 380">
     <span class='ocr_line' id='line_1_2' title="bbox 929 302 2616 380; baseline 0.004 -20"><span class='ocrx_word' id='word_1_2' title='bbox 929 303 1019 361; x_wconf 86' lang='lat' dir='ltr'><strong>DE</strong></span> <span class='ocrx_word' id='word_1_3' title='bbox 1057 302 1451 364; x_wconf 72' lang='lat' dir='ltr'><strong>SCHISMATE</strong></span> <span class='ocrx_word' id='word_1_4' title='bbox 1484 305 2031 368; x_wconf 67' lang='lat' dir='ltr'><strong>‘DONATISTARUM</strong></span> <span class='ocrx_word' id='word_1_5' title='bbox 2071 310 2276 369; x_wconf 78' lang='lat' dir='ltr'><strong>LIBER</strong></span> <span class='ocrx_word' id='word_1_6' title='bbox 2301 310 2616 380; x_wconf 82' lang='lat' dir='ltr'><strong>QUINTUS.</strong></span> 
     </span>
    </p>
   </div>
   <div class='ocr_carea' id='block_1_3' title="bbox 3297 314 3436 373">
    <p class='ocr_par' dir='ltr' id='par_1_3' title="bbox 3297 314 3436 373">
     <span class='ocr_line' id='line_1_3' title="bbox 3297 314 3436 373; baseline 0 -1"><span class='ocrx_word' id='word_1_7' title='bbox 3297 314 3436 373; x_wconf 69' lang='lat'><strong>1058</strong></span> 
     </span>
    </p>
   </div>
   <div class='ocr_carea' id='block_1_4' title="bbox 137 417 3439 502">
    <p class='ocr_par' dir='ltr' id='par_1_4' title="bbox 137 417 3439 502">
     <span class='ocr_line' id='line_1_4' title="bbox 137 417 3439 502; baseline 0.006 -35"><span class='ocrx_word' id='word_1_8' title='bbox 137 426 320 470; x_wconf 60' lang='lat' dir='ltr'><strong>vestro</strong></span> <span class='ocrx_word' id='word_1_9' title='bbox 354 417 645 490; x_wconf 83' lang='lat' dir='ltr'><strong>tingautur.</strong></span> <span class='ocrx_word' id='word_1_10' title='bbox 675 417 1012 486; x_wconf 87' lang='lat' dir='ltr'><strong>Erubescite,</strong></span> <span class='ocrx_word' id='word_1_11' title='bbox 1051 420 1212 477; x_wconf 89' lang='lat' dir='ltr'><strong>beato</strong></span> <span class='ocrx_word' id='word_1_12' title='bbox 1242 421 1408 477; x_wconf 90' lang='lat' dir='ltr'><strong>Paulo</strong></span> <span class='ocrx_word' id='word_1_13' title='bbox 1434 422 1688 478; x_wconf 80' lang='lat' dir='ltr'><strong>clamanti</strong></span> <span class='ocrx_word' id='word_1_14' title='bbox 1719 464 1734 489; x_wconf 93' lang='lat'><strong>,</strong></span> <span class='ocrx_word' id='word_1_15' title='bbox 1762 429 1811 488; x_wconf 80' lang='grc' dir='ltr'><strong>Α</strong></span> <span class='ocrx_word' id='word_1_16' title='bbox 1843 423 2196 482; x_wconf 90' lang='lat' dir='ltr'><strong>tecbumenus</strong></span> <span class='ocrx_word' id='word_1_17' title='bbox 2237 427 2301 482; x_wconf 88' lang='lat' dir='ltr'><strong>in</strong></span> <span class='ocrx_word' id='word_1_18' title='bbox 2341 426 2556 484; x_wconf 91' lang='lat' dir='ltr'><strong>ﬁdelem</strong></span> <span class='ocrx_word' id='word_1_19' title='bbox 2601 435 2660 482; x_wconf 86' lang='lat' dir='ltr'><strong>d:</strong></span> <span class='ocrx_word' id='word_1_20' title='bbox 2711 427 2896 500; x_wconf 90' lang='lat' dir='ltr'><strong>utique</strong></span> <span class='ocrx_word' id='word_1_21' title='bbox 2942 426 3072 485; x_wconf 89' lang='lat' dir='ltr'><strong>dum</strong></span> <span class='ocrx_word' id='word_1_22' title='bbox 3105 429 3290 502; x_wconf 81' lang='lat' dir='ltr'><strong>incipit</strong></span> <span class='ocrx_word' id='word_1_23' title='bbox 3316 445 3439 489; x_wconf 90' lang='lat' dir='ltr'><strong>esse</strong></span> 
     </span>
    </p>
   </div>
   <div class='ocr_carea' id='block_1_5' title="bbox 140 509 1740 586">
    <p class='ocr_par' dir='ltr' id='par_1_5' title="bbox 140 509 1740 586">
     <span class='ocr_line' id='line_1_5' title="bbox 140 509 1740 586; baseline 0.003 -20"><span class='ocrx_word' id='word_1_24' title='bbox 140 521 194 566; x_wconf 89' lang='lat' dir='ltr'><strong>et</strong></span> <span class='ocrx_word' id='word_1_25' title='bbox 220 526 378 566; x_wconf 86' lang='lat' dir='ltr'><strong>suam</strong></span> <span class='ocrx_word' id='word_1_26' title='bbox 407 513 823 583; x_wconf 84' lang='lat' dir='ltr'><strong>gratulationem</strong></span> <span class='ocrx_word' id='word_1_27' title='bbox 851 514 1158 583; x_wconf 88' lang='lat' dir='ltr'><strong>proﬁtenti:</strong></span> <span class='ocrx_word' id='word_1_28' title='bbox 1185 509 1514 586; x_wconf 22' lang='lat' dir='ltr'><strong>numquid’in</strong></span> <span class='ocrx_word' id='word_1_29' title='bbox 1536 517 1740 571; x_wconf 81' lang='lat' dir='ltr'><strong>nomine</strong></span> 
     </span>
    </p>
   </div>
   <div class='ocr_carea' id='block_1_6' title="bbox 139 605 1741 680">
    <p class='ocr_par' dir='ltr' id='par_1_6' title="bbox 139 605 1741 680">
     <span class='ocr_line' id='line_1_6' title="bbox 139 605 1741 680; baseline 0.004 -22"><span class='ocrx_word' id='word_1_30' title='bbox 139 621 251 659; x_wconf 85' lang='lat' dir='ltr'><strong>meo</strong></span> <span class='ocrx_word' id='word_1_31' title='bbox 304 605 547 677; x_wconf 71' lang='lat' dir='ltr'><strong>baptisati</strong></span> <span class='ocrx_word' id='word_1_32' title='bbox 593 608 714 662; x_wconf 84' lang='lat' dir='ltr'><strong>estis</strong></span> <span class='ocrx_word' id='word_1_33' title='bbox 745 606 792 676; x_wconf 86' lang='grc' dir='ltr'>(Ι</span> <span class='ocrx_word' id='word_1_34' title='bbox 820 606 940 663; x_wconf 88' lang='lat' dir='ltr'><strong>Cor.</strong></span> <span class='ocrx_word' id='word_1_35' title='bbox 988 623 1027 674; x_wconf 84' lang='grc' dir='ltr'><strong>ι,</strong></span> <span class='ocrx_word' id='word_1_36' title='bbox 1074 608 1155 679; x_wconf 78' lang='lat'><strong>3)?</strong></span> <span class='ocrx_word' id='word_1_37' title='bbox 1197 608 1292 662; x_wconf 84' lang='lat' dir='ltr'><strong>Ille</strong></span> <span class='ocrx_word' id='word_1_38' title='bbox 1333 608 1552 679; x_wconf 82' lang='lat' dir='ltr'><strong>gaudet,</strong></span> <span class='ocrx_word' id='word_1_39' title='bbox 1595 609 1741 680; x_wconf 91' lang='lat' dir='ltr'><strong>quod</strong></span> 
     </span>
    </p>
   </div>
   <div class='ocr_carea' id='block_1_7' title="bbox 139 695 1739 771">
    <p class='ocr_par' dir='ltr' id='par_1_7' title="bbox 139 695 1739 771">
     <span class='ocr_line' id='line_1_7' title="bbox 139 695 1739 771; baseline 0.003 -19"><span class='ocrx_word' id='word_1_40' title='bbox 139 695 279 752; x_wconf 87' lang='lat' dir='ltr'><strong>duos</strong></span> <span class='ocrx_word' id='word_1_41' title='bbox 309 698 453 754; x_wconf 86' lang='lat' dir='ltr'><strong>solos</strong></span> <span class='ocrx_word' id='word_1_42' title='bbox 486 708 539 754; x_wconf 92' lang='lat' dir='ltr'><strong>et</strong></span> <span class='ocrx_word' id='word_1_43' title='bbox 567 715 726 754; x_wconf 89' lang='lat' dir='ltr'><strong>unant</strong></span> <span class='ocrx_word' id='word_1_44' title='bbox 757 698 979 754; x_wconf 90' lang='lat' dir='ltr'><strong>domum</strong></span> <span class='ocrx_word' id='word_1_45' title='bbox 1006 699 1401 770; x_wconf 84' lang='lat' dir='ltr'><strong>baptizaverit:</strong></span> <span class='ocrx_word' id='word_1_46' title='bbox 1434 710 1490 757; x_wconf 90' lang='lat' dir='ltr'><strong>et</strong></span> <span class='ocrx_word' id='word_1_47' title='bbox 1513 715 1612 756; x_wconf 91' lang='lat' dir='ltr'><strong>vos</strong></span> <span class='ocrx_word' id='word_1_48' title='bbox 1639 714 1739 771; x_wconf 84' lang='lat' dir='ltr'><strong>po-</strong></span> 
     </span>
    </p>
   </div>
   <div class='ocr_carea' id='block_1_8' title="bbox 139 791 1742 864">
    <p class='ocr_par' dir='ltr' id='par_1_8' title="bbox 139 791 1742 864">
     <span class='ocr_line' id='line_1_8' title="bbox 139 791 1742 864; baseline 0.001 -18"><span class='ocrx_word' id='word_1_49' title='bbox 139 791 300 864; x_wconf 90' lang='lat' dir='ltr'><strong>pulos</strong></span> <span class='ocrx_word' id='word_1_50' title='bbox 341 792 680 864; x_wconf 90' lang='lat' dir='ltr'><strong>rcbaptizare</strong></span> <span class='ocrx_word' id='word_1_51' title='bbox 725 793 1101 860; x_wconf 91' lang='lat' dir='ltr'><strong>contenditis;</strong></span> <span class='ocrx_word' id='word_1_52' title='bbox 1151 803 1206 848; x_wconf 92' lang='lat' dir='ltr'><strong>et</strong></span> <span class='ocrx_word' id='word_1_53' title='bbox 1253 807 1508 864; x_wconf 84' lang='lat' dir='ltr'><strong>peccasse</strong></span> <span class='ocrx_word' id='word_1_54' title='bbox 1549 808 1647 848; x_wconf 88' lang='lat' dir='ltr'><strong>vos</strong></span> <span class='ocrx_word' id='word_1_55' title='bbox 1686 803 1742 848; x_wconf 90' lang='lat' dir='ltr'><strong>et</strong></span> 
     </span>
    </p>
   </div>
   <div class='ocr_carea' id='block_1_9' title="bbox 139 887 1738 960">
    <p class='ocr_par' dir='ltr' id='par_1_9' title="bbox 139 887 1738 960">
     <span class='ocr_line' id='line_1_9' title="bbox 139 887 1738 960; baseline -0.001 -17"><span class='ocrx_word' id='word_1_56' title='bbox 139 901 371 958; x_wconf 88' lang='lat' dir='ltr'><strong>peccare</strong></span> <span class='ocrx_word' id='word_1_57' title='bbox 392 887 660 960; x_wconf 77' lang='lat' dir='ltr'><strong>gaudetis,</strong></span> <span class='ocrx_word' id='word_1_58' title='bbox 686 887 966 944; x_wconf 85' lang='lat' dir='ltr'><strong>dicentes:</strong></span> <span class='ocrx_word' id='word_1_59' title='bbox 998 905 1018 939; x_wconf 84' lang='lat' dir='ltr'><strong>t</strong></span> <span class='ocrx_word' id='word_1_60' title='bbox 1055 887 1184 959; x_wconf 88' lang='lat' dir='ltr'><strong>quid</strong></span> <span class='ocrx_word' id='word_1_61' title='bbox 1224 887 1337 956; x_wconf 86' lang='lat' dir='ltr'><strong>dat,</strong></span> <span class='ocrx_word' id='word_1_62' title='bbox 1369 888 1456 959; x_wconf 87' lang='lat' dir='ltr'><strong>qui</strong></span> <span class='ocrx_word' id='word_1_63' title='bbox 1503 903 1610 944; x_wconf 90' lang='lat' dir='ltr'><strong>non</strong></span> <span class='ocrx_word' id='word_1_64' title='bbox 1642 888 1738 942; x_wconf 84' lang='lat' dir='ltr'><strong>ha-</strong></span> 
     </span>
    </p>
   </div>
   <div class='ocr_carea' id='block_1_10' title="bbox 139 981 1735 1056">
    <p class='ocr_par' dir='ltr' id='par_1_10' title="bbox 139 981 1735 1056">
     <span class='ocr_line' id='line_1_10' title="bbox 139 981 1735 1056; baseline -0.001 -18"><span class='ocrx_word' id='word_1_65' title='bbox 139 983 232 1038; x_wconf 89' lang='lat' dir='ltr'><strong>bet</strong></span> <span class='ocrx_word' id='word_1_66' title='bbox 254 984 400 1056; x_wconf 88' lang='lat' dir='ltr'><strong>quod</strong></span> <span class='ocrx_word' id='word_1_67' title='bbox 422 983 550 1040; x_wconf 85' lang='lat' dir='ltr'><strong>det?</strong></span> <span class='ocrx_word' id='word_1_68' title='bbox 585 1001 605 1036; x_wconf 85' lang='grc'><strong>›</strong></span> <span class='ocrx_word' id='word_1_69' title='bbox 638 983 726 1040; x_wconf 88' lang='lat' dir='ltr'><strong>cui</strong></span> <span class='ocrx_word' id='word_1_70' title='bbox 755 982 995 1039; x_wconf 87' lang='lat' dir='ltr'><strong>creditur</strong></span> <span class='ocrx_word' id='word_1_71' title='bbox 1025 984 1140 1053; x_wconf 90' lang='lat' dir='ltr'><strong>ipse</strong></span> <span class='ocrx_word' id='word_1_72' title='bbox 1167 981 1262 1038; x_wconf 87' lang='lat' dir='ltr'><strong>dat</strong></span> <span class='ocrx_word' id='word_1_73' title='bbox 1287 982 1430 1053; x_wconf 89' lang='lat' dir='ltr'><strong>quod</strong></span> <span class='ocrx_word' id='word_1_74' title='bbox 1456 981 1696 1039; x_wconf 86' lang='lat' dir='ltr'><strong>creditur</strong></span> <span class='ocrx_word' id='word_1_75' title='bbox 1717 1023 1735 1048; x_wconf 94' lang='lat'><strong>,</strong></span> 
     </span>
    </p>
   </div>
   <div class='ocr_carea' id='block_1_11' title="bbox 143 1075 1742 1148">
    <p class='ocr_par' dir='ltr' id='par_1_11' title="bbox 143 1075 1742 1148">
     <span class='ocr_line' id='line_1_11' title="bbox 143 1075 1742 1148; baseline 0 -16"><span class='ocrx_word' id='word_1_76' title='bbox 143 1093 250 1132; x_wconf 90' lang='lat' dir='ltr'><strong>non</strong></span> <span class='ocrx_word' id='word_1_77' title='bbox 277 1094 374 1148; x_wconf 87' lang='lat' dir='ltr'><strong>per</strong></span> <span class='ocrx_word' id='word_1_78' title='bbox 404 1093 564 1148; x_wconf 89' lang='lat' dir='ltr'><strong>quem</strong></span> <span class='ocrx_word' id='word_1_79' title='bbox 589 1077 855 1133; x_wconf 87' lang='lat' dir='ltr'><strong>creditur.</strong></span> <span class='ocrx_word' id='word_1_80' title='bbox 905 1076 1144 1144; x_wconf 84' lang='lat' dir='ltr'><strong>Denique</strong></span> <span class='ocrx_word' id='word_1_81' title='bbox 1170 1075 1271 1131; x_wconf 88' lang='lat' dir='ltr'><strong>sub</strong></span> <span class='ocrx_word' id='word_1_82' title='bbox 1299 1075 1506 1132; x_wconf 85' lang='lat' dir='ltr'><strong>Joanne</strong></span> <span class='ocrx_word' id='word_1_83' title='bbox 1533 1076 1742 1132; x_wconf 87' lang='lat' dir='ltr'><strong>inﬁnita</strong></span> 
     </span>
    </p>
   </div>
   <div class='ocr_carea' id='block_1_12' title="bbox 141 1166 1741 1241">
    <p class='ocr_par' dir='ltr' id='par_1_12' title="bbox 141 1166 1741 1241">
     <span class='ocr_line' id='line_1_12' title="bbox 141 1166 1741 1241; baseline 0 -16"><span class='ocrx_word' id='word_1_84' title='bbox 141 1168 436 1225; x_wconf 85' lang='lat' dir='ltr'><strong>multitudo</strong></span> <span class='ocrx_word' id='word_1_85' title='bbox 458 1168 735 1224; x_wconf 89' lang='lat' dir='ltr'><strong>hominum</strong></span> <span class='ocrx_word' id='word_1_86' title='bbox 759 1167 1025 1238; x_wconf 81' lang='lat' dir='ltr'><strong>baptizata</strong></span> <span class='ocrx_word' id='word_1_87' title='bbox 1052 1177 1158 1235; x_wconf 89' lang='lat' dir='ltr'><strong>est,</strong></span> <span class='ocrx_word' id='word_1_88' title='bbox 1185 1166 1301 1241; x_wconf 83' lang='lat'><strong>(56)</strong></span> <span class='ocrx_word' id='word_1_89' title='bbox 1334 1168 1559 1240; x_wconf 86' lang='lat' dir='ltr'><strong>probate</strong></span> <span class='ocrx_word' id='word_1_90' title='bbox 1575 1168 1741 1226; x_wconf 83' lang='lat' dir='ltr'><strong>Joan-</strong></span> 
     </span>
    </p>
   </div>
   <div class='ocr_carea' id='block_1_13' title="bbox 123 1259 1743 1332">
    <p class='ocr_par' dir='ltr' id='par_1_13' title="bbox 123 1259 1743 1332">
     <span class='ocr_line' id='line_1_13' title="bbox 123 1259 1743 1332; baseline -0.001 -15"><span class='ocrx_word' id='word_1_91' title='bbox 123 1276 268 1317; x_wconf 84' lang='lat' dir='ltr'><strong>nem</strong></span> <span class='ocrx_word' id='word_1_92' title='bbox 303 1270 396 1315; x_wconf 89' lang='lat' dir='ltr'><strong>aut</strong></span> <span class='ocrx_word' id='word_1_93' title='bbox 421 1261 699 1332; x_wconf 88' lang='lat' dir='ltr'><strong>accepisse</strong></span> <span class='ocrx_word' id='word_1_94' title='bbox 727 1269 821 1315; x_wconf 91' lang='lat' dir='ltr'><strong>aut</strong></span> <span class='ocrx_word' id='word_1_95' title='bbox 860 1259 1115 1316; x_wconf 86' lang='lat' dir='ltr'><strong>habuisse</strong></span> <span class='ocrx_word' id='word_1_96' title='bbox 1142 1259 1286 1332; x_wconf 89' lang='lat' dir='ltr'><strong>quod</strong></span> <span class='ocrx_word' id='word_1_97' title='bbox 1321 1260 1492 1316; x_wconf 90' lang='lat' dir='ltr'><strong>daret.</strong></span> <span class='ocrx_word' id='word_1_98' title='bbox 1524 1260 1625 1316; x_wconf 89' lang='lat' dir='ltr'><strong>lllo</strong></span> <span class='ocrx_word' id='word_1_99' title='bbox 1649 1276 1743 1316; x_wconf 92' lang='lat' dir='ltr'><strong>au-</strong></span> 
     </span>
    </p>
   </div>
   <div class='ocr_carea' id='block_1_14' title="bbox 145 1351 1744 1426">
    <p class='ocr_par' dir='ltr' id='par_1_14' title="bbox 145 1351 1744 1426">
     <span class='ocr_line' id='line_1_14' title="bbox 145 1351 1744 1426; baseline 0 -19"><span class='ocrx_word' id='word_1_100' title='bbox 145 1361 254 1409; x_wconf 86' lang='lat' dir='ltr'><strong>tem</strong></span> <span class='ocrx_word' id='word_1_101' title='bbox 286 1351 407 1426; x_wconf 76' lang='lat'><strong>(57)</strong></span> <span class='ocrx_word' id='word_1_102' title='bbox 432 1360 692 1423; x_wconf 86' lang='lat' dir='ltr'><strong>operante</strong></span> <span class='ocrx_word' id='word_1_103' title='bbox 735 1351 898 1406; x_wconf 84' lang='lat' dir='ltr'><strong>dabat</strong></span> <span class='ocrx_word' id='word_1_104' title='bbox 938 1351 1101 1417; x_wconf 88' lang='lat' dir='ltr'><strong>Deus,</strong></span> <span class='ocrx_word' id='word_1_105' title='bbox 1151 1352 1240 1422; x_wconf 90' lang='lat' dir='ltr'><strong>qui</strong></span> <span class='ocrx_word' id='word_1_106' title='bbox 1279 1351 1457 1407; x_wconf 90' lang='lat' dir='ltr'><strong>dando</strong></span> <span class='ocrx_word' id='word_1_107' title='bbox 1483 1367 1590 1407; x_wconf 91' lang='lat' dir='ltr'><strong>non</strong></span> <span class='ocrx_word' id='word_1_108' title='bbox 1619 1351 1744 1408; x_wconf 84' lang='lat' dir='ltr'><strong>deli-</strong></span> 
     </span>
    </p>
   </div>
   <div class='ocr_carea' id='block_1_15' title="bbox 142 1445 1740 1518">
    <p class='ocr_par' dir='ltr' id='par_1_15' title="bbox 142 1445 1740 1518">
     <span class='ocr_line' id='line_1_15' title="bbox 142 1445 1740 1518; baseline 0.001 -16"><span class='ocrx_word' id='word_1_109' title='bbox 142 1446 254 1512; x_wconf 90' lang='lat' dir='ltr'><strong>cit;</strong></span> <span class='ocrx_word' id='word_1_110' title='bbox 281 1455 339 1502; x_wconf 88' lang='lat' dir='ltr'><strong>et</strong></span> <span class='ocrx_word' id='word_1_111' title='bbox 364 1461 508 1502; x_wconf 92' lang='lat' dir='ltr'><strong>nunc</strong></span> <span class='ocrx_word' id='word_1_112' title='bbox 532 1446 882 1517; x_wconf 85' lang='lat' dir='ltr'><strong>operantibus</strong></span> <span class='ocrx_word' id='word_1_113' title='bbox 895 1447 1105 1501; x_wconf 90' lang='lat' dir='ltr'><strong>cunctis</strong></span> <span class='ocrx_word' id='word_1_114' title='bbox 1132 1445 1365 1502; x_wconf 90' lang='lat' dir='ltr'><strong>humana</strong></span> <span class='ocrx_word' id='word_1_115' title='bbox 1388 1454 1515 1503; x_wconf 89' lang='lat' dir='ltr'><strong>sunt</strong></span> <span class='ocrx_word' id='word_1_116' title='bbox 1537 1462 1700 1518; x_wconf 89' lang='lat' dir='ltr'><strong>opera</strong></span> <span class='ocrx_word' id='word_1_117' title='bbox 1722 1487 1740 1518; x_wconf 90' lang='lat'><strong>,</strong></span> 
     </span>
    </p>
   </div>
   <div class='ocr_carea' id='block_1_16' title="bbox 143 1539 793 1596">
    <p class='ocr_par' dir='ltr' id='par_1_16' title="bbox 143 1539 793 1596">
     <span class='ocr_line' id='line_1_16' title="bbox 143 1539 793 1596; baseline -0.003 -1"><span class='ocrx_word' id='word_1_118' title='bbox 143 1540 238 1596; x_wconf 89' lang='lat' dir='ltr'><strong>sed</strong></span> <span class='ocrx_word' id='word_1_119' title='bbox 267 1539 360 1595; x_wconf 88' lang='lat' dir='ltr'><strong>Dei</strong></span> <span class='ocrx_word' id='word_1_120' title='bbox 392 1550 517 1595; x_wconf 88' lang='lat' dir='ltr'><strong>sunt</strong></span> <span class='ocrx_word' id='word_1_121' title='bbox 547 1555 793 1595; x_wconf 90' lang='lat' dir='ltr'><strong>munera.</strong></span> 
     </span>
    </p>
   </div>
   <div class='ocr_carea' id='block_1_17' title="bbox 221 1632 1742 1707">
    <p class='ocr_par' dir='ltr' id='par_1_17' title="bbox 221 1632 1742 1707">
     <span class='ocr_line' id='line_1_17' title="bbox 221 1632 1742 1707; baseline 0.002 -20"><span class='ocrx_word' id='word_1_122' title='bbox 221 1632 333 1688; x_wconf 82' lang='lat' dir='ltr'><strong>VII.</strong></span> <span class='ocrx_word' id='word_1_123' title='bbox 353 1632 609 1706; x_wconf 86' lang='lat' dir='ltr'><strong>Baptismi</strong></span> <span class='ocrx_word' id='word_1_124' title='bbox 634 1634 874 1707; x_wconf 76' lang='lat' dir='ltr'><strong>gratiam,</strong></span> <span class='ocrx_word' id='word_1_125' title='bbox 897 1633 995 1689; x_wconf 84' lang='lat' dir='ltr'><strong>Dei</strong></span> <span class='ocrx_word' id='word_1_126' title='bbox 1007 1635 1222 1702; x_wconf 88' lang='lat' dir='ltr'><strong>donum,</strong></span> <span class='ocrx_word' id='word_1_127' title='bbox 1240 1651 1345 1690; x_wconf 83' lang='lat' dir='ltr'><strong>esse</strong></span> <span class='ocrx_word' id='word_1_128' title='bbox 1370 1652 1470 1690; x_wconf 85' lang='lat' dir='ltr'><strong>non</strong></span> <span class='ocrx_word' id='word_1_129' title='bbox 1498 1633 1742 1703; x_wconf 85' lang='lat' dir='ltr'><strong>hominis,</strong></span> 
     </span>
    </p>
   </div>
   <div class='ocr_carea' id='block_1_18' title="bbox 143 1725 1742 1800">
    <p class='ocr_par' dir='ltr' id='par_1_18' title="bbox 143 1725 1742 1800">
     <span class='ocr_line' id='line_1_18' title="bbox 143 1725 1742 1800; baseline 0.003 -22"><span class='ocrx_word' id='word_1_130' title='bbox 143 1725 230 1796; x_wconf 89' lang='lat' dir='ltr'><strong>qui</strong></span> <span class='ocrx_word' id='word_1_131' title='bbox 260 1726 528 1798; x_wconf 72' lang='lat' dir='ltr'><strong>operarius</strong></span> <span class='ocrx_word' id='word_1_132' title='bbox 555 1735 754 1780; x_wconf 87' lang='lat' dir='ltr'><strong>tantum</strong></span> <span class='ocrx_word' id='word_1_133' title='bbox 774 1743 885 1782; x_wconf 88' lang='lat' dir='ltr'><strong>esse</strong></span> <span class='ocrx_word' id='word_1_134' title='bbox 904 1727 1171 1800; x_wconf 83' lang='lat' dir='ltr'><strong>probatur.</strong></span> <span class='ocrx_word' id='word_1_135' title='bbox 1193 1725 1392 1782; x_wconf 88' lang='lat' dir='ltr'><strong>——Jam</strong></span> <span class='ocrx_word' id='word_1_136' title='bbox 1423 1727 1552 1781; x_wconf 92' lang='lat' dir='ltr'><strong>illud</strong></span> <span class='ocrx_word' id='word_1_137' title='bbox 1580 1742 1742 1799; x_wconf 89' lang='lat' dir='ltr'><strong>quam</strong></span> 
     </span>
    </p>
   </div>
   <div class='ocr_carea' id='block_1_19' title="bbox 1844 517 3440 594">
    <p class='ocr_par' dir='ltr' id='par_1_19' title="bbox 1844 517 3440 594">
     <span class='ocr_line' id='line_1_19' title="bbox 1844 517 3440 594; baseline 0.006 -23"><span class='ocrx_word' id='word_1_138' title='bbox 1844 517 1988 589; x_wconf 82' lang='lat' dir='ltr'><strong>quod</strong></span> <span class='ocrx_word' id='word_1_139' title='bbox 2018 534 2123 574; x_wconf 92' lang='lat' dir='ltr'><strong>non</strong></span> <span class='ocrx_word' id='word_1_140' title='bbox 2151 529 2288 585; x_wconf 89' lang='lat' dir='ltr'><strong>erat,</strong></span> <span class='ocrx_word' id='word_1_141' title='bbox 2315 520 2514 578; x_wconf 91' lang='lat' dir='ltr'><strong>desinit</strong></span> <span class='ocrx_word' id='word_1_142' title='bbox 2540 537 2661 578; x_wconf 86' lang='lat' dir='ltr'><strong>esse</strong></span> <span class='ocrx_word' id='word_1_143' title='bbox 2688 522 2831 594; x_wconf 90' lang='lat' dir='ltr'><strong>quod</strong></span> <span class='ocrx_word' id='word_1_144' title='bbox 2861 521 3057 579; x_wconf 86' lang='lat' dir='ltr'><strong>fuerat.</strong></span> <span class='ocrx_word' id='word_1_145' title='bbox 3088 523 3235 580; x_wconf 88' lang='lat' dir='ltr'><strong>Lana</strong></span> <span class='ocrx_word' id='word_1_146' title='bbox 3264 536 3316 581; x_wconf 88' lang='lat' dir='ltr'><strong>et</strong></span> <span class='ocrx_word' id='word_1_147' title='bbox 3346 539 3440 581; x_wconf 90' lang='lat' dir='ltr'><strong>co-</strong></span> 
     </span>
    </p>
   </div>
   <div class='ocr_carea' id='block_1_20' title="bbox 1844 610 3439 692">
    <p class='ocr_par' dir='ltr' id='par_1_20' title="bbox 1844 610 3439 692">
     <span class='ocr_line' id='line_1_20' title="bbox 1844 610 3439 692; baseline 0.006 -26"><span class='ocrx_word' id='word_1_148' title='bbox 1844 610 2014 668; x_wconf 90' lang='lat' dir='ltr'><strong>lorem</strong></span> <span class='ocrx_word' id='word_1_149' title='bbox 2056 622 2224 668; x_wconf 91' lang='lat' dir='ltr'><strong>mutat</strong></span> <span class='ocrx_word' id='word_1_150' title='bbox 2250 623 2306 670; x_wconf 89' lang='lat' dir='ltr'><strong>et</strong></span> <span class='ocrx_word' id='word_1_151' title='bbox 2335 631 2530 672; x_wconf 89' lang='lat' dir='ltr'><strong>nomen</strong></span> <span class='ocrx_word' id='word_1_152' title='bbox 2558 633 2572 671; x_wconf 95' lang='lat'><strong>:</strong></span> <span class='ocrx_word' id='word_1_153' title='bbox 2617 627 2672 674; x_wconf 89' lang='lat' dir='ltr'><strong>et</strong></span> <span class='ocrx_word' id='word_1_154' title='bbox 2702 619 2864 674; x_wconf 92' lang='lat' dir='ltr'><strong>homo</strong></span> <span class='ocrx_word' id='word_1_155' title='bbox 2891 628 2946 675; x_wconf 91' lang='lat' dir='ltr'><strong>et</strong></span> <span class='ocrx_word' id='word_1_156' title='bbox 2974 618 3089 692; x_wconf 83' lang='lat'><strong>(65)</strong></span> <span class='ocrx_word' id='word_1_157' title='bbox 3120 620 3439 676; x_wconf 79' lang='lat' dir='ltr'><strong>vocabulum</strong></span> 
     </span>
    </p>
   </div>
   <div class='ocr_carea' id='block_1_21' title="bbox 1843 704 3437 782">
    <p class='ocr_par' dir='ltr' id='par_1_21' title="bbox 1843 704 3437 782">
     <span class='ocr_line' id='line_1_21' title="bbox 1843 704 3437 782; baseline 0.008 -24"><span class='ocrx_word' id='word_1_158' title='bbox 1843 713 2016 760; x_wconf 86' lang='lat' dir='ltr'><strong>mutat</strong></span> <span class='ocrx_word' id='word_1_159' title='bbox 2043 704 2157 779; x_wconf 73' lang='lat'><strong>(64)</strong></span> <span class='ocrx_word' id='word_1_160' title='bbox 2206 715 2261 762; x_wconf 91' lang='lat' dir='ltr'><strong>et</strong></span> <span class='ocrx_word' id='word_1_161' title='bbox 2306 718 2564 776; x_wconf 89' lang='lat' dir='ltr'><strong>mentem,</strong></span> <span class='ocrx_word' id='word_1_162' title='bbox 2611 710 3004 767; x_wconf 89' lang='lat' dir='ltr'><strong>consideranda</strong></span> <span class='ocrx_word' id='word_1_163' title='bbox 3052 721 3180 768; x_wconf 91' lang='lat' dir='ltr'><strong>sunt</strong></span> <span class='ocrx_word' id='word_1_164' title='bbox 3206 713 3437 782; x_wconf 84' lang='lat' dir='ltr'><strong>eil‘ccta,</strong></span> 
     </span>
    </p>
   </div>
   <div class='ocr_carea' id='block_1_22' title="bbox 1843 796 3438 872">
    <p class='ocr_par' dir='ltr' id='par_1_22' title="bbox 1843 796 3438 872">
     <span class='ocr_line' id='line_1_22' title="bbox 1843 796 3438 872; baseline 0.007 -22"><span class='ocrx_word' id='word_1_165' title='bbox 1843 796 2181 852; x_wconf 90' lang='lat' dir='ltr'><strong>retractanda</strong></span> <span class='ocrx_word' id='word_1_166' title='bbox 2227 806 2354 853; x_wconf 92' lang='lat' dir='ltr'><strong>sunt</strong></span> <span class='ocrx_word' id='word_1_167' title='bbox 2399 799 2713 856; x_wconf 88' lang='lat' dir='ltr'><strong>efﬁcientia.</strong></span> <span class='ocrx_word' id='word_1_168' title='bbox 2757 803 2895 860; x_wconf 87' lang='lat' dir='ltr'><strong>Dicis</strong></span> <span class='ocrx_word' id='word_1_169' title='bbox 2927 819 2958 860; x_wconf 90' lang='lat' dir='ltr'><strong>a</strong></span> <span class='ocrx_word' id='word_1_170' title='bbox 2989 813 3041 861; x_wconf 91' lang='lat' dir='ltr'><strong>te</strong></span> <span class='ocrx_word' id='word_1_171' title='bbox 3079 805 3262 860; x_wconf 89' lang='lat' dir='ltr'><strong>datum</strong></span> <span class='ocrx_word' id='word_1_172' title='bbox 3292 819 3438 872; x_wconf 89' lang='lat' dir='ltr'><strong>esse,</strong></span> 
     </span>
    </p>
   </div>
   <div class='ocr_carea' id='block_1_23' title="bbox 1843 887 3440 957">
    <p class='ocr_par' dir='ltr' id='par_1_23' title="bbox 1843 887 3440 957">
     <span class='ocr_line' id='line_1_23' title="bbox 1843 887 3440 957; baseline 0.009 -17"><span class='ocrx_word' id='word_1_173' title='bbox 1843 887 1985 957; x_wconf 88' lang='lat' dir='ltr'><strong>quod</strong></span> <span class='ocrx_word' id='word_1_174' title='bbox 2020 888 2182 945; x_wconf 88' lang='lat' dir='ltr'><strong>homo</strong></span> <span class='ocrx_word' id='word_1_175' title='bbox 2208 889 2384 948; x_wconf 87' lang='lat' dir='ltr'><strong>ﬁdelis</strong></span> <span class='ocrx_word' id='word_1_176' title='bbox 2410 891 2633 950; x_wconf 84' lang='lat' dir='ltr'><strong>cll‘ectus</strong></span> <span class='ocrx_word' id='word_1_177' title='bbox 2663 902 2782 951; x_wconf 88' lang='lat' dir='ltr'><strong>est:</strong></span> <span class='ocrx_word' id='word_1_178' title='bbox 2836 896 2882 951; x_wconf 89' lang='lat' dir='ltr'><strong>si</strong></span> <span class='ocrx_word' id='word_1_179' title='bbox 2937 896 3041 952; x_wconf 91' lang='lat' dir='ltr'><strong>hoc</strong></span> <span class='ocrx_word' id='word_1_180' title='bbox 3073 907 3242 954; x_wconf 89' lang='lat' dir='ltr'><strong>totum</strong></span> <span class='ocrx_word' id='word_1_181' title='bbox 3289 908 3440 954; x_wconf 90' lang='lat' dir='ltr'><strong>tuum</strong></span> 
     </span>
    </p>
   </div>
   <div class='ocr_carea' id='block_1_24' title="bbox 1845 978 3440 1059">
    <p class='ocr_par' dir='ltr' id='par_1_24' title="bbox 1845 978 3440 1059">
     <span class='ocr_line' id='line_1_24' title="bbox 1845 978 3440 1059; baseline 0.009 -27"><span class='ocrx_word' id='word_1_182' title='bbox 1845 986 1950 1046; x_wconf 90' lang='lat' dir='ltr'><strong>est,</strong></span> <span class='ocrx_word' id='word_1_183' title='bbox 1982 978 2128 1034; x_wconf 89' lang='lat' dir='ltr'><strong>dicat</strong></span> <span class='ocrx_word' id='word_1_184' title='bbox 2152 989 2204 1036; x_wconf 91' lang='lat' dir='ltr'><strong>et</strong></span> <span class='ocrx_word' id='word_1_185' title='bbox 2230 985 2512 1052; x_wconf 88' lang='lat' dir='ltr'><strong>operarius</strong></span> <span class='ocrx_word' id='word_1_186' title='bbox 2537 984 2727 1040; x_wconf 80' lang='lat' dir='ltr'><strong>artifex</strong></span> <span class='ocrx_word' id='word_1_187' title='bbox 2759 1002 3033 1058; x_wconf 70' lang='lat' dir='ltr'><strong>purpurze,</strong></span> <span class='ocrx_word' id='word_1_188' title='bbox 3065 989 3206 1059; x_wconf 90' lang='lat' dir='ltr'><strong>quod</strong></span> <span class='ocrx_word' id='word_1_189' title='bbox 3241 991 3440 1058; x_wconf 88' lang='lat' dir='ltr'><strong>pretio-</strong></span> 
     </span>
    </p>
   </div>
   <div class='ocr_carea' id='block_1_25' title="bbox 1844 1072 3442 1153">
    <p class='ocr_par' dir='ltr' id='par_1_25' title="bbox 1844 1072 3442 1153">
     <span class='ocr_line' id='line_1_25' title="bbox 1844 1072 3442 1153; baseline 0.008 -27"><span class='ocrx_word' id='word_1_190' title='bbox 1844 1085 1962 1127; x_wconf 91' lang='lat' dir='ltr'><strong>sum</strong></span> <span class='ocrx_word' id='word_1_191' title='bbox 1988 1072 2230 1129; x_wconf 89' lang='lat' dir='ltr'><strong>colorem</strong></span> <span class='ocrx_word' id='word_1_192' title='bbox 2261 1075 2314 1130; x_wconf 93' lang='lat' dir='ltr'><strong>in</strong></span> <span class='ocrx_word' id='word_1_193' title='bbox 2345 1075 2458 1132; x_wconf 89' lang='lat' dir='ltr'><strong>suis</strong></span> <span class='ocrx_word' id='word_1_194' title='bbox 2487 1077 2737 1134; x_wconf 87' lang='lat' dir='ltr'><strong>manibus</strong></span> <span class='ocrx_word' id='word_1_195' title='bbox 2762 1079 2980 1149; x_wconf 86' lang='lat' dir='ltr'><strong>habeat,</strong></span> <span class='ocrx_word' id='word_1_196' title='bbox 3017 1088 3072 1135; x_wconf 89' lang='lat' dir='ltr'><strong>et</strong></span> <span class='ocrx_word' id='word_1_197' title='bbox 3112 1098 3218 1138; x_wconf 85' lang='lat' dir='ltr'><strong>non</strong></span> <span class='ocrx_word' id='word_1_198' title='bbox 3246 1098 3442 1153; x_wconf 89' lang='lat' dir='ltr'><strong>procu-</strong></span> 
     </span>
    </p>
   </div>
   <div class='ocr_carea' id='block_1_26' title="bbox 1843 1165 3437 1245">
    <p class='ocr_par' dir='ltr' id='par_1_26' title="bbox 1843 1165 3437 1245">
     <span class='ocr_line' id='line_1_26' title="bbox 1843 1165 3437 1245; baseline 0.008 -27"><span class='ocrx_word' id='word_1_199' title='bbox 1843 1173 1928 1220; x_wconf 89' lang='lat' dir='ltr'><strong>ret</strong></span> <span class='ocrx_word' id='word_1_200' title='bbox 1955 1165 2190 1235; x_wconf 91' lang='lat' dir='ltr'><strong>pretiosa</strong></span> <span class='ocrx_word' id='word_1_201' title='bbox 2222 1165 2338 1237; x_wconf 82' lang='lat'><strong>(65)</strong></span> <span class='ocrx_word' id='word_1_202' title='bbox 2368 1168 2642 1239; x_wconf 88' lang='lat' dir='ltr'><strong>pigmenta</strong></span> <span class='ocrx_word' id='word_1_203' title='bbox 2682 1185 2749 1226; x_wconf 82' lang='lat' dir='ltr'><strong>ex</strong></span> <span class='ocrx_word' id='word_1_204' title='bbox 2780 1171 2998 1227; x_wconf 81' lang='lat' dir='ltr'><strong>Oceano</strong></span> <span class='ocrx_word' id='word_1_205' title='bbox 3028 1174 3212 1228; x_wconf 91' lang='lat' dir='ltr'><strong>multis</strong></span> <span class='ocrx_word' id='word_1_206' title='bbox 3234 1176 3437 1245; x_wconf 89' lang='lat' dir='ltr'><strong>ignota,</strong></span> 
     </span>
    </p>
   </div>
   <div class='ocr_carea' id='block_1_27' title="bbox 1845 1257 3441 1337">
    <p class='ocr_par' dir='ltr' id='par_1_27' title="bbox 1845 1257 3441 1337">
     <span class='ocr_line' id='line_1_27' title="bbox 1845 1257 3441 1337; baseline 0.007 -25"><span class='ocrx_word' id='word_1_207' title='bbox 1845 1257 2042 1330; x_wconf 86' lang='lat' dir='ltr'><strong>quibus</strong></span> <span class='ocrx_word' id='word_1_208' title='bbox 2070 1259 2231 1314; x_wconf 89' lang='lat' dir='ltr'><strong>tincta</strong></span> <span class='ocrx_word' id='word_1_209' title='bbox 2277 1260 2500 1328; x_wconf 84' lang='lat' dir='ltr'><strong>vellera,</strong></span> <span class='ocrx_word' id='word_1_210' title='bbox 2545 1279 2639 1333; x_wconf 90' lang='lat' dir='ltr'><strong>per</strong></span> <span class='ocrx_word' id='word_1_211' title='bbox 2677 1264 2916 1320; x_wconf 91' lang='lat' dir='ltr'><strong>colorem</strong></span> <span class='ocrx_word' id='word_1_212' title='bbox 2941 1274 3359 1337; x_wconf 82' lang='lat' dir='ltr'><strong>promoveantur</strong></span> <span class='ocrx_word' id='word_1_213' title='bbox 3386 1269 3441 1323; x_wconf 91' lang='lat' dir='ltr'><strong>in</strong></span> 
     </span>
    </p>
   </div>
   <div class='ocr_carea' id='block_1_28' title="bbox 1847 1351 3443 1431">
    <p class='ocr_par' dir='ltr' id='par_1_28' title="bbox 1847 1351 3443 1431">
     <span class='ocr_line' id='line_1_28' title="bbox 1847 1351 3443 1431; baseline 0.008 -27"><span class='ocrx_word' id='word_1_214' title='bbox 1847 1351 2223 1408; x_wconf 88' lang='lat' dir='ltr'><strong>admirabilem</strong></span> <span class='ocrx_word' id='word_1_215' title='bbox 2252 1353 2570 1425; x_wconf 88' lang='lat' dir='ltr'><strong>dignitatem</strong></span> <span class='ocrx_word' id='word_1_216' title='bbox 2603 1373 2618 1410; x_wconf 96' lang='lat'><strong>:</strong></span> <span class='ocrx_word' id='word_1_217' title='bbox 2651 1372 2758 1412; x_wconf 90' lang='lat' dir='ltr'><strong>non</strong></span> <span class='ocrx_word' id='word_1_218' title='bbox 2787 1357 3029 1414; x_wconf 83' lang='lat' dir='ltr'><strong>admixto</strong></span> <span class='ocrx_word' id='word_1_219' title='bbox 3051 1359 3310 1431; x_wconf 80' lang='lat' dir='ltr'><strong>sanguine</strong></span> <span class='ocrx_word' id='word_1_220' title='bbox 3333 1360 3443 1431; x_wconf 87' lang='lat' dir='ltr'><strong>pis-</strong></span> 
     </span>
    </p>
   </div>
   <div class='ocr_carea' id='block_1_29' title="bbox 1847 1443 3442 1524">
    <p class='ocr_par' dir='ltr' id='par_1_29' title="bbox 1847 1443 3442 1524">
     <span class='ocr_line' id='line_1_29' title="bbox 1847 1443 3442 1524; baseline 0.006 -26"><span class='ocrx_word' id='word_1_221' title='bbox 1847 1443 1946 1509; x_wconf 86' lang='lat' dir='ltr'><strong>cis,</strong></span> <span class='ocrx_word' id='word_1_222' title='bbox 1980 1461 2269 1517; x_wconf 87' lang='lat' dir='ltr'><strong>purpuram</strong></span> <span class='ocrx_word' id='word_1_223' title='bbox 2302 1446 2419 1503; x_wconf 91' lang='lat' dir='ltr'><strong>solo</strong></span> <span class='ocrx_word' id='word_1_224' title='bbox 2435 1456 2578 1504; x_wconf 88' lang='lat' dir='ltr'><strong>tactu</strong></span> <span class='ocrx_word' id='word_1_225' title='bbox 2605 1449 2880 1505; x_wconf 86' lang='lat' dir='ltr'><strong>conﬁciat.</strong></span> <span class='ocrx_word' id='word_1_226' title='bbox 2913 1450 2971 1508; x_wconf 89' lang='lat' dir='ltr'><strong>Si</strong></span> <span class='ocrx_word' id='word_1_227' title='bbox 3007 1463 3030 1489; x_wconf 73' lang='grc' dir='ltr'>ο</span> <span class='ocrx_word' id='word_1_228' title='bbox 3055 1451 3220 1522; x_wconf 92' lang='lat' dir='ltr'><strong>igitur</strong></span> <span class='ocrx_word' id='word_1_229' title='bbox 3246 1467 3442 1524; x_wconf 86' lang='lat' dir='ltr'><strong>opera-</strong></span> 
     </span>
    </p>
   </div>
   <div class='ocr_carea' id='block_1_30' title="bbox 1847 1537 3442 1615">
    <p class='ocr_par' dir='ltr' id='par_1_30' title="bbox 1847 1537 3442 1615">
     <span class='ocr_line' id='line_1_30' title="bbox 1847 1537 3442 1615; baseline 0.006 -23"><span class='ocrx_word' id='word_1_230' title='bbox 1847 1537 1960 1592; x_wconf 87' lang='lat' dir='ltr'><strong>rius</strong></span> <span class='ocrx_word' id='word_1_231' title='bbox 1988 1537 2090 1594; x_wconf 90' lang='lat' dir='ltr'><strong>iste</strong></span> <span class='ocrx_word' id='word_1_232' title='bbox 2121 1554 2217 1610; x_wconf 91' lang='lat' dir='ltr'><strong>per</strong></span> <span class='ocrx_word' id='word_1_233' title='bbox 2244 1547 2444 1596; x_wconf 90' lang='lat' dir='ltr'><strong>tactum</strong></span> <span class='ocrx_word' id='word_1_234' title='bbox 2473 1543 2646 1598; x_wconf 91' lang='lat' dir='ltr'><strong>solum</strong></span> <span class='ocrx_word' id='word_1_235' title='bbox 2673 1542 2804 1600; x_wconf 86' lang='lat' dir='ltr'><strong>dare</strong></span> <span class='ocrx_word' id='word_1_236' title='bbox 2835 1545 3074 1601; x_wconf 91' lang='lat' dir='ltr'><strong>colorem</strong></span> <span class='ocrx_word' id='word_1_237' title='bbox 3103 1560 3210 1600; x_wconf 91' lang='lat' dir='ltr'><strong>non</strong></span> <span class='ocrx_word' id='word_1_238' title='bbox 3245 1554 3442 1615; x_wconf 87' lang='lat' dir='ltr'><strong>potest,</strong></span> 
     </span>
    </p>
   </div>
   <div class='ocr_carea' id='block_1_31' title="bbox 1847 1629 3446 1704">
    <p class='ocr_par' dir='ltr' id='par_1_31' title="bbox 1847 1629 3446 1704">
     <span class='ocr_line' id='line_1_31' title="bbox 1847 1629 3446 1704; baseline 0.008 -20"><span class='ocrx_word' id='word_1_239' title='bbox 1847 1629 1929 1686; x_wconf 92' lang='lat' dir='ltr'><strong>sic</strong></span> <span class='ocrx_word' id='word_1_240' title='bbox 1966 1646 2067 1688; x_wconf 91' lang='lat' dir='ltr'><strong>nec</strong></span> <span class='ocrx_word' id='word_1_241' title='bbox 2103 1634 2382 1701; x_wconf 70' lang='lat' dir='ltr'><strong>onerarius</strong></span> <span class='ocrx_word' id='word_1_242' title='bbox 2426 1635 2762 1704; x_wconf 84' lang='lat' dir='ltr'><strong>baptismatis</strong></span> <span class='ocrx_word' id='word_1_243' title='bbox 2783 1679 2798 1703; x_wconf 92' lang='lat'><strong>,</strong></span> <span class='ocrx_word' id='word_1_244' title='bbox 2828 1651 2892 1693; x_wconf 83' lang='lat' dir='ltr'><strong>ex</strong></span> <span class='ocrx_word' id='word_1_245' title='bbox 2939 1652 3000 1694; x_wconf 90' lang='lat' dir='ltr'><strong>se</strong></span> <span class='ocrx_word' id='word_1_246' title='bbox 3029 1639 3149 1694; x_wconf 88' lang='lat' dir='ltr'><strong>sine</strong></span> <span class='ocrx_word' id='word_1_247' title='bbox 3177 1637 3446 1696; x_wconf 80' lang='lat' dir='ltr'><strong>Trinitate</strong></span> 
     </span>
    </p>
   </div>
   <div class='ocr_carea' id='block_1_32' title="bbox 1847 1721 3446 1796">
    <p class='ocr_par' dir='ltr' id='par_1_32' title="bbox 1847 1721 3446 1796">
     <span class='ocr_line' id='line_1_32' title="bbox 1847 1721 3446 1796; baseline 0.007 -19"><span class='ocrx_word' id='word_1_248' title='bbox 1847 1721 1978 1779; x_wconf 89' lang='lat' dir='ltr'><strong>dare</strong></span> <span class='ocrx_word' id='word_1_249' title='bbox 1999 1724 2199 1795; x_wconf 89' lang='lat' dir='ltr'><strong>aliquid</strong></span> <span class='ocrx_word' id='word_1_250' title='bbox 2232 1734 2427 1796; x_wconf 83' lang='lat' dir='ltr'><strong>potest.</strong></span> <span class='ocrx_word' id='word_1_251' title='bbox 2458 1727 2588 1784; x_wconf 84' lang='lat' dir='ltr'><strong>Tale</strong></span> <span class='ocrx_word' id='word_1_252' title='bbox 2614 1736 2700 1785; x_wconf 91' lang='lat' dir='ltr'><strong>est</strong></span> <span class='ocrx_word' id='word_1_253' title='bbox 2724 1738 2778 1786; x_wconf 91' lang='lat' dir='ltr'><strong>et</strong></span> <span class='ocrx_word' id='word_1_254' title='bbox 2799 1729 2903 1786; x_wconf 88' lang='lat' dir='ltr'><strong>hoc</strong></span> <span class='ocrx_word' id='word_1_255' title='bbox 2921 1773 2934 1795; x_wconf 96' lang='lat'><strong>,</strong></span> <span class='ocrx_word' id='word_1_256' title='bbox 2967 1729 3113 1788; x_wconf 88' lang='lat' dir='ltr'><strong>unde</strong></span> <span class='ocrx_word' id='word_1_257' title='bbox 3143 1731 3305 1787; x_wconf 90' lang='lat' dir='ltr'><strong>modo</strong></span> <span class='ocrx_word' id='word_1_258' title='bbox 3323 1748 3446 1788; x_wconf 92' lang='lat' dir='ltr'><strong>cer-</strong></span> 
     </span>
    </p>
   </div>
   <div class='ocr_carea' id='block_1_33' title="bbox 143 1818 3440 1896">
    <p class='ocr_par' dir='ltr' id='par_1_33' title="bbox 143 1818 3440 1896">
     <span class='ocr_line' id='line_1_33' title="bbox 143 1818 3440 1896; baseline 0.002 -22"><span class='ocrx_word' id='word_1_259' title='bbox 143 1819 434 1876; x_wconf 88' lang='lat' dir='ltr'><strong>ridiculum</strong></span> <span class='ocrx_word' id='word_1_260' title='bbox 458 1829 562 1887; x_wconf 89' lang='lat' dir='ltr'><strong>est,</strong></span> <span class='ocrx_word' id='word_1_261' title='bbox 591 1820 732 1891; x_wconf 92' lang='lat' dir='ltr'><strong>quod</strong></span> <span class='ocrx_word' id='word_1_262' title='bbox 761 1822 912 1891; x_wconf 88' lang='lat' dir='ltr'><strong>quasi</strong></span> <span class='ocrx_word' id='word_1_263' title='bbox 940 1820 1007 1876; x_wconf 89' lang='lat' dir='ltr'><strong>ad</strong></span> <span class='ocrx_word' id='word_1_264' title='bbox 1028 1821 1254 1892; x_wconf 80' lang='lat' dir='ltr'><strong>gloriam</strong></span> <span class='ocrx_word' id='word_1_265' title='bbox 1280 1829 1514 1878; x_wconf 86' lang='lat' dir='ltr'><strong>vestram</strong></span> <span class='ocrx_word' id='word_1_266' title='bbox 1537 1835 1568 1874; x_wconf 90' lang='lat' dir='ltr'><strong>a</strong></span> <span class='ocrx_word' id='word_1_267' title='bbox 1592 1820 1744 1877; x_wconf 91' lang='lat' dir='ltr'><strong>vobis</strong></span> <span class='ocrx_word' id='word_1_268' title='bbox 1773 1831 1822 1892; x_wconf 86' lang='lat' dir='ltr'><strong>B</strong></span> <span class='ocrx_word' id='word_1_269' title='bbox 1851 1824 2026 1873; x_wconf 87' lang='lat' dir='ltr'><strong>tamen</strong></span> <span class='ocrx_word' id='word_1_270' title='bbox 2052 1827 2154 1874; x_wconf 91' lang='lat' dir='ltr'><strong>est.</strong></span> <span class='ocrx_word' id='word_1_271' title='bbox 2186 1818 2320 1875; x_wconf 86' lang='lat' dir='ltr'><strong>Nam</strong></span> <span class='ocrx_word' id='word_1_272' title='bbox 2353 1821 2404 1875; x_wconf 92' lang='lat' dir='ltr'><strong>in</strong></span> <span class='ocrx_word' id='word_1_273' title='bbox 2435 1837 2542 1891; x_wconf 90' lang='lat' dir='ltr'><strong>quo</strong></span> <span class='ocrx_word' id='word_1_274' title='bbox 2571 1823 2978 1894; x_wconf 86' lang='lat' dir='ltr'><strong>baptizarentur</strong></span> <span class='ocrx_word' id='word_1_275' title='bbox 3003 1836 3197 1896; x_wconf 84' lang='lat' dir='ltr'><strong>gentes</strong></span> <span class='ocrx_word' id='word_1_276' title='bbox 3218 1869 3232 1894; x_wconf 93' lang='lat'><strong>,</strong></span> <span class='ocrx_word' id='word_1_277' title='bbox 3259 1843 3288 1882; x_wconf 87' lang='lat' dir='ltr'><strong>a</strong></span> <span class='ocrx_word' id='word_1_278' title='bbox 3323 1827 3440 1883; x_wconf 81' lang='lat' dir='ltr'><strong>Sal-</strong></span> 
     </span>
    </p>
   </div>
   <div class='ocr_carea' id='block_1_34' title="bbox 145 1912 1742 1984">
    <p class='ocr_par' dir='ltr' id='par_1_34' title="bbox 145 1912 1742 1984">
     <span class='ocr_line' id='line_1_34' title="bbox 145 1912 1742 1984; baseline 0.001 -16"><span class='ocrx_word' id='word_1_279' title='bbox 145 1929 367 1984; x_wconf 90' lang='lat' dir='ltr'><strong>scmpcr</strong></span> <span class='ocrx_word' id='word_1_280' title='bbox 394 1912 610 1968; x_wconf 90' lang='lat' dir='ltr'><strong>auditur</strong></span> <span class='ocrx_word' id='word_1_281' title='bbox 639 1930 652 1968; x_wconf 94' lang='lat'><strong>:</strong></span> <span class='ocrx_word' id='word_1_282' title='bbox 684 1931 703 1965; x_wconf 77' lang='lat' dir='ltr'><strong>t</strong></span> <span class='ocrx_word' id='word_1_283' title='bbox 744 1917 846 1970; x_wconf 92' lang='lat' dir='ltr'><strong>hoc</strong></span> <span class='ocrx_word' id='word_1_284' title='bbox 872 1929 1069 1970; x_wconf 90' lang='lat' dir='ltr'><strong>munus</strong></span> <span class='ocrx_word' id='word_1_285' title='bbox 1099 1915 1436 1982; x_wconf 88' lang='lat' dir='ltr'><strong>baptismatis</strong></span> <span class='ocrx_word' id='word_1_286' title='bbox 1463 1927 1586 1970; x_wconf 89' lang='lat' dir='ltr'><strong>esse</strong></span> <span class='ocrx_word' id='word_1_287' title='bbox 1607 1913 1742 1970; x_wconf 82' lang='lat' dir='ltr'><strong>dan-</strong></span> 
     </span>
    </p>
   </div>
   <div class='ocr_carea' id='block_1_35' title="bbox 144 2005 1740 2078">
    <p class='ocr_par' dir='ltr' id='par_1_35' title="bbox 144 2005 1740 2078">
     <span class='ocr_line' id='line_1_35' title="bbox 144 2005 1740 2078; baseline 0.002 -18"><span class='ocrx_word' id='word_1_288' title='bbox 144 2006 238 2072; x_wconf 90' lang='lat' dir='ltr'><strong>tis,</strong></span> <span class='ocrx_word' id='word_1_289' title='bbox 269 2022 381 2062; x_wconf 94' lang='lat' dir='ltr'><strong>non</strong></span> <span class='ocrx_word' id='word_1_290' title='bbox 408 2005 754 2078; x_wconf 80' lang='lat' dir='ltr'><strong>accipientis:</strong></span> <span class='ocrx_word' id='word_1_291' title='bbox 791 2026 810 2060; x_wconf 75' lang='grc' dir='ltr'><strong><em>ι</em></strong></span> <span class='ocrx_word' id='word_1_292' title='bbox 841 2015 896 2063; x_wconf 93' lang='lat' dir='ltr'><strong>et</strong></span> <span class='ocrx_word' id='word_1_293' title='bbox 935 2008 1135 2064; x_wconf 86' lang='lat' dir='ltr'><strong>utinam</strong></span> <span class='ocrx_word' id='word_1_294' title='bbox 1164 2007 1266 2064; x_wconf 93' lang='lat' dir='ltr'><strong>hoc</strong></span> <span class='ocrx_word' id='word_1_295' title='bbox 1289 2007 1363 2063; x_wconf 87' lang='lat' dir='ltr'><strong>de</strong></span> <span class='ocrx_word' id='word_1_296' title='bbox 1388 2007 1498 2062; x_wconf 90' lang='lat' dir='ltr'><strong>Deo</strong></span> <span class='ocrx_word' id='word_1_297' title='bbox 1527 2007 1740 2064; x_wconf 89' lang='lat' dir='ltr'><strong>dicere-</strong></span> 
     </span>
    </p>
   </div>
   <div class='ocr_carea' id='block_1_36' title="bbox 146 2098 1744 2172">
    <p class='ocr_par' dir='ltr' id='par_1_36' title="bbox 146 2098 1744 2172">
     <span class='ocr_line' id='line_1_36' title="bbox 146 2098 1744 2172; baseline -0.001 -17"><span class='ocrx_word' id='word_1_298' title='bbox 146 2101 239 2168; x_wconf 90' lang='lat' dir='ltr'><strong>tis,</strong></span> <span class='ocrx_word' id='word_1_299' title='bbox 284 2099 375 2172; x_wconf 87' lang='lat' dir='ltr'><strong>qui</strong></span> <span class='ocrx_word' id='word_1_300' title='bbox 409 2099 566 2171; x_wconf 85' lang='lat' dir='ltr'><strong>hujus</strong></span> <span class='ocrx_word' id='word_1_301' title='bbox 615 2100 692 2157; x_wconf 92' lang='lat' dir='ltr'><strong>rei</strong></span> <span class='ocrx_word' id='word_1_302' title='bbox 723 2099 882 2156; x_wconf 90' lang='lat' dir='ltr'><strong>dator</strong></span> <span class='ocrx_word' id='word_1_303' title='bbox 920 2109 1022 2156; x_wconf 88' lang='lat' dir='ltr'><strong>est.</strong></span> <span class='ocrx_word' id='word_1_304' title='bbox 1067 2099 1172 2156; x_wconf 88' lang='lat' dir='ltr'><strong>Sed</strong></span> <span class='ocrx_word' id='word_1_305' title='bbox 1212 2098 1357 2170; x_wconf 89' lang='lat' dir='ltr'><strong>quod</strong></span> <span class='ocrx_word' id='word_1_306' title='bbox 1387 2099 1744 2167; x_wconf 86' lang='lat' dir='ltr'><strong>stultumest,</strong></span> 
     </span>
    </p>
   </div>
   <div class='ocr_carea' id='block_1_37' title="bbox 143 2191 1749 2258">
    <p class='ocr_par' dir='ltr' id='par_1_37' title="bbox 143 2191 1749 2258">
     <span class='ocr_line' id='line_1_37' title="bbox 143 2191 1749 2258; baseline -0.001 -10"><span class='ocrx_word' id='word_1_307' title='bbox 143 2208 244 2248; x_wconf 86' lang='lat' dir='ltr'><strong>vos</strong></span> <span class='ocrx_word' id='word_1_308' title='bbox 273 2192 455 2248; x_wconf 86' lang='lat' dir='ltr'><strong>dicitis</strong></span> <span class='ocrx_word' id='word_1_309' title='bbox 505 2207 626 2248; x_wconf 90' lang='lat' dir='ltr'><strong>esse</strong></span> <span class='ocrx_word' id='word_1_310' title='bbox 653 2192 894 2248; x_wconf 88' lang='lat' dir='ltr'><strong>datores.</strong></span> <span class='ocrx_word' id='word_1_311' title='bbox 925 2192 986 2250; x_wconf 90' lang='lat' dir='ltr'><strong>Si</strong></span> <span class='ocrx_word' id='word_1_312' title='bbox 1017 2191 1088 2247; x_wconf 90' lang='lat' dir='ltr'><strong>ita</strong></span> <span class='ocrx_word' id='word_1_313' title='bbox 1116 2199 1222 2258; x_wconf 90' lang='lat' dir='ltr'><strong>est,</strong></span> <span class='ocrx_word' id='word_1_314' title='bbox 1251 2200 1308 2246; x_wconf 88' lang='lat' dir='ltr'><strong>et</strong></span> <span class='ocrx_word' id='word_1_315' title='bbox 1346 2205 1445 2246; x_wconf 90' lang='lat' dir='ltr'><strong>nos</strong></span> <span class='ocrx_word' id='word_1_316' title='bbox 1473 2200 1526 2246; x_wconf 91' lang='lat' dir='ltr'><strong>et</strong></span> <span class='ocrx_word' id='word_1_317' title='bbox 1547 2206 1646 2246; x_wconf 85' lang='lat' dir='ltr'><strong>vos</strong></span> <span class='ocrx_word' id='word_1_318' title='bbox 1671 2201 1749 2246; x_wconf 87' lang='lat' dir='ltr'><strong>te-</strong></span> 
     </span>
    </p>
   </div>
   <div class='ocr_carea' id='block_1_38' title="bbox 145 2282 1745 2356">
    <p class='ocr_par' dir='ltr' id='par_1_38' title="bbox 145 2282 1745 2356">
     <span class='ocr_line' id='line_1_38' title="bbox 145 2282 1745 2356; baseline -0.002 -15"><span class='ocrx_word' id='word_1_319' title='bbox 145 2299 380 2341; x_wconf 86' lang='lat' dir='ltr'><strong>neamus</strong></span> <span class='ocrx_word' id='word_1_320' title='bbox 407 2285 646 2356; x_wconf 90' lang='lat' dir='ltr'><strong>singulos</strong></span> <span class='ocrx_word' id='word_1_321' title='bbox 671 2285 931 2356; x_wconf 81' lang='lat' dir='ltr'><strong>gentiles:</strong></span> <span class='ocrx_word' id='word_1_322' title='bbox 953 2298 1050 2340; x_wconf 86' lang='lat' dir='ltr'><strong>vos</strong></span> <span class='ocrx_word' id='word_1_323' title='bbox 1075 2283 1164 2356; x_wconf 92' lang='lat' dir='ltr'><strong>qui</strong></span> <span class='ocrx_word' id='word_1_324' title='bbox 1188 2297 1285 2339; x_wconf 87' lang='lat' dir='ltr'><strong>vos</strong></span> <span class='ocrx_word' id='word_1_325' title='bbox 1306 2291 1526 2340; x_wconf 90' lang='lat' dir='ltr'><strong>sanctos</strong></span> <span class='ocrx_word' id='word_1_326' title='bbox 1546 2282 1745 2351; x_wconf 88' lang='lat' dir='ltr'><strong>dicitis,</strong></span> 
     </span>
    </p>
   </div>
   <div class='ocr_carea' id='block_1_39' title="bbox 146 2374 1749 2448">
    <p class='ocr_par' dir='ltr' id='par_1_39' title="bbox 146 2374 1749 2448">
     <span class='ocr_line' id='line_1_39' title="bbox 146 2374 1749 2448; baseline -0.001 -16"><span class='ocrx_word' id='word_1_327' title='bbox 146 2377 486 2448; x_wconf 84' lang='lat' dir='ltr'><strong>interrogate</strong></span> <span class='ocrx_word' id='word_1_328' title='bbox 534 2392 658 2432; x_wconf 91' lang='lat' dir='ltr'><strong>eum</strong></span> <span class='ocrx_word' id='word_1_329' title='bbox 687 2391 847 2448; x_wconf 89' lang='lat' dir='ltr'><strong>quem</strong></span> <span class='ocrx_word' id='word_1_330' title='bbox 879 2375 1100 2442; x_wconf 85' lang='lat' dir='ltr'><strong>tenetis,</strong></span> <span class='ocrx_word' id='word_1_331' title='bbox 1134 2390 1203 2431; x_wconf 89' lang='lat' dir='ltr'><strong>an</strong></span> <span class='ocrx_word' id='word_1_332' title='bbox 1231 2375 1506 2431; x_wconf 90' lang='lat' dir='ltr'><strong>renuntiet</strong></span> <span class='ocrx_word' id='word_1_333' title='bbox 1531 2374 1749 2430; x_wconf 89' lang='lat' dir='ltr'><strong>diabolo</strong></span> 
     </span>
    </p>
   </div>
   <div class='ocr_carea' id='block_1_40' title="bbox 146 2469 1750 2538">
    <p class='ocr_par' dir='ltr' id='par_1_40' title="bbox 146 2469 1750 2538">
     <span class='ocr_line' id='line_1_40' title="bbox 146 2469 1750 2538; baseline -0.001 -10"><span class='ocrx_word' id='word_1_334' title='bbox 146 2483 204 2528; x_wconf 89' lang='lat' dir='ltr'><strong>ct</strong></span> <span class='ocrx_word' id='word_1_335' title='bbox 233 2470 424 2529; x_wconf 89' lang='lat' dir='ltr'><strong>credat</strong></span> <span class='ocrx_word' id='word_1_336' title='bbox 456 2470 711 2538; x_wconf 91' lang='lat' dir='ltr'><strong>Domino;</strong></span> <span class='ocrx_word' id='word_1_337' title='bbox 757 2481 812 2527; x_wconf 87' lang='lat' dir='ltr'><strong>et</strong></span> <span class='ocrx_word' id='word_1_338' title='bbox 841 2470 932 2527; x_wconf 91' lang='lat' dir='ltr'><strong>ille</strong></span> <span class='ocrx_word' id='word_1_339' title='bbox 959 2470 1125 2538; x_wconf 90' lang='lat' dir='ltr'><strong>dicat,</strong></span> <span class='ocrx_word' id='word_1_340' title='bbox 1177 2470 1322 2525; x_wconf 89' lang='lat' dir='ltr'><strong>nolo.</strong></span> <span class='ocrx_word' id='word_1_341' title='bbox 1375 2469 1601 2537; x_wconf 88' lang='lat' dir='ltr'><strong>Contra,</strong></span> <span class='ocrx_word' id='word_1_342' title='bbox 1651 2484 1750 2526; x_wconf 92' lang='lat' dir='ltr'><strong>nos</strong></span> 
     </span>
    </p>
   </div>
   <div class='ocr_carea' id='block_1_41' title="bbox 149 2564 1752 2638">
    <p class='ocr_par' dir='ltr' id='par_1_41' title="bbox 149 2564 1752 2638">
     <span class='ocr_line' id='line_1_41' title="bbox 149 2564 1752 2638; baseline -0.001 -16"><span class='ocrx_word' id='word_1_343' title='bbox 149 2574 470 2637; x_wconf 84' lang='lat' dir='ltr'><strong>peccatores</strong></span> <span class='ocrx_word' id='word_1_344' title='bbox 513 2564 596 2638; x_wconf 92' lang='lat' dir='ltr'><strong>(ut</strong></span> <span class='ocrx_word' id='word_1_345' title='bbox 639 2564 827 2636; x_wconf 90' lang='lat' dir='ltr'><strong>vultis)</strong></span> <span class='ocrx_word' id='word_1_346' title='bbox 879 2565 1272 2636; x_wconf 89' lang='lat' dir='ltr'><strong>interrogemus</strong></span> <span class='ocrx_word' id='word_1_347' title='bbox 1315 2564 1548 2621; x_wconf 90' lang='lat' dir='ltr'><strong>alterum</strong></span> <span class='ocrx_word' id='word_1_348' title='bbox 1576 2566 1752 2636; x_wconf 86' lang='lat' dir='ltr'><strong>genti-</strong></span> 
     </span>
    </p>
   </div>
   <div class='ocr_carea' id='block_1_42' title="bbox 151 2655 1751 2727">
    <p class='ocr_par' dir='ltr' id='par_1_42' title="bbox 151 2655 1751 2727">
     <span class='ocr_line' id='line_1_42' title="bbox 151 2655 1751 2727; baseline -0.003 -12"><span class='ocrx_word' id='word_1_349' title='bbox 151 2661 286 2727; x_wconf 89' lang='lat' dir='ltr'><strong>lem,</strong></span> <span class='ocrx_word' id='word_1_350' title='bbox 320 2675 386 2714; x_wconf 91' lang='lat' dir='ltr'><strong>an</strong></span> <span class='ocrx_word' id='word_1_351' title='bbox 414 2661 690 2714; x_wconf 88' lang='lat' dir='ltr'><strong>renuntiet</strong></span> <span class='ocrx_word' id='word_1_352' title='bbox 721 2657 940 2713; x_wconf 89' lang='lat' dir='ltr'><strong>diabolo</strong></span> <span class='ocrx_word' id='word_1_353' title='bbox 969 2665 1024 2714; x_wconf 92' lang='lat' dir='ltr'><strong>et</strong></span> <span class='ocrx_word' id='word_1_354' title='bbox 1051 2657 1238 2714; x_wconf 87' lang='lat' dir='ltr'><strong>credat</strong></span> <span class='ocrx_word' id='word_1_355' title='bbox 1269 2655 1402 2723; x_wconf 89' lang='lat' dir='ltr'><strong>Deo,</strong></span> <span class='ocrx_word' id='word_1_356' title='bbox 1429 2666 1561 2726; x_wconf 91' lang='lat' dir='ltr'><strong>etc.,</strong></span> <span class='ocrx_word' id='word_1_357' title='bbox 1589 2665 1646 2712; x_wconf 90' lang='lat' dir='ltr'><strong>et</strong></span> <span class='ocrx_word' id='word_1_358' title='bbox 1671 2656 1751 2711; x_wconf 90' lang='lat' dir='ltr'><strong>di-</strong></span> 
     </span>
    </p>
   </div>
   <div class='ocr_carea' id='block_1_43' title="bbox 149 2748 1753 2819">
    <p class='ocr_par' dir='ltr' id='par_1_43' title="bbox 149 2748 1753 2819">
     <span class='ocr_line' id='line_1_43' title="bbox 149 2748 1753 2819; baseline -0.001 -13"><span class='ocrx_word' id='word_1_359' title='bbox 149 2761 261 2816; x_wconf 89' lang='lat' dir='ltr'><strong>cat,</strong></span> <span class='ocrx_word' id='word_1_360' title='bbox 307 2749 559 2806; x_wconf 92' lang='lat' dir='ltr'><strong>renuntio</strong></span> <span class='ocrx_word' id='word_1_361' title='bbox 584 2757 640 2805; x_wconf 89' lang='lat' dir='ltr'><strong>ct</strong></span> <span class='ocrx_word' id='word_1_362' title='bbox 665 2748 850 2816; x_wconf 92' lang='lat' dir='ltr'><strong>credo,</strong></span> <span class='ocrx_word' id='word_1_363' title='bbox 877 2757 1007 2814; x_wconf 88' lang='lat' dir='ltr'><strong>etc.,</strong></span> <span class='ocrx_word' id='word_1_364' title='bbox 1052 2759 1165 2804; x_wconf 88' lang='lat' dir='ltr'><strong>tum</strong></span> <span class='ocrx_word' id='word_1_365' title='bbox 1198 2763 1295 2804; x_wconf 88' lang='lat' dir='ltr'><strong>vos</strong></span> <span class='ocrx_word' id='word_1_366' title='bbox 1323 2749 1540 2819; x_wconf 89' lang='lat' dir='ltr'><strong>tingatis</strong></span> <span class='ocrx_word' id='word_1_367' title='bbox 1564 2748 1753 2804; x_wconf 84' lang='lat' dir='ltr'><strong>nolen-</strong></span> 
     </span>
    </p>
   </div>
   <div class='ocr_carea' id='block_1_44' title="bbox 152 2839 1752 2912">
    <p class='ocr_par' dir='ltr' id='par_1_44' title="bbox 152 2839 1752 2912">
     <span class='ocr_line' id='line_1_44' title="bbox 152 2839 1752 2912; baseline 0.001 -16"><span class='ocrx_word' id='word_1_368' title='bbox 152 2852 286 2910; x_wconf 87' lang='lat' dir='ltr'><strong>tem,</strong></span> <span class='ocrx_word' id='word_1_369' title='bbox 339 2855 439 2898; x_wconf 91' lang='lat' dir='ltr'><strong>nos</strong></span> <span class='ocrx_word' id='word_1_370' title='bbox 475 2840 784 2897; x_wconf 84' lang='lat' dir='ltr'><strong>volentem:</strong></span> <span class='ocrx_word' id='word_1_371' title='bbox 829 2839 1074 2909; x_wconf 89' lang='lat' dir='ltr'><strong>dicatur,</strong></span> <span class='ocrx_word' id='word_1_372' title='bbox 1117 2841 1238 2912; x_wconf 86' lang='lat' dir='ltr'><strong>quis</strong></span> <span class='ocrx_word' id='word_1_373' title='bbox 1269 2855 1457 2897; x_wconf 90' lang='lat' dir='ltr'><strong>eorum</strong></span> <span class='ocrx_word' id='word_1_374' title='bbox 1488 2840 1657 2912; x_wconf 88' lang='lat' dir='ltr'><strong>possit</strong></span> <span class='ocrx_word' id='word_1_375' title='bbox 1683 2840 1752 2897; x_wconf 90' lang='lat' dir='ltr'><strong>ad</strong></span> 
     </span>
    </p>
   </div>
   <div class='ocr_carea' id='block_1_45' title="bbox 155 2930 1752 3004">
    <p class='ocr_par' dir='ltr' id='par_1_45' title="bbox 155 2930 1752 3004">
     <span class='ocr_line' id='line_1_45' title="bbox 155 2930 1752 3004; baseline -0.001 -15"><span class='ocrx_word' id='word_1_376' title='bbox 155 2935 252 2990; x_wconf 86' lang='lat' dir='ltr'><strong>Dei</strong></span> <span class='ocrx_word' id='word_1_377' title='bbox 293 2933 520 3004; x_wconf 82' lang='lat' dir='ltr'><strong>gratiam</strong></span> <span class='ocrx_word' id='word_1_378' title='bbox 552 2932 845 3004; x_wconf 83' lang='lat' dir='ltr'><strong>pertinere.</strong></span> <span class='ocrx_word' id='word_1_379' title='bbox 896 2931 1095 3002; x_wconf 82' lang='lat' dir='ltr'><strong>Utique</strong></span> <span class='ocrx_word' id='word_1_380' title='bbox 1124 2932 1242 2987; x_wconf 91' lang='lat' dir='ltr'><strong>sine</strong></span> <span class='ocrx_word' id='word_1_381' title='bbox 1279 2930 1444 2987; x_wconf 84' lang='lat' dir='ltr'><strong>dubio</strong></span> <span class='ocrx_word' id='word_1_382' title='bbox 1485 2932 1577 2987; x_wconf 91' lang='lat' dir='ltr'><strong>ille</strong></span> <span class='ocrx_word' id='word_1_383' title='bbox 1608 2941 1632 2969; x_wconf 79' lang='grc' dir='ltr'><strong>ο</strong></span> <span class='ocrx_word' id='word_1_384' title='bbox 1661 2933 1752 3004; x_wconf 91' lang='lat' dir='ltr'><strong>qui</strong></span> 
     </span>
    </p>
   </div>
   <div class='ocr_carea' id='block_1_46' title="bbox 151 3025 1749 3097">
    <p class='ocr_par' dir='ltr' id='par_1_46' title="bbox 151 3025 1749 3097">
     <span class='ocr_line' id='line_1_46' title="bbox 151 3025 1749 3097; baseline -0.001 -13"><span class='ocrx_word' id='word_1_385' title='bbox 151 3027 329 3084; x_wconf 91' lang='lat' dir='ltr'><strong>credit</strong></span> <span class='ocrx_word' id='word_1_386' title='bbox 355 3026 407 3093; x_wconf 70' lang='grc' dir='ltr'><strong>ι),</strong></span> <span class='ocrx_word' id='word_1_387' title='bbox 437 3042 544 3084; x_wconf 93' lang='lat' dir='ltr'><strong>non</strong></span> <span class='ocrx_word' id='word_1_388' title='bbox 591 3027 702 3095; x_wconf 90' lang='lat' dir='ltr'><strong>ille,</strong></span> <span class='ocrx_word' id='word_1_389' title='bbox 751 3041 848 3096; x_wconf 91' lang='lat' dir='ltr'><strong>pro</strong></span> <span class='ocrx_word' id='word_1_390' title='bbox 897 3025 1050 3097; x_wconf 89' lang='lat' dir='ltr'><strong>cujus</strong></span> <span class='ocrx_word' id='word_1_391' title='bbox 1093 3026 1370 3082; x_wconf 88' lang='lat' dir='ltr'><strong>voluntate</strong></span> <span class='ocrx_word' id='word_1_392' title='bbox 1421 3027 1502 3095; x_wconf 93' lang='lat' dir='ltr'><strong>(ut</strong></span> <span class='ocrx_word' id='word_1_393' title='bbox 1548 3025 1749 3097; x_wconf 87' lang='lat' dir='ltr'><strong>dicitis)</strong></span> 
     </span>
    </p>
   </div>
   <div class='ocr_carea' id='block_1_47' title="bbox 153 3119 1753 3192">
    <p class='ocr_par' dir='ltr' id='par_1_47' title="bbox 153 3119 1753 3192">
     <span class='ocr_line' id='line_1_47' title="bbox 153 3119 1753 3192; baseline -0.001 -14"><span class='ocrx_word' id='word_1_394' title='bbox 153 3123 421 3178; x_wconf 85' lang='lat' dir='ltr'><strong>sanctitas</strong></span> <span class='ocrx_word' id='word_1_395' title='bbox 449 3131 624 3178; x_wconf 90' lang='lat' dir='ltr'><strong>vestra</strong></span> <span class='ocrx_word' id='word_1_396' title='bbox 649 3119 911 3177; x_wconf 86' lang='lat' dir='ltr'><strong>succedit.</strong></span> <span class='ocrx_word' id='word_1_397' title='bbox 935 3119 1227 3192; x_wconf 88' lang='lat' dir='ltr'><strong>Operarios</strong></span> <span class='ocrx_word' id='word_1_398' title='bbox 1253 3136 1350 3176; x_wconf 90' lang='lat' dir='ltr'><strong>vos</strong></span> <span class='ocrx_word' id='word_1_399' title='bbox 1377 3135 1519 3187; x_wconf 89' lang='lat' dir='ltr'><strong>esse,</strong></span> <span class='ocrx_word' id='word_1_400' title='bbox 1549 3121 1634 3176; x_wconf 89' lang='lat' dir='ltr'><strong>vel</strong></span> <span class='ocrx_word' id='word_1_401' title='bbox 1666 3136 1753 3176; x_wconf 84' lang='lat' dir='ltr'><strong>se-</strong></span> 
     </span>
    </p>
   </div>
   <div class='ocr_carea' id='block_1_48' title="bbox 1848 1913 3445 1989">
    <p class='ocr_par' dir='ltr' id='par_1_48' title="bbox 1848 1913 3445 1989">
     <span class='ocr_line' id='line_1_48' title="bbox 1848 1913 3445 1989; baseline 0.007 -23"><span class='ocrx_word' id='word_1_402' title='bbox 1848 1923 2035 1969; x_wconf 88' lang='lat' dir='ltr'><strong>vatore</strong></span> <span class='ocrx_word' id='word_1_403' title='bbox 2058 1913 2372 1968; x_wconf 87' lang='lat' dir='ltr'><strong>mandatum</strong></span> <span class='ocrx_word' id='word_1_404' title='bbox 2397 1924 2479 1970; x_wconf 90' lang='lat' dir='ltr'><strong>est</strong></span> <span class='ocrx_word' id='word_1_405' title='bbox 2506 1933 2519 1969; x_wconf 89' lang='lat'><strong>:</strong></span> <span class='ocrx_word' id='word_1_406' title='bbox 2546 1932 2642 1988; x_wconf 89' lang='lat' dir='ltr'><strong>per</strong></span> <span class='ocrx_word' id='word_1_407' title='bbox 2661 1932 2819 1988; x_wconf 87' lang='lat' dir='ltr'><strong>quem</strong></span> <span class='ocrx_word' id='word_1_408' title='bbox 2843 1917 3269 1989; x_wconf 86' lang='lat' dir='ltr'><strong>baptizarentur,</strong></span> <span class='ocrx_word' id='word_1_409' title='bbox 3297 1921 3445 1977; x_wconf 84' lang='lat' dir='ltr'><strong>nulla</strong></span> 
     </span>
    </p>
   </div>
   <div class='ocr_carea' id='block_1_49' title="bbox 1849 2007 3442 2086">
    <p class='ocr_par' dir='ltr' id='par_1_49' title="bbox 1849 2007 3442 2086">
     <span class='ocr_line' id='line_1_49' title="bbox 1849 2007 3442 2086; baseline 0.006 -24"><span class='ocrx_word' id='word_1_410' title='bbox 1849 2008 2206 2077; x_wconf 77' lang='lat' dir='ltr'><strong>exceptione,</strong></span> <span class='ocrx_word' id='word_1_411' title='bbox 2259 2007 2554 2064; x_wconf 86' lang='lat' dir='ltr'><strong>discretum</strong></span> <span class='ocrx_word' id='word_1_412' title='bbox 2608 2020 2710 2066; x_wconf 90' lang='lat' dir='ltr'><strong>est.</strong></span> <span class='ocrx_word' id='word_1_413' title='bbox 2761 2011 2876 2068; x_wconf 86' lang='lat' dir='ltr'><strong>Non</strong></span> <span class='ocrx_word' id='word_1_414' title='bbox 2907 2012 3044 2068; x_wconf 78' lang='lat' dir='ltr'><strong>dixit</strong></span> <span class='ocrx_word' id='word_1_415' title='bbox 3090 2017 3384 2086; x_wconf 77' lang='lat' dir='ltr'><strong>Apostolus</strong></span> <span class='ocrx_word' id='word_1_416' title='bbox 3427 2034 3442 2071; x_wconf 92' lang='lat'><strong>:</strong></span> 
     </span>
    </p>
   </div>
   <div class='ocr_carea' id='block_1_50' title="bbox 1847 2100 3447 2175">
    <p class='ocr_par' dir='ltr' id='par_1_50' title="bbox 1847 2100 3447 2175">
     <span class='ocr_line' id='line_1_50' title="bbox 1847 2100 3447 2175; baseline 0.007 -22"><span class='ocrx_word' id='word_1_417' title='bbox 1847 2115 1935 2154; x_wconf 82' lang='lat' dir='ltr'><strong>vos</strong></span> <span class='ocrx_word' id='word_1_418' title='bbox 1965 2100 2140 2171; x_wconf 79' lang='lat' dir='ltr'><strong>facite,</strong></span> <span class='ocrx_word' id='word_1_419' title='bbox 2170 2100 2261 2154; x_wconf 88' lang='lat' dir='ltr'><strong>alii</strong></span> <span class='ocrx_word' id='word_1_420' title='bbox 2291 2117 2392 2156; x_wconf 87' lang='lat' dir='ltr'><strong>non</strong></span> <span class='ocrx_word' id='word_1_421' title='bbox 2419 2103 2612 2172; x_wconf 79' lang='lat' dir='ltr'><strong>faciant</strong></span> <span class='ocrx_word' id='word_1_422' title='bbox 2636 2119 2655 2158; x_wconf 89' lang='lat'><strong>:</strong></span> <span class='ocrx_word' id='word_1_423' title='bbox 2680 2104 2924 2175; x_wconf 88' lang='lat' dir='ltr'><strong>quisquis</strong></span> <span class='ocrx_word' id='word_1_424' title='bbox 2949 2106 3002 2162; x_wconf 94' lang='lat' dir='ltr'><strong>in</strong></span> <span class='ocrx_word' id='word_1_425' title='bbox 3026 2106 3244 2163; x_wconf 89' lang='lat' dir='ltr'><strong>nomine</strong></span> <span class='ocrx_word' id='word_1_426' title='bbox 3270 2107 3447 2164; x_wconf 84' lang='lat' dir='ltr'><strong>Patris</strong></span> 
     </span>
    </p>
   </div>
   <div class='ocr_carea' id='block_1_51' title="bbox 1849 2191 3444 2269">
    <p class='ocr_par' dir='ltr' id='par_1_51' title="bbox 1849 2191 3444 2269">
     <span class='ocr_line' id='line_1_51' title="bbox 1849 2191 3444 2269; baseline 0.006 -23"><span class='ocrx_word' id='word_1_427' title='bbox 1849 2202 1902 2246; x_wconf 90' lang='lat' dir='ltr'><strong>et</strong></span> <span class='ocrx_word' id='word_1_428' title='bbox 1933 2191 2052 2247; x_wconf 86' lang='lat' dir='ltr'><strong>Filii</strong></span> <span class='ocrx_word' id='word_1_429' title='bbox 2077 2202 2128 2247; x_wconf 90' lang='lat' dir='ltr'><strong>et</strong></span> <span class='ocrx_word' id='word_1_430' title='bbox 2159 2193 2396 2262; x_wconf 88' lang='lat' dir='ltr'><strong>Spiritus</strong></span> <span class='ocrx_word' id='word_1_431' title='bbox 2424 2194 2601 2251; x_wconf 86' lang='lat' dir='ltr'><strong>sancti</strong></span> <span class='ocrx_word' id='word_1_432' title='bbox 2626 2194 2987 2264; x_wconf 83' lang='lat' dir='ltr'><strong>baptizaverit</strong></span> <span class='ocrx_word' id='word_1_433' title='bbox 3007 2239 3025 2266; x_wconf 92' lang='lat'><strong>,</strong></span> <span class='ocrx_word' id='word_1_434' title='bbox 3052 2199 3444 2269; x_wconf 87' lang='lat' dir='ltr'><strong>Apostolorum</strong></span> 
     </span>
    </p>
   </div>
   <div class='ocr_carea' id='block_1_52' title="bbox 1848 2285 3446 2364">
    <p class='ocr_par' dir='ltr' id='par_1_52' title="bbox 1848 2285 3446 2364">
     <span class='ocr_line' id='line_1_52' title="bbox 1848 2285 3446 2364; baseline 0.007 -26"><span class='ocrx_word' id='word_1_435' title='bbox 1848 2299 1987 2354; x_wconf 90' lang='lat' dir='ltr'><strong>opus</strong></span> <span class='ocrx_word' id='word_1_436' title='bbox 2017 2285 2282 2355; x_wconf 87' lang='lat' dir='ltr'><strong>implevit.</strong></span> <span class='ocrx_word' id='word_1_437' title='bbox 2333 2286 2579 2358; x_wconf 84' lang='lat' dir='ltr'><strong>Denique</strong></span> <span class='ocrx_word' id='word_1_438' title='bbox 2629 2288 2828 2345; x_wconf 84' lang='lat' dir='ltr'><strong>lectum</strong></span> <span class='ocrx_word' id='word_1_439' title='bbox 2877 2297 2963 2345; x_wconf 89' lang='lat' dir='ltr'><strong>est</strong></span> <span class='ocrx_word' id='word_1_440' title='bbox 3006 2290 3059 2346; x_wconf 91' lang='lat' dir='ltr'><strong>in</strong></span> <span class='ocrx_word' id='word_1_441' title='bbox 3107 2291 3446 2364; x_wconf 85' lang='lat' dir='ltr'><strong>Evangelio,</strong></span> 
     </span>
    </p>
   </div>
   <div class='ocr_carea' id='block_1_53' title="bbox 1849 2374 3453 2456">
    <p class='ocr_par' dir='ltr' id='par_1_53' title="bbox 1849 2374 3453 2456">
     <span class='ocr_line' id='line_1_53' title="bbox 1849 2374 3453 2456; baseline 0.008 -26"><span class='ocrx_word' id='word_1_442' title='bbox 1849 2374 2058 2432; x_wconf 84' lang='lat' dir='ltr'><strong>Joanne</strong></span> <span class='ocrx_word' id='word_1_443' title='bbox 2083 2376 2337 2434; x_wconf 84' lang='lat' dir='ltr'><strong>dicente:</strong></span> <span class='ocrx_word' id='word_1_444' title='bbox 2373 2379 2644 2450; x_wconf 79' lang='lat' dir='ltr'><strong>Magister,</strong></span> <span class='ocrx_word' id='word_1_445' title='bbox 2687 2383 2906 2439; x_wconf 83' lang='lat' dir='ltr'><strong>vidimus</strong></span> <span class='ocrx_word' id='word_1_446' title='bbox 2951 2385 3222 2456; x_wconf 82' lang='lat' dir='ltr'><strong>quemdam</strong></span> <span class='ocrx_word' id='word_1_447' title='bbox 3265 2388 3319 2442; x_wconf 86' lang='lat' dir='ltr'><strong>in</strong></span> <span class='ocrx_word' id='word_1_448' title='bbox 3358 2405 3453 2442; x_wconf 79' lang='lat' dir='ltr'><strong>no-</strong></span> 
     </span>
    </p>
   </div>
   <div class='ocr_carea' id='block_1_54' title="bbox 1851 2469 3449 2548">
    <p class='ocr_par' dir='ltr' id='par_1_54' title="bbox 1851 2469 3449 2548">
     <span class='ocr_line' id='line_1_54' title="bbox 1851 2469 3449 2548; baseline 0.01 -27"><span class='ocrx_word' id='word_1_449' title='bbox 1851 2469 1987 2522; x_wconf 85' lang='lat' dir='ltr'><strong>mine</strong></span> <span class='ocrx_word' id='word_1_450' title='bbox 2011 2479 2097 2524; x_wconf 86' lang='lat' dir='ltr'><strong>tuo</strong></span> <span class='ocrx_word' id='word_1_451' title='bbox 2139 2472 2474 2542; x_wconf 69' lang='lat' dir='ltr'><strong>exponentem</strong></span> <span class='ocrx_word' id='word_1_452' title='bbox 2500 2472 2758 2530; x_wconf 79' lang='lat' dir='ltr'><strong>dwmonia</strong></span> <span class='ocrx_word' id='word_1_453' title='bbox 2779 2517 2796 2543; x_wconf 97' lang='lat'><strong>,</strong></span> <span class='ocrx_word' id='word_1_454' title='bbox 2839 2486 2886 2531; x_wconf 87' lang='lat' dir='ltr'><strong>et</strong></span> <span class='ocrx_word' id='word_1_455' title='bbox 2917 2477 3267 2547; x_wconf 76' lang='lat' dir='ltr'><strong>prohibuimus</strong></span> <span class='ocrx_word' id='word_1_456' title='bbox 3292 2496 3408 2536; x_wconf 88' lang='lat' dir='ltr'><strong>eum</strong></span> <span class='ocrx_word' id='word_1_457' title='bbox 3433 2522 3449 2548; x_wconf 94' lang='lat'><strong>,</strong></span> 
     </span>
    </p>
   </div>
   <div class='ocr_carea' id='block_1_55' title="bbox 1850 2563 3452 2635">
    <p class='ocr_par' dir='ltr' id='par_1_55' title="bbox 1850 2563 3452 2635">
     <span class='ocr_line' id='line_1_55' title="bbox 1850 2563 3452 2635; baseline 0.009 -19"><span class='ocrx_word' id='word_1_458' title='bbox 1850 2563 1970 2634; x_wconf 90' lang='lat' dir='ltr'><strong>quia</strong></span> <span class='ocrx_word' id='word_1_459' title='bbox 1993 2579 2094 2618; x_wconf 89' lang='lat' dir='ltr'><strong>non</strong></span> <span class='ocrx_word' id='word_1_460' title='bbox 2123 2565 2351 2635; x_wconf 79' lang='lat' dir='ltr'><strong>sequitur</strong></span> <span class='ocrx_word' id='word_1_461' title='bbox 2375 2567 2636 2623; x_wconf 86' lang='lat' dir='ltr'><strong>nobiscum</strong></span> <span class='ocrx_word' id='word_1_462' title='bbox 2656 2587 2676 2624; x_wconf 91' lang='lat'><strong>:</strong></span> <span class='ocrx_word' id='word_1_463' title='bbox 2717 2571 2796 2626; x_wconf 92' lang='lat' dir='ltr'><strong>sic</strong></span> <span class='ocrx_word' id='word_1_464' title='bbox 2835 2570 3080 2628; x_wconf 87' lang='lat' dir='ltr'><strong>Christus</strong></span> <span class='ocrx_word' id='word_1_465' title='bbox 3121 2573 3199 2628; x_wconf 87' lang='lat' dir='ltr'><strong>ait</strong></span> <span class='ocrx_word' id='word_1_466' title='bbox 3228 2591 3242 2629; x_wconf 94' lang='lat'><strong>:</strong></span> <span class='ocrx_word' id='word_1_467' title='bbox 3288 2576 3452 2630; x_wconf 82' lang='lat' dir='ltr'><strong>nolite</strong></span> 
     </span>
    </p>
   </div>
   <div class='ocr_carea' id='block_1_56' title="bbox 1851 2655 3453 2736">
    <p class='ocr_par' dir='ltr' id='par_1_56' title="bbox 1851 2655 3453 2736">
     <span class='ocr_line' id='line_1_56' title="bbox 1851 2655 3453 2736; baseline 0.009 -28"><span class='ocrx_word' id='word_1_468' title='bbox 1851 2655 2119 2727; x_wconf 83' lang='lat' dir='ltr'><strong>prohibere</strong></span> <span class='ocrx_word' id='word_1_469' title='bbox 2145 2672 2164 2711; x_wconf 90' lang='lat'><strong>:</strong></span> <span class='ocrx_word' id='word_1_470' title='bbox 2194 2657 2281 2728; x_wconf 87' lang='lat' dir='ltr'><strong>qui</strong></span> <span class='ocrx_word' id='word_1_471' title='bbox 2309 2658 2442 2712; x_wconf 86' lang='lat' dir='ltr'><strong>enim</strong></span> <span class='ocrx_word' id='word_1_472' title='bbox 2469 2675 2572 2714; x_wconf 89' lang='lat' dir='ltr'><strong>non</strong></span> <span class='ocrx_word' id='word_1_473' title='bbox 2618 2669 2691 2715; x_wconf 83' lang='lat' dir='ltr'><strong>est</strong></span> <span class='ocrx_word' id='word_1_474' title='bbox 2731 2671 2910 2718; x_wconf 85' lang='lat' dir='ltr'><strong>contra</strong></span> <span class='ocrx_word' id='word_1_475' title='bbox 2939 2680 3059 2732; x_wconf 77' lang='lat' dir='ltr'><strong>vos,</strong></span> <span class='ocrx_word' id='word_1_476' title='bbox 3091 2682 3184 2736; x_wconf 90' lang='lat' dir='ltr'><strong>pro</strong></span> <span class='ocrx_word' id='word_1_477' title='bbox 3213 2665 3354 2721; x_wconf 81' lang='lat' dir='ltr'><strong>vobis</strong></span> <span class='ocrx_word' id='word_1_478' title='bbox 3379 2675 3453 2723; x_wconf 85' lang='lat' dir='ltr'><strong>est</strong></span> 
     </span>
    </p>
   </div>
   <div class='ocr_carea' id='block_1_57' title="bbox 1861 2745 3456 2829">
    <p class='ocr_par' dir='ltr' id='par_1_57' title="bbox 1861 2745 3456 2829">
     <span class='ocr_line' id='line_1_57' title="bbox 1861 2745 3456 2829; baseline 0.009 -29"><span class='ocrx_word' id='word_1_479' title='bbox 1861 2745 2039 2818; x_wconf 66' lang='lat' dir='ltr'><strong>(Lucae</strong></span> <span class='ocrx_word' id='word_1_480' title='bbox 2062 2763 2116 2802; x_wconf 73' lang='grc' dir='ltr'><strong>ιι</strong></span> <span class='ocrx_word' id='word_1_481' title='bbox 2138 2789 2153 2815; x_wconf 91' lang='grc'><em>,</em></span> <span class='ocrx_word' id='word_1_482' title='bbox 2185 2748 2296 2820; x_wconf 79' lang='grc'>57).</span> <span class='ocrx_word' id='word_1_483' title='bbox 2339 2749 2475 2806; x_wconf 84' lang='lat' dir='ltr'><strong>Nam</strong></span> <span class='ocrx_word' id='word_1_484' title='bbox 2505 2761 2560 2806; x_wconf 90' lang='lat' dir='ltr'><strong>et</strong></span> <span class='ocrx_word' id='word_1_485' title='bbox 2590 2751 2721 2823; x_wconf 89' lang='lat' dir='ltr'><strong>ipsis</strong></span> <span class='ocrx_word' id='word_1_486' title='bbox 2768 2754 2848 2810; x_wconf 91' lang='lat' dir='ltr'><strong>sic</strong></span> <span class='ocrx_word' id='word_1_487' title='bbox 2888 2756 3198 2813; x_wconf 88' lang='lat' dir='ltr'><strong>mandatum</strong></span> <span class='ocrx_word' id='word_1_488' title='bbox 3245 2767 3364 2829; x_wconf 88' lang='lat' dir='ltr'><strong>est,</strong></span> <span class='ocrx_word' id='word_1_489' title='bbox 3395 2767 3456 2816; x_wconf 87' lang='lat' dir='ltr'><strong>ut</strong></span> 
     </span>
    </p>
   </div>
   <div class='ocr_carea' id='block_1_58' title="bbox 1855 2841 3454 2920">
    <p class='ocr_par' dir='ltr' id='par_1_58' title="bbox 1855 2841 3454 2920">
     <span class='ocr_line' id='line_1_58' title="bbox 1855 2841 3454 2920; baseline 0.011 -25"><span class='ocrx_word' id='word_1_490' title='bbox 1855 2855 1991 2912; x_wconf 90' lang='lat' dir='ltr'><strong>opus</strong></span> <span class='ocrx_word' id='word_1_491' title='bbox 2013 2851 2162 2900; x_wconf 90' lang='lat' dir='ltr'><strong>esset</strong></span> <span class='ocrx_word' id='word_1_492' title='bbox 2192 2841 2406 2899; x_wconf 89' lang='lat' dir='ltr'><strong>illorum</strong></span> <span class='ocrx_word' id='word_1_493' title='bbox 2433 2887 2447 2912; x_wconf 96' lang='lat'><strong>,</strong></span> <span class='ocrx_word' id='word_1_494' title='bbox 2479 2848 2839 2906; x_wconf 88' lang='lat' dir='ltr'><strong>sanctiﬁcatio</strong></span> <span class='ocrx_word' id='word_1_495' title='bbox 2881 2849 3200 2920; x_wconf 83' lang='lat' dir='ltr'><strong>Trinitatis;</strong></span> <span class='ocrx_word' id='word_1_496' title='bbox 3248 2869 3351 2912; x_wconf 91' lang='lat' dir='ltr'><strong>nec</strong></span> <span class='ocrx_word' id='word_1_497' title='bbox 3398 2856 3454 2912; x_wconf 91' lang='lat' dir='ltr'><strong>in</strong></span> 
     </span>
    </p>
   </div>
   <div class='ocr_carea' id='block_1_59' title="bbox 1857 2935 3454 3009">
    <p class='ocr_par' dir='ltr' id='par_1_59' title="bbox 1857 2935 3454 3009">
     <span class='ocr_line' id='line_1_59' title="bbox 1857 2935 3454 3009; baseline 0.011 -20"><span class='ocrx_word' id='word_1_498' title='bbox 1857 2935 2077 2992; x_wconf 90' lang='lat' dir='ltr'><strong>nomine</strong></span> <span class='ocrx_word' id='word_1_499' title='bbox 2106 2953 2206 2995; x_wconf 90' lang='lat' dir='ltr'><strong>suo</strong></span> <span class='ocrx_word' id='word_1_500' title='bbox 2236 2937 2531 3009; x_wconf 89' lang='lat' dir='ltr'><strong>tingerent;</strong></span> <span class='ocrx_word' id='word_1_501' title='bbox 2563 2940 2657 2997; x_wconf 91' lang='lat' dir='ltr'><strong>sed</strong></span> <span class='ocrx_word' id='word_1_502' title='bbox 2687 2942 2739 2998; x_wconf 93' lang='lat' dir='ltr'><strong>in</strong></span> <span class='ocrx_word' id='word_1_503' title='bbox 2772 2944 2993 3002; x_wconf 84' lang='lat' dir='ltr'><strong>nomine</strong></span> <span class='ocrx_word' id='word_1_504' title='bbox 3024 2946 3201 3004; x_wconf 87' lang='lat' dir='ltr'><strong>Patris</strong></span> <span class='ocrx_word' id='word_1_505' title='bbox 3246 2956 3301 3005; x_wconf 91' lang='lat' dir='ltr'><strong>et</strong></span> <span class='ocrx_word' id='word_1_506' title='bbox 3332 2947 3454 3006; x_wconf 81' lang='lat' dir='ltr'><strong>Filii</strong></span> 
     </span>
    </p>
   </div>
   <div class='ocr_carea' id='block_1_60' title="bbox 1855 3028 3451 3112">
    <p class='ocr_par' dir='ltr' id='par_1_60' title="bbox 1855 3028 3451 3112">
     <span class='ocr_line' id='line_1_60' title="bbox 1855 3028 3451 3112; baseline 0.009 -27"><span class='ocrx_word' id='word_1_507' title='bbox 1855 3037 1912 3085; x_wconf 91' lang='lat' dir='ltr'><strong>ct</strong></span> <span class='ocrx_word' id='word_1_508' title='bbox 1931 3028 2166 3100; x_wconf 87' lang='lat' dir='ltr'><strong>Spiritus</strong></span> <span class='ocrx_word' id='word_1_509' title='bbox 2189 3034 2360 3088; x_wconf 88' lang='lat' dir='ltr'><strong>sancti</strong></span> <span class='ocrx_word' id='word_1_510' title='bbox 2393 3052 2406 3086; x_wconf 88' lang='lat'><strong>:</strong></span> <span class='ocrx_word' id='word_1_511' title='bbox 2436 3049 2567 3105; x_wconf 89' lang='lat' dir='ltr'><strong>ergo</strong></span> <span class='ocrx_word' id='word_1_512' title='bbox 2594 3049 2790 3092; x_wconf 91' lang='lat' dir='ltr'><strong>nomen</strong></span> <span class='ocrx_word' id='word_1_513' title='bbox 2823 3048 2906 3094; x_wconf 89' lang='lat' dir='ltr'><strong>est</strong></span> <span class='ocrx_word' id='word_1_514' title='bbox 2931 3039 3075 3109; x_wconf 90' lang='lat' dir='ltr'><strong>quod</strong></span> <span class='ocrx_word' id='word_1_515' title='bbox 3101 3042 3409 3099; x_wconf 84' lang='lat' dir='ltr'><strong>sanctiﬁcat</strong></span> <span class='ocrx_word' id='word_1_516' title='bbox 3435 3085 3451 3112; x_wconf 94' lang='lat'><strong>,</strong></span> 
     </span>
    </p>
   </div>
   <div class='ocr_carea' id='block_1_61' title="bbox 1858 3122 3458 3207">
    <p class='ocr_par' dir='ltr' id='par_1_61' title="bbox 1858 3122 3458 3207">
     <span class='ocr_line' id='line_1_61' title="bbox 1858 3122 3458 3207; baseline 0.01 -29"><span class='ocrx_word' id='word_1_517' title='bbox 1858 3140 1966 3192; x_wconf 90' lang='lat' dir='ltr'><strong>non</strong></span> <span class='ocrx_word' id='word_1_518' title='bbox 1991 3138 2128 3195; x_wconf 93' lang='lat' dir='ltr'><strong>opus</strong></span> <span class='ocrx_word' id='word_1_519' title='bbox 2159 3122 2204 3181; x_wconf 70' lang='grc' dir='ltr'>τ.</span> <span class='ocrx_word' id='word_1_520' title='bbox 2251 3125 2540 3199; x_wconf 84' lang='lat' dir='ltr'><strong>lntelligite</strong></span> <span class='ocrx_word' id='word_1_521' title='bbox 2578 3130 2688 3201; x_wconf 77' lang='lat'><strong>87</strong></span> <span class='ocrx_word' id='word_1_522' title='bbox 2727 3147 2854 3197; x_wconf 87' lang='lat' dir='ltr'><strong>vos,</strong></span> <span class='ocrx_word' id='word_1_523' title='bbox 2895 3133 2984 3189; x_wconf 85' lang='lat' dir='ltr'><strong>vel</strong></span> <span class='ocrx_word' id='word_1_524' title='bbox 3008 3148 3152 3204; x_wconf 88' lang='lat' dir='ltr'><strong>sero,</strong></span> <span class='ocrx_word' id='word_1_525' title='bbox 3182 3138 3458 3207; x_wconf 86' lang='lat' dir='ltr'><strong>operarios</strong></span> 
     </span>
    </p>
   </div>
   <div class='ocr_carea' id='block_1_62' title="bbox 153 3215 3461 3301">
    <p class='ocr_par' dir='ltr' id='par_1_62' title="bbox 153 3215 3461 3301">
     <span class='ocr_line' id='line_1_62' title="bbox 153 3215 3461 3301; baseline 0.003 -27"><span class='ocrx_word' id='word_1_526' title='bbox 153 3234 218 3274; x_wconf 89' lang='lat' dir='ltr'><strong>ro</strong></span> <span class='ocrx_word' id='word_1_527' title='bbox 246 3217 594 3290; x_wconf 88' lang='lat' dir='ltr'><strong>cognoscite:</strong></span> <span class='ocrx_word' id='word_1_528' title='bbox 626 3225 720 3270; x_wconf 90' lang='lat' dir='ltr'><strong>aut</strong></span> <span class='ocrx_word' id='word_1_529' title='bbox 743 3215 787 3271; x_wconf 93' lang='lat' dir='ltr'><strong>si</strong></span> <span class='ocrx_word' id='word_1_530' title='bbox 816 3216 868 3269; x_wconf 92' lang='lat' dir='ltr'><strong>in</strong></span> <span class='ocrx_word' id='word_1_531' title='bbox 896 3215 1146 3286; x_wconf 86' lang='lat' dir='ltr'><strong>operario</strong></span> <span class='ocrx_word' id='word_1_532' title='bbox 1173 3224 1258 3270; x_wconf 91' lang='lat' dir='ltr'><strong>est</strong></span> <span class='ocrx_word' id='word_1_533' title='bbox 1287 3231 1373 3270; x_wconf 88' lang='lat' dir='ltr'><strong>res</strong></span> <span class='ocrx_word' id='word_1_534' title='bbox 1399 3215 1539 3284; x_wconf 89' lang='lat' dir='ltr'><strong>ipsa,</strong></span> <span class='ocrx_word' id='word_1_535' title='bbox 1571 3225 1748 3271; x_wconf 90' lang='lat' dir='ltr'><strong>etnon</strong></span> <span class='ocrx_word' id='word_1_536' title='bbox 1777 3217 1822 3281; x_wconf 87' lang='lat' dir='ltr'><strong>C</strong></span> <span class='ocrx_word' id='word_1_537' title='bbox 1854 3229 1974 3272; x_wconf 91' lang='lat' dir='ltr'><strong>esse</strong></span> <span class='ocrx_word' id='word_1_538' title='bbox 1997 3258 2011 3283; x_wconf 93' lang='lat'><strong>,</strong></span> <span class='ocrx_word' id='word_1_539' title='bbox 2042 3233 2146 3272; x_wconf 92' lang='lat' dir='ltr'><strong>non</strong></span> <span class='ocrx_word' id='word_1_540' title='bbox 2169 3216 2450 3276; x_wconf 89' lang='lat' dir='ltr'><strong>dominos:</strong></span> <span class='ocrx_word' id='word_1_541' title='bbox 2471 3223 2585 3301; x_wconf 87' lang='lat' dir='ltr'><strong>etsi</strong></span> <span class='ocrx_word' id='word_1_542' title='bbox 2607 3222 2846 3279; x_wconf 86' lang='lat' dir='ltr'><strong>Ecclesia</strong></span> <span class='ocrx_word' id='word_1_543' title='bbox 2864 3224 3020 3282; x_wconf 88' lang='lat' dir='ltr'><strong>vinea</strong></span> <span class='ocrx_word' id='word_1_544' title='bbox 3038 3235 3142 3294; x_wconf 90' lang='lat' dir='ltr'><strong>est,</strong></span> <span class='ocrx_word' id='word_1_545' title='bbox 3159 3227 3294 3283; x_wconf 85' lang='lat' dir='ltr'><strong>vites</strong></span> <span class='ocrx_word' id='word_1_546' title='bbox 3330 3240 3461 3286; x_wconf 87' lang='lat' dir='ltr'><strong>sunt</strong></span> 
     </span>
    </p>
   </div>
   <div class='ocr_carea' id='block_1_63' title="bbox 154 3306 1752 3380">
    <p class='ocr_par' dir='ltr' id='par_1_63' title="bbox 154 3306 1752 3380">
     <span class='ocr_line' id='line_1_63' title="bbox 154 3306 1752 3380; baseline -0.004 -12"><span class='ocrx_word' id='word_1_547' title='bbox 154 3312 208 3368; x_wconf 93' lang='lat' dir='ltr'><strong>in</strong></span> <span class='ocrx_word' id='word_1_548' title='bbox 236 3326 299 3367; x_wconf 88' lang='lat' dir='ltr'><strong>se</strong></span> <span class='ocrx_word' id='word_1_549' title='bbox 326 3326 342 3376; x_wconf 91' lang='lat'><strong>;</strong></span> <span class='ocrx_word' id='word_1_550' title='bbox 375 3311 476 3365; x_wconf 88' lang='lat' dir='ltr'><strong>hoc</strong></span> <span class='ocrx_word' id='word_1_551' title='bbox 499 3308 603 3365; x_wconf 89' lang='lat' dir='ltr'><strong>sibi</strong></span> <span class='ocrx_word' id='word_1_552' title='bbox 630 3307 906 3363; x_wconf 86' lang='lat' dir='ltr'><strong>vindicent</strong></span> <span class='ocrx_word' id='word_1_553' title='bbox 927 3307 1091 3378; x_wconf 90' lang='lat' dir='ltr'><strong>aliqui</strong></span> <span class='ocrx_word' id='word_1_554' title='bbox 1120 3306 1371 3362; x_wconf 90' lang='lat' dir='ltr'><strong>homines</strong></span> <span class='ocrx_word' id='word_1_555' title='bbox 1403 3306 1516 3380; x_wconf 81' lang='lat'><strong>(58)</strong></span> <span class='ocrx_word' id='word_1_556' title='bbox 1542 3307 1596 3362; x_wconf 89' lang='lat' dir='ltr'><strong>in</strong></span> <span class='ocrx_word' id='word_1_557' title='bbox 1624 3308 1752 3362; x_wconf 90' lang='lat' dir='ltr'><strong>arti-</strong></span> 
     </span>
    </p>
   </div>
   <div class='ocr_carea' id='block_1_64' title="bbox 157 3399 1752 3473">
    <p class='ocr_par' dir='ltr' id='par_1_64' title="bbox 157 3399 1752 3473">
     <span class='ocr_line' id='line_1_64' title="bbox 157 3399 1752 3473; baseline -0.003 -14"><span class='ocrx_word' id='word_1_558' title='bbox 157 3406 257 3460; x_wconf 79' lang='lat' dir='ltr'><strong>bus</strong></span> <span class='ocrx_word' id='word_1_559' title='bbox 277 3402 416 3471; x_wconf 88' lang='lat' dir='ltr'><strong>suis,</strong></span> <span class='ocrx_word' id='word_1_560' title='bbox 438 3412 494 3457; x_wconf 91' lang='lat' dir='ltr'><strong>ut</strong></span> <span class='ocrx_word' id='word_1_561' title='bbox 520 3403 642 3473; x_wconf 91' lang='lat' dir='ltr'><strong>quia</strong></span> <span class='ocrx_word' id='word_1_562' title='bbox 673 3401 748 3456; x_wconf 88' lang='lat' dir='ltr'><strong>sic</strong></span> <span class='ocrx_word' id='word_1_563' title='bbox 773 3400 1100 3470; x_wconf 88' lang='lat' dir='ltr'><strong>provocatis,</strong></span> <span class='ocrx_word' id='word_1_564' title='bbox 1124 3400 1190 3454; x_wconf 87' lang='lat' dir='ltr'><strong>ad</strong></span> <span class='ocrx_word' id='word_1_565' title='bbox 1219 3415 1305 3455; x_wconf 90' lang='lat' dir='ltr'><strong>res</strong></span> <span class='ocrx_word' id='word_1_566' title='bbox 1331 3399 1564 3466; x_wconf 87' lang='lat' dir='ltr'><strong>divinas,</strong></span> <span class='ocrx_word' id='word_1_567' title='bbox 1589 3400 1752 3455; x_wconf 89' lang='lat' dir='ltr'><strong>etiam</strong></span> 
     </span>
    </p>
   </div>
   <div class='ocr_carea' id='block_1_65' title="bbox 156 3489 1755 3566">
    <p class='ocr_par' dir='ltr' id='par_1_65' title="bbox 156 3489 1755 3566">
     <span class='ocr_line' id='line_1_65' title="bbox 156 3489 1755 3566; baseline -0.004 -13"><span class='ocrx_word' id='word_1_568' title='bbox 156 3507 306 3554; x_wconf 89' lang='lat' dir='ltr'><strong>artes</strong></span> <span class='ocrx_word' id='word_1_569' title='bbox 329 3509 704 3566; x_wconf 89' lang='lat' dir='ltr'><strong>comparemus</strong></span> <span class='ocrx_word' id='word_1_570' title='bbox 734 3493 1033 3548; x_wconf 83' lang='lat' dir='ltr'><strong>humanas:</strong></span> <span class='ocrx_word' id='word_1_571' title='bbox 1067 3489 1182 3564; x_wconf 85' lang='lat'><strong>(59)</strong></span> <span class='ocrx_word' id='word_1_572' title='bbox 1213 3507 1334 3547; x_wconf 87' lang='lat' dir='ltr'><strong>cum</strong></span> <span class='ocrx_word' id='word_1_573' title='bbox 1367 3494 1639 3563; x_wconf 87' lang='lat' dir='ltr'><strong>pretiosus</strong></span> <span class='ocrx_word' id='word_1_574' title='bbox 1671 3495 1755 3547; x_wconf 92' lang='lat' dir='ltr'><strong>in-</strong></span> 
     </span>
    </p>
   </div>
   <div class='ocr_carea' id='block_1_66' title="bbox 156 3584 1756 3656">
    <p class='ocr_par' dir='ltr' id='par_1_66' title="bbox 156 3584 1756 3656">
     <span class='ocr_line' id='line_1_66' title="bbox 156 3584 1756 3656; baseline -0.002 -12"><span class='ocrx_word' id='word_1_575' title='bbox 156 3590 336 3646; x_wconf 85' lang='lat' dir='ltr'><strong>ﬁcitur</strong></span> <span class='ocrx_word' id='word_1_576' title='bbox 355 3588 523 3654; x_wconf 92' lang='lat' dir='ltr'><strong>color,</strong></span> <span class='ocrx_word' id='word_1_577' title='bbox 557 3594 747 3642; x_wconf 90' lang='lat' dir='ltr'><strong>natura</strong></span> <span class='ocrx_word' id='word_1_578' title='bbox 773 3601 919 3656; x_wconf 62' lang='lat' dir='ltr'><strong>saepe</strong></span> <span class='ocrx_word' id='word_1_579' title='bbox 949 3585 1304 3650; x_wconf 86' lang='lat' dir='ltr'><strong>convertitur,</strong></span> <span class='ocrx_word' id='word_1_580' title='bbox 1333 3584 1449 3656; x_wconf 84' lang='grc'>(60)</span> <span class='ocrx_word' id='word_1_581' title='bbox 1471 3585 1596 3640; x_wconf 87' lang='lat' dir='ltr'><strong>dum</strong></span> <span class='ocrx_word' id='word_1_582' title='bbox 1625 3600 1756 3641; x_wconf 92' lang='lat' dir='ltr'><strong>con-</strong></span> 
     </span>
    </p>
   </div>
   <div class='ocr_carea' id='block_1_67' title="bbox 155 3676 1754 3750">
    <p class='ocr_par' dir='ltr' id='par_1_67' title="bbox 155 3676 1754 3750">
     <span class='ocr_line' id='line_1_67' title="bbox 155 3676 1754 3750; baseline -0.003 -11"><span class='ocrx_word' id='word_1_583' title='bbox 155 3683 396 3740; x_wconf 81' lang='lat' dir='ltr'><strong>fectione</strong></span> <span class='ocrx_word' id='word_1_584' title='bbox 426 3692 446 3720; x_wconf 77' lang='grc' dir='ltr'><em>ε</em></span> <span class='ocrx_word' id='word_1_585' title='bbox 471 3681 641 3737; x_wconf 86' lang='lat' dir='ltr'><strong>vellus</strong></span> <span class='ocrx_word' id='word_1_586' title='bbox 667 3679 952 3736; x_wconf 91' lang='lat' dir='ltr'><strong>candidum</strong></span> <span class='ocrx_word' id='word_1_587' title='bbox 979 3679 1319 3750; x_wconf 91' lang='lat' dir='ltr'><strong>purpurascit</strong></span> <span class='ocrx_word' id='word_1_588' title='bbox 1349 3694 1362 3732; x_wconf 94' lang='lat'><strong>:</strong></span> <span class='ocrx_word' id='word_1_589' title='bbox 1388 3676 1503 3750; x_wconf 81' lang='grc'>(61)</span> <span class='ocrx_word' id='word_1_590' title='bbox 1532 3679 1608 3734; x_wconf 90' lang='lat' dir='ltr'><strong>sic</strong></span> <span class='ocrx_word' id='word_1_591' title='bbox 1631 3679 1754 3735; x_wconf 90' lang='lat' dir='ltr'><strong>alba</strong></span> 
     </span>
    </p>
   </div>
   <div class='ocr_carea' id='block_1_68' title="bbox 156 3769 1754 3847">
    <p class='ocr_par' dir='ltr' id='par_1_68' title="bbox 156 3769 1754 3847">
     <span class='ocr_line' id='line_1_68' title="bbox 156 3769 1754 3847; baseline -0.003 -15"><span class='ocrx_word' id='word_1_592' title='bbox 156 3777 280 3834; x_wconf 86' lang='lat' dir='ltr'><strong>lana</strong></span> <span class='ocrx_word' id='word_1_593' title='bbox 300 3775 534 3847; x_wconf 88' lang='lat' dir='ltr'><strong>regalem</strong></span> <span class='ocrx_word' id='word_1_594' title='bbox 568 3773 760 3830; x_wconf 89' lang='lat' dir='ltr'><strong>transit</strong></span> <span class='ocrx_word' id='word_1_595' title='bbox 788 3777 842 3829; x_wconf 85' lang='lat' dir='ltr'><strong>in</strong></span> <span class='ocrx_word' id='word_1_596' title='bbox 873 3787 1186 3845; x_wconf 88' lang='lat' dir='ltr'><strong>purpuram,</strong></span> <span class='ocrx_word' id='word_1_597' title='bbox 1214 3769 1332 3846; x_wconf 60' lang='grc' dir='ltr'>(δὲ)</span> <span class='ocrx_word' id='word_1_598' title='bbox 1360 3772 1632 3843; x_wconf 91' lang='lat' dir='ltr'><strong>quomodo</strong></span> <span class='ocrx_word' id='word_1_599' title='bbox 1663 3787 1754 3828; x_wconf 85' lang='lat' dir='ltr'><strong>ca-</strong></span> 
     </span>
    </p>
   </div>
   <div class='ocr_carea' id='block_1_69' title="bbox 1855 3307 3458 3394">
    <p class='ocr_par' dir='ltr' id='par_1_69' title="bbox 1855 3307 3458 3394">
     <span class='ocr_line' id='line_1_69' title="bbox 1855 3307 3458 3394; baseline 0.009 -31"><span class='ocrx_word' id='word_1_600' title='bbox 1855 3307 2106 3366; x_wconf 85' lang='lat' dir='ltr'><strong>hontines</strong></span> <span class='ocrx_word' id='word_1_601' title='bbox 2136 3319 2192 3366; x_wconf 89' lang='lat' dir='ltr'><strong>et</strong></span> <span class='ocrx_word' id='word_1_602' title='bbox 2219 3312 2452 3368; x_wconf 88' lang='lat' dir='ltr'><strong>ordinati</strong></span> <span class='ocrx_word' id='word_1_603' title='bbox 2483 3314 2754 3384; x_wconf 81' lang='lat' dir='ltr'><strong>cultores,</strong></span> <span class='ocrx_word' id='word_1_604' title='bbox 2787 3318 2914 3389; x_wconf 90' lang='lat' dir='ltr'><strong>quid</strong></span> <span class='ocrx_word' id='word_1_605' title='bbox 2940 3317 2992 3374; x_wconf 92' lang='lat' dir='ltr'><strong>in</strong></span> <span class='ocrx_word' id='word_1_606' title='bbox 3024 3318 3322 3377; x_wconf 90' lang='lat' dir='ltr'><strong>dominium</strong></span> <span class='ocrx_word' id='word_1_607' title='bbox 3366 3339 3458 3394; x_wconf 90' lang='lat' dir='ltr'><strong>pa-</strong></span> 
     </span>
    </p>
   </div>
   <div class='ocr_carea' id='block_1_70' title="bbox 1859 3402 3460 3482">
    <p class='ocr_par' dir='ltr' id='par_1_70' title="bbox 1859 3402 3460 3482">
     <span class='ocr_line' id='line_1_70' title="bbox 1859 3402 3460 3482; baseline 0.009 -26"><span class='ocrx_word' id='word_1_608' title='bbox 1859 3402 2190 3459; x_wconf 88' lang='lat' dir='ltr'><strong>trislamilias</strong></span> <span class='ocrx_word' id='word_1_609' title='bbox 2226 3403 2472 3461; x_wconf 90' lang='lat' dir='ltr'><strong>irruitis?</strong></span> <span class='ocrx_word' id='word_1_610' title='bbox 2511 3408 2641 3479; x_wconf 91' lang='lat' dir='ltr'><strong>quid</strong></span> <span class='ocrx_word' id='word_1_611' title='bbox 2683 3409 2865 3474; x_wconf 83' lang='lat' dir='ltr'><strong>vobis,</strong></span> <span class='ocrx_word' id='word_1_612' title='bbox 2896 3411 3038 3482; x_wconf 89' lang='lat' dir='ltr'><strong>quod</strong></span> <span class='ocrx_word' id='word_1_613' title='bbox 3076 3411 3168 3468; x_wconf 91' lang='lat' dir='ltr'><strong>Dei</strong></span> <span class='ocrx_word' id='word_1_614' title='bbox 3200 3422 3314 3480; x_wconf 92' lang='lat' dir='ltr'><strong>est,</strong></span> <span class='ocrx_word' id='word_1_615' title='bbox 3346 3415 3460 3470; x_wconf 88' lang='lat' dir='ltr'><strong>vin-</strong></span> 
     </span>
    </p>
   </div>
   <div class='ocr_carea' id='block_1_71' title="bbox 1857 3496 3460 3574">
    <p class='ocr_par' dir='ltr' id='par_1_71' title="bbox 1857 3496 3460 3574">
     <span class='ocr_line' id='line_1_71' title="bbox 1857 3496 3460 3574; baseline 0.007 -21"><span class='ocrx_word' id='word_1_616' title='bbox 1857 3496 2086 3553; x_wconf 85' lang='lat' dir='ltr'><strong>dicatis?</strong></span> <span class='ocrx_word' id='word_1_617' title='bbox 2136 3498 2261 3568; x_wconf 84' lang='lat' dir='ltr'><strong>quid</strong></span> <span class='ocrx_word' id='word_1_618' title='bbox 2310 3500 2472 3556; x_wconf 91' lang='lat' dir='ltr'><strong>vultis</strong></span> <span class='ocrx_word' id='word_1_619' title='bbox 2514 3511 2751 3558; x_wconf 89' lang='lat' dir='ltr'><strong>vestrum</strong></span> <span class='ocrx_word' id='word_1_620' title='bbox 2799 3519 2921 3560; x_wconf 88' lang='lat' dir='ltr'><strong>esse</strong></span> <span class='ocrx_word' id='word_1_621' title='bbox 2966 3513 3171 3574; x_wconf 86' lang='lat' dir='ltr'><strong>totum,</strong></span> <span class='ocrx_word' id='word_1_622' title='bbox 3219 3507 3310 3564; x_wconf 92' lang='lat' dir='ltr'><strong>ubi</strong></span> <span class='ocrx_word' id='word_1_623' title='bbox 3354 3523 3460 3566; x_wconf 87' lang='lat' dir='ltr'><strong>nec</strong></span> 
     </span>
    </p>
   </div>
   <div class='ocr_carea' id='block_1_72' title="bbox 1859 3591 3459 3667">
    <p class='ocr_par' dir='ltr' id='par_1_72' title="bbox 1859 3591 3459 3667">
     <span class='ocr_line' id='line_1_72' title="bbox 1859 3591 3459 3667; baseline 0.01 -23"><span class='ocrx_word' id='word_1_624' title='bbox 1859 3599 2065 3660; x_wconf 89' lang='lat' dir='ltr'><strong>partem</strong></span> <span class='ocrx_word' id='word_1_625' title='bbox 2099 3591 2299 3647; x_wconf 89' lang='lat' dir='ltr'><strong>habere</strong></span> <span class='ocrx_word' id='word_1_626' title='bbox 2330 3593 2593 3662; x_wconf 84' lang='lat' dir='ltr'><strong>potestis?</strong></span> <span class='ocrx_word' id='word_1_627' title='bbox 2624 3611 2746 3650; x_wconf 90' lang='lat' dir='ltr'><strong>nam</strong></span> <span class='ocrx_word' id='word_1_628' title='bbox 2781 3607 3000 3667; x_wconf 90' lang='lat' dir='ltr'><strong>propter</strong></span> <span class='ocrx_word' id='word_1_629' title='bbox 3031 3609 3294 3656; x_wconf 88' lang='lat' dir='ltr'><strong>tumorem</strong></span> <span class='ocrx_word' id='word_1_630' title='bbox 3338 3616 3459 3659; x_wconf 82' lang='lat' dir='ltr'><strong>ves-</strong></span> 
     </span>
    </p>
   </div>
   <div class='ocr_carea' id='block_1_73' title="bbox 1858 3683 3460 3761">
    <p class='ocr_par' dir='ltr' id='par_1_73' title="bbox 1858 3683 3460 3761">
     <span class='ocr_line' id='line_1_73' title="bbox 1858 3683 3460 3761; baseline 0.009 -25"><span class='ocrx_word' id='word_1_631' title='bbox 1858 3689 1998 3736; x_wconf 89' lang='lat' dir='ltr'><strong>trutn</strong></span> <span class='ocrx_word' id='word_1_632' title='bbox 2022 3723 2036 3747; x_wconf 96' lang='lat'><strong>,</strong></span> <span class='ocrx_word' id='word_1_633' title='bbox 2069 3697 2173 3753; x_wconf 86' lang='lat' dir='ltr'><strong>quo</strong></span> <span class='ocrx_word' id='word_1_634' title='bbox 2214 3683 2265 3737; x_wconf 93' lang='lat' dir='ltr'><strong>in</strong></span> <span class='ocrx_word' id='word_1_635' title='bbox 2305 3699 2405 3740; x_wconf 91' lang='lat' dir='ltr'><strong>nos</strong></span> <span class='ocrx_word' id='word_1_636' title='bbox 2443 3685 2832 3756; x_wconf 86' lang='lat' dir='ltr'><strong>intumescitis,</strong></span> <span class='ocrx_word' id='word_1_637' title='bbox 2872 3689 3112 3761; x_wconf 87' lang='lat' dir='ltr'><strong>increpat</strong></span> <span class='ocrx_word' id='word_1_638' title='bbox 3150 3690 3460 3750; x_wconf 87' lang='lat' dir='ltr'><strong>Corinthios</strong></span> 
     </span>
    </p>
   </div>
   <div class='ocr_carea' id='block_1_74' title="bbox 1859 3773 3460 3856">
    <p class='ocr_par' dir='ltr' id='par_1_74' title="bbox 1859 3773 3460 3856">
     <span class='ocr_line' id='line_1_74' title="bbox 1859 3773 3460 3856; baseline 0.007 -26"><span class='ocrx_word' id='word_1_639' title='bbox 1859 3773 2202 3831; x_wconf 89' lang='lat' dir='ltr'><strong>beatissimus</strong></span> <span class='ocrx_word' id='word_1_640' title='bbox 2241 3775 2440 3834; x_wconf 87' lang='lat' dir='ltr'><strong>Paulus</strong></span> <span class='ocrx_word' id='word_1_641' title='bbox 2480 3795 2493 3833; x_wconf 94' lang='lat'><strong>:</strong></span> <span class='ocrx_word' id='word_1_642' title='bbox 2536 3779 2588 3834; x_wconf 92' lang='lat' dir='ltr'><strong>in</strong></span> <span class='ocrx_word' id='word_1_643' title='bbox 2628 3794 2689 3836; x_wconf 91' lang='lat' dir='ltr'><strong>se</strong></span> <span class='ocrx_word' id='word_1_644' title='bbox 2725 3787 2782 3836; x_wconf 92' lang='lat' dir='ltr'><strong>et</strong></span> <span class='ocrx_word' id='word_1_645' title='bbox 2818 3782 3013 3853; x_wconf 85' lang='lat' dir='ltr'><strong>Apollo</strong></span> <span class='ocrx_word' id='word_1_646' title='bbox 3050 3794 3206 3841; x_wconf 91' lang='lat' dir='ltr'><strong>actus</strong></span> <span class='ocrx_word' id='word_1_647' title='bbox 3248 3793 3460 3856; x_wconf 84' lang='lat' dir='ltr'><strong>tempo-</strong></span> 
     </span>
    </p>
   </div>
   <div class='ocr_carea' id='block_1_75' title="bbox 1401 3911 2240 3975">
    <p class='ocr_par' dir='ltr' id='par_1_75' title="bbox 1401 3911 2240 3975">
     <span class='ocr_line' id='line_1_75' title="bbox 1401 3911 2240 3975; baseline 0.008 -7"><span class='ocrx_word' id='word_1_648' title='bbox 1401 3911 1784 3972; x_wconf 73' lang='lat' dir='ltr'><strong>LECTIONES</strong></span> <span class='ocrx_word' id='word_1_649' title='bbox 1824 3913 2240 3975; x_wconf 78' lang='lat' dir='ltr'><strong>VARIANTES.</strong></span> 
     </span>
    </p>
   </div>
   <div class='ocr_carea' id='block_1_76' title="bbox 220 4027 1584 4096">
    <p class='ocr_par' dir='ltr' id='par_1_76' title="bbox 220 4027 1584 4096">
     <span class='ocr_line' id='line_1_76' title="bbox 220 4027 1584 4096; baseline -0.004 -10"><span class='ocrx_word' id='word_1_650' title='bbox 220 4036 249 4065; x_wconf 73' lang='grc'>⁸</span> <span class='ocrx_word' id='word_1_651' title='bbox 284 4033 342 4086; x_wconf 86' lang='lat' dir='ltr'><strong>In</strong></span> <span class='ocrx_word' id='word_1_652' title='bbox 363 4046 483 4096; x_wconf 85' lang='lat' dir='ltr'><strong>mss.</strong></span> <span class='ocrx_word' id='word_1_653' title='bbox 498 4029 633 4096; x_wconf 19' lang='lat' dir='ltr'><strong>8.7T.</strong></span> <span class='ocrx_word' id='word_1_654' title='bbox 661 4035 716 4081; x_wconf 88' lang='lat' dir='ltr'><strong>et</strong></span> <span class='ocrx_word' id='word_1_655' title='bbox 735 4029 864 4096; x_wconf 50' lang='lat' dir='ltr'><strong>gs.</strong></span> <span class='ocrx_word' id='word_1_656' title='bbox 880 4027 975 4080; x_wconf 87' lang='lat' dir='ltr'><strong>Hic</strong></span> <span class='ocrx_word' id='word_1_657' title='bbox 995 4028 1236 4093; x_wconf 88' lang='lat' dir='ltr'><strong>adjicitur,</strong></span> <span class='ocrx_word' id='word_1_658' title='bbox 1259 4027 1584 4096; x_wconf 86' lang='lat' dir='ltr'><strong>consequitur.</strong></span> 
     </span>
    </p>
   </div>
   <div class='ocr_carea' id='block_1_77' title="bbox 217 4090 858 4147">
    <p class='ocr_par' dir='ltr' id='par_1_77' title="bbox 217 4090 858 4147">
     <span class='ocr_line' id='line_1_77' title="bbox 217 4090 858 4147; baseline -0.008 0"><span class='ocrx_word' id='word_1_659' title='bbox 217 4098 246 4137; x_wconf 66' lang='grc' dir='ltr'><strong>Β</strong></span> <span class='ocrx_word' id='word_1_660' title='bbox 277 4098 333 4147; x_wconf 91' lang='lat' dir='ltr'><strong>In</strong></span> <span class='ocrx_word' id='word_1_661' title='bbox 351 4110 440 4146; x_wconf 87' lang='lat' dir='ltr'><strong>ms.</strong></span> <span class='ocrx_word' id='word_1_662' title='bbox 467 4095 520 4145; x_wconf 91' lang='lat' dir='ltr'><strong>S.</strong></span> <span class='ocrx_word' id='word_1_663' title='bbox 545 4095 604 4145; x_wconf 88' lang='lat' dir='ltr'><strong>G.</strong></span> <span class='ocrx_word' id='word_1_664' title='bbox 628 4090 858 4144; x_wconf 78' lang='lat' dir='ltr'><strong>credidit.</strong></span> 
     </span>
    </p>
   </div>
   <div class='ocr_carea' id='block_1_78' title="bbox 219 4152 1759 4221">
    <p class='ocr_par' dir='ltr' id='par_1_78' title="bbox 219 4152 1759 4221">
     <span class='ocr_line' id='line_1_78' title="bbox 219 4152 1759 4221; baseline -0.003 -11"><span class='ocrx_word' id='word_1_665' title='bbox 219 4164 244 4193; x_wconf 69' lang='grc' dir='ltr'><strong>θ</strong></span> <span class='ocrx_word' id='word_1_666' title='bbox 270 4160 348 4210; x_wconf 90' lang='lat' dir='ltr'><strong>Ita</strong></span> <span class='ocrx_word' id='word_1_667' title='bbox 387 4160 437 4209; x_wconf 88' lang='lat' dir='ltr'><strong>in</strong></span> <span class='ocrx_word' id='word_1_668' title='bbox 479 4171 597 4209; x_wconf 87' lang='lat' dir='ltr'><strong>mss.</strong></span> <span class='ocrx_word' id='word_1_669' title='bbox 642 4157 698 4208; x_wconf 88' lang='lat' dir='ltr'><strong>S.</strong></span> <span class='ocrx_word' id='word_1_670' title='bbox 741 4155 803 4208; x_wconf 87' lang='lat' dir='ltr'><strong>T.</strong></span> <span class='ocrx_word' id='word_1_671' title='bbox 845 4161 900 4206; x_wconf 89' lang='lat' dir='ltr'><strong>et</strong></span> <span class='ocrx_word' id='word_1_672' title='bbox 941 4155 996 4206; x_wconf 89' lang='lat' dir='ltr'><strong>S.</strong></span> <span class='ocrx_word' id='word_1_673' title='bbox 1045 4153 1104 4206; x_wconf 86' lang='lat' dir='ltr'><strong>G.</strong></span> <span class='ocrx_word' id='word_1_674' title='bbox 1150 4152 1278 4205; x_wconf 81' lang='lat' dir='ltr'><strong>Male</strong></span> <span class='ocrx_word' id='word_1_675' title='bbox 1323 4155 1374 4205; x_wconf 85' lang='lat' dir='ltr'><strong>in</strong></span> <span class='ocrx_word' id='word_1_676' title='bbox 1415 4154 1593 4221; x_wconf 85' lang='lat' dir='ltr'><strong>editis,</strong></span> <span class='ocrx_word' id='word_1_677' title='bbox 1643 4168 1759 4208; x_wconf 88' lang='lat' dir='ltr'><strong>con-</strong></span> 
     </span>
    </p>
   </div>
   <div class='ocr_carea' id='block_1_79' title="bbox 151 4222 391 4277">
    <p class='ocr_par' dir='ltr' id='par_1_79' title="bbox 151 4222 391 4277">
     <span class='ocr_line' id='line_1_79' title="bbox 151 4222 391 4277; baseline -0.021 0"><span class='ocrx_word' id='word_1_678' title='bbox 151 4222 391 4277; x_wconf 81' lang='lat' dir='ltr'><strong>vectione.</strong></span> 
     </span>
    </p>
   </div>
   <div class='ocr_carea' id='block_1_80' title="bbox 1929 4029 2556 4100">
    <p class='ocr_par' dir='ltr' id='par_1_80' title="bbox 1929 4029 2556 4100">
     <span class='ocr_line' id='line_1_80' title="bbox 1929 4029 2556 4100; baseline 0.013 -20"><span class='ocrx_word' id='word_1_679' title='bbox 1929 4029 1958 4100; x_wconf 57' lang='grc' dir='ltr'>(ξ</span> <span class='ocrx_word' id='word_1_680' title='bbox 1981 4030 2036 4100; x_wconf 63' lang='grc' dir='ltr'><strong>[η</strong></span> <span class='ocrx_word' id='word_1_681' title='bbox 2055 4046 2143 4082; x_wconf 86' lang='lat' dir='ltr'><strong>ms.</strong></span> <span class='ocrx_word' id='word_1_682' title='bbox 2162 4033 2218 4100; x_wconf 63' lang='grc' dir='ltr'>β.</span> <span class='ocrx_word' id='word_1_683' title='bbox 2243 4033 2300 4085; x_wconf 90' lang='grc' dir='ltr'><strong>Τ.</strong></span> <span class='ocrx_word' id='word_1_684' title='bbox 2325 4033 2556 4100; x_wconf 78' lang='lat' dir='ltr'><strong>infidelis.</strong></span> 
     </span>
    </p>
   </div>
   <div class='ocr_carea' id='block_1_81' title="bbox 1930 4095 3393 4156">
    <p class='ocr_par' dir='ltr' id='par_1_81' title="bbox 1930 4095 3393 4156">
     <span class='ocr_line' id='line_1_81' title="bbox 1930 4095 3393 4156; baseline 0.01 -13"><span class='ocrx_word' id='word_1_685' title='bbox 1930 4096 1954 4156; x_wconf 54' lang='grc' dir='ltr'><strong>ἓ</strong></span> <span class='ocrx_word' id='word_1_686' title='bbox 1977 4095 2136 4145; x_wconf 86' lang='lat' dir='ltr'><strong>Deest</strong></span> <span class='ocrx_word' id='word_1_687' title='bbox 2159 4097 2252 4148; x_wconf 82' lang='lat' dir='ltr'><strong>ista</strong></span> <span class='ocrx_word' id='word_1_688' title='bbox 2276 4095 2443 4149; x_wconf 69' lang='lat' dir='ltr'><strong>vox&#39;in</strong></span> <span class='ocrx_word' id='word_1_689' title='bbox 2465 4114 2554 4151; x_wconf 86' lang='lat' dir='ltr'><strong>ms.</strong></span> <span class='ocrx_word' id='word_1_690' title='bbox 2582 4100 2634 4148; x_wconf 83' lang='lat' dir='ltr'><strong>S.</strong></span> <span class='ocrx_word' id='word_1_691' title='bbox 2650 4099 2707 4152; x_wconf 91' lang='lat' dir='ltr'><strong>T.</strong></span> <span class='ocrx_word' id='word_1_692' title='bbox 2727 4101 2818 4151; x_wconf 87' lang='lat' dir='ltr'><strong>sed</strong></span> <span class='ocrx_word' id='word_1_693' title='bbox 2842 4101 3052 4155; x_wconf 90' lang='lat' dir='ltr'><strong>habetur</strong></span> <span class='ocrx_word' id='word_1_694' title='bbox 3075 4105 3123 4153; x_wconf 91' lang='lat' dir='ltr'><strong>in</strong></span> <span class='ocrx_word' id='word_1_695' title='bbox 3144 4116 3235 4155; x_wconf 90' lang='lat' dir='ltr'><strong>ms.</strong></span> <span class='ocrx_word' id='word_1_696' title='bbox 3256 4105 3309 4156; x_wconf 92' lang='lat' dir='ltr'><strong>S.</strong></span> <span class='ocrx_word' id='word_1_697' title='bbox 3333 4105 3393 4156; x_wconf 90' lang='lat' dir='ltr'><strong>G.</strong></span> 
     </span>
    </p>
   </div>
   <div class='ocr_carea' id='block_1_82' title="bbox 1932 4155 3457 4233">
    <p class='ocr_par' dir='ltr' id='par_1_82' title="bbox 1932 4155 3457 4233">
     <span class='ocr_line' id='line_1_82' title="bbox 1932 4155 3457 4233; baseline 0.009 -26"><span class='ocrx_word' id='word_1_698' title='bbox 1932 4155 2216 4233; x_wconf 43' lang='lat' dir='ltr'><strong>fnSu‘ppleta</strong></span> <span class='ocrx_word' id='word_1_699' title='bbox 2235 4162 2478 4233; x_wconf 37' lang='lat' dir='ltr'><strong>sunt-hmo</strong></span> <span class='ocrx_word' id='word_1_700' title='bbox 2499 4176 2674 4233; x_wconf 86' lang='lat' dir='ltr'><strong>ex__m_s.</strong></span> <span class='ocrx_word' id='word_1_701' title='bbox 2697 4164 2753 4216; x_wconf 91' lang='lat' dir='ltr'><strong>S.</strong></span> <span class='ocrx_word' id='word_1_702' title='bbox 2779 4164 2840 4216; x_wconf 87' lang='lat' dir='ltr'><strong>G.</strong></span> <span class='ocrx_word' id='word_1_703' title='bbox 2865 4179 2974 4229; x_wconf 67' lang='lat' dir='ltr'><strong>quas</strong></span> <span class='ocrx_word' id='word_1_704' title='bbox 2993 4167 3176 4219; x_wconf 86' lang='lat' dir='ltr'><strong>desunt</strong></span> <span class='ocrx_word' id='word_1_705' title='bbox 3193 4169 3242 4219; x_wconf 91' lang='lat' dir='ltr'><strong>in</strong></span> 
     </span>
    </p>
   </div>
   <div class='ocr_carea' id='block_1_83' title="bbox 1865 4217 2678 4289">
    <p class='ocr_par' dir='ltr' id='par_1_83' title="bbox 1865 4217 2678 4289">
     <span class='ocr_line' id='line_1_83' title="bbox 1865 4217 2678 4289; baseline 0.009 -19"><span class='ocrx_word' id='word_1_706' title='bbox 1865 4217 1926 4270; x_wconf 90' lang='lat' dir='ltr'><strong>T.</strong></span> <span class='ocrx_word' id='word_1_707' title='bbox 1945 4219 2001 4270; x_wconf 91' lang='lat' dir='ltr'><strong>P.</strong></span> <span class='ocrx_word' id='word_1_708' title='bbox 2027 4217 2157 4272; x_wconf 61' lang='lat' dir='ltr'><strong>Sl&#39;et</strong></span> <span class='ocrx_word' id='word_1_709' title='bbox 2172 4223 2226 4272; x_wconf 88' lang='lat' dir='ltr'><strong>in</strong></span> <span class='ocrx_word' id='word_1_710' title='bbox 2245 4223 2497 4289; x_wconf 86' lang='lat' dir='ltr'><strong>plerisque</strong></span> <span class='ocrx_word' id='word_1_711' title='bbox 2517 4225 2678 4278; x_wconf 90' lang='lat' dir='ltr'><strong>editis.</strong></span> 
     </span>
    </p>
   </div>
   <div class='ocr_carea' id='block_1_84' title="bbox 1500 4323 2134 4385">
    <p class='ocr_par' dir='ltr' id='par_1_84' title="bbox 1500 4323 2134 4385">
     <span class='ocr_line' id='line_1_84' title="bbox 1500 4323 2134 4385; baseline 0.008 -6"><span class='ocrx_word' id='word_1_712' title='bbox 1500 4323 1863 4384; x_wconf 79' lang='lat' dir='ltr'><strong>VARIORUM.</strong></span> <span class='ocrx_word' id='word_1_713' title='bbox 1901 4326 2134 4385; x_wconf 70' lang='lat' dir='ltr'><strong>NOTAE.</strong></span> 
     </span>
    </p>
   </div>
   <div class='ocr_carea' id='block_1_85' title="bbox 228 4437 1754 4523">
    <p class='ocr_par' dir='ltr' id='par_1_85' title="bbox 228 4437 1754 4523">
     <span class='ocr_line' id='line_1_85' title="bbox 228 4437 1754 4523; baseline -0.009 -15"><span class='ocrx_word' id='word_1_714' title='bbox 228 4449 352 4523; x_wconf 80' lang='lat'><strong>(56)</strong></span> <span class='ocrx_word' id='word_1_715' title='bbox 379 4445 601 4523; x_wconf 79' lang='lat' dir='ltr'><strong>Probate</strong></span> <span class='ocrx_word' id='word_1_716' title='bbox 624 4442 880 4523; x_wconf 72' lang='lat' dir='ltr'><strong>Joannem</strong></span> <span class='ocrx_word' id='word_1_717' title='bbox 925 4440 1184 4523; x_wconf 80' lang='lat' dir='ltr'><strong>habuisse.</strong></span> <span class='ocrx_word' id='word_1_718' title='bbox 1237 4437 1466 4523; x_wconf 72' lang='lat' dir='ltr'><strong>Probate</strong></span> <span class='ocrx_word' id='word_1_719' title='bbox 1493 4438 1754 4494; x_wconf 89' lang='lat' dir='ltr'><strong>Joannem</strong></span> 
     </span>
    </p>
   </div>
   <div class='ocr_carea' id='block_1_86' title="bbox 150 4513 1597 4592">
    <p class='ocr_par' dir='ltr' id='par_1_86' title="bbox 150 4513 1597 4592">
     <span class='ocr_line' id='line_1_86' title="bbox 150 4513 1597 4592; baseline -0.012 -13"><span class='ocrx_word' id='word_1_720' title='bbox 150 4513 416 4592; x_wconf 73' lang='lat' dir='ltr'><strong>habuisse</strong></span> <span class='ocrx_word' id='word_1_721' title='bbox 442 4517 814 4592; x_wconf 80' lang='lat' dir='ltr'><strong>remissionem</strong></span> <span class='ocrx_word' id='word_1_722' title='bbox 837 4513 1482 4592; x_wconf 41' lang='lat' dir='ltr'><strong>peccatorum..A_Ln.t.se.-</strong></span> <span class='ocrx_word' id='word_1_723' title='bbox 1525 4582 1548 4592; x_wconf 75' lang='lat'>_</span> <span class='ocrx_word' id='word_1_724' title='bbox 1585 4581 1597 4592; x_wconf 42' lang='grc'><strong><em>⁸</em></strong></span> 
     </span>
    </p>
   </div>
   <div class='ocr_carea' id='block_1_87' title="bbox 230 4581 1760 4665">
    <p class='ocr_par' dir='ltr' id='par_1_87' title="bbox 230 4581 1760 4665">
     <span class='ocr_line' id='line_1_87' title="bbox 230 4581 1760 4665; baseline -0.01 -16"><span class='ocrx_word' id='word_1_725' title='bbox 230 4594 353 4665; x_wconf 73' lang='lat'><strong>(57)</strong></span> <span class='ocrx_word' id='word_1_726' title='bbox 382 4589 485 4665; x_wconf 84' lang='lat' dir='ltr'><strong>Illo</strong></span> <span class='ocrx_word' id='word_1_727' title='bbox 508 4597 746 4661; x_wconf 86' lang='lat' dir='ltr'><strong>aperante</strong></span> <span class='ocrx_word' id='word_1_728' title='bbox 771 4581 922 4665; x_wconf 80' lang='lat' dir='ltr'><strong>dabat</strong></span> <span class='ocrx_word' id='word_1_729' title='bbox 941 4582 1228 4665; x_wconf 38' lang='lat' dir='ltr'><strong>_Deu.s,.q_ui_</strong></span> <span class='ocrx_word' id='word_1_730' title='bbox 1247 4581 1419 4665; x_wconf 86' lang='lat' dir='ltr'><strong>dando</strong></span> <span class='ocrx_word' id='word_1_731' title='bbox 1447 4581 1637 4665; x_wconf 78' lang='lat' dir='ltr'><strong>deﬁcit.</strong></span> <span class='ocrx_word' id='word_1_732' title='bbox 1654 4581 1760 4665; x_wconf 77' lang='lat' dir='ltr'><strong>[tn-</strong></span> 
     </span>
    </p>
   </div>
   <div class='ocr_carea' id='block_1_88' title="bbox 150 4652 1761 4738">
    <p class='ocr_par' dir='ltr' id='par_1_88' title="bbox 150 4652 1761 4738">
     <span class='ocr_line' id='line_1_88' title="bbox 150 4652 1761 4738; baseline -0.007 -20"><span class='ocrx_word' id='word_1_733' title='bbox 150 4652 247 4738; x_wconf 73' lang='lat' dir='ltr'><strong>pia</strong></span> <span class='ocrx_word' id='word_1_734' title='bbox 273 4652 443 4738; x_wconf 68' lang='lat' dir='ltr'><strong>plane</strong></span> <span class='ocrx_word' id='word_1_735' title='bbox 467 4652 579 4738; x_wconf 61' lang='lat' dir='ltr'><strong>huic</strong></span> <span class='ocrx_word' id='word_1_736' title='bbox 608 4669 692 4715; x_wconf 91' lang='lat' dir='ltr'><strong>est</strong></span> <span class='ocrx_word' id='word_1_737' title='bbox 721 4657 992 4738; x_wconf 75' lang='lat' dir='ltr'><strong>sententia</strong></span> <span class='ocrx_word' id='word_1_738' title='bbox 1023 4652 1604 4738; x_wconf 20' lang='lat' dir='ltr'><strong>nisiJinterprelatipne</strong></span> <span class='ocrx_word' id='word_1_739' title='bbox 1631 4652 1761 4738; x_wconf 54' lang='lat' dir='ltr'><strong>stib-</strong></span> 
     </span>
    </p>
   </div>
   <div class='ocr_carea' id='block_1_89' title="bbox 147 4723 1763 4807">
    <p class='ocr_par' dir='ltr' id='par_1_89' title="bbox 147 4723 1763 4807">
     <span class='ocr_line' id='line_1_89' title="bbox 147 4723 1763 4807; baseline -0.008 -14"><span class='ocrx_word' id='word_1_740' title='bbox 147 4723 368 4793; x_wconf 63' lang='lat' dir='ltr'><strong>i&#39;eni&#39;as.</strong></span> <span class='ocrx_word' id='word_1_741' title='bbox 399 4731 641 4807; x_wconf 70' lang='lat' dir='ltr'><strong>Deﬁcere</strong></span> <span class='ocrx_word' id='word_1_742' title='bbox 678 4744 807 4807; x_wconf 81' lang='lat' dir='ltr'><strong>ergo</strong></span> <span class='ocrx_word' id='word_1_743' title='bbox 853 4727 1024 4782; x_wconf 87' lang='lat' dir='ltr'><strong>dando</strong></span> <span class='ocrx_word' id='word_1_744' title='bbox 1069 4735 1182 4807; x_wconf 62' lang='lat' dir='ltr'><strong>est,</strong></span> <span class='ocrx_word' id='word_1_745' title='bbox 1216 4723 1432 4807; x_wconf 82' lang='lat' dir='ltr'><strong>_cessare</strong></span> <span class='ocrx_word' id='word_1_746' title='bbox 1479 4724 1623 4807; x_wconf 86' lang='lat' dir='ltr'><strong>dare.</strong></span> <span class='ocrx_word' id='word_1_747' title='bbox 1656 4723 1763 4807; x_wconf 42' lang='lat' dir='ltr'><strong>.Sic</strong></span> 
     </span>
    </p>
   </div>
   <div class='ocr_carea' id='block_1_90' title="bbox 147 4796 1759 4870">
    <p class='ocr_par' dir='ltr' id='par_1_90' title="bbox 147 4796 1759 4870">
     <span class='ocr_line' id='line_1_90' title="bbox 147 4796 1759 4870; baseline -0.009 -7"><span class='ocrx_word' id='word_1_748' title='bbox 147 4822 360 4864; x_wconf 83' lang='lat' dir='ltr'><strong>cessare</strong></span> <span class='ocrx_word' id='word_1_749' title='bbox 390 4796 561 4859; x_wconf 74' lang='lat' dir='ltr'><strong>dando</strong></span> <span class='ocrx_word' id='word_1_750' title='bbox 591 4796 764 4866; x_wconf 58' lang='lat' dir='ltr'><strong>dicit;</strong></span> <span class='ocrx_word' id='word_1_751' title='bbox 791 4815 900 4855; x_wconf 93' lang='lat' dir='ltr'><strong>non</strong></span> <span class='ocrx_word' id='word_1_752' title='bbox 948 4797 1092 4870; x_wconf 89' lang='lat' dir='ltr'><strong>quod</strong></span> <span class='ocrx_word' id='word_1_753' title='bbox 1139 4796 1413 4870; x_wconf 83' lang='lat' dir='ltr'><strong>defectum</strong></span> <span class='ocrx_word' id='word_1_754' title='bbox 1465 4796 1721 4867; x_wconf 79' lang='lat' dir='ltr'><strong>potentia:</strong></span> <span class='ocrx_word' id='word_1_755' title='bbox 1743 4835 1759 4864; x_wconf 92' lang='lat'><strong>,</strong></span> 
     </span>
    </p>
   </div>
   <div class='ocr_carea' id='block_1_91' title="bbox 147 4869 1464 4940">
    <p class='ocr_par' dir='ltr' id='par_1_91' title="bbox 147 4869 1464 4940">
     <span class='ocr_line' id='line_1_91' title="bbox 147 4869 1464 4940; baseline -0.011 -4"><span class='ocrx_word' id='word_1_756' title='bbox 147 4880 249 4936; x_wconf 86' lang='lat' dir='ltr'><strong>sed</strong></span> <span class='ocrx_word' id='word_1_757' title='bbox 283 4876 578 4932; x_wconf 81' lang='lat' dir='ltr'><strong>voluntatis</strong></span> <span class='ocrx_word' id='word_1_758' title='bbox 610 4873 662 4926; x_wconf 92' lang='lat' dir='ltr'><strong>in</strong></span> <span class='ocrx_word' id='word_1_759' title='bbox 685 4881 908 4928; x_wconf 84' lang='lat' dir='ltr'><strong>auctore</strong></span> <span class='ocrx_word' id='word_1_760' title='bbox 935 4878 1215 4940; x_wconf 87' lang='lat' dir='ltr'><strong>agnoscat.</strong></span> <span class='ocrx_word' id='word_1_761' title='bbox 1246 4869 1464 4924; x_wconf 75' lang='lat' dir='ltr'><strong>Incan&#39;r.</strong></span> 
     </span>
    </p>
   </div>
   <div class='ocr_carea' id='block_1_92' title="bbox 227 4941 1764 5020">
    <p class='ocr_par' dir='ltr' id='par_1_92' title="bbox 227 4941 1764 5020">
     <span class='ocr_line' id='line_1_92' title="bbox 227 4941 1764 5020; baseline -0.007 -15"><span class='ocrx_word' id='word_1_762' title='bbox 227 4948 351 5020; x_wconf 77' lang='lat'><strong>(58)</strong></span> <span class='ocrx_word' id='word_1_763' title='bbox 377 4947 445 5001; x_wconf 85' lang='lat' dir='ltr'><strong>In</strong></span> <span class='ocrx_word' id='word_1_764' title='bbox 473 4944 668 5000; x_wconf 83' lang='lat' dir='ltr'><strong>artibus</strong></span> <span class='ocrx_word' id='word_1_765' title='bbox 695 4944 826 5000; x_wconf 82' lang='lat' dir='ltr'><strong>suis.</strong></span> <span class='ocrx_word' id='word_1_766' title='bbox 853 4941 1104 5020; x_wconf 78' lang='lat' dir='ltr'><strong>Colores,</strong></span> <span class='ocrx_word' id='word_1_767' title='bbox 1131 4941 1764 5020; x_wconf 12' lang='lat' dir='ltr'><strong>nonhomines,rmutant</strong></span> 
     </span>
    </p>
   </div>
   <div class='ocr_carea' id='block_1_93' title="bbox 147 4995 1762 5087">
    <p class='ocr_par' dir='ltr' id='par_1_93' title="bbox 147 4995 1762 5087">
     <span class='ocr_line' id='line_1_93' title="bbox 147 4995 1762 5087; baseline -0.009 -8"><span class='ocrx_word' id='word_1_768' title='bbox 147 4995 349 5085; x_wconf 71' lang='grc' dir='ltr'><strong>ιτπῖςῖςῖ</strong></span> <span class='ocrx_word' id='word_1_769' title='bbox 475 4995 1400 5087; x_wconf 36' lang='lat' dir='ltr'><strong>aqua,nonpcrsona&#39;baptizantis,</strong></span> <span class='ocrx_word' id='word_1_770' title='bbox 1432 4995 1602 5066; x_wconf 81' lang='lat' dir='ltr'><strong>mutat</strong></span> <span class='ocrx_word' id='word_1_771' title='bbox 1626 5011 1762 5082; x_wconf 91' lang='lat' dir='ltr'><strong>bap-</strong></span> 
     </span>
    </p>
   </div>
   <div class='ocr_carea' id='block_1_94' title="bbox 150 5092 665 5149">
    <p class='ocr_par' dir='ltr' id='par_1_94' title="bbox 150 5092 665 5149">
     <span class='ocr_line' id='line_1_94' title="bbox 150 5092 665 5149; baseline -0.016 0"><span class='ocrx_word' id='word_1_772' title='bbox 150 5097 404 5149; x_wconf 88' lang='lat' dir='ltr'><strong>tizatum.</strong></span> <span class='ocrx_word' id='word_1_773' title='bbox 439 5092 665 5144; x_wconf 68' lang='lat' dir='ltr'><strong>Aunse.</strong></span> 
     </span>
    </p>
   </div>
   <div class='ocr_carea' id='block_1_95' title="bbox 227 5153 1755 5236">
    <p class='ocr_par' dir='ltr' id='par_1_95' title="bbox 227 5153 1755 5236">
     <span class='ocr_line' id='line_1_95' title="bbox 227 5153 1755 5236; baseline -0.005 -20"><span class='ocrx_word' id='word_1_774' title='bbox 227 5163 352 5233; x_wconf 84' lang='lat'><strong>(59)</strong></span> <span class='ocrx_word' id='word_1_775' title='bbox 379 5160 519 5236; x_wconf 75' lang='lat' dir='ltr'><strong>Cum</strong></span> <span class='ocrx_word' id='word_1_776' title='bbox 534 5159 785 5231; x_wconf 85' lang='lat' dir='ltr'><strong>pretiosus</strong></span> <span class='ocrx_word' id='word_1_777' title='bbox 811 5156 1043 5236; x_wconf 73' lang='lat' dir='ltr'><strong>inficitur</strong></span> <span class='ocrx_word' id='word_1_778' title='bbox 1072 5154 1214 5236; x_wconf 71' lang='lat' dir='ltr'><strong>color</strong></span> <span class='ocrx_word' id='word_1_779' title='bbox 1230 5195 1245 5216; x_wconf 91' lang='lat'><strong>,</strong></span> <span class='ocrx_word' id='word_1_780' title='bbox 1262 5161 1369 5236; x_wconf 66' lang='lat' dir='ltr'><strong>etc.</strong></span> <span class='ocrx_word' id='word_1_781' title='bbox 1391 5153 1509 5236; x_wconf 83' lang='lat' dir='ltr'><strong>_Pro</strong></span> <span class='ocrx_word' id='word_1_782' title='bbox 1547 5169 1755 5236; x_wconf 64' lang='lat' dir='ltr'><strong>conule</strong></span> 
     </span>
    </p>
   </div>
   <div class='ocr_carea' id='block_1_96' title="bbox 150 5225 1757 5303">
    <p class='ocr_par' dir='ltr' id='par_1_96' title="bbox 150 5225 1757 5303">
     <span class='ocr_line' id='line_1_96' title="bbox 150 5225 1757 5303; baseline -0.007 -12"><span class='ocrx_word' id='word_1_783' title='bbox 150 5225 297 5292; x_wconf 78' lang='lat' dir='ltr'><strong>tione</strong></span> <span class='ocrx_word' id='word_1_784' title='bbox 331 5225 614 5303; x_wconf 52' lang='lat' dir='ltr'><strong>legendum</strong></span> <span class='ocrx_word' id='word_1_785' title='bbox 654 5244 776 5303; x_wconf 81' lang='lat' dir='ltr'><strong>esse</strong></span> <span class='ocrx_word' id='word_1_786' title='bbox 821 5227 1135 5298; x_wconf 81' lang='lat' dir='ltr'><strong>confectione</strong></span> <span class='ocrx_word' id='word_1_787' title='bbox 1173 5225 1757 5303; x_wconf 76' lang='lat' dir='ltr'><strong>jatn_pridetn__monuit</strong></span> 
     </span>
    </p>
   </div>
   <div class='ocr_carea' id='block_1_97' title="bbox 150 5295 1752 5377">
    <p class='ocr_par' dir='ltr' id='par_1_97' title="bbox 150 5295 1752 5377">
     <span class='ocr_line' id='line_1_97' title="bbox 150 5295 1752 5377; baseline -0.009 -13"><span class='ocrx_word' id='word_1_788' title='bbox 150 5295 482 5377; x_wconf 71' lang='lat' dir='ltr'><strong>Radulplius</strong></span> <span class='ocrx_word' id='word_1_789' title='bbox 511 5299 842 5377; x_wconf 77' lang='lat' dir='ltr'><strong>Fornierius,</strong></span> <span class='ocrx_word' id='word_1_790' title='bbox 877 5295 1450 5377; x_wconf 73' lang='lat' dir='ltr'><strong>rerumquotidianar.</strong></span> <span class='ocrx_word' id='word_1_791' title='bbox 1480 5296 1570 5350; x_wconf 90' lang='lat' dir='ltr'><strong>lib.</strong></span> <span class='ocrx_word' id='word_1_792' title='bbox 1601 5311 1669 5358; x_wconf 88' lang='lat' dir='ltr'><strong>tt.</strong></span> <span class='ocrx_word' id='word_1_793' title='bbox 1702 5311 1752 5377; x_wconf 69' lang='grc' dir='ltr'>ς.</span> 
     </span>
    </p>
   </div>
   <div class='ocr_carea' id='block_1_98' title="bbox 151 5368 1756 5450">
    <p class='ocr_par' dir='ltr' id='par_1_98' title="bbox 151 5368 1756 5450">
     <span class='ocr_line' id='line_1_98' title="bbox 151 5368 1756 5450; baseline -0.007 -16"><span class='ocrx_word' id='word_1_794' title='bbox 151 5381 210 5436; x_wconf 83' lang='grc'>6.</span> <span class='ocrx_word' id='word_1_795' title='bbox 240 5368 402 5444; x_wconf 77' lang='lat' dir='ltr'><strong>Quod</strong></span> <span class='ocrx_word' id='word_1_796' title='bbox 429 5375 530 5430; x_wconf 90' lang='lat' dir='ltr'><strong>etsi</strong></span> <span class='ocrx_word' id='word_1_797' title='bbox 551 5372 905 5450; x_wconf 74' lang='lat' dir='ltr'><strong>improprium</strong></span> <span class='ocrx_word' id='word_1_798' title='bbox 935 5371 1004 5450; x_wconf 77' lang='lat' dir='ltr'><strong>sit</strong></span> <span class='ocrx_word' id='word_1_799' title='bbox 1024 5412 1040 5438; x_wconf 94' lang='lat'><strong>,</strong></span> <span class='ocrx_word' id='word_1_800' title='bbox 1058 5368 1206 5450; x_wconf 59' lang='lat' dir='ltr'><strong>inﬁci</strong></span> <span class='ocrx_word' id='word_1_801' title='bbox 1229 5368 1526 5450; x_wconf 0' lang='lat' dir='ltr'><strong>(enim‘la‘na.</strong></span> <span class='ocrx_word' id='word_1_802' title='bbox 1540 5368 1756 5450; x_wconf 82' lang='lat' dir='ltr'><strong>proprie</strong></span> 
     </span>
    </p>
   </div>
   <div class='ocr_carea' id='block_1_99' title="bbox 151 5438 1754 5521">
    <p class='ocr_par' dir='ltr' id='par_1_99' title="bbox 151 5438 1754 5521">
     <span class='ocr_line' id='line_1_99' title="bbox 151 5438 1754 5521; baseline -0.009 -15"><span class='ocrx_word' id='word_1_803' title='bbox 151 5438 380 5512; x_wconf 55' lang='lat' dir='ltr'><strong>dicitur,</strong></span> <span class='ocrx_word' id='word_1_804' title='bbox 421 5462 530 5521; x_wconf 81' lang='lat' dir='ltr'><strong>non</strong></span> <span class='ocrx_word' id='word_1_805' title='bbox 580 5438 765 5513; x_wconf 75' lang='lat' dir='ltr'><strong>conﬁci</strong></span> <span class='ocrx_word' id='word_1_806' title='bbox 787 5485 802 5508; x_wconf 89' lang='lat'><strong>,</strong></span> <span class='ocrx_word' id='word_1_807' title='bbox 834 5440 975 5510; x_wconf 92' lang='lat' dir='ltr'><strong>quod</strong></span> <span class='ocrx_word' id='word_1_808' title='bbox 1021 5439 1166 5521; x_wconf 90' lang='lat' dir='ltr'><strong>aliud</strong></span> <span class='ocrx_word' id='word_1_809' title='bbox 1196 5440 1280 5494; x_wconf 83' lang='lat' dir='ltr'><strong>est</strong></span> <span class='ocrx_word' id='word_1_810' title='bbox 1309 5457 1322 5492; x_wconf 92' lang='lat'><strong>:</strong></span> <span class='ocrx_word' id='word_1_811' title='bbox 1351 5438 1528 5508; x_wconf 86' lang='lat' dir='ltr'><strong>Optati</strong></span> <span class='ocrx_word' id='word_1_812' title='bbox 1575 5446 1754 5521; x_wconf 68' lang='lat' dir='ltr'><strong>tamen</strong></span> 
     </span>
    </p>
   </div>
   <div class='ocr_carea' id='block_1_100' title="bbox 151 5515 1755 5592">
    <p class='ocr_par' dir='ltr' id='par_1_100' title="bbox 151 5515 1755 5592">
     <span class='ocr_line' id='line_1_100' title="bbox 151 5515 1755 5592; baseline -0.009 -13"><span class='ocrx_word' id='word_1_813' title='bbox 151 5536 282 5579; x_wconf 84' lang='lat' dir='ltr'><strong>esse</strong></span> <span class='ocrx_word' id='word_1_814' title='bbox 303 5515 665 5575; x_wconf 87' lang='lat' dir='ltr'><strong>certissimum</strong></span> <span class='ocrx_word' id='word_1_815' title='bbox 695 5521 820 5592; x_wconf 87' lang='lat' dir='ltr'><strong>est_._</strong></span> <span class='ocrx_word' id='word_1_816' title='bbox 838 5527 962 5569; x_wconf 90' lang='lat' dir='ltr'><strong>cum</strong></span> <span class='ocrx_word' id='word_1_817' title='bbox 1005 5520 1191 5592; x_wconf 85' lang='lat' dir='ltr'><strong>postea</strong></span> <span class='ocrx_word' id='word_1_818' title='bbox 1222 5524 1436 5592; x_wconf 82' lang='lat' dir='ltr'><strong>quoque</strong></span> <span class='ocrx_word' id='word_1_819' title='bbox 1451 5515 1645 5592; x_wconf 81' lang='lat' dir='ltr'><strong>paucis</strong></span> <span class='ocrx_word' id='word_1_820' title='bbox 1673 5515 1755 5592; x_wconf 71' lang='lat' dir='ltr'><strong>in-</strong></span> 
     </span>
    </p>
   </div>
   <div class='ocr_carea' id='block_1_101' title="bbox 151 5580 1753 5660">
    <p class='ocr_par' dir='ltr' id='par_1_101' title="bbox 151 5580 1753 5660">
     <span class='ocr_line' id='line_1_101' title="bbox 151 5580 1753 5660; baseline -0.009 -11"><span class='ocrx_word' id='word_1_821' title='bbox 151 5592 407 5660; x_wconf 78' lang='lat' dir='ltr'><strong>teriectis</strong></span> <span class='ocrx_word' id='word_1_822' title='bbox 436 5595 728 5660; x_wconf 82' lang='lat' dir='ltr'><strong>repetatur.</strong></span> <span class='ocrx_word' id='word_1_823' title='bbox 777 5583 970 5660; x_wconf 46' lang='lat' dir='ltr'><strong>Totnum</strong></span> <span class='ocrx_word' id='word_1_824' title='bbox 1017 5590 1195 5660; x_wconf 82' lang='lat' dir='ltr'><strong>autem</strong></span> <span class='ocrx_word' id='word_1_825' title='bbox 1242 5580 1420 5660; x_wconf 34' lang='lat' dir='ltr'><strong>hunc-</strong></span> <span class='ocrx_word' id='word_1_826' title='bbox 1451 5580 1628 5660; x_wconf 76' lang='lat' dir='ltr'><strong>locum</strong></span> <span class='ocrx_word' id='word_1_827' title='bbox 1657 5582 1753 5660; x_wconf 37' lang='lat' dir='ltr'><strong>.ita</strong></span> 
     </span>
    </p>
   </div>
   <div class='ocr_carea' id='block_1_102' title="bbox 151 5652 1753 5737">
    <p class='ocr_par' dir='ltr' id='par_1_102' title="bbox 151 5652 1753 5737">
     <span class='ocr_line' id='line_1_102' title="bbox 151 5652 1753 5737; baseline -0.008 -19"><span class='ocrx_word' id='word_1_828' title='bbox 151 5652 293 5737; x_wconf 73' lang='lat' dir='ltr'><strong>puto</strong></span> <span class='ocrx_word' id='word_1_829' title='bbox 327 5652 803 5737; x_wconf 73' lang='lat' dir='ltr'><strong>distinguendum:</strong></span> <span class='ocrx_word' id='word_1_830' title='bbox 858 5653 990 5737; x_wconf 72' lang='lat' dir='ltr'><strong>Cum</strong></span> <span class='ocrx_word' id='word_1_831' title='bbox 1035 5653 1284 5737; x_wconf 67' lang='lat' dir='ltr'><strong>pretiosus</strong></span> <span class='ocrx_word' id='word_1_832' title='bbox 1337 5652 1560 5737; x_wconf 67' lang='lat' dir='ltr'><strong>inﬁcitur</strong></span> <span class='ocrx_word' id='word_1_833' title='bbox 1587 5652 1753 5737; x_wconf 63' lang='lat' dir='ltr'><strong>color,</strong></span> 
     </span>
    </p>
   </div>
   <div class='ocr_carea' id='block_1_103' title="bbox 152 5723 1755 5801">
    <p class='ocr_par' dir='ltr' id='par_1_103' title="bbox 152 5723 1755 5801">
     <span class='ocr_line' id='line_1_103' title="bbox 152 5723 1755 5801; baseline -0.007 -11"><span class='ocrx_word' id='word_1_834' title='bbox 152 5723 355 5790; x_wconf 72' lang='lat' dir='ltr'><strong>natura</strong></span> <span class='ocrx_word' id='word_1_835' title='bbox 380 5723 519 5801; x_wconf 66' lang='lat' dir='ltr'><strong>sape</strong></span> <span class='ocrx_word' id='word_1_836' title='bbox 545 5725 1029 5801; x_wconf 69' lang='lat' dir='ltr'><strong>conuertitur,_dtt_m</strong></span> <span class='ocrx_word' id='word_1_837' title='bbox 1057 5724 1368 5801; x_wconf 75' lang='lat' dir='ltr'><strong>confectione</strong></span> <span class='ocrx_word' id='word_1_838' title='bbox 1387 5723 1755 5801; x_wconf 77' lang='lat' dir='ltr'><strong>uellus_candi-</strong></span> 
     </span>
    </p>
   </div>
   <div class='ocr_carea' id='block_1_104' title="bbox 153 5795 1752 5876">
    <p class='ocr_par' dir='ltr' id='par_1_104' title="bbox 153 5795 1752 5876">
     <span class='ocr_line' id='line_1_104' title="bbox 153 5795 1752 5876; baseline -0.009 -12"><span class='ocrx_word' id='word_1_839' title='bbox 153 5808 296 5863; x_wconf 82' lang='lat' dir='ltr'><strong>dum</strong></span> <span class='ocrx_word' id='word_1_840' title='bbox 325 5795 674 5876; x_wconf 71' lang='lat' dir='ltr'><strong>purpurascit.</strong></span> <span class='ocrx_word' id='word_1_841' title='bbox 706 5799 798 5857; x_wconf 86' lang='lat' dir='ltr'><strong>Sic</strong></span> <span class='ocrx_word' id='word_1_842' title='bbox 821 5797 938 5854; x_wconf 88' lang='lat' dir='ltr'><strong>alba</strong></span> <span class='ocrx_word' id='word_1_843' title='bbox 966 5795 1309 5868; x_wconf 85' lang='lat' dir='ltr'><strong>lanaregalem</strong></span> <span class='ocrx_word' id='word_1_844' title='bbox 1342 5796 1522 5851; x_wconf 85' lang='lat' dir='ltr'><strong>transit</strong></span> <span class='ocrx_word' id='word_1_845' title='bbox 1543 5795 1598 5850; x_wconf 87' lang='lat' dir='ltr'><strong>in</strong></span> <span class='ocrx_word' id='word_1_846' title='bbox 1621 5811 1752 5866; x_wconf 85' lang='lat' dir='ltr'><strong>pur-</strong></span> 
     </span>
    </p>
   </div>
   <div class='ocr_carea' id='block_1_105' title="bbox 1867 4434 3467 4529">
    <p class='ocr_par' dir='ltr' id='par_1_105' title="bbox 1867 4434 3467 4529">
     <span class='ocr_line' id='line_1_105' title="bbox 1867 4434 3467 4529; baseline 0.012 -33"><span class='ocrx_word' id='word_1_847' title='bbox 1867 4459 2073 4529; x_wconf 68' lang='lat' dir='ltr'><strong>puram,</strong></span> <span class='ocrx_word' id='word_1_848' title='bbox 2105 4447 2769 4529; x_wconf 52' lang='lat' dir='ltr'><strong>quamgdoncatechumenus</strong></span> <span class='ocrx_word' id='word_1_849' title='bbox 2799 4434 3102 4529; x_wconf 73' lang='lat' dir='ltr'><strong>inﬁdelem.</strong></span> <span class='ocrx_word' id='word_1_850' title='bbox 3137 4454 3322 4529; x_wconf 86' lang='lat' dir='ltr'><strong>Utique</strong></span> <span class='ocrx_word' id='word_1_851' title='bbox 3343 4459 3467 4514; x_wconf 86' lang='lat' dir='ltr'><strong>dum</strong></span> 
     </span>
    </p>
   </div>
   <div class='ocr_carea' id='block_1_106' title="bbox 1865 4513 3245 4584">
    <p class='ocr_par' dir='ltr' id='par_1_106' title="bbox 1865 4513 3245 4584">
     <span class='ocr_line' id='line_1_106' title="bbox 1865 4513 3245 4584; baseline 0.012 -17"><span class='ocrx_word' id='word_1_852' title='bbox 1865 4513 2045 4584; x_wconf 80' lang='lat' dir='ltr'><strong>incipit</strong></span> <span class='ocrx_word' id='word_1_853' title='bbox 2065 4556 2080 4581; x_wconf 98' lang='lat'><strong>,</strong></span> <span class='ocrx_word' id='word_1_854' title='bbox 2108 4513 2214 4572; x_wconf 84' lang='lat' dir='ltr'><strong>etc.</strong></span> <span class='ocrx_word' id='word_1_855' title='bbox 2246 4516 2315 4572; x_wconf 71' lang='grc' dir='ltr'>Μ.</span> <span class='ocrx_word' id='word_1_856' title='bbox 2342 4515 2574 4575; x_wconf 68' lang='grc' dir='ltr'><strong>ΟΑςΑυΒ.</strong></span> <span class='ocrx_word' id='word_1_857' title='bbox 2606 4519 2692 4575; x_wconf 90' lang='lat' dir='ltr'><strong>Ita</strong></span> <span class='ocrx_word' id='word_1_858' title='bbox 2721 4513 3006 4579; x_wconf 77' lang='lat' dir='ltr'><strong>restitutum</strong></span> <span class='ocrx_word' id='word_1_859' title='bbox 3034 4543 3098 4581; x_wconf 74' lang='lat' dir='ltr'><strong>ex</strong></span> <span class='ocrx_word' id='word_1_860' title='bbox 3124 4513 3245 4584; x_wconf 59' lang='lat' dir='ltr'><strong>mss:</strong></span> 
     </span>
    </p>
   </div>
   <div class='ocr_carea' id='block_1_107' title="bbox 1940 4585 3466 4670">
    <p class='ocr_par' dir='ltr' id='par_1_107' title="bbox 1940 4585 3466 4670">
     <span class='ocr_line' id='line_1_107' title="bbox 1940 4585 3466 4670; baseline 0.013 -32"><span class='ocrx_word' id='word_1_861' title='bbox 1940 4585 2054 4670; x_wconf 74' lang='grc'>(66)</span> <span class='ocrx_word' id='word_1_862' title='bbox 2087 4585 2226 4670; x_wconf 83' lang='lat' dir='ltr'><strong>Dum</strong></span> <span class='ocrx_word' id='word_1_863' title='bbox 2272 4592 2614 4647; x_wconf 84' lang='lat' dir='ltr'><strong>conuersione.</strong></span> <span class='ocrx_word' id='word_1_864' title='bbox 2644 4592 2838 4650; x_wconf 86' lang='lat' dir='ltr'><strong>Nescio</strong></span> <span class='ocrx_word' id='word_1_865' title='bbox 2866 4611 2933 4650; x_wconf 91' lang='lat' dir='ltr'><strong>an</strong></span> <span class='ocrx_word' id='word_1_866' title='bbox 2984 4597 3270 4670; x_wconf 91' lang='lat' dir='ltr'><strong>legendum</strong></span> <span class='ocrx_word' id='word_1_867' title='bbox 3315 4607 3466 4658; x_wconf 87' lang='lat' dir='ltr'><strong>com-</strong></span> 
     </span>
    </p>
   </div>
   <div class='ocr_carea' id='block_1_108' title="bbox 1787 4658 2407 4727">
    <p class='ocr_par' dir='ltr' id='par_1_108' title="bbox 1787 4658 2407 4727">
     <span class='ocr_line' id='line_1_108' title="bbox 1787 4658 2407 4727; baseline 0.005 -15"><span class='ocrx_word' id='word_1_868' title='bbox 1787 4666 1843 4727; x_wconf 84' lang='lat' dir='ltr'><strong>D</strong></span> <span class='ocrx_word' id='word_1_869' title='bbox 1868 4658 2148 4713; x_wconf 78' lang='lat' dir='ltr'><strong>mixtidne.</strong></span> <span class='ocrx_word' id='word_1_870' title='bbox 2179 4661 2407 4717; x_wconf 74' lang='lat' dir='ltr'><strong>ALBASP.</strong></span> 
     </span>
    </p>
   </div>
   <div class='ocr_carea' id='block_1_109' title="bbox 1939 4728 3459 4814">
    <p class='ocr_par' dir='ltr' id='par_1_109' title="bbox 1939 4728 3459 4814">
     <span class='ocr_line' id='line_1_109' title="bbox 1939 4728 3459 4814; baseline 0.011 -30"><span class='ocrx_word' id='word_1_871' title='bbox 1939 4729 2075 4812; x_wconf 76' lang='lat' dir='ltr'><strong>Ibid.</strong></span> <span class='ocrx_word' id='word_1_872' title='bbox 2101 4728 2238 4814; x_wconf 67' lang='lat' dir='ltr'><strong>Dum</strong></span> <span class='ocrx_word' id='word_1_873' title='bbox 2267 4732 2589 4814; x_wconf 77' lang='lat' dir='ltr'><strong>convectione</strong></span> <span class='ocrx_word' id='word_1_874' title='bbox 2617 4734 3084 4814; x_wconf 66' lang='lat' dir='ltr'><strong>uelluscandidum</strong></span> <span class='ocrx_word' id='word_1_875' title='bbox 3113 4745 3459 4814; x_wconf 83' lang='lat' dir='ltr'><strong>purpurascit.</strong></span> 
     </span>
    </p>
   </div>
   <div class='ocr_carea' id='block_1_110' title="bbox 1865 4799 3465 4885">
    <p class='ocr_par' dir='ltr' id='par_1_110' title="bbox 1865 4799 3465 4885">
     <span class='ocr_line' id='line_1_110' title="bbox 1865 4799 3465 4885; baseline 0.01 -29"><span class='ocrx_word' id='word_1_876' title='bbox 1865 4799 2111 4857; x_wconf 87' lang='lat' dir='ltr'><strong>Pessime</strong></span> <span class='ocrx_word' id='word_1_877' title='bbox 2137 4800 2276 4857; x_wconf 85' lang='lat' dir='ltr'><strong>ullus</strong></span> <span class='ocrx_word' id='word_1_878' title='bbox 2301 4805 2431 4885; x_wconf 50' lang='lat' dir='ltr'><strong>avri</strong></span> <span class='ocrx_word' id='word_1_879' title='bbox 2442 4811 2536 4861; x_wconf 86' lang='grc' dir='ltr'><strong>τοῦ</strong></span> <span class='ocrx_word' id='word_1_880' title='bbox 2567 4807 2729 4861; x_wconf 84' lang='lat' dir='ltr'><strong>uellus</strong></span> <span class='ocrx_word' id='word_1_881' title='bbox 2750 4799 3155 4885; x_wconf 81' lang='lat' dir='ltr'><strong>circumfertur,</strong></span> <span class='ocrx_word' id='word_1_882' title='bbox 3201 4799 3360 4885; x_wconf 76' lang='lat' dir='ltr'><strong>quod</strong></span> <span class='ocrx_word' id='word_1_883' title='bbox 3379 4799 3465 4873; x_wconf 84' lang='lat' dir='ltr'><strong>vel</strong></span> 
     </span>
    </p>
   </div>
   <div class='ocr_carea' id='block_1_111' title="bbox 1864 4875 3461 4955">
    <p class='ocr_par' dir='ltr' id='par_1_111' title="bbox 1864 4875 3461 4955">
     <span class='ocr_line' id='line_1_111' title="bbox 1864 4875 3461 4955; baseline 0.011 -29"><span class='ocrx_word' id='word_1_884' title='bbox 1864 4887 2014 4955; x_wconf 66' lang='lat' dir='ltr'><strong>caeco</strong></span> <span class='ocrx_word' id='word_1_885' title='bbox 2061 4884 2338 4955; x_wconf 63' lang='lat' dir='ltr'><strong>appareat.</strong></span> <span class='ocrx_word' id='word_1_886' title='bbox 2393 4875 2570 4955; x_wconf 83' lang='lat' dir='ltr'><strong>Quare</strong></span> <span class='ocrx_word' id='word_1_887' title='bbox 2623 4880 2967 4955; x_wconf 70' lang='lat' dir='ltr'><strong>continetione</strong></span> <span class='ocrx_word' id='word_1_888' title='bbox 3013 4875 3152 4955; x_wconf 74' lang='lat' dir='ltr'><strong>legit</strong></span> <span class='ocrx_word' id='word_1_889' title='bbox 3187 4875 3461 4944; x_wconf 66' lang='lat' dir='ltr'><strong>Barthius.</strong></span> 
     </span>
    </p>
   </div>
   <div class='ocr_carea' id='block_1_112' title="bbox 1865 4941 3356 5027">
    <p class='ocr_par' dir='ltr' id='par_1_112' title="bbox 1865 4941 3356 5027">
     <span class='ocr_line' id='line_1_112' title="bbox 1865 4941 3356 5027; baseline 0.011 -30"><span class='ocrx_word' id='word_1_890' title='bbox 1865 4941 2167 5016; x_wconf 78' lang='lat' dir='ltr'><strong>Contingére</strong></span> <span class='ocrx_word' id='word_1_891' title='bbox 2214 4941 2578 5004; x_wconf 84' lang='lat' dir='ltr'><strong>Lucretianun</strong></span> <span class='ocrx_word' id='word_1_892' title='bbox 2646 4960 2730 5006; x_wconf 90' lang='lat' dir='ltr'><strong>est</strong></span> <span class='ocrx_word' id='word_1_893' title='bbox 2767 4969 2782 5006; x_wconf 90' lang='lat'><strong>:</strong></span> <span class='ocrx_word' id='word_1_894' title='bbox 2833 4952 2972 5027; x_wconf 71' lang='lat' dir='ltr'><strong>forte</strong></span> <span class='ocrx_word' id='word_1_895' title='bbox 3017 4941 3356 5027; x_wconf 49' lang='lat' dir='ltr'><strong>confectione.</strong></span> 
     </span>
    </p>
   </div>
   <div class='ocr_carea' id='block_1_113' title="bbox 1933 5024 3471 5171">
    <p class='ocr_par' dir='ltr' id='par_1_113' title="bbox 1933 5024 3471 5171">
     <span class='ocr_line' id='line_1_113' title="bbox 1933 5024 3471 5171; baseline 0.011 -28"><span class='ocrx_word' id='word_1_896' title='bbox 1933 5085 2172 5171; x_wconf 51' lang='grc' dir='ltr'><strong>(θηρία</strong></span> <span class='ocrx_word' id='word_1_897' title='bbox 2199 5089 2318 5144; x_wconf 90' lang='lat' dir='ltr'><strong>alba</strong></span> <span class='ocrx_word' id='word_1_898' title='bbox 2347 5090 2468 5146; x_wconf 90' lang='lat' dir='ltr'><strong>lana</strong></span> <span class='ocrx_word' id='word_1_899' title='bbox 2493 5093 2718 5164; x_wconf 79' lang='lat' dir='ltr'><strong>regalem</strong></span> <span class='ocrx_word' id='word_1_900' title='bbox 2729 5024 3305 5171; x_wconf 59' lang='lat' dir='ltr'><strong>tra_nsiltNi(izE::rpurcm.</strong></span> <span class='ocrx_word' id='word_1_901' title='bbox 3331 5101 3471 5160; x_wconf 84' lang='lat' dir='ltr'><strong>Boe-</strong></span> 
     </span>
    </p>
   </div>
   <div class='ocr_carea' id='block_1_114' title="bbox 1863 5156 3016 5233">
    <p class='ocr_par' dir='ltr' id='par_1_114' title="bbox 1863 5156 3016 5233">
     <span class='ocr_line' id='line_1_114' title="bbox 1863 5156 3016 5233; baseline 0.012 -21"><span class='ocrx_word' id='word_1_902' title='bbox 1863 5156 1971 5214; x_wconf 89' lang='lat' dir='ltr'><strong>tius</strong></span> <span class='ocrx_word' id='word_1_903' title='bbox 1997 5156 2206 5232; x_wconf 72' lang='lat' dir='ltr'><strong>:Reges</strong></span> <span class='ocrx_word' id='word_1_904' title='bbox 2232 5177 2465 5233; x_wconf 88' lang='lat' dir='ltr'><strong>purpura</strong></span> <span class='ocrx_word' id='word_1_905' title='bbox 2491 5156 2764 5222; x_wconf 73' lang='lat' dir='ltr'><strong>monstrat.</strong></span> <span class='ocrx_word' id='word_1_906' title='bbox 2802 5156 3016 5226; x_wconf 61' lang='lat' dir='ltr'><strong>luatur:</strong></span> 
     </span>
    </p>
   </div>
   <div class='ocr_carea' id='block_1_115' title="bbox 1934 5250 3464 5336">
    <p class='ocr_par' dir='ltr' id='par_1_115' title="bbox 1934 5250 3464 5336">
     <span class='ocr_line' id='line_1_115' title="bbox 1934 5250 3464 5336; baseline 0.01 -29"><span class='ocrx_word' id='word_1_907' title='bbox 1934 5250 2052 5324; x_wconf 78' lang='lat'><strong>(62)</strong></span> <span class='ocrx_word' id='word_1_908' title='bbox 2095 5252 2364 5320; x_wconf 86' lang='lat' dir='ltr'><strong>Quomodo</strong></span> <span class='ocrx_word' id='word_1_909' title='bbox 2390 5255 2803 5317; x_wconf 84' lang='lat' dir='ltr'><strong>catechumenus.</strong></span> <span class='ocrx_word' id='word_1_910' title='bbox 2828 5261 3061 5336; x_wconf 79' lang='lat' dir='ltr'><strong>Elegans</strong></span> <span class='ocrx_word' id='word_1_911' title='bbox 3104 5266 3464 5336; x_wconf 89' lang='lat' dir='ltr'><strong>comparatio.</strong></span> 
     </span>
    </p>
   </div>
   <div class='ocr_carea' id='block_1_116' title="bbox 1934 5337 3322 5478">
    <p class='ocr_par' dir='ltr' id='par_1_116' title="bbox 1934 5337 3322 5478">
     <span class='ocr_line' id='line_1_116' title="bbox 1934 5337 3322 5478; baseline 0.008 -27"><span class='ocrx_word' id='word_1_912' title='bbox 1934 5394 2048 5469; x_wconf 75' lang='grc'>(65)</span> <span class='ocrx_word' id='word_1_913' title='bbox 2082 5394 2417 5454; x_wconf 81' lang='lat' dir='ltr'><strong>Vocabulum.</strong></span> <span class='ocrx_word' id='word_1_914' title='bbox 2450 5398 2532 5456; x_wconf 83' lang='lat' dir='ltr'><strong>Ex</strong></span> <span class='ocrx_word' id='word_1_915' title='bbox 2587 5401 2804 5478; x_wconf 89' lang='lat' dir='ltr'><strong>Pagano</strong></span> <span class='ocrx_word' id='word_1_916' title='bbox 2859 5407 2917 5461; x_wconf 90' lang='lat' dir='ltr'><strong>ﬁt</strong></span> <span class='ocrx_word' id='word_1_917' title='bbox 2961 5337 3322 5463; x_wconf 44' lang='lat' dir='ltr'><strong>Chri‘s‘tiﬁtst‘s):</strong></span> 
     </span>
    </p>
   </div>
   <div class='ocr_carea' id='block_1_117' title="bbox 3084 5479 3318 5535">
    <p class='ocr_par' dir='ltr' id='par_1_117' title="bbox 3084 5479 3318 5535">
     <span class='ocr_line' id='line_1_117' title="bbox 3084 5479 3318 5535; baseline -0.009 -1"><span class='ocrx_word' id='word_1_918' title='bbox 3084 5479 3318 5535; x_wconf 77' lang='lat' dir='ltr'><strong>ALBASP.</strong></span> 
     </span>
    </p>
   </div>
   <div class='ocr_carea' id='block_1_118' title="bbox 1932 5558 3474 5642">
    <p class='ocr_par' dir='ltr' id='par_1_118' title="bbox 1932 5558 3474 5642">
     <span class='ocr_line' id='line_1_118' title="bbox 1932 5558 3474 5642; baseline 0.01 -29"><span class='ocrx_word' id='word_1_919' title='bbox 1932 5558 2050 5642; x_wconf 71' lang='grc'>(64)</span> <span class='ocrx_word' id='word_1_920' title='bbox 2083 5559 2153 5616; x_wconf 82' lang='lat' dir='ltr'><strong>Et</strong></span> <span class='ocrx_word' id='word_1_921' title='bbox 2193 5574 2432 5642; x_wconf 82' lang='lat' dir='ltr'><strong>mentem.</strong></span> <span class='ocrx_word' id='word_1_922' title='bbox 2463 5566 2600 5642; x_wconf 81' lang='lat' dir='ltr'><strong>Quia</strong></span> <span class='ocrx_word' id='word_1_923' title='bbox 2635 5569 2962 5638; x_wconf 87' lang='lat' dir='ltr'><strong>renascitur,</strong></span> <span class='ocrx_word' id='word_1_924' title='bbox 2994 5579 3044 5626; x_wconf 91' lang='lat' dir='ltr'><strong>et</strong></span> <span class='ocrx_word' id='word_1_925' title='bbox 3088 5570 3204 5642; x_wconf 84' lang='lat' dir='ltr'><strong>ejus</strong></span> <span class='ocrx_word' id='word_1_926' title='bbox 3235 5587 3391 5629; x_wconf 89' lang='lat' dir='ltr'><strong>mens</strong></span> <span class='ocrx_word' id='word_1_927' title='bbox 3418 5580 3474 5629; x_wconf 89' lang='lat' dir='ltr'><strong>et</strong></span> 
     </span>
    </p>
   </div>
   <div class='ocr_carea' id='block_1_119' title="bbox 1863 5639 2906 5710">
    <p class='ocr_par' dir='ltr' id='par_1_119' title="bbox 1863 5639 2906 5710">
     <span class='ocr_line' id='line_1_119' title="bbox 1863 5639 2906 5710; baseline 0.012 -24"><span class='ocrx_word' id='word_1_928' title='bbox 1863 5640 2056 5688; x_wconf 90' lang='lat' dir='ltr'><strong>natura</strong></span> <span class='ocrx_word' id='word_1_929' title='bbox 2077 5641 2352 5692; x_wconf 88' lang='lat' dir='ltr'><strong>mutantur</strong></span> <span class='ocrx_word' id='word_1_930' title='bbox 2381 5639 2432 5692; x_wconf 92' lang='lat' dir='ltr'><strong>in</strong></span> <span class='ocrx_word' id='word_1_931' title='bbox 2463 5639 2642 5710; x_wconf 88' lang='lat' dir='ltr'><strong>aquis.</strong></span> <span class='ocrx_word' id='word_1_932' title='bbox 2675 5642 2906 5698; x_wconf 69' lang='lat' dir='ltr'><strong>Amasr.</strong></span> 
     </span>
    </p>
   </div>
   <div class='ocr_carea' id='block_1_120' title="bbox 1935 5724 3473 5809">
    <p class='ocr_par' dir='ltr' id='par_1_120' title="bbox 1935 5724 3473 5809">
     <span class='ocr_line' id='line_1_120' title="bbox 1935 5724 3473 5809; baseline 0.012 -30"><span class='ocrx_word' id='word_1_933' title='bbox 1935 5724 2052 5799; x_wconf 80' lang='lat'><strong>(65)</strong></span> <span class='ocrx_word' id='word_1_934' title='bbox 2094 5724 2367 5809; x_wconf 74' lang='lat' dir='ltr'><strong>Pigntenta</strong></span> <span class='ocrx_word' id='word_1_935' title='bbox 2394 5746 2458 5809; x_wconf 74' lang='lat' dir='ltr'><strong>ea:</strong></span> <span class='ocrx_word' id='word_1_936' title='bbox 2485 5730 2708 5787; x_wconf 79' lang='lat' dir='ltr'><strong>Oceano.</strong></span> <span class='ocrx_word' id='word_1_937' title='bbox 2754 5732 2923 5790; x_wconf 89' lang='lat' dir='ltr'><strong>Piscis</strong></span> <span class='ocrx_word' id='word_1_938' title='bbox 2951 5735 3264 5807; x_wconf 87' lang='lat' dir='ltr'><strong>sanguinem</strong></span> <span class='ocrx_word' id='word_1_939' title='bbox 3294 5736 3386 5809; x_wconf 90' lang='lat' dir='ltr'><strong>qui</strong></span> <span class='ocrx_word' id='word_1_940' title='bbox 3418 5736 3473 5798; x_wconf 89' lang='lat' dir='ltr'><strong>in</strong></span> 
     </span>
    </p>
   </div>
   <div class='ocr_carea' id='block_1_121' title="bbox 1859 5795 2604 5872">
    <p class='ocr_par' dir='ltr' id='par_1_121' title="bbox 1859 5795 2604 5872">
     <span class='ocr_line' id='line_1_121' title="bbox 1859 5795 2604 5872; baseline 0.005 -18"><span class='ocrx_word' id='word_1_941' title='bbox 1859 5795 2078 5856; x_wconf 79' lang='lat' dir='ltr'><strong>Oceano</strong></span> <span class='ocrx_word' id='word_1_942' title='bbox 2106 5795 2332 5872; x_wconf 79' lang='lat' dir='ltr'><strong>capitur.</strong></span> <span class='ocrx_word' id='word_1_943' title='bbox 2380 5804 2604 5858; x_wconf 62' lang='lat' dir='ltr'><strong>ALBAsp.</strong></span> 
     </span>
    </p>
   </div>
  </div>
