3974 6324
195 301 305 358 ltili!

953 291 1040 347 DE
1081 289 1472 349 scutsnare
1513 273 2060 349 DONATISTARUM
2101 289 2304 349 LIBER
2346 289 2670 362 QUINTUS.

3308 275 3450 349 tots

192 421 373 470 matus
399 415 468 465 est
497 423 621 481 puer
649 408 704 462 in
732 407 827 462 illa
856 407 982 462 liora
1012 405 1032 476 (
1055 407 1246 463 Matth.
1279 422 1402 474 vm,
1435 405 1561 478 l3).
1591 405 1754 462 Certe
1783 415 1832 474 Α
1861 417 1911 460 et
1943 408 2098 478 longa
2131 409 2378 466 oratione
2418 418 2566 466 recte
2606 409 2680 464 uti
2728 407 2996 480 potuisses
3026 426 3037 460 ε
3083 407 3126 462 si
3176 407 3454 464 invenires

192 503 347 561 dantis
369 511 475 567 est,
507 515 612 554 non
645 498 980 570 accipientis.
1010 499 1170 555 Multa
1205 509 1330 554 snut
1360 497 1665 569 hujusmodi
1696 499 1748 554 in

191 595 450 666 Evangelia
475 592 540 648 de
579 591 685 647 fide
728 591 999 665 perfecta,
1043 591 1141 649 sed
1163 591 1251 648 vel
1291 591 1393 647 tria
1433 591 1752 662 complenda

191 697 298 744 sunt
327 686 440 742 tidei
472 685 798 740 testimonia.
832 683 972 753 Quid
999 684 1156 740 vobis
1183 684 1399 740 videtur
1425 693 1482 740 et
1510 683 1601 738 illa
1634 698 1755 738 mu-

192 785 294 844 lier,
329 796 443 852 qua:
478 779 593 852 (70)
633 778 701 834 de
730 787 946 834 secreto
987 793 1166 834 causa:
1206 777 1546 833 heminarum
1571 819 1586 845 ,
1628 790 1753 831 eum

190 897 271 952 per
303 893 462 934 annos
503 877 784 934 duodecim
817 878 1122 944 laboraret,
1156 886 1211 933 et
1240 891 1457 932 omnem
1498 874 1753 930 substan-

191 976 298 1031 tiam
325 989 468 1029 snam
513 973 564 1027 in
605 971 847 1028 medicos
875 981 1188 1045 crogasset:
1218 987 1339 1028 cum
1368 971 1577 1026 videret
1608 986 1634 1022 a
1666 967 1756 1023 Fi-

191 1067 252 1122 lio
281 1066 362 1122 Dei
410 1075 581 1121 tantas
629 1065 894 1122 celebrari
937 1063 1199 1134 virtutes,
1239 1065 1510 1136 processit
1547 1063 1599 1118 iu
1645 1070 1758 1117 tur-

188 1159 322 1224 bam,
369 1157 508 1213 videt
557 1157 858 1224 medicum,
912 1158 1062 1214 videt
1095 1168 1151 1214 et
1186 1159 1484 1229 populum:
1531 1157 1758 1228 cogebat

190 1249 311 1304 illam
337 1249 503 1317 dolor,
539 1258 594 1304 ut
625 1250 948 1306 medicinam
990 1261 1242 1322 peteret:
1283 1250 1456 1322 pudor
1496 1249 1759 1322 impedie~

187 1343 289 1410 bat,
315 1359 378 1399 ne
406 1358 622 1400 causam
653 1359 806 1400 suam
837 1359 1023 1401 coram
1055 1345 1311 1401 masculis
1349 1344 1633 1400 iudicaret.
1672 1343 1757 1398 lu-

187 1436 312 1491 venit
337 1437 615 1492 consilium
647 1439 807 1493 tacita
834 1437 968 1493 ﬁdes
997 1457 1012 1492 :
1050 1438 1278 1506 mittam,
1319 1439 1511 1509 inquit,
1549 1453 1759 1492 manum

189 1549 328 1586 meum
349 1574 363 1599 ,
396 1542 440 1587 et
465 1541 674 1605 tangam
712 1533 969 1602 fimbriam
1012 1533 1294 1588 vestimenti
1334 1533 1490 1606 hujus
1511 1574 1524 1597 ,
1559 1542 1606 1587 et
1630 1549 1760 1587 sana

187 1626 288 1695 ﬁam
307 1623 510 1696 (Matth.
534 1641 585 1680 Ix
608 1666 624 1690 ,
647 1625 738 1692 εις
761 1624 890 1685 Luc.
911 1643 1026 1693 vni,
1051 1627 1164 1698 45).
1190 1625 1417 1683 Nemine
1443 1625 1657 1682 vidente
1682 1626 1762 1680 in-

186 1726 253 1772 ter
278 1717 467 1784 turbas,
492 1733 710 1772 manum
740 1719 905 1787 misit,
928 1719 1106 1790 tetigit
1128 1727 1176 1786 ι,
1203 1727 1258 1776 et
1287 1727 1476 1774 sanata
1503 1726 1589 1774 est
1615 1734 1630 1784 ;
1659 1732 1760 1773 nec

1854 501 2086 568 aliquem
2120 504 2562 558 catechumcunm
2588 502 2705 574 (71)
2729 501 3157 558 scabrosissimis
3187 501 3452 563 moribus,

1854 594 1946 665 qui
1994 603 2206 664 gereret
2257 595 2600 651 durissimam
2654 603 2926 661 mentem;
2979 594 3070 666 qui
3125 593 3477 650 lenissimam'

1853 686 2082 759 gratiam
2114 703 2268 759 aquae
2308 687 2562 744 salutaris
2601 688 2846 758 accipere
2887 687 3264 743 dectrectaret.
3310 685 3458 740 Bene

1856 781 2096 839 hominis
2135 782 2254 856 (72)
2297 782 2702 840 innovationem
2733 782 2914 839 verbis
2944 797 2973 836 a
3007 791 3059 838 te
3088 766 3246 837 dictis
3277 789 3460 836 osten-

1857 877 2050 932 deres:
2082 877 2221 932 bene
2251 885 2590 932 veternosam
2638 877 2936 932 naturalem
2967 875 3218 932 duritiam
3244 917 3259 942 ,
3291 875 3344 929 in
3378 875 3459 931 iu-

1859 969 2100 1025 fantilem
2131 985 2351 1026 carnem
2385 979 2407 1007 ε
2440 968 2713 1025 immutari
2743 985 2806 1025 ac
2836 968 3030 1025 molliri
3074 984 3233 1040 posse
3270 983 3458 1023 mons-

1861 1073 2051 1119 trares.
2092 1064 2148 1119 In
2179 1063 2283 1120 hoc
2312 1079 2442 1120 vero
2473 1062 2692 1135 negotio
2719 1104 2733 1130 ,
2766 1063 2908 1135 quod
2941 1061 3081 1117 inter
3110 1071 3288 1132 partes
3321 1072 3459 1116 temo

1863 1173 1993 1226 pore
2031 1156 2288 1227 przesenti
2333 1165 2615 1222 tractatur,
2658 1166 2714 1211 ut
2759 1153 2885 1226 quid
2915 1170 2945 1210 a
2979 1163 3031 1211 te
3059 1155 3180 1209 talis
3219 1168 3463 1209 comme-

1860 1259 2070 1304 morata
2121 1257 2205 1304 est
2253 1248 2459 1306 lectio?
2511 1249 2624 1320 (75)
2672 1249 2726 1303 in
2769 1265 2871 1322 qua
2903 1264 3012 1303 non
3038 1247 3236 1319 legitur
3265 1245 3461 1317 aliquis

1861 1341 2014 1397 illum
2066 1340 2340 1412 leprosum
2398 1334 2596 1414 Syrum
2656 1350 2781 1396 ante
2834 1341 3035 1412 dictum
3090 1341 3173 1395 vel
3220 1339 3464 1410 jussioue

1863 1433 2079 1491 Helisrei
2113 1435 2306 1492 lavisse
2327 1478 2342 1502 ,
2376 1445 2434 1491 ιιι
2463 1435 2656 1492 merito
2697 1436 2875 1491 denuo
2907 1432 2927 1472 τ
2961 1434 3154 1490 melius
3195 1433 3467 1488 lavaretur

1863 1527 1956 1600 (IV
1985 1528 2114 1601 Reg.
2147 1528 2222 1600 v).
2252 1529 2403 1598 Quod
2436 1539 2489 1585 et
2513 1528 2559 1583 si
2591 1529 2744 1585 ﬂeret
2775 1539 2822 1596 Β,
2856 1543 2960 1584 nec
2985 1528 3064 1584 sic
3093 1527 3244 1584 vobis
3273 1541 3466 1583 occur.

1864 1629 2044 1688 reret,
2079 1616 2221 1692 quod
2254 1631 2400 1678 recte
2431 1621 2629 1677 imitari
2662 1622 2913 1693 possetis.
2949 1621 3068 1677 Non
3100 1622 3243 1676 enim
3275 1621 3470 1692 legitur

1865 1715 1958 1774 ille
1988 1717 2136 1787 prius
2167 1717 2364 1772 lavisse
2395 1715 2448 1771 in
2479 1715 2792 1771 ﬂuminibus
2823 1713 2998 1786 Syrize
3020 1756 3034 1780 ,
3067 1726 3158 1770 aut
3189 1713 3260 1770 ab
3287 1714 3470 1784 aliquo

185 1825 296 1865 ansa
319 1823 393 1867 est
427 1812 667 1868 indicare
687 1854 702 1881 ,
736 1812 876 1883 quod
907 1827 1036 1868 ausa
1069 1828 1176 1868 non
1205 1811 1379 1869 fuerat
1409 1822 1614 1884 petere.
1644 1811 1752 1867 Sed
1787 1823 1835 1884 Β
1862 1811 2006 1866 lotus
2035 1826 2192 1875 esse,
2225 1818 2279 1866 et
2306 1809 2439 1865 nihil
2470 1807 2786 1879 profecisse.
2828 1808 2962 1863 Nam
3005 1816 3062 1862 et
3099 1808 3144 1862 si
3187 1807 3288 1861 hoc
3320 1806 3470 1877 lege-

186 1920 242 1960 ne
267 1904 460 1961 fruetus
490 1905 615 1962 fidei
647 1907 787 1977 apud
816 1909 1129 1979 ignorantes
1155 1909 1325 1964 latere
1350 1907 1646 1972 videretur;
1679 1907 1760 1962 sic

184 1999 404 2055 Salvator
454 2003 568 2055 ait:
615 2001 728 2071 quis
755 2018 833 2056 me
861 2002 1063 2074 tetigit?
1111 2000 1286 2057 Mirati
1335 2011 1460 2056 sunt
1506 2000 1757 2070 discipuli

183 2092 282 2164 ejus
304 2135 317 2158 ,
343 2092 582 2149 dicentes
608 2111 621 2147 :
650 2092 812 2148 turba:
837 2103 884 2148 te
909 2095 1256 2164 comprimunt
1281 2111 1300 2160 ;
1347 2104 1401 2147 tu
1426 2093 1556 2148 dicis
1584 2133 1598 2158 ,
1647 2092 1760 2160 quis

182 2200 248 2238 me
284 2185 487 2256 tetigit?
527 2194 585 2242 et
627 2186 916 2242 Christus:
958 2188 1072 2256 quis
1095 2204 1196 2254 rue,
1247 2188 1485 2258 inquam,
1549 2185 1762 2258 tetigit?

182 2279 298 2332 sensi
321 2296 350 2332 a
374 2296 450 2334 me
473 2281 642 2335 exisse
666 2280 897 2336 virtutem
929 2278 1092 2350 (Ibid.
1121 2279 1239 2353 45).
1281 2280 1373 2337 Sic
1398 2280 1590 2336 mulier
1633 2294 1762 2335 con—

183 2367 304 2425 fessa
327 2379 406 2426 est
426 2412 440 2436 ,
467 2385 532 2426 se
560 2371 818 2442 tetigisse,
849 2380 902 2427 et
927 2386 1114 2427 sanam
1141 2387 1286 2428 esse.
1312 2371 1636 2427 Jamdudum
1663 2386 1763 2442 pro

183 2463 276 2518 lilia
298 2474 461 2519 mater
489 2463 668 2534 petiit,
697 2480 794 2534 pro
823 2479 992 2535 puero
1017 2465 1276 2520 Centurio
1302 2464 1628 2535 postulavit:
1661 2465 1764 2518 hoc

192 2554 294 2610 loco
320 2571 414 2612 nec
451 2557 650 2612 mulier
681 2557 876 2628 petiit,
907 2572 1008 2614 nec
1049 2558 1300 2614 Christus
1339 2558 1627 2629 promisit;
1669 2558 1766 2618 sed

183 2646 298 2706 fides
315 2659 575 2720 quantum
599 2650 1012 2723 pratsumpsitb,
1035 2653 1213 2728 exegit
1237 2671 1251 2707 :
1279 2663 1428 2712 certe
1451 2653 1630 2710 dantis
1657 2661 1763 2724 est,

184 2755 273 2794 non
299 2743 612 2812 accipientis
641 2754 691 2798 ε.

242 2832 324 2888 IX.
352 2832 684 2908 Comparatio
712 2827 949 2893 Naaman
977 2837 1100 2909 Syri
1122 2837 1468 2909 intempestive
1493 2853 1524 2890 a
1550 2834 1770 2894 Parme-

183 2927 316 2981 niona
343 2930 522 2984 allata.
553 2960 622 2970 —
648 2929 781 2986 Nam
811 2932 952 3002 quod
980 2931 1049 2988 ad
1078 2931 1486 3002 amplificandos
1513 2929 1538 2968 ά
1571 2940 1770 2987 tracta-

185 3029 257 3076 tus
283 3029 428 3087 tuos,
456 3022 630 3080 frater
660 3025 1018 3081 Parmeniane
1043 3067 1057 3092 ,
1089 3025 1325 3080 Naaman
1355 3025 1550 3097 Syrum
1571 3066 1586 3092 ,
1617 3025 1770 3094 quasi

182 3113 502 3173 immaturam
580 3118 866 3189 quamdam
928 3119 1349 3176 durissimarum
1429 3121 1772 3176 nascentium

1865 1915 2016 1962 retur
2055 1919 2163 1960 non
2203 1905 2268 1959 ad
2312 1904 2528 1960 Helisaei
2571 1903 2818 1970 laudem,
2863 1902 2994 1975 (qui
3034 1916 3141 1956 non
3175 1899 3338 1965 lavit,
3372 1898 3470 1953 sed

1862 1996 2152 2054 consilium
2193 1996 2376 2061 dedit,
2404 1995 2424 2068 )
2456 1995 2555 2052 sed
2585 1995 2652 2051 ad
2691 1994 2945 2050 Jordauis
2987 1990 3213 2064 gloriam
3247 1988 3273 2027 ιι
3305 1989 3474 2060 perti-

1864 2099 2056 2157 neret,
2089 2090 2180 2146 ille
2221 2089 2430 2145 homini
2461 2093 2512 2144 in
2541 2103 2608 2144 co
2637 2088 2860 2144 flumine
2891 2085 3216 2158 primitivam
3243 2084 3471 2156 gratiam

1867 2185 2220 2254 provenisse,
2265 2184 2319 2238 in
2362 2199 2469 2254 quo
2513 2192 2699 2253 postea
2740 2183 2842 2237 sub
2877 2180 3086 2236 Joanne
3121 2195 3218 2250 per
3256 2178 3474 2234 contes-

1867 2277 2079 2332 sionem
2121 2277 2174 2330 in
2216 2275 2594 2346 pamitentiam
2637 2275 2961 2346 populorum
3005 2281 3220 2344 peccata
3262 2271 3478 2326 fuerant

1869 2368 2132 2425 moritura
2163 2365 2209 2422 ί.

1939 2463 2053 2535 89
2084 2461 2149 2516 Κ.
2201 2459 2464 2515 Parabola
2493 2460 2796 2530 nuptiarum
2825 2475 2857 2512 a
2899 2456 3249 2513 Parmeniona
3289 2469 3475 2526 perpe-

1869 2572 1985 2617 ram
2011 2557 2258 2628 allegata.
2291 2585 2361 2595 —
2390 2554 2676 2609 Postremo
2701 2594 2717 2621 ,
2742 2553 2922 2624 qualis
2943 2562 3028 2607 est
3059 2551 3150 2605 illa
3188 2564 3312 2620 pars
3335 2557 3477 2602 trac-

1873 2658 2014 2704 tatus
2045 2648 2158 2714 tui,
2193 2648 2262 2703 de
2300 2645 2618 2703 caelestibus
2672 2644 2918 2716 nuptiis,
2962 2641 3051 2712 ubi
3099 2655 3251 2718 spem
3288 2653 3478 2712 ampu-

1875 2755 1997 2800 tans
2029 2744 2338 2799 futurorum
2359 2785 2373 2809 ,
2401 2751 2572 2798 totum
2605 2741 2656 2796 in
2681 2737 2940 2812 praesenti
2967 2745 3214 2808 tempore
3252 2732 3478 2806 posuisti

1873 2838 2133 2906 dicendo,
2167 2854 2196 2892 a
2228 2837 2495 2896 societate
2525 2846 2703 2894 vestra
2736 2833 3032 2908 projectum
3063 2845 3184 2894 esse
3207 2844 3358 2896 eum,
3388 2827 3480 2908 qui

1856 3005 1859 3010 _
1871 2932 2142 3003 jauitores
2167 2937 2224 2986 et
2254 2929 2538 2986 ministros
2559 2929 2812 2986 fefellerit
2833 2937 3042 2983 vestros
3061 2966 3076 2992 ,
3100 2934 3215 2982 uta
3233 2937 3482 2981 commu-

1881 3026 2043 3082 nione
2076 3024 2315 3080 fidelium
2347 3023 2494 3080 foras
2523 3039 2647 3080 cum
2692 3021 2890 3093 injuria
2933 3021 3264 3075 mitteretur.
3318 3016 3374 3074 Si
3408 3015 3480 3070 ita

1879 3128 1996 3186 est,
2020 3118 2157 3186 nihil
2179 3126 2267 3176 est
2293 3118 2439 3189 quod
2467 3125 2651 3189 speret
2680 3115 2850 3183 fides;
2883 3113 3016 3172 nihil
3045 3111 3191 3183 quod
3233 3108 3352 3185 (74)
3395 3124 3483 3165 re-

183 3207 439 3264 vuluerum
466 3225 729 3278 massam,
763 3211 852 3266 diu
880 3211 1193 3268 describere
1215 3211 1437 3268 voluisti
1465 3254 1479 3280 ,
1509 3211 1634 3283 quid
1665 3212 1776 3267 hoc
1802 3217 1848 3280 C
1883 3213 2153 3268 surrectio
2196 3218 2588 3288 representet;
2620 3209 2751 3264 nihil
2783 3207 2926 3280 quod
2956 3208 3010 3262 iu
3055 3205 3211 3262 ctelis
3251 3201 3487 3272 amplius

181 3299 238 3355 ad
260 3315 573 3372 przesentem
605 3305 842 3374 pertinet
868 3305 1132 3361 causam?
1176 3305 1324 3362 Bene
1369 3305 1472 3364 hoc
1518 3306 1728 3363 diceres
1752 3349 1771 3380 ,

1886 3315 2264 3378 ex5pectetur;
2291 3304 2424 3359 nihil
2450 3303 2593 3376 quod
2616 3302 2734 3360 Rex
2757 3301 2848 3358 ille
2875 3300 3115 3358 cmlcstis
3159 3297 3174 3348 i
3219 3305 3277 3353 et
3308 3305 3486 3366 pater-

1411 3419 1803 3481 LECTIONES
1847 3422 1935 3477 VA
1949 3422 2267 3478 RIANTES.

235 3534 260 3597 ἓ
291 3533 387 3597 Hoc
405 3536 613 3586 verbttm
634 3533 968 3597 supplevimns
992 3549 1055 3585 ex
1077 3549 1166 3586 ms.
1196 3535 1248 3586 S.
1276 3536 1334 3586 G.

234 3596 259 3634 b
290 3595 343 3661 lu
365 3612 451 3649 ms.
473 3599 530 3647 S.
556 3598 614 3647 G.
634 3595 865 3661 quantum
887 3595 979 3649 sibi
998 3598 1325 3661 praesumpsit.

235 3663 255 3689 ε
289 3660 397 3709 Post
421 3661 528 3710 haec
554 3660 702 3709 verba
724 3668 996 3722 sequuntur
1030 3660 1222 3723 aliquot
1239 3661 1425 3723 periodi
1449 3661 1494 3710 in
1511 3674 1603 3710 ms.
1627 3662 1678 3710 S.
1701 3660 1760 3711 G.

179 3723 337 3784 quibus
358 3735 537 3773 novum
559 3724 840 3784 continetur
879 3728 1223 3784 argumentum
1263 3724 1498 3772 adversus
1532 3723 1764 3773 iteratum

179 3780 416 3850 baptisma,
442 3798 574 3849 quas
593 3785 792 3850 quidem
816 3780 983 3850 tha'ti
1004 3786 1388 3850 esseexistimo,
1413 3784 1532 3850 licet
1553 3799 1650 3850 non
1676 3787 1763 3834 ha-

177 3843 365 3896 beantur
390 3843 438 3898 in
461 3843 581 3899 inss.
684 3846 744 3896 '1‘.
773 3854 826 3896 et
847 3843 902 3896 Ρ.
921 3847 973 3897 S.
999 3848 1090 3897 sed
1115 3848 1196 3898 hic
1226 3847 1388 3898 alieno
1413 3845 1520 3897 loco
1539 3847 1768 3897 videatur

179 3910 527 4021 2:11:11}
545 3924 636 3964 eas
657 3910 926 3974 rejecimus
955 3911 1014 3961 ad
1038 3909 1186 3961 tinem
1229 3909 1342 3960 libri
1369 3923 1522 3974 quem
1548 3912 1768 3974 egregie

179 3980 473 4024 concludunt.

1839 3584 1854 3600 .
1879 3595 1881 3597 .
1945 3533 1972 3574 ἀ
2007 3534 2062 3600 In
2089 3550 2176 3588 mS-
2207 3535 2259 3586 S-
2280 3535 2345 3600 Gs
2365 3533 2700 3600 applicwtdos,
2721 3535 2884 3600 mitius
2901 3535 3049 3588 bene-

1949 3601 1973 3666 f
2089 3576 2824 3666 ὶὶἰέξῗεῧιι”ἷὲἶῖἷιιθαιὶιίιε
2847 3576 3010 3648 δάνῆε.

1948 3660 1970 3712 .1
2007 3661 2232 3711 Decstin
2249 3675 2324 3710 ms
2361 3662 2415 3710 S.
2444 3661 2502 3711 G.

1945 3726 1972 3764 8
2007 3724 2126 3773 Haec
2151 3725 2332 3774 desunt
2355 3725 2402 3772 iu
2429 3737 2518 3772 ms.
2540 3722 2595 3771 S.
2620 3722 2679 3772 T.

1941 3783 1973 3850 ξι
2003 3786 2062 3850 in
2084 3801 2176 3836 ms.
2195 3786 2249 3835 S.
2278 3787 2337 3850 (ἰ.
2357 3786 2424 3836 ad
2448 3783 2599 3850 ipsius
2621 3783 2862 3850 Jordant's
2882 3783 3111 3850 gratiam.

1943 3848 1964 3890 ἱ
2003 3847 2060 3897 In
2080 3863 2170 3920 ms.
2192 3849 2244 3898 S.
2268 3849 2329 3901 ϐ.
2357 3842 2652 3912 profusione
2674 3842 2964 3912 ptzniteniite
2980 3842 3147 3910 populi
3165 3854 3361 3910 peccata
3381 3848 3488 3910 fue-

1908 3916 1991 3962 mt
2013 3917 2270 3965 moritura.

1878 3923 1991 3962 τινα
2013 3923 2270 3964 moritura.

1947 3973 1966 4038 ι
2003 3972 2112 4025 Hoc
2133 3975 2353 4026 additum
2375 3987 2440 4025 ex
2458 3987 2546 4026 ms.
2573 3973 2627 4025 S.
2654 3972 2716 4028 G.

1483 4055 1860 4114 VARIORUM
1885 4057 2123 4115 NOTAE.

180 4173 248 4228 uti
273 4177 504 4245 potuerit
525 4219 542 4242 ,
572 4175 667 4235 sed
694 4177 794 4232 alia
813 4217 829 4244 ,
859 4191 1019 4241 quam
1058 4173 1156 4244 ipsi
1184 4182 1403 4245 mente;
1433 4184 1590 4228 antea
1624 4172 1772 4229 enim

178 4244 284 4301 cum
313 4247 424 4303 haec
463 4249 579 4304 illis
606 4249 771 4304 verba
798 4245 1232 4317 objicit,rstatim
1261 4244 1563 4314 subjicere:
1593 4253 1638 4300 et
1667 4245 1772 4317 uti:

179 4333 284 4378 naut
307 4318 400 4373 hoc
427 4320 490 4373 de
520 4320 627 4374 Deo
654 4315 925 4386 diceretis,
951 4316 1039 4390 qui
1066 4318 1225 4390 hujus
1247 4317 1322 4372 rei
1358 4319 1507 4390 dator
1545 4328 1616 4372 est
1633 4315 1774 4390 ;rsed

177 4390 298 4511 ῗιιοά
329 4391 546 4446 stultum
583 4383 687 4458 est,
725 4407 810 4445 vos
843 4383 1014 4444 dieilis
1045 4383 1155 4442 esse
1189 4387 1414 4446 datores.
1451 4383 1568 4442 Non
1604 4389 1773 4456 igitur

197 4459 258 4511 tic
280 4462 534 4511 Ontatnm
568 4462 616 4511 id
644 4477 834 4511 acere-
863 4471 922 4511 ut
948 4459 1248 4511 accipientis
1290 4474 1398 4511 esse
1432 4468 1620 4511 contra
1665 4459 1773 4511 Do-

197 4459 258 4512 lic
280 4462 534 4530 Optatum
568 4462 616 4514 id
644 4477 835 4532 agere,
863 4471 922 4516 ut
948 4459 1248 4532 accipientis
1290 4474 1398 4532 esse
1424 4468 1620 4532 contra
1665 4459 1775 4532 Do.

179 4528 388 4587 natistas
426 4535 649 4602 probet,
680 4528 782 4587 sed
820 4543 875 4586 ut
916 4531 1106 4599 probet
1130 4545 1262 4602 (esse
1289 4529 1483 4602 dantis,
1515 4544 1624 4582 non
1650 4528 1774 4602 ejus

179 4615 321 4674 quem
363 4599 439 4658 illi
467 4605 752 4674 volebant,
786 4603 1006 4657 ministri
1043 4600 1303 4674 scilicet,
1329 4599 1447 4674 sive
1489 4601 1773 4674 onerantis,

179 4673 264 4727 sed
301 4675 468 4744 ipsius
511 4675 626 4730 Dei.
669 4670 820 4742 Quod
861 4683 1038 4728 autem
1069 4671 1193 4736 ﬁdei
1219 4671 1440 4744 tribuit,
1499 4670 1632 4724 nihil
1673 4671 1772 4724 01)-

178 4742 332 4808 stare,
358 4746 488 4816 quin
517 4754 573 4799 et
602 4747 711 4801 Deo
725 4745 980 4809 vindicet,
1009 4758 1130 4816 cum
1161 4742 1421 4816 quidquid
1451 4744 1778 4816 impetratur

178 4829 203 4867 a
232 4813 491 4888 Deo,_per
520 4817 678 4872 fidem
707 4817 759 4871 in
790 4819 955 4870 Deum
975 4859 988 4880 ,
1021 4814 1073 4868 id
1099 4823 1244 4868 recte
1270 4813 1377 4888 dici
1598 4827 1628 4866 a
1658 4815 1778 4888 ilco

180 4893 336 4940 totum
363 4883 633 4956 proﬁcisci
657 4930 670 4952 ,
694 4899 748 4942 et
771 4889 846 4942 illi
875 4891 961 4940 uni
986 4893 1262 4954 acceptum
1291 4883 1503 4940 referri.
1532 4884 1644 4956 lloc
1670 4885 1774 4940 etsi

178 4971 296 5013 vere
333 4955 439 5014 dici
485 4975 644 5030 posse
684 4973 788 5014 non
831 4972 1121 5030 negamus,
1165 4972 1287 5010 cum
1331 4965 1508 5030 tamen
1544 4955 1774 5024 Optatus

181 5041 386 5092 exerte,
431 5028 600 5086 Deum
634 5047 872 5094 vacasse,
914 5029 1070 5098 ﬁdem
1109 5028 1464 5094 tantummodo
1505 5036 1772 5098 operatam

181 5114 297 5165 esse,
320 5103 452 5156 nihil
474 5105 537 5156 de
561 5105 744 5156 virtute
765 5119 859 5155 sua
882 5099 1198 5171 promisisse,
1222 5099 1312 5153 sed
1336 5109 1446 5166 post
1469 5099 1624 5166 [idem
1645 5100 1776 5151 alie-

181 5185 289 5243 nam
315 5174 695 5243 interrogasse;
720 5188 836 5228 eam
862 5187 985 5227 esse
1009 5171 1186 5239 Optati
1216 5180 1453 5243 mentem
1483 5185 1585 5243 non
1617 5181 1766 5243 puto.

179 5239 252 5294 Au
291 5243 454 5312 igitur
499 5239 602 5304 lioc
636 5255 797 5310 certe,
838 5243 990 5314 quasi
1023 5243 1226 5314 ironice
1255 5241 1611 5314 concedentis
1643 5241 1772 5300 est?

179 5323 303 5368 certe
322 5311 501 5370 dantis
529 5327 628 5382 est,
662 5326 764 5371 etc.
791 5311 873 5372 an'
887 5314 1060 5368 certe?
1085 5331 1137 5384 q.
1169 5311 1224 5366 d.
1253 5327 1320 5366 an
1350 5313 1440 5365 tu?
1467 5311 1639 5366 dantis
1665 5322 1761 5380 est,

179 5398 272 5437 non
295 5385 633 5452 accipientis?
655 5387 724 5442 Μ.
754 5384 987 5441 CASAUB.

244 5455 358 5527 (70)
386 5455 470 5512 De
493 5469 701 5513 secreto.
731 5457 952 5514 Secreta
981 5454 1339 5524 matrimonii,
1371 5453 1769 5527 Tertulliauus;

180 5525 263 5598 res
305 5525 592 5584 obscoenas
633 5529 708 5584 ita
745 5527 1128 5598 explicabunt,
1174 5527 1218 5580 si
1259 5525 1508 5582 invenires
1547 5527 1772 5598 aliquem

180 5595 624 5654 Catechumenum.
675 5603 785 5657 lloc
822 5595 1129 5666 exemplum
1170 5605 1348 5666 potest
1384 5595 1673 5652 convenire
1715 5597 1768 5650 in

182 5666 632 5744 catechumennm
659 5674 749 5744 qui
778 5671 938 5744 fidem
965 5666 1294 5744 ἀρυοριιιω
1319 5667 1466 5744 [sed
1502 5668 1629 5723 ίηάθ
1655 5683 1770 5738 Βρη

180 5739 381 5797 efﬁcies
411 5739 698 5812 personam
732 5741 1052 5814 baptizantis
1079 5741 1196 5810 plus
1227 5739 1472 5797 conferre
1499 5755 1658 5811 quant
1686 5753 1775 5795 sa-

181 5821 538 5871 cramentum.
571 5817 799 5871 ALBASP.

1957 4172 2076 4248 (71)
2110 4175 2539 4233 Scabrosissimos
2569 4192 2735 4236 mores
2763 4175 2911 4234 dicit.
2943 4175 3164 4235 lucent.

1957 4263 2077 4339 (72)
2106 4266 2518 4324 Innovationeut.
2543 4267 3056 4340 Regenerationem.
3084 4271 3315 4328 ALBASP.

1953 4359 2074 4432 (75)
2104 4359 2168 4415 In
2194 4377 2295 4434 qua
2320 4377 2425 4434 non
2453 4361 2638 4434 legitur
2667 4362 2857 4434 aliquis
2886 4363 3147 4434 leprosum
3186 4363 3334 4416 illum
3375 4362 3486 4434 Sy.

1881 4447 2030 4504 rum,
2063 4439 2170 4487 etc.
2202 4432 2337 4486 Alite
2366 4433 2674 4488 editiones:
2706 4432 2774 4486 In
2802 4450 2902 4500 qua
2934 4450 3038 4487 non
3075 4433 3260 4504 legitur
3296 4432 3485 4503 aliquis

1879 4503 2032 4557 illum
2060 4504 2319 4572 leprosum
2351 4504 2541 4574 Syrum
2580 4513 2697 4557 ante
2735 4504 2932 4557 dictum
2971 4506 3046 4558 vel
3070 4503 3304 4572 iussione
3336 4505 3486 4559 Meli-

1881 4575 1974 4627 εαΞὶ
1998 4615 2013 4639 ,
2043 4584 2146 4629 etc.
2182 4573 2406 4629 Scriboi
2437 4574 2504 4628 In
2531 4592 2632 4644 qua
2660 4591 2761 4627 non
2791 4577 2982 4644 legitur
3011 4577 3195 4644 aliquis
3225 4576 3485 4639 leprosum

1883 4643 2080 4716 Syrum
2108 4655 2226 4698 ante
2253 4645 2477 4709 dictum,
2519 4643 2600 4700 vel
2631 4643 2921 4716 jussionem
2962 4643 3176 4700 Helisei
3199 4687 3213 4710 ,
3242 4655 3350 4702 etc.
3388 4647 3483 4702 Vi-

1882 4715 2043 4770 detur
2071 4717 2209 4770 idem
2254 4730 2380 4770 mox
2425 4715 2864 4771 iterum’dicere.
2907 4716 3200 4773 Possumus
3243 4730 3419 4772 tamen
3452 4734 3481 4771 a

1800 4793 1856 4855 1)
1885 4787 2194 4868 tautologia
2221 4787 2350 4852 vitio
2373 4785 2698 4868 defendere,
2719 4787 2798 4868 si,
2832 4796 2889 4842 ut
2916 4789 3156 4868 suadent
3174 4789 3290 4858 ejus
3319 4789 3483 4868 verba

1891 4858 2199 4928 diligentius
2238 4872 2508 4928 expensa,
2543 4860 2616 4914 ita
2647 4859 3079 4929 distinguamus:
3116 4859 3230 4914 Non
3262 4859 3484 4914 omnino

1889 4929 2085 5001 legitur
2127 4929 2324 5002 aliquis
2368 4929 2516 4985 illum
2565 4931 2801 5002 lavisse.
2845 4930 2987 4988 unde
3015 4931 3341 5002 colligamus
3363 4931 3485 4988 ideo

1886 4999 2080 5056 iterum
2115 4999 2261 5054 illum
2297 5001 2563 5069 lavatum,
2593 5011 2649 5060 ut
2681 4999 2874 5057 melius
2910 4999 3196 5056 lavaretur.
3238 5001 3348 5058 Sed
3391 5017 3485 5057 nc-

1884 5089 1990 5142 que
2019 5071 2176 5142 hujus
2202 5070 2537 5127 collectionis
2565 5088 2628 5128 ea
2658 5074 2954 5129 necessitas
3004 5085 3108 5137 est,
3143 5083 3199 5128 ut
3252 5074 3487 5129 suiliciat

1883 5144 2077 5207 vobis,
2106 5144 2148 5197 si
2181 5144 2328 5212 prius
2355 5144 2485 5217 illud
2533 5145 2819 5215 legeretur,
2865 5145 2966 5200 nisi
3007 5153 3064 5200 et
3103 5145 3235 5202 illud
3271 5161 3486 5217 quoque

1880 5229 2198 5299 expressum
2226 5223 2402 5299 esset,
2430 5216 2551 5299 ide_o
2577 5218 2968 5299 iterumnlotu‘tn
2998 5233 3122 5274 eum
3153 5215 3310 5299 esse.
3339 5215 3487 5298 quod

1921 5284 2055 5341 rima
2089 5287 2222 5340 lotio
2247 5284 2378 5340 nihil
2405 5285 2924 5356 profecisset._Quod
2953 5296 3130 5344 tanteu
3159 5299 3214 5343 et
3240 5284 3414 5354 ipsum
3441 5287 3489 5341 si

1965 5366 2175 5420 eretur,
2213 5372 2282 5414 ne
2315 5358 2394 5411 sic
2429 5358 2651 5429 quidem
2677 5373 2890 5414 causam
2918 5360 3264 5424 obtinerctis,
3294 5374 3418 5420 cum
3442 5356 3491 5429 Si

1877 5426 2216 5501 contigisset,
2246 5429 2368 5501 ideo
2395 5426 2730 5501 contigisset,
2759 5445 2866 5492 non
2895 5439 2952 5484 ut
2978 5446 3362 5501 personarum,
3391 5426 3486 5494 sed

1878 5512 1954 5557 ut'
1976 5498 2236 5572 aquarum
2278 5498 2567 5556 discrimen
2597 5503 2750 5556 fieret
2773 5542 2786 5566 ,
2821 5498 2992 5570 idque
3009 5503 3078 5555 ad
3106 5501 3266 5555 fidem
3296 5498 3488 5554 hum-re

1879 5571 2174 5644 aliqui-do
2207 5571 2460 5630 Iordanis
2503 5573 2682 5636 ﬂuvii,
2731 5587 2842 5640 pra:
2868 5573 3092 5698 caeteri;l
3125 5573 3482 5698 eécellentize.

3101 5684 3113 5696 .
3190 5659 3378 5698 assus.

3101 5684 3113 5696 .
3145 5659 3378 5712 Lassus.

1957 5737 2076 5811 (7t)
2126 5734 2460 5811 Resurregtio
2483 5743 2832 5811 represenlst.
2892 5737 3244 5811 Resurreetio
3277 5752 3482 5808 repun-

1887 5807 2069 5866 seritat
2097 5822 2322 5880 regnum
2355 5807 2447 5865 Dei
2471 5816 2535 5865 es.
2555 5807 2966 5864 beatitudinem.
3001 5810 3232 5866 Amm.
