3974 6324
503 259 644 317 1065

1703 259 1949 320 SANCTI
1988 261 2218 321 ΟΡΤΑΤ
2221 262 2241 320 ι
2280 262 2586 324 EPISCOPI

3603 274 3757 337 Ἱοσι

501 375 731 430 familias
763 374 904 431 Deus
929 373 980 429 iu
1013 387 1114 430 suo
1151 374 1400 431 convivio
1442 386 1738 450 agnoscat,
1779 395 1901 434 cum
1948 395 2090 451 prm-
2118 380 2172 442 Λ
2197 379 2333 448 bolo,
2359 391 2406 436 et
2424 382 2493 436 ad
2516 397 2596 438 me
2621 397 2895 441 conversus
2911 386 3118 458 fueras;
3144 394 3195 443 et
3223 386 3466 444 dederam
3496 389 3580 446 tibi
3597 403 3760 450 vestem

497 469 674 526 scntia
705 477 730 504 ⁸
763 469 1053 523 multorum
1083 467 1346 538 gaudeat,
1375 477 1432 524 ct
1459 469 1528 526 de
1565 470 1869 542 aliquorum
1899 472 2097 526 absen-

500 560 576 615 tia
600 559 969 616 contristetur.
1022 559 1088 614 Et
1113 557 1141 596 δ
1172 560 1375 616 multos
1405 561 1550 616 dicat
1593 571 1816 617 vocatos
1837 601 1853 626 ,
1896 576 2097 632 paucos

499 669 629 712 vero
651 647 890 721 electus;
916 653 1047 709 nihil
1074 653 1177 708 erit
1197 695 1210 718 ,
1249 654 1392 726 quod
1422 655 1694 711 irascatur
1727 663 1928 711 vestem
1957 671 2095 725 nup-

497 745 679 804 tialem
705 763 811 803 non
835 747 1077 814 babenti,
1103 746 1217 822 (75)
1243 763 1368 804 cum
1386 746 1559 804 Filius
1582 750 1679 805 Dei
1705 750 1820 819 ipse
1842 749 2096 804 Christus

496 841 820 911 sitsponsus
843 839 1058 913 (Matth.
1109 843 1244 913 χιιι)
1280 859 1292 894 :
1325 849 1382 898 et
1409 842 1576 897 vestis
1603 850 1660 898 et
1689 843 1867 898 tunica
1905 851 2097 898 natans

496 932 550 988 in
570 949 729 1004 aqua,
753 949 874 1004 qua:
900 933 1101 990 multos
1123 934 1318 989 vestiat
1333 943 1391 990 et
1413 933 1656 990 inﬁnitos
1677 944 1978 1007 exspectet,
1999 949 2099 991 nec

494 1025 778 1082 vcstiendo
821 1025 1058 1083 deliciat.
1107 1024 1216 1082 Sed
1248 1042 1318 1082 ne
1346 1025 1472 1098 quis
1497 1026 1680 1092 dicat,
1715 1036 1922 1082 temere
1952 1042 1982 1082 a
2011 1041 2098 1082 me

495 1117 692 1174 Filium
724 1115 824 1173 Dei
855 1127 1059 1175 vestem
1089 1132 1211 1174 csse
1239 1117 1467 1180 dictum.
1499 1118 1643 1188 legat
1672 1118 1990 1189 Apostolum
2017 1117 2098 1173 di-

493 1219 708 1266 centem
745 1228 758 1264 :
788 1221 1035 1282 quotquot
1078 1213 1135 1265 in
1180 1212 1388 1266 nomine
1425 1209 1618 1267 Christi
1649 1211 1892 1283 baptisati
1939 1212 2094 1277 estis,

495 1304 759 1360 Christum
784 1305 1026 1361 induistis
1059 1317 1082 1346 ο
1116 1303 1318 1378 (Galat.
1353 1319 1442 1371 ιιι,
1487 1304 1605 1378 27).
1651 1305 1696 1361 0
1727 1306 1908 1362 tunica
1948 1321 2096 1362 sem-

495 1415 591 1471 per
617 1416 721 1454 una
752 1409 805 1456 et
832 1399 951 1474 (76)
975 1401 1359 1456 immutabilis!
1387 1415 1508 1471 quae
1534 1399 1793 1456 decenter
1823 1401 2020 1457 vestiat
2043 1409 2099 1457 et

493 1509 684 1550 omnes
724 1504 914 1550 aetates
957 1503 1013 1550 et
1035 1493 1272 1563 formas,
1303 1511 1404 1552 nec
1433 1495 1486 1550 in
1520 1493 1816 1552 infantibus
1855 1494 1971 1568 (77)
2002 1511 2093 1551 ru-

492 1600 674 1661 gatur,
700 1605 801 1647 nec
823 1591 876 1646 in
893 1590 1190 1660 juvenibus
1211 1589 1470 1659 tenditur,
1500 1605 1600 1647 nec
1626 1589 1743 1661 (78)
1771 1591 1826 1646 in
1858 1589 2098 1646 heminis

495 1682 832 1738 immutatur.
881 1682 1072 1738 Aderit
1116 1681 1362 1753 profecto
1412 1682 1504 1738 ille
1549 1681 1707 1750 dies,
1744 1691 1804 1738 ut
1840 1683 2096 1738 caelestes

2201 474 2487 544 nuptialem
2519 491 2538 529 :
2567 485 2625 529 ut
2662 475 2789 544 quid
2816 477 2891 532 sic
2931 479 3111 534 uenisti
3153 496 3254 534 non
3295 480 3487 537 habens
3521 484 3648 554 quod
3686 486 3762 540 tibi

2200 569 2320 623 dedi
2344 568 2370 622 .’
2399 569 2504 625 hoc
2549 578 2636 626 est
2663 569 2850 628 dicere
2881 588 2894 625 :
2927 586 3096 644 quare
3125 588 3233 628 non
3288 573 3460 630 babes
3509 575 3642 647 quod
3685 577 3762 634 tibi

2199 659 2322 717 dali
2341 661 2365 714 7
2385 661 2554 719 Nemo
2577 663 2721 719 enim
2749 672 2930 733 potest
2949 665 3105 721 irasci
3128 681 3236 722 non
3263 665 3486 723 habenti
3513 683 3642 733 rem,
3663 685 3762 740 qua

2200 753 2324 809 data
2343 769 2450 811 non
2477 755 2568 811 sit.
2597 754 2810 812 Vestem
2840 756 3134 828 nuptialem
3163 758 3307 815 inter
3323 759 3458 815 istos
3485 775 3762 832 acceperas,

2200 854 2258 901 et
2284 845 2432 901 solus
2453 861 2558 900 non
2583 845 2753 902 habes
2769 845 2792 900 ?
2808 862 2977 917 quare
3005 848 3182 904 nudus
3207 859 3264 906 et
3287 849 3531 922 lugubris
3554 851 3727 907 venisti
3746 853 3764 905 2

2200 937 2319 1008 quis
2365 938 2460 994 tibi
2505 938 2742 994 detraxit
2787 940 3000 1008 spolia?
3030 955 3164 1010 quas
3218 941 3590 998 fraudulentas
3632 941 3766 997 adisti

2199 1032 2422 1088 fauces?
2467 1047 2607 1104 quos
2662 1032 2937 1090 incurristi
2986 1034 3270 1090 latrones?
3325 1033 3603 1106 Quotquot
3653 1036 3767 1092 tales

2200 1125 2410 1180 venturi
2454 1122 2669 1192 suntd,
2703 1125 2882 1182 locum
2927 1125 2981 1181 in
3025 1126 3120 1182 illo
3161 1125 3412 1183 convivio
3461 1143 3570 1184 non
3627 1127 3766 1183 habe-

2198 1218 2336 1276 bunt
2367 1229 2415 1274 ε.

2271 1309 2363 1367 XI.
2397 1310 2524 1367 Cum
2562 1320 2793 1368 mortuos
2834 1313 3061 1385 infantes
3109 1313 3434 1383 rebaptizare
3463 1329 3569 1368 non
3604 1321 3770 1387 possint

2199 1403 2514 1471 Donatistaz,
2544 1423 2639 1461 cur
2665 1409 2883 1463 viventes
2904 1407 3265 1480 rebaptizant.’
3289 1437 3362 1450 —
3391 1408 3457 1464 Et
3482 1416 3544 1464 ut
3567 1409 3646 1464 vel
3669 1423 3771 1464 sero

2199 1500 2578 1571 compendium
2614 1500 2827 1567 faciam,
2855 1501 3022 1556 credo
3041 1501 3208 1557 etiam
3247 1500 3350 1558 hoc
3371 1500 3657 1567 sufﬁcere;
3685 1502 3770 1558 etsi

2199 1601 2282 1650 tot
2307 1595 2656 1664 probationes
2679 1595 2902 1650 minime
2921 1593 3262 1652 diceremus:
3280 1593 3435 1650 vobis
3456 1593 3770 1661 absentibus,

2199 1687 2367 1744 verbo
2408 1697 2567 1744 tenus
2606 1689 2862 1760 baptizati
2905 1696 3032 1744 sunt
3071 1688 3262 1744 mille:
3289 1701 3360 1744 ex
3389 1686 3475 1742 his
3521 1695 3662 1742 sorte
3694 1700 3773 1742 sua

493 1775 694 1847 nuptiae
726 1776 984 1847 incipiant
1023 1775 1327 1832 celebrari:
1353 1776 1463 1832 illic
1487 1776 1579 1848 qui
1612 1776 1878 1847 baptisma
1907 1773 2096 1847 singu-
2127 1775 2175 1836 B
2202 1779 2442 1836 defuncti
2473 1790 2601 1837 sunt
2639 1791 2884 1838 centum.
2934 1781 3219 1838 Abstinete
3265 1780 3544 1853 paulisper
3587 1781 3652 1836 ab
3688 1780 3773 1835 hoc

492 1868 607 1924 lare
628 1869 988 1936 servaverint,
1012 1869 1189 1926 securi
1213 1867 1580 1924 discumbent.
1605 1866 1740 1924 Nam
1769 1868 2096 1938 quicumque

491 1977 524 2017 a
541 1964 692 2021 vobis
711 1979 772 2021 se
796 1964 1122 2035 rebaptizari
1150 1961 1520 2031 consenserit,
1547 1961 1862 2032 hujusmodi
1883 1959 2094 2017 homini

493 2073 600 2114 non
630 2057 930 2130 denegatur
968 2057 1336 2124 resurrectio,
1366 2055 1492 2128 quia
1534 2055 1770 2112 credidit
1812 2056 1866 2111 in
1911 2071 2094 2112 resur-

492 2151 789 2209 rectionem
813 2152 1032 2218 carnis;
1058 2162 1306 2223 resurget
1333 2151 1554 2223 quidem
1575 2191 1591 2219 ,
1622 2151 1718 2208 sed
1750 2151 1952 2207 nudus.
1983 2149 2092 2207 Sed

489 2246 614 2318 quia
643 2245 867 2317 nuptiali
890 2256 1039 2302 veste
1063 2261 1094 2302 a
1118 2245 1274 2301 vobis
1292 2261 1353 2302 se
1372 2246 1634 2318 espoliari
1658 2245 1926 2317 permisit,
1951 2245 2088 2302 hanc

489 2338 894 2410 patrisfamilias
920 2338 1202 2395 auditurus
1234 2347 1318 2396 est
1343 2354 1532 2394 vocem
1566 2357 1580 2394 :
1611 2338 1731 2413 (79)
1759 2340 1953 2404 Amice,
1982 2339 2088 2396 hoc

489 2439 576 2489 est
601 2431 808 2502 dicere,
834 2446 1073 2505 agnosco
1099 2440 1190 2500 te;
1217 2431 1501 2504 aliquando
1526 2433 1918 2488 renuntiareras
1946 2430 2082 2488 Dia-

2195 1874 2405 1931 scelere
2435 1890 2648 1930 manus.
2699 1874 3008 1940 Sanctitas,
3050 1883 3110 1929 ut
3135 1874 3349 1939 dicitis,
3381 1883 3564 1930 vestra
3584 1915 3597 1938 ,
3626 1876 3772 1944 primo

2193 1970 2482 2026 resuscitet
2510 1968 3108 2039 sepultos;emeudet,
3157 1967 3206 2023 si
3260 1976 3474 2038 potest,
3511 1977 3769 2032 mortuos;

2194 2071 2250 2118 et
2276 2061 2355 2118 sic
2379 2070 2688 2118 revertatur
2723 2061 2792 2117 ad
2823 2061 2994 2117 vivos.
3029 2060 3084 2117 Si
3116 2069 3364 2116 mortuos
3390 2061 3656 2116 suscitare
3678 2075 3767 2114 non

2194 2154 2422 2226 potestis
2445 2195 2460 2220 ,
2495 2164 2552 2208 ut
2574 2153 2701 2224 quid
2725 2153 3033 2209 viventibus
3054 2151 3330 2208 conamini
3353 2167 3554 2207 manus
3575 2151 3771 2207 inferre?

2193 2247 2296 2303 nisi
2327 2257 2382 2302 ut
2409 2247 2750 2317 compleatur
2777 2246 2919 2318 quod
2953 2262 3048 2318 per
3077 2245 3420 2302 Ezechielcm
3461 2246 3767 2318 Prophetam

2190 2338 2406 2396 locutus
2429 2348 2514 2394 est
2540 2338 2681 2392 Deus
2701 2382 2716 2404 ,
2746 2337 2936 2393 dicens
2969 2355 2982 2392 :
3017 2347 3074 2392 ut
3095 2337 3384 2394 occiderent
3416 2338 3638 2405 animas,
3665 2354 3770 2408 quas

2185 2450 2288 2489 non
2313 2433 2542 2504 oportuit
2572 2432 2703 2487 mori
2728 2429 2947 2502 (Ezech.
2977 2447 3074 2488 xttt
3095 2471 3112 2500 ,
3142 2430 3259 2504 l9).

1731 2549 2125 2609 LECTIONES
2156 2547 2573 2608 VARIANTES.

549 2669 579 2732 9
616 2669 668 2720 In
689 2681 780 2720 ms.
805 2668 859 2718 S.
879 2668 940 2732 G.
959 2667 1028 2719 ad
1045 2665 1372 2732 praesentiam.

545 2731 576 2774 ι)
618 2732 675 2783 ln
697 2747 788 2784 ms.
811 2732 865 2782 S.
893 2731 954 2783 G.
979 2731 1059 2783 Ut.

547 2797 573 2827 °
610 2796 664 2846 ln
687 2809 778 2846 ms.
797 2795 850 2846 S.
885 2794 946 2845 G.
970 2808 1051 2845 vos
1073 2792 1295 2846 vestistis.

546 2855 576 2897 ά
609 2858 662 2908 ln
682 2871 775 2908 ms.
802 2858 856 2908 8.
883 2857 943 2909 G.
965 2858 1176 2916 additur,
1197 2855 1288 2908 hoc
1309 2853 1551 2919 exemplo.

550 2894 576 2953 ἓ
609 2894 1576 2984 ἱῖίὲἓιὶίὶἱὶτἦὶιῖἄῖιὶἐ“ῐίί›ὲῖἲιί’“ὂῖιίὶι¹ἱῦἰὶε
1597 2929 1717 2970 mss.
1757 2927 1811 2970 et
1848 2918 2080 2983 habetur,

2191 2662 2408 2729 Explicit
2425 2662 2546 2714 liber
2562 2661 2772 2729 quintus.
2791 2661 2924 2729 Quae
2936 2667 3228 2729 sequuntur,
3262 2662 3373 2729 quia
3391 2661 3452 2711 ad
3471 2662 3602 2729 hunc
3618 2661 3767 2712 librum

2192 2673 2408 2740 Explica
2425 2673 2546 2714 uber
2562 2673 2772 2728 quintus.
2791 2673 2924 2734 quae.
2936 2673 3228 2772 sequuntur,
3262 2675 3373 2735 quia
3391 2673 3451 2711 ad
3472 2673 3602 2736 nunc
3619 2673 3767 2712 norum

2192 2728 2822 2798 pertinepthvitlenturque
2842 2724 2986 2798 hujus
3029 2726 3124 2798 ibrt
3151 2725 3416 2798 conclusio,
3441 2725 3700 2787 adjecimus
3714 2739 3767 2798 ex

2191 2787 2522 2903 cgdlceS..'G.
2543 2789 2593 2837 in
2609 2801 2707 2852 quo
2722 2787 2952 2850 superius
2989 2792 3132 2838 erant
3172 2787 3327 2852 posita
3351 2787 3460 2837 loco
3491 2801 3591 2838 non
3614 2802 3709 2848 suo,
3726 2791 3770 2836 ut

2191 2867 2221 2903 ο
2258 2864 2586 2903 servavnmus.

2189 2865 2586 2904 οῠςθινλνιωιιε.

1831 3023 2199 3084 VARIORUM
2239 3024 2468 3082 ΝΟΤᾸΕ.

559 3121 678 3194 (75)
718 3120 848 3177 Cum
873 3119 1048 3176 Filius
1068 3119 1303 3194 (Dei‘ipse
1324 3119 1575 3194 Christus
1600 3085 1668 3175 sit
1706 3135 1952 3194 sponsus,
1974 3128 2080 3176 etc.

481 3190 625 3249 Cave
657 3190 748 3250 tibi
778 3194 1023 3265 imponat
1063 3191 1230 3265 illud,
1257 3207 1380 3248 cum
1422 3191 1578 3265 quasi
1614 3190 1794 3265 causa:
1825 3192 2081 3265 praeiret,

2188 3135 2381 3176 recens
2408 3118 2708 3190 baptizatos
2737 3119 2958 3189 cingere
2983 3127 3248 3190 ettegere
3278 3132 3398 3174 mos
3442 3116 3574 3190 olim
3601 3159 3616 3180 .
3641 3133 3768 3174 men-

2191 3193 2392 3248 tionem
2436 3189 2626 3258 faciat,
2656 3206 2778 3262 quae
2809 3199 2865 3246 et
2905 3190 2972 3262 ad
3010 3189 3254 3262 ejusdem
3303 3189 3765 3262 paraboltciinter-

483 3281 590 3321 non
634 3266 780 3322 enim
825 3261 1044 3320 causam
1085 3263 1264 3320 reddit
1309 3261 1650 3334 superiorum
1688 3263 1954 3334 (Optatus,
1988 3263 2081 3318 sed
2125 3331 2151 3334 _
2190 3263 2544 3334 pretationem
2581 3261 2856 3332 pertinere
2885 3261 3159 3318 videntur.
3189 3261 3258 3316 Μ.
3290 3261 3524 3317 (ΣΑςΑυιι.
3570 3261 3768 3316 Locusa

482 3335 626 3394 idem
651 3334 1238 3408 prosequitur,_addita
1263 3331 1440 3408 obiter
1471 3336 1637 3408 vestis
1665 3333 1809 3408 illius
1837 3333 2081 3408 descripo
2109 3331 2155 3394 C
2189 3331 2640 3408 nobisrestitutus.

483 3405 665 3475 tione;
679 3419 731 3465 et
758 3405 982 3480 mystica
1008 3406 1404 3480 designatione,
1421 3421 1542 3480 quas
1566 3405 1821 3480 nimirum
1838 3406 2086 3480 Christus

482 3480 619 3563 ipse,
653 3489 762 3538 etc.
793 3475 872 3563 lia
898 3489 1080 3536 autem
1109 3475 1240 3563 puto
1263 3477 1552 3563 legendum
1577 3495 1590 3531 :
1623 3475 1776 3563 liii/sil
1797 3487 1904 3532 erat
1924 3477 2086 3563 λιι.οά

480 3547 733 3622 irascatur
770 3561 957 3607 vestem
1001 3547 1283 3622 nuptialem
1320 3547 1428 3604 non
1465 3548 1670 3622 habenti
1697 3564 1716 3602 :
1763 3565 1876 3622 cum
1916 3547 2086 3604 Filius
2123 3583 2130 3588 ι

482 3620 580 3694 Dei
597 3624 708 3693 ipse
733 3623 798 3678 sit
819 3620 1082 3694 sponsus,
1100 3632 1147 3678 et
1168 3624 1316 3678 vestis
1338 3663 1352 3687 ,
1384 3631 1431 3694 et
1462 3620 1658 3687 tunica,
1685 3629 1832 3674 natos
1858 3621 1910 3690 in
1950 3637 2086 3691 aqua

483 3693 568 3763 (id
606 3703 724 3757 est,
755 3693 1040 3760 baptizatos
1065 3735 1080 3761 ,
1120 3703 1180 3750 ut
1221 3708 1344 3749 mox
1388 3693 1818 3763 interpretatur:
1849 3705 1986 3762 quos
2029 3702 2088 3748 et

483 3762 631 3820 natos
652 3805 668 3832 ,
698 3765 826 3820 alibi
857 3779 1071 3834 quoque
1106 3782 1212 3820 non
1253 3765 1421 3820 semel
1452 3762 1502 3834 :)
1529 3777 1645 3834 qua:
1676 3763 1864 3834 multos
1899 3763 2083 3834 vestiat

483 3847 532 3890 et
552 3837 684 3908 in(.,
707 3845 812 3892 etc.
839 3832 916 3892 Ita
949 3832 1146 3908 praeter
1180 3836 1318 3908 alios
1360 3832 1632 3908 loquitur,
1661 3847 1715 3908 et
1747 3833 1932 3908 Victor
1962 3832 2082 3908 Uti-

481 3905 657 3977 ecnsL,
701 3907 773 3964 de
818 3905 1026 3978 persec.
1065 3905 1345 3978 viandalic.
1391 3905 1483 3960 lib.
1543 3920 1632 3978 nt,
1679 3905 1753 3978 de
1772 3905 2084 3978 Elpidoforo

480 3975 714 4051 quodam
746 3975 992 4051 apostata
1016 3995 1030 4033 :
1057 3977 1168 4051 (Hic
1189 3978 1324 4051 enim
1351 3978 1571 4051 dudum,
1610 3976 1786 4047 inquit
1815 3975 1926 4041 ille,
1969 3976 2085 4046 fue-

482 4046 563 4106 rat
581 4053 724 4122 apud
745 4046 836 4107 nos
857 4052 912 4106 in
939 4049 1173 4106 Ecclesia
1199 4046 1385 4122 Fausti
1414 4046 1729 4122 baptizatus,
1758 4064 1912 4118 quem
1931 4063 2082 4103 vene-

480 4118 660 4178 rabilis
681 4122 945 4178 Macarius
972 4122 1223 4176 diaconus
1249 4121 1313 4173 de
1331 4120 1471 4174 alveo
1502 4118 1659 4189 fontis
1684 4129 1976 4188 susceperat
1997 4136 2085 4189 ge-

481 4205 735 4249 neratum.
785 4193 953 4264 Cujus
998 4208 1065 4247 eo
1114 4191 1368 4264 libentius
1398 4189 1655 4256 memini,
1698 4189 1841 4260 quod
1887 4191 2080 4264 vellem

479 4264 599 4333 ejus
628 4265 790 4320 verba
827 4261 950 4318 cum
985 4261 1463 4334 Optatoconferri
1492 4301 1507 4325 ,
1552 4275 1674 4334 cum
1721 4275 1828 4316 non
1860 4262 2076 4334 gemina

481 4331 682 4403 solum,
705 4352 770 4390 ac
799 4331 1336 4404 amplior'parabolaa
1367 4332 1513 4388 illius
1542 4331 1621 4404 de
1642 4340 1794 4388 veste
1821 4331 2074 4404 nuptiali,

2267 3407 2384 3477 (76)
2425 3404 2883 3460 Innumerabilem.
2906 3404 3198 3476 Eleganter
3217 3420 3378 3461 unam
3412 3404 3613 3461 Christi
3641 3403 3754 3460 tuni-

2191 3492 2308 3533 cam
2341 3477 2494 3532 dicit.
2527 3477 2744 3532 lucsnr.

2263 3549 2378 3620 (77)
2422 3548 2675 3620 (iugatur.
2711 3547 2882 3620 Nimis
2915 3547 3059 3603 laxa.
3088 3547 3322 3620 Attus».

2167 3628 2176 3633 '
2263 3619 2378 3693 (78)
2418 3619 2486 3693 lu
2510 3619 2732 3693 flaminis
2765 3619 3088 3693 immutatur.
3124 3619 3389 3676 Convenit
3418 3627 3474 3676 ct
3493 3620 3662 3692 aptari
3688 3633 3764 3692 po-

2194 3689 2297 3748 test
2325 3689 2642 3747 mulieribus
2667 3698 2724 3745 et
2751 3690 2906 3745 viris.
2936 3689 3167 3746 ALBASP.

2265 3765 2382 3834 (79)
2422 3763 2617 3829 Amice,
2652 3761 2748 3834 hoc
2774 3773 2846 3815 est
2867 3803 2882 3827 ,
2915 3763 3083 3818 dicere
3117 3778 3368 3834 cognosco
3395 3774 3482 3830 te,
3513 3775 3622 3819 etc.
3643 3761 3762 3818 Nihil

2190 3833 2470 3891 confusius
2491 3834 2697 3904 aliquot
2736 3833 2884 3888 hisce
2925 3834 3083 3889 lineis
3127 3833 3193 3888 ut
3220 3833 3310 3890 hic
3339 3834 3501 3889 edita:
3531 3845 3683 3897 sunt,
3721 3841 3765 3904 et

2193 3907 2354 3977 vulgo
2383 3905 2633 3977 eduntur.
2667 3904 2775 3960 Sed
2796 3912 2852 3958 et
2881 3905 3078 3977 mendo
3105 3921 3212 3961 non
3236 3915 3445 3977 carent.
3470 3906 3655 3962 Scribe
3676 3903 3758 3974 igio

2189 3975 2305 4047 tur,
2335 3992 2418 4032 me
2444 3975 2770 4047 spondente,
2799 3976 3003 4030 amice:
3027 3979 3124 4031 hoc
3143 3985 3214 4032 est
3243 3976 3433 4041 dicere,
3462 3993 3699 4046 cognosco
3718 3983 3759 4047 ts

2189 4046 2356 4120 (ideo
2380 4057 2435 4104 et
2460 4045 2696 4120 amicum
2734 4047 3012 4120 compello
3035 4048 3325 4120 ,_scilicet)
3355 4065 3471 4102 cum
3507 4045 3763 4118 aliquando

2188 4116 2578 4175 renuntiaveras
2619 4116 2841 4173 Diabolo
2865 4160 2880 4182 ,
2927 4128 2974 4173 et
3000 4118 3068 4172 ad
3096 4135 3176 4173 me
3207 4134 3480 4174 conuersus
3503 4116 3665 4188 fueras
3683 4160 3696 4182 ,
3725 4127 3764 4170 et

2188 4189 2432 4262 dederam
2464 4189 2556 4246 tibi
2580 4190 3078 4262 vestemnuptialem
3103 4229 3119 4255 ,
3147 4200 3202 4244 ut
3226 4191 3354 4260 quid
3377 4193 3452 4246 sic
3473 4191 3650 4245 venisti
3677 4203 3762 4242 non

2187 4260 2374 4334 habens
2405 4272 2591 4334 vestem
2634 4260 2960 4334 nuptialem?
3002 4261 3098 4334 hoc
3125 4270 3199 4334 est
3237 4262 3444 4330 dicere,
3488 4277 3644 4334 quare
3680 4275 3765 4334 non

2183 4333 2338 4405 habes
2357 4333 2494 4405 quod
2514 4333 2606 4386 tibi
2636 4333 2792 4405 dedi?
2822 4330 2990 4386 Nemo
3017 4333 3154 4405 enim
3184 4333 3341 4387 irasci
3377 4329 3537 4403 potest
3568 4349 3661 4386 non
3686 4329 3765 4380 ha-

481 4423 602 4476 qua:
629 4423 754 4464 mox
791 4408 845 4478 in
869 4403 1072 4478 Optato
1091 4405 1338 4477 sequitur
1374 4403 1703 4478 explicatio,
1749 4404 1892 4473 apud
1923 4403 2073 4478 illum
2180 4404 2318 4478 benti
2347 4403 2454 4458 rem
2473 4445 2489 4470 ,
2525 4419 2642 4478 quae
2672 4404 2803 4478 data
2841 4420 2944 4459 non
2970 4405 3058 4478 sit.
3078 4403 3296 4478 _Vestem
3336 4407 3646 4477 nuptialem,
3671 4413 3762 4457 etc.

480 4474 690 4546 exstet;
723 4477 818 4536 sed
849 4474 1272 4545 etsabanorum,
1295 4478 1409 4535 sive
1441 4475 1815 4533 liuteaminum
1833 4515 1850 4544 ,
1876 4476 2072 4546 quibus
2180 4475 2251 4530 M.
2275 4474 2509 4532 CASAUB.
2541 4475 2827 4532 Restitutus
2847 4492 2878 4529 a
2900 4475 3047 4531 nobis
3069 4475 3236 4531 locus.

513 4650 3734 4679 -——————————--———————————-—-—————

1553 4776 1667 4849 90
1716 4778 2046 4853 LIBER
2119 4777 2571 4856 SEXTUS.

481 4949 550 5005 In
579 4949 676 5004 hoc
702 4953 842 5004 secto
871 4941 1002 5000 libro
1021 4938 1308 4998 ostenditur
1336 4946 1364 4977 ι
1390 4938 1654 5011 episcopos
1683 4937 1848 5009 partis
1886 4933 2081 4991 Donati
2119 4943 2298 4992 contra
2323 4936 2485 5010 legem
2514 4937 2730 5010 fregisse
2766 4937 2955 4993 altaria
2973 4977 2989 5004 ,
3016 4947 3066 4994 et
3105 4939 3482 4996 inconsiderate
3515 4940 3761 5011 conﬂasse,

551 5052 600 5098 et
628 5040 819 5112 passim
847 5036 1130 5092 vendidisse
1157 5049 1278 5088 vasa
1301 5031 1580 5099 dontinica,
1619 5041 1668 5084 et
1707 5029 1890 5085 lavisse
1925 5043 2042 5101 qua:
2070 5028 2295 5084 lavanda
2315 5044 2419 5084 non
2453 5037 2628 5098 erant,
2661 5039 2708 5085 et
2737 5031 2961 5086 mitellas
2989 5030 3177 5101 puellis
3199 5040 3454 5102 mutasse,
3500 5033 3561 5088 de
3601 5030 3762 5103 quibus

553 5133 705 5190 nulla
730 5131 986 5200 scriptura
1014 5127 1221 5200 legitur.

551 5267 594 5324 l.
635 5264 806 5337 lmpie
847 5279 910 5318 ac
957 5260 1112 5317 stulte
1159 5257 1463 5314 Donatistas
1504 5252 1696 5312 altaria
1743 5255 1960 5328 fregisse
2001 5251 2081 5309 vel
2109 5251 2305 5317 Diam
2336 5254 2426 5312 illa
2453 5256 2792 5315 ostendenda
2842 5269 3006 5329 sunt,
3033 5275 3156 5334 qua:
3200 5259 3495 5319 crudeliter
3518 5274 3582 5316 ac
3615 5256 3760 5314 stulte

477 5363 686 5418 rasisse.
712 5387 786 5401 —
810 5356 884 5415 Ut
913 5353 1046 5410 mihi
1075 5350 1286 5408 videtur
1313 5349 1342 5389 δ
1365 5391 1380 5417 ,
1409 5348 1616 5422 liquido
1645 5347 2077 5404 demonstratum

479 5468 595 5530 est,
644 5458 700 5514 in
738 5452 936 5514 divinis
981 5447 1340 5510 sacramentis
1381 5447 1507 5520 quid
1555 5445 1764 5502 nefarie
1812 5445 2072 5502 feceritis.

2185 5362 2284 5404 vos
2314 5349 2528 5418 fecisse,
2561 5366 2761 5424 negare
2787 5353 3012 5410 minime
3035 5353 3307 5426 poteritis.
3335 5355 3473 5424 Quid
3498 5353 3636 5410 enim
3665 5360 3757 5404 tam

2184 5441 2511 5514 sacrilegum
2548 5486 2564 5513 ,
2612 5461 2775 5518 quam
2795 5447 2984 5503 altaria
3014 5448 3106 5506 Dei
3133 5448 3225 5522 (in
3249 5449 3445 5521 quibus
3469 5456 3520 5504 et
3557 5460 3648 5502 vos
3675 5443 3758 5498 ali-

1732 5557 2112 5618 LECTIONES
2149 5554 2572 5618 VARIANTES.

543 5671 572 5700 ⁸
603 5666 660 5720 In
682 5679 799 5718 mss.
834 5664 890 5715 S.
913 5661 971 5713 Τ.
999 5664 1052 5711 et
1070 5659 1132 5724 Ρ.
1155 5658 1208 5707 8.
1235 5653 1502 5724 continetur
1522 5652 1611 5724 hoc
1635 5657 1723 5715 est,
1748 5651 1806 5703 ln
1823 5665 1914 5702 ms.
1931 5649 1988 5702 S.
2015 5650 2076 5702 G.

480 5717 795 5793 esten—diditur
818 5724 1098 5793 scltismata,
1115 5721 1208 5771 hoc
1229 5717 1590 5793 βαρ-Κρίασορὴ
1703 5791 1741 5793 Α
1789 5778 1819 5793 η

547 5775 863 5845 imiimi;
883 5775 938 5841 S.
960 5787 1020 5840 ὓ.
1046 5775 1198 5849 longe
1214 5775 1395 5835 melius
1408 5775 1560 5846 quam
1578 5781 1629 5832 in
1645 5791 1764 5830 mss.
1789 5778 1842 5828 8.
1863 5776 1922 5828 Τ.
1948 5781 2002 5826 et
2019 5775 2076 5825 P.

2181 5650 2327 5722 Suet.
2332 5649 2381 5699 in
2405 5650 2570 5722 editis,
2582 5654 2933 5722 Indubitanter
2957 5655 3165 5722 liquido.

2244 5713 2270 5743 ο
2304 5711 2361 5762 In
2383 5727 2476 5764 ms.
2501 5711 2632 5768 SJG.
2657 5719 2850 5772 additur
2873 5721 2953 5772 hic
2969 5711 3236 5774 admissum
3258 5718 3338 5773 sit.
