3974 6324
224 271 352 328 1035

995 270 1081 327 DE
1121 268 1513 330 SCHISMATE
1557 235 2092 326 DONATISTADUM
2133 264 2339 324 LIBER
2397 268 2687 329 SEXTUS.

3366 274 3506 336 1066

219 382 423 457 quando
454 383 768 455 oblulistis)
801 384 1046 456 frangere
1069 428 1082 454 ,
1114 385 1309 442 radere
1333 427 1347 451 ,
1391 383 1720 442 removere?
1749 381 1800 437 in
1833 387 1879 448 Α
1910 379 2148 435 invocari
2179 385 2570 439 consueverat?
2599 383 2729 455 quid
2765 397 2860 441 vos
2887 385 3189 446 offenderat
3215 389 3462 451 Christus
3487 438 3503 461 ,

218 481 404 552 quibus
449 490 505 536 et
548 481 627 553 (1)
661 490 785 536 vota
831 481 1048 552 populi,
1091 492 1146 536 et
1176 480 1258 554 (2)
1309 480 1551 536 membra
1599 477 1801 534 Christi

217 582 421 645 portata
451 583 576 628 sunt
607 590 752 645 :quo
798 573 939 628 Deus
977 574 1323 643 omnipotens
1370 573 1650 626 invocatus
1690 572 1798 625 sit:

215 681 315 737 quo
346 647 651 737 postulatus
680 666 1026 724 descenderit
1050 666 1284 738 Spiritus
1306 673 1526 721 sanctus
1564 683 1576 719 :
1604 664 1744 720 unde
1774 679 1804 718 a

214 762 393 819 multis
435 771 491 818 et
520 758 602 832 (3)
631 763 823 833 pignus
853 760 1043 817 salutis
1070 770 1290 818 interna:
1310 802 1327 828 ,
1355 768 1411 816 et
1439 759 1606 815 tutela
1634 758 1757 816 fidei
1783 800 1797 826 ,

213 865 264 911 et
289 854 366 926 (4)
396 870 522 925 spes
568 854 986 910 resurrectionis
1030 866 1249 926 accepta
1282 861 1385 910 est.
1436 853 1675 920 Altaria,
1716 853 1801 908 in-

212 964 397 1020 quam,
431 947 518 1020 (5)
547 948 744 1018 quibus
793 947 1150 1004 fraternitatis
1203 963 1431 1004 munera
1483 963 1590 1002 non
1640 946 1805 1016 jussit

211 1041 455 1098 Salvator
476 1041 680 1113 imponi
705 1049 754 1108 α,
785 1041 888 1098 nisi
912 1056 1031 1113 quae
1052 1051 1236 1097 essent
1259 1040 1329 1097 de
1365 1055 1499 1111 pace
1539 1038 1755 1095 condita
1783 1052 1798 1091 :

211 1132 438 1204 Depone,
465 1133 658 1204 inquit,
690 1150 874 1188 manus
895 1143 1041 1188 tuum
1068 1143 1187 1187 ante
1213 1132 1398 1197 altare,
1423 1141 1470 1187 et
1499 1131 1608 1186 redi
1630 1131 1799 1202 prius,

211 1227 464 1281 roncorda
502 1244 618 1281 cum
643 1231 803 1298 fratre
833 1235 917 1282 tuo
938 1268 953 1294 ,
985 1236 1039 1280 ut
1069 1227 1229 1298 possit
1262 1242 1355 1296 pro
1385 1236 1434 1279 te
1455 1224 1695 1280 sacerdos
1721 1227 1804 1294 of-

208 1324 338 1392 ferre
363 1319 575 1394 (Matth.
611 1336 678 1388 v,
710 1319 829 1394 24).
870 1320 1010 1389 Quid
1050 1328 1134 1376 est
1169 1320 1311 1376 enim
1338 1321 1512 1375 altare
1534 1361 1549 1387 ,
1583 1317 1660 1390 (6)
1696 1316 1804 1373 nisi

209 1415 364 1469 sedes
408 1424 463 1470 et
489 1415 738 1486 corporis
785 1423 840 1470 et
867 1415 1145 1486 sanguinis
1186 1411 1432 1470 Christi?
1461 1415 1577 1468 haec
1620 1414 1802 1467 omnia

131 1570 138 1576 ι
207 1509 357 1567 furor
386 1521 564 1567 vester
591 1519 685 1566 aut
713 1511 875 1574 rasit,
921 1519 1015 1565 aut
1045 1509 1238 1582 fregit,
1281 1517 1376 1565 aut
1408 1505 1659 1564 remOvit.
1691 1506 1804 1562 Hoc

208 1605 368 1674 igitur
397 1604 728 1675 ineXpiabile
750 1603 922 1672 nefas,
953 1605 998 1660 si
1030 1603 1098 1659 de
1127 1604 1305 1675 aliqua
1339 1603 1548 1659 ratione
1575 1601 1804 1659 descen-

205 1697 310 1764 dit,
341 1712 451 1753 uno
479 1697 641 1754 modo
671 1696 787 1753 ﬁeri
815 1697 1018 1752 debuit.
1045 1695 1176 1764 Sed,
1207 1704 1264 1752 ut
1285 1697 1519 1764 aestimo,
1545 1695 1652 1750 alio
1683 1695 1803 1751 loco

1909 473 2063 543 enjns
2091 474 2203 529 illic
2251 475 2368 546 (12)
2401 493 2498 547 per
2525 487 2670 532 certa
2703 475 2730 514 ι¹
2761 491 3035 536 mmncnta
3065 497 3260 553 corpus
3290 494 3344 540 et
3372 501 3503 541 san-

1906 565 2025 635 guis
2050 563 2400 621 habitabant?
2434 568 2549 639 (15)
2576 570 2702 640 quid
2735 569 3040 628 offendistis
3065 575 3226 630 etiam
3259 591 3355 632 vos
3380 578 3505 648 ipsi,

1910 667 1968 711 ut
1996 657 2088 712 illa
2138 658 2330 714 altaria
2362 661 2684 733 frangeretis
2711 705 2726 731 ,
2760 666 2811 720 in
2858 667 3052 736 quibus
3081 679 3205 726 ante
3258 687 3358 726 nos
3409 687 3508 744 per

1905 751 2066 824 longa
2097 762 2398 825 temporum
2433 760 2606 829 spatia
2628 799 2643 826 ,
2677 769 2863 817 sancte
2890 763 2980 836 (ut
3010 765 3380 840 arbitramini)
3411 769 3506 826 ob-

1904 845 2148 902 tulistis?
2172 847 2308 904 Dum
2333 849 2496 920 impie
2520 855 2903 924 persequimini
2929 857 3044 929 (14)
3073 874 3265 916 manus
3289 871 3506 918 nostras

1906 938 2020 996 illic
2049 941 2137 996 ubi
2165 929 2370 1013 corpus
2389 943 2593 1001 Christi
2622 945 2928 1018 habitabat,
2964 951 3166 1009 feristis
3192 965 3247 1011 et
3270 967 3501 1014 vestras.

1907 1031 2022 1089 Hoc
2049 1033 2212 1090 modo
2255 1035 2476 1093 Jutlmos
2502 1039 2632 1094 estis
2661 1039 2855 1096 imitati
2891 1062 2903 1096 :
2932 1043 3009 1098 illi
3055 1046 3359 1117 injecerunt
3390 1066 3507 1105 ma-

1909 1143 2009 1182 nus
2037 1127 2254 1184 Christo
2285 1130 2398 1203 (15)
2432 1134 2482 1186 in
2525 1147 2688 1188 cruce
2721 1153 2734 1188 :
2766 1151 2794 1189 a
2824 1137 2977 1192 vobis
3015 1155 3305 1209 percussus
3332 1154 3415 1198 est
3455 1144 3505 1198 in

1906 1222 2082 1278 altari.
2138 1224 2193 1280 Si
2251 1224 2561 1283 Catholicos
2615 1229 2722 1285 illic
2777 1231 3031 1288 insectari
3093 1236 3373 1302 voluistis,
3424 1239 3509 1294 vel

1908 1315 2105 1370 vestris
2150 1316 2262 1371 illic
2312 1316 2427 1390 (16)
2467 1319 2703 1392 antiquis
2752 1323 3125 1381 oblationibus
3167 1330 3505 1398 parcerctis:

1906 1408 1983 1464 ibi
2009 1410 2172 1466 modo
2203 1410 2318 1482 (l7)
2350 1415 2618 1485 superbus
2657 1416 2908 1476 inventus
2936 1437 3027 1490 es,
3062 1423 3150 1479 tibi
3187 1425 3506 1495 jamdudum

1853 1523 1859 1527 ·
1907 1503 2128 1559 humilis
2150 1504 2417 1563 oﬂ‘erebas
2446 1526 2459 1564 :
2485 1508 2556 1564 ibi
2589 1509 2824 1568 libenter
2855 1527 3080 1584 peccas,
3112 1515 3204 1572 ubi
3237 1535 3334 1588 pro
3365 1519 3508 1574 mul-

1909 1605 2084 1652 torum
2117 1599 2352 1668 peccatis
2388 1615 2547 1656 orare
2587 1617 2968 1661 consucveras.
2999 1607 3112 1664 Hoc
3157 1608 3408 1667 faciendo
3455 1612 3508 1668 in

1907 1704 2194 1745 numerum
2232 1693 2620 1764 sacrilegorum
2669 1701 3014 1756 sacerdouim
3063 1701 3297 1760 libenter
3343 1705 3513 1762 intra-

204 1791 356 1861 copia
388 1790 662 1861 lignorum
694 1789 869 1861 frangi
915 1789 1079 1860 jussit
1105 1789 1132 1826 lt
1152 1833 1166 1856 ,
1209 1789 1330 1845 aliis
1371 1805 1500 1845 vero
1527 1796 1584 1843 ut
1613 1787 1802 1842 altaria
1833 1804 1883 1866 B
1909 1784 2038 1851 stis,
2071 1782 2265 1839 sociati
2292 1787 2594 1843 sceleribus
2618 1792 2965 1861 profanorum
2994 1836 3008 1859 ,
3041 1794 3109 1850 de
3137 1797 3335 1867 quibus
3364 1798 3509 1870 apud

202 1883 494 1950 raderent,
529 1885 798 1956 lignorum
845 1885 1024 1956 inopia
1058 1884 1372 1956 imperavit;
1403 1893 1460 1939 ut
1493 1893 1674 1939 autem
1710 1882 1801 1956 alii

201 1988 580 2047 removerent,
624 1986 689 2034 ex
733 1987 887 2049 parte
929 1979 1012 2052 (ἴ)
1056 1978 1383 2035 verecundia
1429 1977 1694 2048 persuasit
1722 1987 1744 2015 ο
1786 1995 1799 2032 :

201 2073 400 2142 ubique
444 2082 624 2128 tamen
655 2071 806 2126 nefas
836 2081 952 2137 est,
996 2072 1125 2155 dum
1152 2071 1235 2143 (8)
1269 2081 1434 2126 tantm
1482 2071 1560 2127 rei
1609 2085 1802 2124 manus

198 2167 495 2238 sacrilegas
523 2175 579 2222 et
615 2166 806 2236 impias
826 2167 932 2238 91
975 2165 1260 2221 intulistis.
1290 2164 1428 2234 Quid
1468 2163 1802 2235 perditorum

197 2261 526 2317 conductam
555 2260 786 2317 referam
813 2259 1237 2327 multitudinem,
1267 2270 1323 2315 et
1353 2259 1539 2315 vinum
1571 2258 1624 2314 in
1656 2275 1800 2314 mer-

196 2354 389 2412 cedem
411 2353 634 2417 sceleris
663 2354 886 2409 datum?
917 2352 998 2426 (9)
1024 2353 1170 2426 quod
1194 2362 1254 2408 ut
1287 2353 1568 2409 immundo
1593 2368 1688 2409 ore
1718 2368 1806 2407 sa-

196 2450 420 2521 crilegis
448 2448 727 2505 haustibus
748 2450 1027 2505 biberetur
1059 2449 1199 2523 (10),
1229 2449 1402 2504 calida
1426 2448 1494 2504 de
1522 2449 1800 2520 fragmen-

195 2542 261 2598 tis
279 2543 537 2598 altarium
560 2541 698 2597 facta
719 2541 960 2614 est(ll).
991 2541 1047 2598 Si
1080 2541 1265 2598 livoris
1290 2541 1496 2613 judicio
1531 2557 1631 2597 nos
1651 2540 1806 2599 vobis

195 2636 406 2693 sordidi
434 2635 769 2706 videbamur,
797 2635 927 2709 quid
957 2638 1111 2695 vobis
1135 2635 1343 2694 fecerat
1373 2637 1536 2704 Deus,
1566 2635 1662 2708 qui
1693 2636 1805 2693 illic

1912 1875 2200 1933 Dominum
2249 1879 2397 1937 Elias
2423 1881 2705 1954 Propheta
2754 1887 3033 1956 querelam
3064 1889 3287 1960 deponit
3321 1903 3343 1930 ο
3381 1893 3508 1950 :his

1910 1973 2055 2028 enim
2080 1973 2292 2030 locutus
2319 1984 2404 2031 est
2428 1977 2626 2046 verbis,
2661 1981 2862 2051 quibus
2889 1991 2942 2038 et
2972 1999 3067 2040 vos
3106 1986 3248 2042 inter
3275 1987 3411 2043 alios
3441 1991 3510 2046 ab

1910 2068 2027 2140 ipso
2056 2071 2303 2126 accusari
2327 2075 2601 2130 meruistis
2637 2094 2649 2129 :
2682 2073 2906 2132 Domine
2935 2080 3178 2152 (inquit),
3203 2084 3390 2139 altaria
3420 2095 3510 2141 tua

1908 2169 2272 2239 confregerunt
2324 2167 2427 2236 (III
2464 2168 2594 2242 Reg.
2627 2188 2682 2226 ιι
2710 2214 2723 2238 ,
2763 2173 2881 2243 10).
2939 2175 3072 2230 Dum
3127 2177 3258 2233 dicit
3293 2188 3401 2246 tua,
3429 2179 3512 2236 in-

1912 2259 2056 2315 dicat
2086 2262 2209 2331 quia
2236 2277 2322 2318 res
2347 2273 2430 2318 est
2464 2264 2553 2321 Dei
2578 2306 2592 2331 ,
2619 2265 2712 2321 ubi
2743 2266 2856 2322 Deo
2879 2268 3078 2337 aliquid
3103 2285 3132 2325 a
3165 2288 3508 2343 quocumque

1911 2353 2151 2409 oblatum
2193 2366 2296 2410 est.
2326 2355 2614 2415 Sufficeret
2646 2362 2868 2416 insania:
2910 2373 3126 2429 vestrae,
3159 2368 3300 2435 quod
3344 2384 3515 2424 mem-

1912 2444 2008 2501 bra
2042 2447 2288 2503 laniastis
2321 2448 2614 2515 Ecclesias;
2642 2453 2786 2523 quod
2814 2454 2905 2510 Dei
2937 2457 3162 2525 populos
3191 2458 3511 2529 jamdudum

1909 2540 1962 2595 in
2011 2540 2218 2598 unitate
2260 2541 2501 2613 positos,
2547 2545 2742 2601 vestris
2783 2547 3191 2606 seductionibus
3231 2553 3509 2610 divisistis.

1910 2635 2055 2693 inter
2081 2636 2199 2692 hate
2237 2639 2418 2694 omnia
2449 2643 2530 2695 vel
2559 2639 2825 2698 altaribus
2874 2645 3192 2713 parceretis.
3239 2644 3356 2717 (18)
3407 2647 3516 2704 Cur

1459 2747 1838 2808 LECTIONES
1879 2747 2294 2808 VARIANTES.

257 2856 284 2884 ⁸
312 2853 371 2904 In
390 2864 506 2903 mss.
529 2850 582 2900 S.
606 2849 663 2900 T.
688 2856 740 2901 et
763 2848 821 2899 P.
924 2845 1054 2913 poni.

253 2915 445 2990 bhHaac
470 2922 524 2990 et
546 2914 808 2990 sequentia
842 2905 1004 2990 usque
1025 2909 1084 2961 ad
1107 2905 1380 2974 imperavit,
1423 2913 1595 2960 extant
1620 2908 1670 2957 in
1710 2919 1800 2958 ms.

197 2975 251 3029 S.
283 2979 343 3045 G_.
377 2975 1012 3045 et_desun§in_m_s.S.'l‘._
1059 3037 1097 3045 _
1184 3037 1250 3045 Α-
1299 3035 1330 3045 _
1388 3032 1400 3045 ,
1491 3031 1501 3043 ,

259 3046 281 3073 ο
321 3041 399 3092 Ita
420 3042 468 3092 in
486 3053 578 3090 ms.
603 3039 658 3089 S.
685 3038 744 3090 G.
769 3038 824 3090 In
846 3051 963 3090 mss.
983 3039 1037 3090 S.
1059 3037 1119 3088 T.
1145 3043 1198 3088 et
1213 3037 1272 3088 P.
1298 3035 1352 3087 S.
1378 3035 1539 3100 iussit.

1978 2839 2007 2880 ἀ
2040 2841 2096 2893 In
2112 2856 2226 2892 mss.
2329 2842 2390 2895 Τ.
2414 2850 2468 2895 et
2489 2844 2546 2894 P.
2570 2847 2620 2895 S.
2649 2853 2844 2899 caetera.

1914 2905 2209 3032 mia];
2231 2906 2284 2956 S.
2306 2906 2364 2958 G.
2391 2907 2538 2970 Apud
2562 2909 2715 2959 Deum
2738 2914 2798 2961 ab
2822 2911 2932 2962 Elia
2951 2914 3198 2978 Propheta
3216 2920 3413 2980 querela
3433 2921 3514 2972 (fc-

1526 3134 1892 3196 vamonuu
1933 3106 2159 3193 Noras.

265 3266 351 3341 (1)
398 3264 528 3341 Vota
563 3263 763 3341 papuli.
807 3263 890 3341 A_b
929 3263 1187 3335 episcopo
1215 3272 1338 3318 v0ta
1386 3258 1608 3331 populi,
1649 3268 1704 3314 et
1745 3255 1811 3312 ad
1839 3253 1885 3318 C
1920 3253 2010 3322 aui
2041 3254 2265 3336 qalidam
2287 3254 2446 3341 aliter
2478 3254 2926 3338 interpretentur,
2971 3271 3024 3316 et
3067 3277 3261 3341 aquam
3293 3278 3384 3323 aut
3410 3288 3515 3328 nun

192 3334 374 3396 altare
408 3334 794 3392 offerebantur.
829 3334 1059 3391 ΑιΒΑει).

267 3412 356 3484 (2)
389 3409 623 3465 Membra
660 3408 870 3484 Christi.
901 3409 1104 3484 Prmter
1129 3421 1326 3484 corpus
1347 3402 1548 3484 Christi
1578 3401 1720 3474 quod
1752 3402 1804 3456 in

192 3477 363 3539 altari
393 3484 643 3546 offertur,
675 3480 860 3536 fideles
893 3479 1052 3534 etiam
1079 3479 1169 3545 qui
1197 3494 1319 3532 cum
1347 3477 1540 3532 eodem
1573 3489 1805 3544 corpore

192 3556 334 3611 uniti
362 3564 422 3610 et
448 3552 664 3608 adunati
696 3559 852 3620 sunt,
886 3550 1207 3606 offeruntur.
1242 3550 1472 3604 Awasr.

269 3625 354 3700 (3)
389 3624 592 3697 Pignus
619 3624 796 3700 salutis
821 3618 1041 3678 reternte.
1081 3622 1158 3677 Ex
1203 3622 1329 3676 divo
1377 3620 1540 3700 l’a_ul_o
1568 3618 1806 3700 _:_Viviﬁ-

190 3690 347 3754 cabit'
382 3708 433 3753 et
461 3690 703 3751 inortalia
743 3711 961 3764 corpora
992 3706 1157 3750 vestra
1198 3701 1407 3766 propter
1438 3690 1807 3745 inhabitanlem

193 3771 466 3842 Spiritum
493 3769 546 3822 in
572 3768 732 3822 vobis.
765 3775 990 3842 Messe.

295 3846 354 3914 4)
379 3841 512 3914 Spes
533 3841 936 3914 resurrectionis.
971 3837 1203 3908 Spiritus
1240 3835 1334 3892 Dei
1365 3841 1719 3914 conservatur
1751 3834 1803 3888 in

192 3905 361 3971 nobis
405 3905 563 3982 cujus
583 3913 634 3966 vi
670 3925 896 3982 corpora
945 3905 1126 3964 nostra
1173 3917 1477 3982 resurgent.
1512 3905 1803 3982 Ad_Ephe_-

191 3989 313 4043 sios
334 4005 349 4042 :
374 3983 445 4039 In
471 3978 572 4052 quo
594 3978 852 4038 credentes
879 3983 1068 4051 signati
1090 3983 1207 4037 estis
1232 3978 1806 4052 Spiriturproutissionis

191 4069 406 4124 sancto,
435 4051 520 4127 qui
546 4066 617 4127 est
649 4055 834 4127 pignus
853 4052 1165 4127 litereclitatis
1187 4063 1394 4107 nostras.
1429 4051 1560 4127 Nota
1587 4051 1804 4127 modum

192 4121 466 4201 loquendi
511 4121 723 4201 unde'ti
762 4126 935 4201 multis
963 4124 1253 4201 :lioeest,
1303 4137 1492 4201 preces
1522 4121 1708 4201 factas
1754 4121 1805 4201 i_n

191 4193 364 4256 altari
397 4212 672 4268 tamquam
696 4199 747 4252 iu
781 4198 1096 4252 solemniori
1128 4197 1246 4252 loco
1268 4238 1282 4262 ,
1306 4193 1370 4250 et
1398 4195 1487 4248 uhi
1522 4193 1663 4249 Deus
1694 4193 1808 4248 vult

189 4273 446 4337 extirari,
469 4267 621 4324 multi
651 4280 977 4339 acceperunt
995 4267 1259 4338 Spiritum
1283 4278 1551 4339 sanctum.
1575 4268 1804 4339 ALBASP.

269 4344 358 4416 (5)
384 4343 455 4396 In
479 4344 658 4416 quibus
685 4337 1293 4416 fraternitatisntunera.
1347 4340 1421 4416 De
1447 4337 1810 4416 oblationibus

189 4407 460 4472 fidelium
485 4407 608 4485 qua:
636 4407 864 4468 in'altari
894 4420 1356 4485 Consecrarentur
1371 4409 1458 4485 hic
1489 4409 1640 4485 locus
1659 4407 1811 4485 acci-

189 4489 448 4558 pietulus
472 4481 580 4551 {ex
606 4501 711 4556 quo
734 4485 1115 4560 liqttet_ontnes
1136 4484 1263 4538 olim
1289 4481 1482 4560 fideles
1502 4481 1810 4560 oblationes

190 4550 480 4616 obtulisse
504 4599 519 4625 ,
560 4550 634 4613 et'
657 4572 751 4614 eas
782 4550 834 4612 in
867 4556 1023 4611 altari
1070 4565 1414 4681 consecrgtas
1462 4550 1649 4606 fuisse.

1347 4639 1524 4679 nesse.

1347 4639 1524 4679 LBASP.

274 4703 362 4774 (6)
393 4700 516 4774 Nisi
547 4701 692 4757 sedes
735 4701 984 4772 corporis.
1027 4699 1162 4774 Quia
1205 4715 1271 4754 ex
1315 4700 1420 4752 illis
1444 4694 1804 4751 oblationibus

189 4770 414 4841 corpus
442 4773 642 4830 Christi
674 4770 1082 4828 eotiliCiebatur.
1117 4770 1348 4826 ALBASP.

272 4839 360 4915 ('7)
413 4842 748 4898 Verecundia.
783 4844 859 4899 Ne
881 4843 1088 4898 scilicet
1113 4845 1423 4915 viderentur
1450 4856 1571 4898 cum
1609 4839 1807 4915 ortho-

191 4913 370 4974 dotis
391 4917 812 4980 communicare,
839 4924 891 4970 et
915 4918 1014 4968 hoc
1041 4915 1240 4985 duplici
1265 4914 1332 4970 de
1357 4929 1517 4970 causa
1550 4931 1562 4967 :
1595 4913 1765 4982 prima
1786 4954 1800 4976 ,

190 4992 336 5059 quia
369 4987 810 5043 Orthodoxorum
839 4989 1303 5059 consecrationem
1341 4989 1736 5059 approbassent
1759 4985 1804 5037 si

193 5055 256 5114 i-n
306 5061 474 5112 altari
521 5059 589 5113 ab
629 5060 737 5113 illis
787 5066 1104 5113 consecrato
1142 5058 1464 5112 obtulissent
1495 5081 1508 5110 ι
1537 5055 1804 5120 secunda,

192 5131 299 5202 qui
339 5128 507 5184 offert
536 5133 588 5184 in
619 5131 774 5184 altari
794 5132 857 5202 in
895 5145 1001 5200 quo
1031 5129 1278 5200 l5pi.~copi
1307 5132 1649 5193 obtulerunt,
1683 5144 1804 5202 cutn

190 5199 287 5257 eis
323 5203 735 5256 eumntunicare
757 5201 988 5266 videtur,
1017 5207 1138 5268 quia
1171 5205 1341 5255 altare
1363 5214 1445 5255 est
1471 5204 1636 5263 sedes
1656 5199 1806 5253 obla-

192 5275 426 5328 Iionutn
463 5283 516 5327 et
544 5275 693 5328 locus
717 5274 766 5325 in
800 5290 906 5342 quo
937 5273 1052 5328 fieri
1078 5273 1273 5338 debet,
1298 5285 1352 5328 et
1376 5273 1442 5327 ad
1474 5287 1634 5344 quem
1667 5273 1808 5326 Deus

188 5343 388 5416 magis
400 5345 662 5416 respicit.
695 5347 924 5416 Awasp.

275 5413 368 5489 (Et)
394 5413 576 5489 Ἰξαηηε
595 5417 689 5470 rei.
717 5415 1007 5471 Altaribus.
1041 5415 1273 5472 ALBASP.

276 5420 344 5489 (rt
394 5419 576 5470 Tanue
595 5419 689 5470 rei.
717 5419 1007 5471 Altaribus.
1041 5419 1273 5472 ALBASP.

276 5419 372 5558 (9)
402 5487 554 5560 Quod
582 5498 634 5560 ut
660 5489 922 5560 immundo
951 5505 1124 5560 apere,
1162 5503 1267 5546 etc.
1317 5487 1504 5543 Scribe
1532 5487 1810 5560 immundo

182 5575 324 5629 ore,
363 5573 432 5615 ex
470 5559 574 5614 fide
608 5559 813 5615 iterata:
857 5559 926 5615 ab
966 5559 1058 5616 Fr.
1107 5559 1370 5615 Batduino
1412 5559 1688 5614 editionis.

1309 5632 1524 5688 lacear.

277 5703 410 5775 (10)
442 5701 625 5759 Calida
654 5703 717 5758 de
738 5703 1035 5776 fragmentis
1061 5704 1302 5759 altarium
1321 5708 1461 5775 facta
1481 5713 1572 5759 est.
1611 5703 1683 5758 De
1708 5716 1812 5776 usu

191 5774 412 5848 αιιίμφ
447 5778 584 5846 apud
625 5774 894 5847 antiQuOs,
946 5786 1054 5830 tam
1104 5777 1283 5832 mixta).
1312 5774 1470 5846 quam
1502 5791 1670 5848 purae,
1698 5774 1810 5848 jatu

191 5836 385 5902 ωυιιῑ
412 5836 609 5906 multis.
643 5836 778 5918 Quia
807 5836 984 5903 tamen
1015 5863 1123 5902 non
1144 5836 1344 5905 desunt
1367 5849 1463 5904 viri
1489 5836 1809 5918 doctissimi,

785 5941 1059 6003 Panos.
1101 5941 1213 6003 XI.

1836 4662 1890 4722 D

1918 3327 2162 3399 omnino,
2210 3328 2566 3399 atttrnonnisi
2609 3330 2662 3383 in
2710 3346 2973 3396 aegrorum
3015 3327 3512 3399 aut-infirmioruni

1909 3397 2161 3483 gratiam,
2188 3398 2424 3483 calefieri
2446 3400 2656 3454 solitam
2683 3401 2752 3483 ab
2771 3404 3006 3472 antiquis
3031 3419 3296 3483 asseram,
3321 3397 3515 3483 dignus

1910 3469 1999 3546 hic
2023 3470 2282 3546 locusqui
2298 3473 2634 3546 observetur
2655 3487 2684 3527 a
2711 3469 2945 3546 lectore;
2969 3478 3061 3546 qui
3085 3481 3167 3534 vel
3195 3469 3334 3538 unus
3362 3469 3517 3543 ruel‘el:

1912 3541 2087 3612 lendas
2108 3542 2193 3612 isti
2222 3543 2462 3612 opinioni
2487 3544 2739 3598 sufficiat.
2772 3545 2841 3598 M.
2875 3541 3108 3603 Casina.

1983 3611 2098 3684 (11)
2127 3610 2313 3695 Calida
2356 3618 2497 3686 facta
2538 3615 2746 3695 est.__Dt
2775 3617 3166 3694 adtt‘iisceretpr
3192 3625 3352 3695 vino;
3390 3645 3514 3689 nam

1910 3687 2216 3740 Communis
2243 3698 2360 3740 erat
2387 3703 2542 3757 aqua:
2572 3686 2762 3742 calida:
2803 3704 2932 3744 usus
2963 3686 3400 3768 apud'antiquos.

3019 3765 3094 3820 Du
3121 3765 3237 3822 Pttv.
3263 3765 3300 3805 ἶ

2147 3827 2253 3884 Per
2300 3839 2446 3916 .certa
2501 3842 2774 3916 momenta.
2842 3832 2939 3888 Ubi
2997 3837 3288 3914 aliquando
3315 3858 3514 3916 corpus

1908 3899 2109 3956 Christi
2135 3901 2476 3957 servabatur.
2508 3905 2742 3958 ALBASP.
3089 3899 3101 3908 ’
3175 3911 3177 3914 ’

1986 3970 2104 4043 (15)
2139 3973 2278 4039 Quid
2306 3990 2397 4028 nos
2423 3971 2733 4051 o/fenaistis.
2768 3976 3044 4051 Basilicas,
3078 3996 3210 4051 quas
3239 4000 3266 4037 a
3296 3985 3511 4044 Juliano

1910 4055 2252 4115 acceperant,
2282 4056 2464 4108 postea
2491 4047 2844 4103 reddiderunt
2865 4047 3157 4109 Donatistae
3187 4071 3201 4107 :
3233 4055 3302 4112 de
3322 4074 3508 4116 earum

1911 4117 2173 4171 altaribus
2208 4117 2462 4185 loquitur.
2498 4116 2728 4174 Aesasr.
2771 4179 2774 4183 ,

1984 4186 2099 4260 (14)
2132 4187 2319 4243 Manus
2342 4198 2562 4245 nostras.
2588 4189 2865 4248 Sacrificia
2889 4203 3070 4248 nostra
3093 4207 3145 4252 et
3170 4211 3370 4256 vestra.

3019 4271 3250 4326 Ansasr.

1989 4330 2102 4413 (15)
2137 4330 2203 4387 1η
2224 4349 2392 4391 cruce.
2423 4333 2567 4389 Crux
2590 4343 2674 4389 est
2699 4335 2868 4413 altare
2894 4341 3142 4413 sacrificii
3163 4347 3395 4412 cruenti,
3431 4350 3509 4404 δια

1914 4407 2045 4457 taria
2086 4416 2264 4482 autem
2313 4415 2494 4482 nostra
2537 4414 2664 4460 sunt
2708 4407 2979 4482 incruenti
3022 4430 3034 4464 :
3083 4429 3252 4482 quare
3301 4407 3447 4474 recte
3477 4438 3505 4475 τι

1913 4487 2072 4547 cruce
2101 4478 2168 4528 ad
2197 4477 2390 4531 altaria
2418 4487 2846 4547 argumentatur.
2878 4477 3108 4536 Auens».

1988 4543 2100 4626 (1(3)
2131 4547 2367 4626 Antiquis
2403 4543 2765 4604 oblationibus.
2811 4550 3128 4626 oblationes
3155 4572 3280 4626 qua!
3318 4562 3368 4616 in
3403 4564 3508 4620 illis

1915 4615 2176 4696 altaribus
2217 4615 2373 4696 factae
2398 4629 2580 4674 eSsent
2610 4634 2853 4696 teiupote
2884 4624 2942 4676 D.
2976 4615 3251 4696 Cypriaiti.
3293 4615 3365 4687 ad
3402 4615 3509 4691 i361

1917 4693 2141 4763 nattstas
2165 4706 2270 4763 non
2294 4690 2470 4745 minus
2493 4690 2830 4760 pertinebant
2853 4690 3098 4761 quam'a'd
3117 4690 3466 4763 Ortlttitluxos
3489 4723 3503 4761 τ

1909 4759 1976 4814 ad
2031 4775 2122 4818 eas
2167 4761 2378 4817 videtur
2423 4759 2751 4833 reSpexisse,
2798 4759 2920 4821 cum
2961 4771 3065 4834 ait,
3113 4774 3358 4838 antiquis.

2947 4839 3177 4897 ALBASP.

1982 4902 2100 4987 (17)
2147 4905 2428 4989 Superbus.
2460 4906 2504 4962 Λ
2532 4909 2809 4989 superbia
2833 4909 3025 4966 Donati
3070 4919 3249 4970 ett-teri
3282 4921 3501 4989 superbi

1909 4980 2091 5031 vocari
2126 4987 2374 5045 poterant
2405 4997 2417 5032 :
2449 4981 2567 5043 sed,
2616 4983 2666 5034 ni
2718 4982 2899 5048 fallor,
2933 4999 3028 5039 eos
3054 4998 3206 5040 vocat
3251 4980 3503 5049 hoe'loco

1912 5051 2200 5122 superbos,
2236 5051 2380 5119 quod
2411 5065 2471 5105 se
2501 5065 2663 5119 puros
2699 5055 2998 5122 jaetarent;
3046 5064 3102 5110 et
3147 5073 3268 5113 cum
3312 5081 3504 5120 omnes

1912 5117 2223 5203 Presbyteri
2233 5117 2412 5203 "inter
2459 5117 2610 5203 sacra
2641 5117 2764 5180 sese
2796 5117 3108 5203 peccatores
3147 5141 3201 5184 et
3232 5135 3362 5189 tanti
3409 5117 3504 5192 sit:

1912 5193 2104 5268 criticti
2135 5193 2385 5264 indignos
2421 5199 2733 5268 sacerdotes
2767 5193 2889 5252 sese
2918 5199 3182 5268 dicerent,
3224 5204 3259 5257 ii
3301 5221 3361 5262 se
3404 5212 3505 5264 Ca-

1913 5261 2097 5320 tharos
2126 5261 2525 5334 profiterentur.
2559 5264 2788 5323 ALBASP.

1995 5336 2110 5408 (18)
2141 5337 2243 5392 Cur
2265 5346 2396 5390 uota.
2421 5336 2555 5392 Nota
2584 5338 2821 5407 insignes
2845 5341 3094 5396 altarium
3123 5343 3308 5402 laudes
3333 5357 3388 5403 et
3409 5366 3505 5408 uo.

1915 5413 2060 5467 mina
2089 5427 2101 5463 :
2127 5409 2285 5464 sedes
2323 5411 2566 5478 corporis
2601 5409 2833 5488 Chrisu;
2865 5413 3005 5488 scala
3037 5416 3377 5488 oratiuttttttt;
3418 5426 3504 5478 via

1914 5497 2135 5564 precum
2154 5495 2450 5564 ;_ascen_sus
2474 5484 2955 5564 supplicatitittttttt;
2985 5485 3242 5564 habitatio
3263 5513 3273 5539 ι
3294 5484 3507 5564 orpuris

1915 5552 2152 5619 Christi;
2175 5552 2324 5632 locus
2354 5554 2739 5619 invocationis;
2762 5571 2848 5607 ara
2871 5554 3102 5632 Christi;
3124 5573 3255 5614 crux
3278 5552 3504 5632 Christi;

1915 5641 2200 5682 munerum
2241 5626 2390 5680 locus
2410 5641 2429 5701 ;A
2455 5632 2699 5701 portatur
2725 5629 3090 5701 membrorum
3121 5632 3352 5701 Christi;
3379 5626 3504 5693 des;

1915 5707 2114 5755 cen'sus
2141 5705 2196 5751 et
2224 5704 2374 5766 porta
2401 5697 2634 5766 Spiritus
2662 5697 2856 5754 sancti.
2890 5703 3118 5756 Amas».

1987 5767 2256 5898 lbid.lCur
2291 5780 2406 5824 vota
2442 5777 2486 5823 et
2527 5767 2779 5825 desideria
2815 5768 3099 5842 hominum,
3133 5783 3240 5831 etc.
3266 5777 3359 5834 Fr.
3391 5780 3512 5841 Bal.

1987 5859 2086 5898 tut.
2145 5855 2341 5898 NCERT.

1915 5843 2086 5902 duini.
2121 5843 2341 5898 lucrm.

2917 5934 2995 6000 at
