3974 6324
256 301 397 359 1089

1096 304 1186 362 DE
1227 301 1618 363 SCHISMATE
1659 299 2204 361 DONATISTARUM
2240 302 2450 362 LIBER
2488 303 2788 364 SEXTUS.

3427 313 3562 374 10"0

252 415 601 474 vendidistis.
633 416 749 491 (34)
776 417 926 473 Passi
966 419 1097 475 estis
1126 419 1292 475 etiam
1317 417 1434 492 (35)
1456 419 1703 476 comburi
1734 433 1848 474 ma-
1878 415 2062 489 A93
2114 417 2200 473 vel
2253 418 2513 490 erubuit,
2558 422 2644 478 vel
2671 418 2932 478 confusus
2974 422 3106 479 est?
3159 435 3377 485 servate
3404 429 3559 487 vobis

250 525 354 565 nus
385 519 596 566 vestras
644 509 782 584 (56),
838 512 1039 583 quibus
1085 522 1210 569 ante
1259 527 1358 568 nos
1404 512 1630 569 eosdem
1657 514 1854 571 calices

251 606 590 661 tractabatis.
638 607 768 662 Eam
817 622 930 661 rem
966 622 1090 662 cum
1133 617 1160 644 α
1189 608 1388 679 passim
1420 608 1852 678 vendijussistis,

248 708 500 754 emerunt
525 698 747 756 forsitan
764 700 817 756 in
841 715 968 755 usus
996 715 1124 756 suos
1146 700 1378 757 sordidm
1400 703 1678 770 mulieres,
1705 717 1854 759 eme-

248 802 377 847 runt
401 795 614 863 pagani,
644 794 832 851 facturi
860 810 1012 864 vasa,
1045 796 1097 850 in
1128 796 1324 868 quibus
1351 796 1706 854 incenderent
1725 797 1850 853 ldo-

251 887 318 942 lis
346 888 481 942 suis.
511 887 761 944 Oscelus
815 887 1115 959 nefarium!
1168 905 1202 945 o
1251 890 1459 946 facinus
1511 891 1847 948 inauditum!

248 981 471 1038 auferre
493 983 606 1039 Deo
627 984 769 1053 quod
802 982 963 1040 ldolis
990 997 1250 1056 praestes;
1280 984 1583 1042 subducere
1606 984 1850 1054 Christo,

247 1076 393 1148 quod
427 1077 673 1148 proﬁciat
702 1079 1008 1150 sacrilegio.

323 1169 409 1234 Ill.
443 1170 755 1227 Retnndt‘tur
776 1174 1037 1228 excusatio
1062 1172 1466 1239 Donatistarum,
1496 1175 1631 1245 quod
1651 1175 1852 1247 polluta

247 1267 442 1336 fuerint
477 1266 667 1321 altaria
697 1278 742 1322 et
773 1283 895 1323 vasa
937 1284 1087 1323 sacra
1116 1286 1146 1322 tt
1175 1267 1663 1327 Catholicis.—Sed
1694 1271 1850 1328 video

244 1357 351 1414 hoc
384 1374 480 1415 vos
527 1360 649 1415 loco
676 1360 930 1416 invidiam
955 1361 1111 1417 nobis
1134 1359 1271 1418 falso
1295 1361 1616 1428 conflantes,
1649 1362 1714 1418 ad
1744 1365 1850 1436 Ag-

243 1467 422 1520 gzeum
454 1452 779 1524 Prophetatn
808 1453 954 1509 velle
977 1455 1290 1526 confugere,
1320 1453 1408 1508 ubi
1437 1455 1697 1526 scriptum
1724 1464 1806 1511 est
1833 1474 1848 1512 :

248 1545 380 1615 Qua:
405 1547 622 1618 tetigerit
652 1547 901 1618 pollutus,
935 1548 1136 1620 polluta
1155 1558 1271 1603 sunt
1299 1547 1456 1621 (Agg.
1498 1564 1558 1615 tt,
1608 1549 1718 1622 14).
1755 1550 1848 1606 Li-

245 1654 380 1696 vore
405 1641 800 1697 interveniente
825 1640 982 1697 facile
1003 1651 1088 1698 est
1109 1641 1477 1713 iratisjactare
1498 1644 1838 1710 convicium;

242 1731 340 1786 sed
369 1746 586 1804 semper
613 1731 743 1788 dum
775 1733 1074 1789 intenditur
1123 1735 1354 1802 crimen,
1407 1737 1713 1792 necessaria
1761 1745 1849 1793 est

1958 509 2294 580 suspiciones
2314 524 2542 570 vestras.
2557 513 2745 585 Igitur,
2761 514 2902 572 sicut
2921 530 3084 586 supra
3110 515 3364 587 diximus,
3383 521 3434 576 in
3458 523 3560 580 hac

1956 617 2116 658 causa
2147 605 2408 676 quidquid
2437 623 2632 677 aspere
2661 608 2780 664 fieri
2810 610 2983 679 potuit
3008 653 3024 678 ,
3058 610 3186 669 dum
3210 613 3305 669 illa
3330 631 3418 672 res
3439 617 3560 690 (38)

1955 693 2010 748 in
2042 696 2251 766 origine
2292 708 2599 766 revocatur,
2629 699 2696 756 ad
2729 699 3007 767 Principes
3039 712 3250 764 vestros
3284 708 3560 777 pertinere

1956 792 2376 848 monstravimus
2408 808 2422 857 ;
2449 791 2591 847 unde
2621 803 2700 848 est
2723 793 2865 864 quod
2893 791 3202 856 Catholicos
3232 799 3388 869 quasi
3429 802 3552 868 pol-

1955 883 2098 939 lutos
2119 884 2400 956 appellas?
2429 900 2496 940 an
2527 885 2649 956 quia
2671 887 3002 944 voluntatem
3042 898 3097 944 et
3115 889 3418 958 jussionem
3456 893 3556 952 Dei

1953 978 2126 1033 secuti
2177 992 2371 1033 sumus
2395 1021 2409 1044 ,
2442 978 2677 1034 amando
2699 993 2884 1049 pacem
2903 1022 2918 1047 ,
2947 982 3399 1050 communicando
3440 992 3556 1043 toto

1953 1073 2071 1128 orbi
2093 1083 2356 1128 terrarum
2375 1115 2388 1139 ,
2423 1071 2541 1145 (59)
2566 1074 2755 1130 sociati
2793 1073 3166 1134 Orientalibus
3197 1096 3209 1132 :
3245 1079 3334 1135 ubi
3363 1095 3557 1136 secun-

1952 1166 2080 1223 dum
2134 1167 2408 1223 hominem
2457 1183 2614 1235 suum
2666 1178 2823 1236 natus
2874 1176 2958 1225 est
3002 1169 3283 1238 Christus;
3318 1172 3409 1232 ubi
3439 1173 3556 1244 ejus

1953 1270 2140 1317 saneta
2187 1271 2313 1318 sunt
2364 1261 2626 1331 impressa
2685 1262 2950 1332 vestigia;
3002 1262 3094 1319 ubi
3138 1265 3555 1324 ambulaverunt

1951 1353 2210 1411 adorandi
2259 1353 2424 1425 pedes
2453 1371 2466 1420 ;
2494 1354 2586 1412 ubi
2634 1355 2703 1410 ab
2750 1355 2868 1425 ipso
2907 1355 3046 1413 Filio
3074 1355 3218 1414 Deid
3248 1357 3403 1417 factae
3431 1371 3558 1419 sunt

1953 1455 2032 1503 tot
2055 1457 2109 1504 et
2142 1455 2305 1504 tanta:
2325 1449 2570 1515 virtutes;
2596 1448 2685 1506 ubi
2715 1463 2843 1504 eum
2867 1459 2994 1506 sunt
3023 1459 3104 1508 tot
3130 1455 3362 1523 apostoli
3384 1459 3557 1513 comi-

1954 1541 2084 1606 tati;
2119 1541 2209 1597 ubi
2232 1548 2318 1598 est
2345 1541 2684 1612 scptiformis
2712 1542 2953 1602 Ecclesia
2971 1583 2988 1611 ,
3009 1560 3039 1600 a
3063 1561 3171 1616 qua
3195 1562 3291 1603 vos
3312 1550 3558 1606 concisus

1951 1647 2073 1690 esse
2097 1675 2113 1700 ,
2146 1649 2253 1689 non
2282 1634 2460 1690 solum
2488 1649 2595 1690 nou
2626 1633 2844 1700 doletis,
2878 1635 2974 1692 sed
3004 1639 3406 1708 quodammodo
3435 1659 3559 1714 gra-

1955 1725 2222 1782 tulamini.
2255 1726 2371 1800 (40)
2419 1726 2554 1794 Quia
2601 1728 2866 1784 unitatem
2901 1728 3012 1785 Deo
3056 1731 3307 1800 placitam
3355 1738 3560 1793 amavi-

241 1827 528 1883 manifesta
558 1829 828 1899 probatio.
856 1827 991 1897 Quis
1019 1828 1163 1885 enim
1194 1838 1440 1886 nostrum
1464 1830 1683 1886 intravit
1707 1839 1845 1888 tetn-
1874 1827 1922 1889 Β
1953 1834 2071 1874 "ius
2113 1828 2156 1885 θλ
2195 1819 2432 1889 Ροηυιοε
2461 1819 2666 1876 vocans
2698 1817 2718 1858 ί
2749 1838 2762 1874 ε
2791 1821 2915 1892 quia
2940 1821 3237 1880 Corinthiis
3261 1867 3276 1893 ν
3304 1825 3510 1884 Galalis
3536 1869 3552 1896 ν

239 1921 369 1991 pla?
395 1922 514 1993 quis
540 1919 676 1976 vidit
699 1937 853 1977 sacra
883 1923 1146 1994 sacrilega
1165 1922 1191 1976 i
1216 1922 1337 1995 (57)
1380 1923 1554 1978 Pollui
1594 1923 1844 1980 homines

235 2023 469 2084 possunt
496 2012 674 2079 fumis,
701 2013 1006 2082 nidoribus,
1030 2013 1350 2086 sacrilegiis,
1383 2013 1689 2080 sacriﬁciis,
1717 2031 1842 2073 san.-

231 2101 434 2167 guine:
469 2099 564 2154 sed
587 2101 641 2152 in
675 2099 774 2154 hac
802 2114 962 2154 causa
985 2099 1110 2170 quis
1140 2100 1416 2170 ingressus
1435 2111 1520 2156 est
1539 2101 1842 2173 templum?

237 2192 360 2261 quis
393 2193 633 2248 incendit
657 2193 857 2248 ldolis?
878 2193 1000 2264 quis
1032 2192 1326 2250 immundis
1349 2193 1630 2250 nidoribus
1653 2209 1839 2250 macu-

237 2285 384 2340 latus
416 2285 536 2340 cst?
565 2287 685 2358 quis
716 2286 1029 2358 sanguinein
1062 2287 1145 2360 vel
1176 2286 1398 2357 pecudis
1433 2286 1722 2352 immundae
1753 2287 1838 2344 vel

241 2378 483 2434 hominis
535 2379 681 2434 fundi
714 2380 958 2450 aspexit?
984 2395 1143 2450 quem
1172 2379 1410 2450 probatis
1428 2378 1493 2435 ad
1517 2378 1735 2451 aliquod
1760 2377 1842 2434 fa-

233 2474 393 2527 cinus
418 2473 794 2528 commodasse
821 2473 1144 2528 consilium?
1187 2473 1238 2528 in
1269 2473 1529 2530 societate
1555 2473 1583 2513 ιι
1611 2474 1841 2545 alicujus

237 2565 462 2620 sceleris
486 2565 570 2620 vel
595 2581 760 2620 unum
794 2565 1118 2636 Episcopum
1149 2563 1478 2632 convincite,
1513 2567 1557 2620 si
1587 2567 1838 2638 potestis.

240 2658 316 2713 De
338 2659 525 2714 nescio
545 2675 652 2729 quo
675 2658 912 2713 Pritnate
930 2670 950 2697 ο
977 2659 1350 2730 suspicatnini,
1375 2660 1465 2729 qui
1489 2660 1682 2715 eodem
1703 2672 1841 2716 tem-

240 2766 376 2824 porc
404 2752 710 2808 ambulasse
741 2752 1038 2809 dicebatur.
1063 2753 1311 2825 SuSpicio
1342 2770 1446 2808 non
1478 2764 1561 2809 est
1590 2755 1840 2811 idoneum

233 2845 468 2906 crimen.
499 2844 630 2916 Quis
657 2861 781 2910 cum
810 2845 1122 2904 accusavit?
1152 2846 1271 2918 quis
1301 2862 1422 2903 eum
1449 2847 1725 2903 convicit?
1750 2846 1843 2908 ubi

1951 1910 2530 1970 Thessalonicensibus
2554 1909 2673 1987 (41)
2695 1927 2978 1973 assensum
3005 1918 3554 1989 accommodavimus,

1945 2006 2492 2074 communionemque
2538 2007 2952 2078 cenjunximus,
3001 2012 3240 2083 pollutus
3295 2018 3550 2072 vocatis:

1947 2099 2071 2169 quia
2095 2097 2212 2172 (42)
2241 2099 2466 2160 furtivas
2496 2101 2774 2158 vobiscum
2821 2119 2929 2159 non
2967 2103 3196 2175 legimus
3247 2107 3512 2168 lectiones
3535 2153 3553 2180 ,

1946 2191 2180 2261 pollutos
2210 2193 2418 2250 vocatis
2447 2211 2461 2246 :
2491 2199 2585 2250 aut
2630 2201 2824 2266 negate
2864 2211 2960 2252 vos
2984 2196 3102 2271 (45)
3129 2199 3336 2260 alienas
3365 2204 3558 2260 lectio.

1952 2302 2049 2344 nes
2071 2286 2287 2359 legere,
2337 2289 2380 2342 si
2412 2290 2658 2358 potestis.
2690 2289 2806 2363 (44)
2836 2290 2906 2347 Ut
2933 2295 3060 2364 quid
3107 2295 3318 2352 audetis
3345 2298 3560 2367 Episto-

1951 2381 2029 2442 las
2056 2379 2125 2436 ad
2143 2379 2456 2446 Corinthius
2478 2382 2711 2453 scriptas
2739 2384 2942 2455 legere,
2972 2387 3063 2457 qui
3092 2387 3388 2454 Corinthiis
3409 2407 3560 2447 cont-

1949 2475 2226 2530 municare
2254 2475 2548 2531 noluistis?
2579 2488 2636 2531 ut
2666 2476 2797 2548 quid
2844 2477 2911 2540 ad
2942 2478 3193 2552 Galatas,
3227 2482 3295 2537 ad
3327 2483 3560 2554 Thessa-

1952 2568 2258 2623 lonicenses
2286 2569 2484 2637 scripta
2510 2569 2748 2623 recitatis
2767 2611 2782 2636 ,
2811 2569 2863 2622 in
2897 2585 3124 2640 quorum
3172 2576 3559 2632 communione

1951 2677 2058 2716 non
2090 2660 2258 2717 estis?
2285 2661 2416 2716 Cum
2445 2659 2561 2716 haec
2597 2661 2778 2716 omnia
2811 2661 2882 2716 ita
2908 2677 3029 2718 esse
3057 2675 3273 2721 constet
3300 2707 3314 2732 ,
3345 2667 3549 2723 intelli-

1951 2753 2062 2826 gite
2089 2767 2187 2808 vos
2217 2753 2284 2806 ab
2311 2751 2557 2808 Ecclesia
2587 2760 2772 2808 sancta
2801 2767 2923 2810 esse
2951 2755 3220 2820 concisos,
3238 2765 3293 2813 et
3322 2772 3422 2815 nos
3447 2775 3555 2818 non

1951 2861 2074 2906 esse
2104 2845 2357 2917 pollutos.
2401 2844 2505 2903 Ubi
2535 2855 2620 2904 est
2662 2860 2792 2920 ergo
2815 2845 2958 2920 quod
2990 2847 3084 2912 tibi
3112 2858 3268 2926 putas
3295 2848 3557 2928 Agamus

1487 2981 1872 3046 LECTIONES
1900 2979 2320 3050 VABIANTES.

293 3099 324 3162 ἐι
345 3097 402 3162 lu
422 3111 539 3149 mss.
567 3103 682 3149 tam.
711 3097 766 3162 lin
785 3098 952 3162 editis,
977 3105 1156 3162 tamen.

292 3161 323 3202 1»
348 3161 406 3212 lu
427 3175 542 3213 mss.
563 3162 618 3214 C.
643 3169 697 3212 et
719 3161 774 3211 S.
797 3162 856 3214 G.
881 3161 1244 3214 insocietatem.

1943 3094 1996 3145 8.
2017 3093 2078 3144 Τ.
2101 3094 2226 3145 etP.
2252 3094 2306 3144 S.
2333 3105 2525 3144 necnon
2547 3096 2596 3144 in
2617 3094 2782 3146 editis.

2007 3155 2035 3196 ὁ
2068 3157 2187 3208 Haec
2207 3156 2543 3220 supplevimus
2569 3169 2774 3220 exgmss.
2802 3158 2855 3212 C.
2883 3169 2938 3214 et
2960 3163 3016 3214 S.
3044 3162 3108 3217 G.

295 3227 318 3255 ε
347 3223 469 3290 Haec
485 3227 645 3276 omnia
668 3238 826 3287 usque
853 3226 912 3290 ad
933 3226 1040 3290 haec
1065 3225 1233 3290 verba,
1275 3221 1400 3290 sicut
1423 3236 1574 3287 supra
1596 3220 1835 3290 diximus,
1864 3215 1910 3280 C
2009 3226 2034 3290 σε
2068 3221 2126 3290 in
2147 3215 2346 3290 mss.'§.
2369 3218 2432 3290 ξε.
2459 3224 2512 3290 et
2536 3220 2602 3290 ξ).
2623 3219 2680 3290 ξ.
2705 3219 2952 3283 trabeam.

223 3287 570 3356 supplevimus
606 3301 672 3340 ex
702 3301 820 3340 mss.
844 3287 896 3346 Ε.
921 3297 974 3341 et
993 3288 1044 3339 S.
1072 3287 1132 3340 Ε.
1161 3287 1273 3353 quae
1310 3288 1486 3340 omissa
1508 3289 1696 3340 suntin
1721 3287 1836 3342 mss;

2014 3283 2034 3322 f
2070 3283 2126 3334 In
2150 3295 2264 3333 mss.
2291 3283 2344 3334 S.
2369 3280 2429 3333 T.
2458 3287 2512 3333 et
2536 3279 2594 3333 P.
2621 3281 2673 3333 S.
2699 3296 2858 3348 vocas.

1595 3414 1807 3474 VARIO
1814 3415 1956 3475 RUM
1994 3412 2221 3471 NOTAE.

304 3533 424 3606 (54)
450 3532 603 3589 Passi
626 3535 748 3590 estis
768 3535 921 3590 etiam
938 3535 1168 3590 comburi
1189 3551 1371 3592 manus
1392 3546 1602 3603 vestras,
1626 3535 1827 3606 quibus,

222 3615 337 3664 etc.
361 3606 730 3676 Cnujiciebam
763 3625 776 3662 :
814 3607 964 3662 Passi
997 3609 1173 3666 essetis
1199 3609 1374 3674 etiam,
1409 3609 1598 3663 eodem
1627 3608 1831 3663 scilicet

223 3679 375 3749 igne,
421 3695 527 3749 qtto
567 3687 751 3734 sancta
781 3695 905 3734 vasa
938 3689 1060 3734 sunt
1089 3679 1340 3745 conflata,
1372 3690 1578 3735 vestras
1614 3695 1828 3750 quoque

221 3765 425 3810 tttanns
445 3752 670 3820 expiari,
697 3760 801 3805 etc.
828 3751 933 3807 Sed
965 3766 1085 3806 cum
1105 3751 1215 3822 jatn
1243 3762 1396 3807 antea
1424 3749 1622 3805 dixerit.
1648 3770 1660 3803 :
1689 3749 1826 3806 Dum

222 3823 389 3894 impie
438 3821 798 3894 persequimt'ni
852 3840 1032 3878 manus
1081 3821 1282 3878 nostras
1336 3823 1443 3878 illic
1502 3822 1587 3875 ubi
1642 3839 1825 3894 corpus

219 3891 755 3967 Christi'habitabot,
806 3897 996 3967 feriatis
1041 3894 1235 3967 (fet-itis
1253 3894 1289 3967 ?_
1331 3911 1397 3967 an
1445 3893 1665 3962 feristis,
1729 3891 1824 3964 per

220 3970 410 4022 ct-asin
448 3980 546 4034 pro
579 3964 864 4038 lcriistis?)
907 3977 954 4022 et
994 3964 1184 4028 vestras
1219 3981 1236 4019 :
1270 3965 1411 4022 Infra
1440 3982 1654 4038 quoque
1685 3981 1702 4019 :
1732 3967 1824 4020 Al-

220 4038 384 4103 turia,
417 4046 464 4109 et
499 4053 620 4092 uasa
662 4054 816 4109 supra
845 4037 1155 4103 memorata,
1203 4047 1254 4109 et
1282 4039 1334 4091 in
1379 4037 1608 4092 manibus
1645 4039 1821 4096 vestris

208 4107 534 4180 jamdudum
581 4107 786 4180 fuerant
812 4120 860 4171 et
891 4111 941 4166 in
970 4111 1180 4168 nostris.
1230 4108 1290 4164 Si
1333 4109 1596 4176 infamatis
1638 4126 1821 4170 manus

219 4189 453 4246 nostras,
473 4197 628 4252 quare
658 4181 765 4236 illic
794 4181 1052 4237 damnatis
1081 4192 1129 4237 et
1152 4181 1379 4236 vestras?
1406 4181 1578 4236 Etiam
1604 4180 1691 4236 hic
1719 4182 1826 4236 for-

219 4263 374 4308 tasse
410 4253 550 4307 idem
582 4252 770 4320 voluit,
800 4255 858 4308 τὸ
886 4253 1264 4309 inconsiderate
1311 4252 1453 4322 quod
1489 4253 1646 4321 paulo
1674 4261 1820 4320 ante,

218 4322 369 4378 idem
397 4324 540 4393 quod
565 4324 775 4393 passim,
807 4324 950 4394 quod
982 4340 1103 4380 mox
1144 4325 1420 4394 sequitur;
1447 4325 1561 4378 sive
1589 4334 1648 4378 ut
1681 4325 1821 4380 idem

218 4394 478 4462 Optatos,
521 4411 624 4450 non
667 4398 826 4452 electo
883 4407 1140 4468 emptore;
1172 4397 1319 4454 nullo
1350 4405 1675 4468 empturum,
1704 4398 1820 4464 pio-

219 4482 345 4528 rum
389 4476 482 4524 aut
523 4468 831 4536 impiorum,
881 4467 1216 4536 Paganorum
1262 4482 1329 4522 an
1361 4467 1817 4532 Christianorum,

215 4536 542 4598 discrimine
571 4537 773 4594 habitu.
807 4538 878 4594 Μ.
906 4539 1137 4595 ϐΑεΑυΒ.

297 4606 418 4682 (ξιὸ)
446 4607 685 4682 comburi
728 4627 907 4667 manus
943 4622 1153 4666 vestras.
1196 4608 1487 4680 Liqurliet-i
1527 4609 1723 4682 calices
1766 4611 1818 4682 in

215 4680 422 4751 quibus
467 4681 741 4738 ubtulistis
784 4692 838 4737 et
876 4684 1184 4740 confecistis
1227 4683 1542 4810 sang‘pinem
1591 4681 1815 4737 Christi.

1397 4769 1576 4810 Letsp.

1397 4769 1576 4810 ιΒΑεΡ.

293 4825 416 4897 (liti)
458 4821 703 4882 Comburi
746 4842 927 4886 manus
969 4836 1181 4882 uestras.
1227 4825 1532 4882 Censentur
1578 4825 1821 4882 comburi

213 4911 420 4968 manus
462 4912 585 4952 cum
640 4899 1029 4953 comburuntur
1085 4913 1214 4953 vasa
1257 4914 1378 4968 qua:
1425 4907 1817 4952 tractaverunt.

215 4967 434 5026 Eodem
465 4983 627 5023 sensu
665 4981 819 5024 antea
874 4971 1014 5024 dixit
1042 4987 1055 5023 ε
1089 4968 1228 5023 Dum
1261 4967 1415 5039 impie
1459 4970 1820 5039 persequimini

2011 3530 2128 3607 (39)
2151 3528 2725 3617 Socigti'orientalibus.
2747 3532 3041 3617 Suspectus
3069 3538 3340 3617 habebant
3358 3545 3541 3617 Afros,

1937 3602 2205 3672 Hispanos
2228 3646 2241 3669 ,
2266 3602 2455 3684 Gallos
2477 3603 2680 3684 ,.I_talos
2705 3645 2718 3668 ,
2771 3602 2889 3684 quia
2941 3609 3202 3684 Donatum
3250 3602 3542 3684 damnum;

1935 3685 2056 3754 rant
2101 3685 2171 3754 et_
2203 3690 2341 3754 cunt
2368 3672 2666 3754 Caeciliano
2732 3672 3298 3754 contmunicaverant;
3345 3672 3541 3754 Sed-in

1931 3747 2237 3833 Qri‘entales
2271 3747 2401 3831 nihil
2447 3745 2740 3833 quidquam
2782 3751 2998 3833 tingere
3051 3745 3541 3833 poteratti;'q(j;.i.'é

1931 3821 2156 3890 Optattts
2179 3815 2608 3890 siepissinteeis’
2633 3818 2817 3890 objicit
2858 3815 2999 3890 quod
3031 3815 3134 3886 lion
3166 3815 3537 3889 conttnttitica:

1932 3839 2156 3890 Uptnttts
2179 3839 2480 3886 διεριδειηιυ
2511 3839 2589 3871 CIS
2633 3839 2817 3890 υιψοιι
2897 3839 2999 3878 υοα
3031 3843 3134 3886 ΙΙΟΙΙ
3166 3839 3534 3889 communica-

1932 3903 2054 3980 ηςιιι
2081 3907 2205 3980 cum
2236 3888 2632 3980 primitalibus,
2672 3890 2724 3946 in
2755 3839 2890 3965 quo?
2937 3897 3066 3958 nihil
3093 3899 3364 3958 habebant
3391 3908 3534 3980 quod

1932 3963 2195 4019 dicerent.
2223 3963 2453 4020 ALBASP.
2504 3990 2506 3992 τ
2773 3963 2785 3965 “
3405 3963 3434 3980 -~
3478 3963 3506 3972 ν-

2002 4037 2116 4117 (40.)
2147 4034 2282 4117 Qniq
2314 4037 2554 4094 unitatem
2582 4039 2691 4096 Deo
2713 4038 2956 4110 placitam
2976 4039 3243 4099 habemus.
3281 4045 3481 4104 Eadem
3511 4091 3528 4117 ,

1931 4105 2237 4162 amavimus.
2265 4105 2488 4164 lucem.

2006 4178 2119 4252 (41)
2143 4178 2420 4256 Αδδεηειιῃι
2441 4185 2954 4252 acromtnodavinms.
2989 4185 3123 4256 Quia
3155 4192 3524 4248 communica-

1932 4252 2107 4305 viuttts
2156 4266 2278 4315 cum
2329 4253 2408 4329 eis
2453 4272 2466 4308 :
2520 4256 2663 4329 nulla
2704 4256 2845 4329 enim
2889 4252 3083 4329 major
3111 4264 3530 4320 communicatio

1930 4338 2210 4404 qttamdpcr
2230 4323 2508 4404 assensum
2531 4368 2546 4396 ,
2582 4328 2658 4384 uti
2694 4328 2766 4384 ait
2795 4327 2952 4386 divus
2976 4323 3318 4404 ~Augustinus
3339 4346 3529 4404 contra

1932 4393 2257 4458 Donatistas.
2282 4393 2509 4450 ALBASP.

2002 4463 2408 4540 (42)_Furtivas.
2438 4466 2730 4536 Corruptas
2770 4469 3064 4540 Scriptura;
3101 4473 3362 4538 lectiones
3394 4497 3408 4532 :
3441 4481 3527 4536 vel

1930 4547 2086 4609 vocat
2123 4537 2346 4592 furtivas
2370 4580 2384 4603 ,
2421 4540 2544 4608 quia
2569 4557 2690 4594 cum
2715 4557 2820 4596 non
2851 4537 3315 4601 communicarent
3336 4548 3527 4609 Eccle-

1929 4607 2024 4662 siis
2053 4607 2505 4690 (primisset-ipim
2545 4623 2727 4690 essent
2772 4613 2879 4668 divi
2927 4613 3076 4671 Pauli
3124 4616 3403 4690 epistolae,
3433 4607 3527 4690 cas

1927 4679 2274 4757 quasilnrari
2304 4679 2635 4757 viderentur.
2666 4683 2896 4742 ALBASP.
3000 4747 3008 4757 I
3158 4679 3174 4689 ’
3359 4687 3361 4690 ⁴
3389 4679 3401 4690 ’
3500 4685 3506 4694 ’

2004 4751 2121 4877 (43)
2150 4751 2376 4806 Alienas.
2413 4753 2467 4808 Si
2511 4755 2731 4809 furtivas
2774 4771 2877 4811 non
2926 4751 3100 4877 legitis
3127 4778 3140 4815 :
3169 4762 3389 4830 probate
3431 4780 3527 4822 vos

2007 4842 2036 4877 n
2060 4841 2088 4877 a
2115 4826 2261 4877 icnas
2291 4825 2469 4877 leuere
2496 4825 2754 4877 lectiones
2780 4869 2793 4877 .
2825 4844 2945 4877 eum
3015 4846 3045 4877 ρ
3074 4832 3319 4877 pnigtnli:
3350 4837 3518 4877 cnnric

2004 4774 2121 4877 μιοκ
2150 4774 2376 4806 ﬂuentis.
2413 4774 2467 4808 al
2511 4774 2731 4809 Illrtlvas
2774 4774 2877 4811 non
2926 4774 2974 4813 le
3015 4774 3100 4815 tlts
3127 4778 3140 4815 ε
3169 4774 3389 4830 pronate
3431 4780 3518 4822 \‘08

1932 4841 2036 4902 non
2058 4841 2088 4902 _a
2115 4826 2261 4902 icnas
2291 4825 2469 4895 legere
2496 4825 2754 4882 lectiones
2780 4869 2793 4896 ,
2825 4844 2945 4902 cum
2977 4774 3045 4886 ge
3074 4832 3319 4902 epistolis
3349 4837 3518 4893 sacris

1927 4897 2138 4967 legitis:
2181 4894 2494 4976 hocautcm
2530 4915 2633 4976 ng_n
2677 4894 2902 4976 potestis
2952 4894 3182 4976 proba-re
3209 4947 3222 4972 ,
3253 4906 3375 4976 quia
3407 4923 3516 4974 non

1921 4966 2367 5050 communicatis.
2397 4984 2517 5022 cum
2576 4966 2828 5027 Ecclesiis
2877 4966 3070 5044 quibus
3120 4966 3224 5031 illae
3270 4966 3519 5050 epistola:

214 5056 409 5098 nimius
430 5049 630 5094 nostras
653 5041 760 5095 illic
789 5041 874 5095 ubi
900 5057 1086 5111 corpus
1114 5039 1304 5095 Christi
1342 5039 1598 5096 habitabat
1625 5042 1817 5110 [et-istis
1918 5039 2137 5109 scriptae
2168 5045 2312 5094 sunt.
2339 5039 2571 5096 ALBASP.

215 5120 266 5166 et
295 5118 491 5176 vestras
521 5129 540 5166 :
570 5113 761 5176 eodem
805 5114 964 5170 modo
1013 5113 1098 5174 hic
1145 5111 1374 5168 sumitur
1401 5115 1460 5170 τὸ
1491 5111 1810 5182 comburere,

213 5191 278 5242 nl
307 5182 422 5236 illic
459 5183 516 5239 τὸ
551 5183 706 5251 ferire
735 5200 752 5238 :
782 5185 916 5240 infra
947 5199 1160 5254 quoque
1196 5201 1208 5237 :
1242 5188 1284 5240 si
1327 5184 1592 5254 infamatis
1636 5201 1820 5239 titanas

213 5265 448 5322 nostras,
471 5272 627 5326 quare
648 5255 754 5312 illic
783 5256 1042 5316 damnatis
1069 5266 1117 5311 et
1140 5265 1352 5312 uestras.
1387 5254 1463 5312 Du
1488 5254 1604 5310 PIN.

294 5345 417 5420 (57)
458 5343 637 5420 Pelliti
659 5348 889 5403 homines
916 5357 1129 5420 possunt
1175 5347 1330 5419 fumis
1377 5346 1666 5420 sacrilegis,
1712 5358 1818 5403 etc.

211 5415 446 5492 θῆαι-σεε
480 5418 902 5492 polluiihomines
918 5415 1143 5492 possunt
1175 5415 1312 5491 'fttmi
1345 5415 1635 5492 nidoribus,
1654 5423 1823 5474 sacri-

216 5489 336 5557 [ego
353 5492 623 5558 sanguine.
648 5491 782 5545 Puto
797 5488 1048 5562 Optatum
1070 5488 1382 5562 scripsisse,
1407 5489 1571 5560 pollui
1592 5488 1824 5546 homines

213 5569 438 5636 possunt
471 5564 600 5636 [uniti
624 5564 907 5634 sacrilegis,
937 5565 1035 5632 vel,
1063 5563 1327 5636 sacrilegis
1343 5562 1631 5630 nidoribus,
1661 5564 1824 5617 sacri-

215 5633 600 5706 lagoisqcriﬁcil
631 5633 900 5706 sanguine,
928 5643 1034 5688 etc.
1067 5634 1135 5689 Μ.
1158 5633 1390 5691 Castus.

296 5700 416 5779 (58)
443 5701 509 5756 In
533 5700 750 5779 origine:
787 5707 860 5761 De
891 5708 1099 5762 unitate
1126 5707 1266 5762 facta
1297 5723 1390 5777 per
1412 5705 1702 5764 Macarium
1739 5707 1822 5761 lo-

222 5777 411 5891 quitur
431 5790 552 5846 qua:
577 5777 642 5830 ait
673 5779 938 5840 Donatum
969 5787 1223 5853 tanquam
1247 5781 1312 5834 ad
1347 5779 1600 5837 Ationetn
1623 5787 1708 5835 est
1739 5795 1822 5836 rc—

255 5845 476 5891 urenda-
515 5848 723 5891 Annon

255 5845 478 5901 ﬂenda.
513 5848 743 5910 Auasr.

1997 5129 2114 5202 (44)
2153 5129 2222 5186 Ut
2247 5131 2371 5202 quid
2394 5133 2632 5206 gaudetis.
2665 5133 2732 5206 De.
2760 5135 3087 5206 Augustinus
3127 5140 3319 5197 eodem
3354 5145 3522 5202 utitur

1927 5213 2243 5282 argumento
2269 5245 2281 5266 ,
2307 5205 2667 5282 .epislacnxv.
2701 5205 2837 5282 Quid
2856 5205 3030 5282 autem
3058 5215 3347 5282 perversius
3374 5226 3420 5270 et
3442 5219 3523 5272 in-

1925 5276 2101 5332 sanius
2123 5275 2276 5356 quam
2299 5276 2571 5332 lectoribus
2597 5278 2798 5356 easdem
2825 5275 3067 5356 epistolas
3098 5285 3379 5356 legentibus
3400 5329 3413 5352 ,
3438 5287 3521 5341 di-

1928 5363 2041 5429 cere
2065 5389 2079 5414 ,
2111 5363 2215 5432 pan:
2257 5355 2420 5429 tecum
2447 5389 2461 5413 ,
2483 5359 2530 5431 et
2557 5346 2619 5432 ab
2648 5365 2822 5430 eorum
2853 5346 3200 5432 Ecclesiarttin
3222 5373 3345 5432 pace
3373 5346 3522 5432 sepa-

1928 5419 2042 5494 rari
2062 5418 2241 5488 quibus
2262 5419 2645 5494 ipsterepistola:
2682 5421 2886 5492 scripta:
2907 5433 3026 5482 sunt
3048 5425 3072 5478 ?
3093 5418 3256 5494 Cujus
3281 5428 3388 5482 vim
3412 5418 3522 5487 tinn

1927 5490 2081 5570 facile
2107 5501 2190 5544 est
2235 5493 2511 5570 reperire,
2563 5490 2969 5570 namnpmerant
3012 5490 3265 5570 epistolas
3296 5499 3475 5568 legere
3500 5543 3518 5570 ,

1929 5561 2032 5635 etsi
2055 5577 2160 5635 non
2189 5564 2655 5635 communicarent
2684 5561 2750 5617 iis
2793 5563 2986 5632 quibus
3028 5561 3244 5635 scripta:
3299 5561 3520 5628 essent?

1933 5633 2035 5711 nisi
2065 5633 2213 5711 dicas
2248 5637 2304 5686 ι).
2337 5634 2558 5711 Paulum
2590 5633 3155 5711 commnnica_sse_cutn
3188 5638 3390 5697 Calatis
3419 5684 3434 5711 ,
3467 5655 3523 5700 ct

1933 5704 2240 5772 Donatistas
2278 5706 2688 5776 communicare
2735 5721 2855 5759 cum
2903 5707 2966 5760 D.
3014 5708 3219 5776 Paulo;
3259 5725 3314 5767 et
3342 5704 3523 5772 tamen

1933 5793 2036 5858 non
2069 5778 2468 5858 coriitttutiicare
2494 5791 2615 5833 cum
2653 5775 2857 5833 Galetis
2890 5796 2901 5832 :
2940 5779 3082 5851 quod
3131 5781 3423 5858 absurdum
3453 5789 3532 5845 vi-

1932 5848 2179 5905 debatur.
2205 5848 2436 5904 Acusr.
