  <div class='ocr_page' id='page_1' title='image "/cluster/home/n/w/nwhite01/storage/ocr_20150623/11/hvd.32044015471287/542.png"; bbox 0 0 3974 6324; ppageno 0'>
   <div class='ocr_carea' id='block_1_1' title="bbox 1052 328 2724 408">
    <p class='ocr_par' dir='ltr' id='par_1_1' title="bbox 1052 328 2724 408">
     <span class='ocr_line' id='line_1_1' title="bbox 1052 328 2724 408; baseline 0.015 -25"><span class='ocrx_word' id='word_1_1' title='bbox 1052 328 1139 386; x_wconf 85' lang='lat' dir='ltr'><strong>DE</strong></span> <span class='ocrx_word' id='word_1_2' title='bbox 1178 331 1566 392; x_wconf 80' lang='lat' dir='ltr'><strong>SCHISMATE</strong></span> <span class='ocrx_word' id='word_1_3' title='bbox 1607 337 2145 399; x_wconf 73' lang='lat' dir='ltr'><strong>DONA&#39;I‘lS&#39;l‘AIlUM</strong></span> <span class='ocrx_word' id='word_1_4' title='bbox 2187 345 2389 404; x_wconf 83' lang='lat' dir='ltr'><strong>LIBER</strong></span> <span class='ocrx_word' id='word_1_5' title='bbox 2431 349 2724 408; x_wconf 78' lang='lat' dir='ltr'><strong>SEXTUS.</strong></span> 
     </span>
    </p>
   </div>
   <div class='ocr_carea' id='block_1_2' title="bbox 233 434 3556 553">
    <p class='ocr_par' dir='ltr' id='par_1_2' title="bbox 233 434 3556 553">
     <span class='ocr_line' id='line_1_2' title="bbox 233 434 3556 553; baseline 0.014 -61"><span class='ocrx_word' id='word_1_6' title='bbox 233 434 426 553; x_wconf 65' lang='lat' dir='ltr'><strong>Primp</strong></span> <span class='ocrx_word' id='word_1_7' title='bbox 475 436 638 494; x_wconf 89' lang='lat' dir='ltr'><strong>dicite</strong></span> <span class='ocrx_word' id='word_1_8' title='bbox 693 441 883 553; x_wconf 66' lang='lat' dir='ltr'><strong>nobis,</strong></span> <span class='ocrx_word' id='word_1_9' title='bbox 930 444 1020 550; x_wconf 73' lang='lat' dir='ltr'><strong>ubi</strong></span> <span class='ocrx_word' id='word_1_10' title='bbox 1071 447 1224 502; x_wconf 86' lang='lat' dir='ltr'><strong>vobis</strong></span> <span class='ocrx_word' id='word_1_11' title='bbox 1270 451 1338 507; x_wconf 91' lang='lat' dir='ltr'><strong>de</strong></span> <span class='ocrx_word' id='word_1_12' title='bbox 1382 454 1599 512; x_wconf 77' lang='lat' dir='ltr'><strong>mitellis</strong></span> <span class='ocrx_word' id='word_1_13' title='bbox 1643 456 1844 529; x_wconf 90' lang='lat' dir='ltr'><strong>aliquid</strong></span> <span class='ocrx_word' id='word_1_14' title='bbox 1871 461 1926 524; x_wconf 82' lang='grc' dir='ltr'><strong>Α</strong></span> <span class='ocrx_word' id='word_1_15' title='bbox 1952 461 2178 534; x_wconf 79' lang='lat' dir='ltr'><strong>virginis</strong></span> <span class='ocrx_word' id='word_1_16' title='bbox 2209 434 2370 537; x_wconf 80' lang='lat' dir='ltr'><strong>capiti</strong></span> <span class='ocrx_word' id='word_1_17' title='bbox 2403 470 2825 540; x_wconf 79' lang='lat' dir='ltr'><strong>imponerentur,</strong></span> <span class='ocrx_word' id='word_1_18' title='bbox 2857 483 2912 530; x_wconf 92' lang='lat' dir='ltr'><strong>ut</strong></span> <span class='ocrx_word' id='word_1_19' title='bbox 2944 478 3389 553; x_wconf 90' lang='lat' dir='ltr'><strong>quotiescumque</strong></span> <span class='ocrx_word' id='word_1_20' title='bbox 3439 482 3556 536; x_wconf 86' lang='lat' dir='ltr'><strong>ani-</strong></span> 
     </span>
    </p>
   </div>
   <div class='ocr_carea' id='block_1_3' title="bbox 233 529 1844 618">
    <p class='ocr_par' dir='ltr' id='par_1_3' title="bbox 233 529 1844 618">
     <span class='ocr_line' id='line_1_3' title="bbox 233 529 1844 618; baseline 0.014 -35"><span class='ocrx_word' id='word_1_21' title='bbox 233 529 554 586; x_wconf 88' lang='lat' dir='ltr'><strong>mandatum</strong></span> <span class='ocrx_word' id='word_1_22' title='bbox 603 537 724 588; x_wconf 82' lang='lat' dir='ltr'><strong>est?</strong></span> <span class='ocrx_word' id='word_1_23' title='bbox 755 535 1029 614; x_wconf 76' lang='lat' dir='ltr'><strong>virginitas</strong></span> <span class='ocrx_word' id='word_1_24' title='bbox 1074 541 1217 595; x_wconf 91' lang='lat' dir='ltr'><strong>enim</strong></span> <span class='ocrx_word' id='word_1_25' title='bbox 1255 545 1544 604; x_wconf 78' lang='lat' dir='ltr'><strong>voluntatis</strong></span> <span class='ocrx_word' id='word_1_26' title='bbox 1593 565 1680 606; x_wconf 88' lang='lat' dir='ltr'><strong>res</strong></span> <span class='ocrx_word' id='word_1_27' title='bbox 1731 559 1844 618; x_wconf 91' lang='lat' dir='ltr'><strong>est,</strong></span> 
     </span>
    </p>
   </div>
   <div class='ocr_carea' id='block_1_4' title="bbox 235 627 1850 706">
    <p class='ocr_par' dir='ltr' id='par_1_4' title="bbox 235 627 1850 706">
     <span class='ocr_line' id='line_1_4' title="bbox 235 627 1850 706; baseline 0.013 -26"><span class='ocrx_word' id='word_1_28' title='bbox 235 639 347 680; x_wconf 91' lang='lat' dir='ltr'><strong>non</strong></span> <span class='ocrx_word' id='word_1_29' title='bbox 381 627 722 684; x_wconf 80' lang='lat' dir='ltr'><strong>necessitatis</strong></span> <span class='ocrx_word' id='word_1_30' title='bbox 747 629 887 706; x_wconf 85' lang='grc'>(55).</span> <span class='ocrx_word' id='word_1_31' title='bbox 919 633 1158 706; x_wconf 85' lang='lat' dir='ltr'><strong>Denique</strong></span> <span class='ocrx_word' id='word_1_32' title='bbox 1179 638 1507 696; x_wconf 88' lang='lat' dir='ltr'><strong>stabularius</strong></span> <span class='ocrx_word' id='word_1_33' title='bbox 1535 643 1623 699; x_wconf 83' lang='lat' dir='ltr'><strong>ille</strong></span> <span class='ocrx_word' id='word_1_34' title='bbox 1650 643 1850 701; x_wconf 89' lang='lat' dir='ltr'><strong>Paulus</strong></span> 
     </span>
    </p>
   </div>
   <div class='ocr_carea' id='block_1_5' title="bbox 237 719 1851 800">
    <p class='ocr_par' dir='ltr' id='par_1_5' title="bbox 237 719 1851 800">
     <span class='ocr_line' id='line_1_5' title="bbox 237 719 1851 800; baseline 0.013 -27"><span class='ocrx_word' id='word_1_35' title='bbox 237 719 519 787; x_wconf 81' lang='lat' dir='ltr'><strong>apostolus</strong></span> <span class='ocrx_word' id='word_1_36' title='bbox 545 720 684 792; x_wconf 83' lang='lat'>(56),</span> <span class='ocrx_word' id='word_1_37' title='bbox 710 724 795 778; x_wconf 90' lang='lat' dir='ltr'><strong>cui</strong></span> <span class='ocrx_word' id='word_1_38' title='bbox 829 725 1116 784; x_wconf 83' lang='lat' dir='ltr'><strong>confossus</strong></span> <span class='ocrx_word' id='word_1_39' title='bbox 1157 744 1504 800; x_wconf 79' lang='lat' dir='ltr'><strong>peccatorum</strong></span> <span class='ocrx_word' id='word_1_40' title='bbox 1537 736 1851 794; x_wconf 76' lang='lat' dir='ltr'><strong>vulneribus</strong></span> 
     </span>
    </p>
   </div>
   <div class='ocr_carea' id='block_1_6' title="bbox 238 815 1852 902">
    <p class='ocr_par' dir='ltr' id='par_1_6' title="bbox 238 815 1852 902">
     <span class='ocr_line' id='line_1_6' title="bbox 238 815 1852 902; baseline 0.012 -35"><span class='ocrx_word' id='word_1_41' title='bbox 238 815 472 884; x_wconf 82' lang='lat' dir='ltr'><strong>populus</strong></span> <span class='ocrx_word' id='word_1_42' title='bbox 501 818 912 875; x_wconf 90' lang='lat' dir='ltr'><strong>commendatus</strong></span> <span class='ocrx_word' id='word_1_43' title='bbox 934 831 1036 889; x_wconf 90' lang='lat' dir='ltr'><strong>est,</strong></span> <span class='ocrx_word' id='word_1_44' title='bbox 1055 832 1082 860; x_wconf 70' lang='grc' dir='ltr'>η</span> <span class='ocrx_word' id='word_1_45' title='bbox 1104 824 1243 880; x_wconf 90' lang='lat' dir='ltr'><strong>duos</strong></span> <span class='ocrx_word' id='word_1_46' title='bbox 1272 827 1546 895; x_wconf 86' lang='lat' dir='ltr'><strong>denarios,</strong></span> <span class='ocrx_word' id='word_1_47' title='bbox 1573 845 1708 902; x_wconf 91' lang='lat' dir='ltr'><strong>quos</strong></span> <span class='ocrx_word' id='word_1_48' title='bbox 1730 846 1852 887; x_wconf 86' lang='lat' dir='ltr'><strong>ero-</strong></span> 
     </span>
    </p>
   </div>
   <div class='ocr_carea' id='block_1_7' title="bbox 235 912 1850 990">
    <p class='ocr_par' dir='ltr' id='par_1_7' title="bbox 235 912 1850 990">
     <span class='ocr_line' id='line_1_7' title="bbox 235 912 1850 990; baseline 0.014 -31"><span class='ocrx_word' id='word_1_49' title='bbox 235 916 421 978; x_wconf 89' lang='lat' dir='ltr'><strong>gasset</strong></span> <span class='ocrx_word' id='word_1_50' title='bbox 448 951 460 974; x_wconf 89' lang='lat'><strong>,</strong></span> <span class='ocrx_word' id='word_1_51' title='bbox 492 921 780 981; x_wconf 88' lang='lat' dir='ltr'><strong>acceperat</strong></span> <span class='ocrx_word' id='word_1_52' title='bbox 821 915 837 985; x_wconf 92' lang='lat'><strong>(</strong></span> <span class='ocrx_word' id='word_1_53' title='bbox 863 912 992 971; x_wconf 84' lang='lat' dir='ltr'><strong>Luc.</strong></span> <span class='ocrx_word' id='word_1_54' title='bbox 1020 933 1072 970; x_wconf 67' lang='grc' dir='ltr'><strong>κ.</strong></span> <span class='ocrx_word' id='word_1_55' title='bbox 1145 918 1214 974; x_wconf 78' lang='grc'><strong>’50</strong></span> <span class='ocrx_word' id='word_1_56' title='bbox 1234 922 1271 990; x_wconf 90' lang='grc'>),</span> <span class='ocrx_word' id='word_1_57' title='bbox 1301 921 1406 976; x_wconf 91' lang='lat' dir='ltr'><strong>duo</strong></span> <span class='ocrx_word' id='word_1_58' title='bbox 1429 923 1635 980; x_wconf 89' lang='lat' dir='ltr'><strong>scilicet</strong></span> <span class='ocrx_word' id='word_1_59' title='bbox 1683 933 1850 981; x_wconf 76' lang='lat' dir='ltr'><strong>testa-</strong></span> 
     </span>
    </p>
   </div>
   <div class='ocr_carea' id='block_1_8' title="bbox 236 1005 1938 1090">
    <p class='ocr_par' dir='ltr' id='par_1_8' title="bbox 236 1005 1938 1090">
     <span class='ocr_line' id='line_1_8' title="bbox 236 1005 1938 1090; baseline 0.011 -32"><span class='ocrx_word' id='word_1_60' title='bbox 236 1013 444 1068; x_wconf 87' lang='lat' dir='ltr'><strong>menta,</strong></span> <span class='ocrx_word' id='word_1_61' title='bbox 472 1005 588 1062; x_wconf 65' lang='lat' dir='ltr'><strong>base</strong></span> <span class='ocrx_word' id='word_1_62' title='bbox 619 1023 714 1078; x_wconf 89' lang='lat' dir='ltr'><strong>per</strong></span> <span class='ocrx_word' id='word_1_63' title='bbox 733 1007 1031 1066; x_wconf 88' lang='lat' dir='ltr'><strong>doctrinam</strong></span> <span class='ocrx_word' id='word_1_64' title='bbox 1062 1013 1611 1088; x_wconf 84' lang='lat' dir='ltr'><strong>(57)quasisumptus</strong></span> <span class='ocrx_word' id='word_1_65' title='bbox 1637 1021 1850 1090; x_wconf 90' lang='lat' dir='ltr'><strong>impen-</strong></span> <span class='ocrx_word' id='word_1_66' title='bbox 1931 1027 1938 1034; x_wconf 84' lang='lat'><strong><em>&#39;</em></strong></span> 
     </span>
    </p>
   </div>
   <div class='ocr_carea' id='block_1_9' title="bbox 239 1096 1853 1179">
    <p class='ocr_par' dir='ltr' id='par_1_9' title="bbox 239 1096 1853 1179">
     <span class='ocr_line' id='line_1_9' title="bbox 239 1096 1853 1179; baseline 0.012 -29"><span class='ocrx_word' id='word_1_67' title='bbox 239 1096 349 1163; x_wconf 88' lang='lat' dir='ltr'><strong>dit;</strong></span> <span class='ocrx_word' id='word_1_68' title='bbox 383 1098 568 1156; x_wconf 89' lang='lat' dir='ltr'><strong>docuit</strong></span> <span class='ocrx_word' id='word_1_69' title='bbox 612 1105 884 1172; x_wconf 91' lang='lat' dir='ltr'><strong>quomodo</strong></span> <span class='ocrx_word' id='word_1_70' title='bbox 923 1107 1236 1179; x_wconf 86' lang='lat' dir='ltr'><strong>conjngales</strong></span> <span class='ocrx_word' id='word_1_71' title='bbox 1281 1109 1574 1168; x_wconf 83' lang='lat' dir='ltr'><strong>Christiani</strong></span> <span class='ocrx_word' id='word_1_72' title='bbox 1618 1113 1853 1170; x_wconf 81' lang='lat' dir='ltr'><strong>debeant</strong></span> 
     </span>
    </p>
   </div>
   <div class='ocr_carea' id='block_1_10' title="bbox 237 1193 1852 1278">
    <p class='ocr_par' dir='ltr' id='par_1_10' title="bbox 237 1193 1852 1278">
     <span class='ocr_line' id='line_1_10' title="bbox 237 1193 1852 1278; baseline 0.012 -33"><span class='ocrx_word' id='word_1_73' title='bbox 237 1193 466 1251; x_wconf 84' lang='lat' dir='ltr'><strong>vivere:</strong></span> <span class='ocrx_word' id='word_1_74' title='bbox 508 1211 539 1250; x_wconf 86' lang='lat' dir='ltr'><strong>a</strong></span> <span class='ocrx_word' id='word_1_75' title='bbox 566 1211 674 1268; x_wconf 93' lang='lat' dir='ltr'><strong>quo</strong></span> <span class='ocrx_word' id='word_1_76' title='bbox 721 1213 840 1254; x_wconf 91' lang='lat' dir='ltr'><strong>cum</strong></span> <span class='ocrx_word' id='word_1_77' title='bbox 891 1212 1230 1272; x_wconf 63' lang='lat' dir='ltr'><strong>quaereretur</strong></span> <span class='ocrx_word' id='word_1_78' title='bbox 1275 1206 1399 1276; x_wconf 89' lang='lat' dir='ltr'><strong>quid</strong></span> <span class='ocrx_word' id='word_1_79' title='bbox 1447 1207 1516 1262; x_wconf 90' lang='lat' dir='ltr'><strong>de</strong></span> <span class='ocrx_word' id='word_1_80' title='bbox 1559 1207 1852 1278; x_wconf 77' lang='lat' dir='ltr'><strong>virginibus</strong></span> 
     </span>
    </p>
   </div>
   <div class='ocr_carea' id='block_1_11' title="bbox 237 1286 1848 1373">
    <p class='ocr_par' dir='ltr' id='par_1_11' title="bbox 237 1286 1848 1373">
     <span class='ocr_line' id='line_1_11' title="bbox 237 1286 1848 1373; baseline 0.009 -33"><span class='ocrx_word' id='word_1_81' title='bbox 237 1286 604 1356; x_wconf 75' lang='lat' dir='ltr'><strong>przeciperet?</strong></span> <span class='ocrx_word' id='word_1_82' title='bbox 633 1290 955 1361; x_wconf 90' lang='lat' dir='ltr'><strong>respondit,</strong></span> <span class='ocrx_word' id='word_1_83' title='bbox 984 1293 1116 1349; x_wconf 90' lang='lat' dir='ltr'><strong>nihil</strong></span> <span class='ocrx_word' id='word_1_84' title='bbox 1147 1307 1268 1351; x_wconf 88' lang='lat' dir='ltr'><strong>esse</strong></span> <span class='ocrx_word' id='word_1_85' title='bbox 1301 1297 1609 1353; x_wconf 87' lang='lat' dir='ltr'><strong>mandatum</strong></span> <span class='ocrx_word' id='word_1_86' title='bbox 1638 1297 1658 1373; x_wconf 94' lang='lat'><strong>(</strong></span> <span class='ocrx_word' id='word_1_87' title='bbox 1676 1299 1697 1354; x_wconf 90' lang='lat' dir='ltr'><strong>l</strong></span> <span class='ocrx_word' id='word_1_88' title='bbox 1728 1299 1848 1355; x_wconf 79' lang='lat' dir='ltr'><strong>Cor.</strong></span> 
     </span>
    </p>
   </div>
   <div class='ocr_carea' id='block_1_12' title="bbox 237 1379 1851 1466">
    <p class='ocr_par' dir='ltr' id='par_1_12' title="bbox 237 1379 1851 1466">
     <span class='ocr_line' id='line_1_12' title="bbox 237 1379 1851 1466; baseline 0.01 -33"><span class='ocrx_word' id='word_1_89' title='bbox 237 1394 338 1445; x_wconf 87' lang='lat' dir='ltr'><strong>vn,</strong></span> <span class='ocrx_word' id='word_1_90' title='bbox 362 1379 484 1453; x_wconf 74' lang='lat'><strong>25).</strong></span> <span class='ocrx_word' id='word_1_91' title='bbox 502 1379 796 1466; x_wconf 46' lang='lat' dir='ltr'><strong>Conflassus</strong></span> <span class='ocrx_word' id='word_1_92' title='bbox 816 1395 901 1440; x_wconf 88' lang='lat' dir='ltr'><strong>est</strong></span> <span class='ocrx_word' id='word_1_93' title='bbox 922 1400 981 1442; x_wconf 91' lang='lat' dir='ltr'><strong>se</strong></span> <span class='ocrx_word' id='word_1_94' title='bbox 995 1387 1103 1444; x_wconf 89' lang='lat' dir='ltr'><strong>duo</strong></span> <span class='ocrx_word' id='word_1_95' title='bbox 1119 1398 1459 1458; x_wconf 90' lang='lat' dir='ltr'><strong>testamenta,</strong></span> <span class='ocrx_word' id='word_1_96' title='bbox 1483 1390 1586 1446; x_wconf 92' lang='lat' dir='ltr'><strong>hoc</strong></span> <span class='ocrx_word' id='word_1_97' title='bbox 1607 1400 1710 1460; x_wconf 86' lang='lat' dir='ltr'><strong>est,</strong></span> <span class='ocrx_word' id='word_1_98' title='bbox 1732 1392 1851 1466; x_wconf 83' lang='lat'>(58)</span> 
     </span>
    </p>
   </div>
   <div class='ocr_carea' id='block_1_13' title="bbox 237 1455 1854 1552">
    <p class='ocr_par' dir='ltr' id='par_1_13' title="bbox 237 1455 1854 1552">
     <span class='ocr_line' id='line_1_13' title="bbox 237 1455 1854 1552; baseline 0.009 -26"><span class='ocrx_word' id='word_1_99' title='bbox 237 1470 383 1528; x_wconf 90' lang='lat' dir='ltr'><strong>duos</strong></span> <span class='ocrx_word' id='word_1_100' title='bbox 409 1455 663 1531; x_wconf 70' lang='lat' dir='ltr'><strong>denarios</strong></span> <span class='ocrx_word' id='word_1_101' title='bbox 693 1490 982 1548; x_wconf 86' lang='lat' dir='ltr'><strong>erogasse:</strong></span> <span class='ocrx_word' id='word_1_102' title='bbox 1010 1481 1249 1552; x_wconf 81' lang='lat' dir='ltr'><strong>expliciti</strong></span> <span class='ocrx_word' id='word_1_103' title='bbox 1273 1491 1428 1538; x_wconf 89' lang='lat' dir='ltr'><strong>erant</strong></span> <span class='ocrx_word' id='word_1_104' title='bbox 1447 1455 1854 1552; x_wconf 78' lang='lat' dir='ltr'><strong>quodammodo</strong></span> 
     </span>
    </p>
   </div>
   <div class='ocr_carea' id='block_1_14' title="bbox 236 1567 1852 1647">
    <p class='ocr_par' dir='ltr' id='par_1_14' title="bbox 236 1567 1852 1647">
     <span class='ocr_line' id='line_1_14' title="bbox 236 1567 1852 1647; baseline 0.01 -29"><span class='ocrx_word' id='word_1_105' title='bbox 236 1572 510 1636; x_wconf 87' lang='lat' dir='ltr'><strong>sumptus,</strong></span> <span class='ocrx_word' id='word_1_106' title='bbox 527 1567 646 1641; x_wconf 82' lang='lat'>(59)</span> <span class='ocrx_word' id='word_1_107' title='bbox 664 1569 758 1625; x_wconf 87' lang='lat' dir='ltr'><strong>sed</strong></span> <span class='ocrx_word' id='word_1_108' title='bbox 773 1571 897 1643; x_wconf 86' lang='lat' dir='ltr'><strong>quia</strong></span> <span class='ocrx_word' id='word_1_109' title='bbox 922 1570 1056 1643; x_wconf 74' lang='lat' dir='ltr'><strong>bqui</strong></span> <span class='ocrx_word' id='word_1_110' title='bbox 1086 1576 1327 1630; x_wconf 89' lang='lat' dir='ltr'><strong>saucium</strong></span> <span class='ocrx_word' id='word_1_111' title='bbox 1355 1577 1852 1647; x_wconf 87' lang='lat' dir='ltr'><strong>commendaverat,</strong></span> 
     </span>
    </p>
   </div>
   <div class='ocr_carea' id='block_1_15' title="bbox 236 1661 1854 1743">
    <p class='ocr_par' dir='ltr' id='par_1_15' title="bbox 236 1661 1854 1743">
     <span class='ocr_line' id='line_1_15' title="bbox 236 1661 1854 1743; baseline 0.011 -30"><span class='ocrx_word' id='word_1_112' title='bbox 236 1661 569 1729; x_wconf 84' lang='lat' dir='ltr'><strong>promiserat</strong></span> <span class='ocrx_word' id='word_1_113' title='bbox 595 1677 656 1718; x_wconf 88' lang='lat' dir='ltr'><strong>se</strong></span> <span class='ocrx_word' id='word_1_114' title='bbox 685 1663 1024 1722; x_wconf 90' lang='lat' dir='ltr'><strong>redditurum</strong></span> <span class='ocrx_word' id='word_1_115' title='bbox 1050 1668 1307 1740; x_wconf 90' lang='lat' dir='ltr'><strong>quidquid</strong></span> <span class='ocrx_word' id='word_1_116' title='bbox 1331 1671 1382 1726; x_wconf 92' lang='lat' dir='ltr'><strong>in</strong></span> <span class='ocrx_word' id='word_1_117' title='bbox 1413 1685 1598 1727; x_wconf 92' lang='lat' dir='ltr'><strong>curam</strong></span> <span class='ocrx_word' id='word_1_118' title='bbox 1622 1673 1854 1743; x_wconf 89' lang='lat' dir='ltr'><strong>amplius</strong></span> 
     </span>
    </p>
   </div>
   <div class='ocr_carea' id='block_1_16' title="bbox 236 1759 1851 1840">
    <p class='ocr_par' dir='ltr' id='par_1_16' title="bbox 236 1759 1851 1840">
     <span class='ocr_line' id='line_1_16' title="bbox 236 1759 1851 1840; baseline 0.011 -32"><span class='ocrx_word' id='word_1_119' title='bbox 236 1767 542 1826; x_wconf 88' lang='lat' dir='ltr'><strong>crogasset,</strong></span> <span class='ocrx_word' id='word_1_120' title='bbox 581 1766 704 1828; x_wconf 88' lang='lat' dir='ltr'><strong>post</strong></span> <span class='ocrx_word' id='word_1_121' title='bbox 724 1759 1000 1831; x_wconf 89' lang='lat' dir='ltr'><strong>impensos</strong></span> <span class='ocrx_word' id='word_1_122' title='bbox 1022 1763 1157 1820; x_wconf 92' lang='lat' dir='ltr'><strong>duos</strong></span> <span class='ocrx_word' id='word_1_123' title='bbox 1185 1763 1458 1832; x_wconf 91' lang='lat' dir='ltr'><strong>denarios,</strong></span> <span class='ocrx_word' id='word_1_124' title='bbox 1477 1782 1581 1822; x_wconf 92' lang='lat' dir='ltr'><strong>non</strong></span> <span class='ocrx_word' id='word_1_125' title='bbox 1613 1782 1851 1840; x_wconf 69' lang='lat' dir='ltr'><strong>praecep-</strong></span> 
     </span>
    </p>
   </div>
   <div class='ocr_carea' id='block_1_17' title="bbox 1955 561 3557 647">
    <p class='ocr_par' dir='ltr' id='par_1_17' title="bbox 1955 561 3557 647">
     <span class='ocr_line' id='line_1_17' title="bbox 1955 561 3557 647; baseline 0.013 -36"><span class='ocrx_word' id='word_1_126' title='bbox 1955 572 2103 614; x_wconf 89' lang='lat' dir='ltr'><strong>mum</strong></span> <span class='ocrx_word' id='word_1_127' title='bbox 2140 561 2318 615; x_wconf 81' lang='lat' dir='ltr'><strong>carnis</strong></span> <span class='ocrx_word' id='word_1_128' title='bbox 2349 561 2615 620; x_wconf 91' lang='lat' dir='ltr'><strong>desideria</strong></span> <span class='ocrx_word' id='word_1_129' title='bbox 2659 581 2994 638; x_wconf 85' lang='lat' dir='ltr'><strong>pungerent,</strong></span> <span class='ocrx_word' id='word_1_130' title='bbox 3041 583 3233 628; x_wconf 88' lang='lat' dir='ltr'><strong>contra</strong></span> <span class='ocrx_word' id='word_1_131' title='bbox 3275 575 3557 647; x_wconf 89' lang='lat' dir='ltr'><strong>impugna-</strong></span> 
     </span>
    </p>
   </div>
   <div class='ocr_carea' id='block_1_18' title="bbox 1956 650 3558 726">
    <p class='ocr_par' dir='ltr' id='par_1_18' title="bbox 1956 650 3558 726">
     <span class='ocr_line' id='line_1_18' title="bbox 1956 650 3558 726; baseline 0.013 -21"><span class='ocrx_word' id='word_1_132' title='bbox 1956 650 2158 706; x_wconf 89' lang='lat' dir='ltr'><strong>tionem</strong></span> <span class='ocrx_word' id='word_1_133' title='bbox 2208 655 2403 709; x_wconf 89' lang='lat' dir='ltr'><strong>mentis</strong></span> <span class='ocrx_word' id='word_1_134' title='bbox 2449 656 2774 713; x_wconf 86' lang='lat' dir='ltr'><strong>mitellarum</strong></span> <span class='ocrx_word' id='word_1_135' title='bbox 2809 677 3067 720; x_wconf 90' lang='lat' dir='ltr'><strong>numerus</strong></span> <span class='ocrx_word' id='word_1_136' title='bbox 3097 664 3403 724; x_wconf 85' lang='lat' dir='ltr'><strong>dimicaret.</strong></span> <span class='ocrx_word' id='word_1_137' title='bbox 3447 668 3558 726; x_wconf 81' lang='lat' dir='ltr'><strong>Res</strong></span> 
     </span>
    </p>
   </div>
   <div class='ocr_carea' id='block_1_19' title="bbox 1954 743 3557 822">
    <p class='ocr_par' dir='ltr' id='par_1_19' title="bbox 1954 743 3557 822">
     <span class='ocr_line' id='line_1_19' title="bbox 1954 743 3557 822; baseline 0.012 -24"><span class='ocrx_word' id='word_1_138' title='bbox 1954 743 2172 798; x_wconf 91' lang='lat' dir='ltr'><strong>inventa</strong></span> <span class='ocrx_word' id='word_1_139' title='bbox 2215 757 2299 801; x_wconf 91' lang='lat' dir='ltr'><strong>est</strong></span> <span class='ocrx_word' id='word_1_140' title='bbox 2336 746 2401 801; x_wconf 88' lang='lat' dir='ltr'><strong>ad</strong></span> <span class='ocrx_word' id='word_1_141' title='bbox 2442 747 2654 818; x_wconf 84' lang='lat' dir='ltr'><strong>signum</strong></span> <span class='ocrx_word' id='word_1_142' title='bbox 2701 753 2892 822; x_wconf 89' lang='lat' dir='ltr'><strong>capitis</strong></span> <span class='ocrx_word' id='word_1_143' title='bbox 2920 796 2934 820; x_wconf 96' lang='lat'><strong>,</strong></span> <span class='ocrx_word' id='word_1_144' title='bbox 2981 771 3088 811; x_wconf 91' lang='lat' dir='ltr'><strong>non</strong></span> <span class='ocrx_word' id='word_1_145' title='bbox 3126 757 3192 814; x_wconf 88' lang='lat' dir='ltr'><strong>ad</strong></span> <span class='ocrx_word' id='word_1_146' title='bbox 3251 758 3557 817; x_wconf 87' lang='lat' dir='ltr'><strong>remedium</strong></span> 
     </span>
    </p>
   </div>
   <div class='ocr_carea' id='block_1_20' title="bbox 1910 837 3556 922">
    <p class='ocr_par' dir='ltr' id='par_1_20' title="bbox 1910 837 3556 922">
     <span class='ocr_line' id='line_1_20' title="bbox 1910 837 3556 922; baseline 0.013 -33"><span class='ocrx_word' id='word_1_147' title='bbox 1910 865 1916 870; x_wconf 93' lang='lat'><strong><em>-</em></strong></span> <span class='ocrx_word' id='word_1_148' title='bbox 1953 837 2235 892; x_wconf 92' lang='lat' dir='ltr'><strong>castitatis.</strong></span> <span class='ocrx_word' id='word_1_149' title='bbox 2289 839 2525 910; x_wconf 88' lang='lat' dir='ltr'><strong>Denique</strong></span> <span class='ocrx_word' id='word_1_150' title='bbox 2575 842 2694 911; x_wconf 78' lang='lat'>(61)</span> <span class='ocrx_word' id='word_1_151' title='bbox 2721 845 2840 900; x_wconf 89' lang='lat' dir='ltr'><strong>talis</strong></span> <span class='ocrx_word' id='word_1_152' title='bbox 2891 862 3100 918; x_wconf 89' lang='lat' dir='ltr'><strong>pannus</strong></span> <span class='ocrx_word' id='word_1_153' title='bbox 3135 859 3391 910; x_wconf 88' lang='lat' dir='ltr'><strong>eterrare</strong></span> <span class='ocrx_word' id='word_1_154' title='bbox 3416 864 3464 922; x_wconf 78' lang='grc' dir='ltr'><strong>θ,</strong></span> <span class='ocrx_word' id='word_1_155' title='bbox 3495 863 3556 912; x_wconf 89' lang='lat' dir='ltr'><strong>et</strong></span> 
     </span>
    </p>
   </div>
   <div class='ocr_carea' id='block_1_21' title="bbox 1955 927 3552 1014">
    <p class='ocr_par' dir='ltr' id='par_1_21' title="bbox 1955 927 3552 1014">
     <span class='ocr_line' id='line_1_21' title="bbox 1955 927 3552 1014; baseline 0.013 -31"><span class='ocrx_word' id='word_1_156' title='bbox 1955 927 2072 984; x_wconf 86' lang='lat' dir='ltr'><strong>rodi</strong></span> <span class='ocrx_word' id='word_1_157' title='bbox 2100 973 2114 995; x_wconf 91' lang='lat'><strong>,</strong></span> <span class='ocrx_word' id='word_1_158' title='bbox 2149 941 2203 986; x_wconf 92' lang='lat' dir='ltr'><strong>et</strong></span> <span class='ocrx_word' id='word_1_159' title='bbox 2233 932 2408 1002; x_wconf 89' lang='lat' dir='ltr'><strong>perire</strong></span> <span class='ocrx_word' id='word_1_160' title='bbox 2440 943 2652 1003; x_wconf 88' lang='lat' dir='ltr'><strong>potest;</strong></span> <span class='ocrx_word' id='word_1_161' title='bbox 2677 947 2729 992; x_wconf 93' lang='lat' dir='ltr'><strong>et</strong></span> <span class='ocrx_word' id='word_1_162' title='bbox 2761 947 2936 996; x_wconf 86' lang='lat' dir='ltr'><strong>tamen</strong></span> <span class='ocrx_word' id='word_1_163' title='bbox 2966 943 3275 1014; x_wconf 81' lang='lat' dir='ltr'><strong>virginitas,</strong></span> <span class='ocrx_word' id='word_1_164' title='bbox 3309 948 3352 1001; x_wconf 88' lang='lat' dir='ltr'><strong>si</strong></span> <span class='ocrx_word' id='word_1_165' title='bbox 3381 947 3552 1003; x_wconf 73' lang='lat' dir='ltr'><strong>illaesa</strong></span> 
     </span>
    </p>
   </div>
   <div class='ocr_carea' id='block_1_22' title="bbox 1954 1023 3554 1105">
    <p class='ocr_par' dir='ltr' id='par_1_22' title="bbox 1954 1023 3554 1105">
     <span class='ocr_line' id='line_1_22' title="bbox 1954 1023 3554 1105; baseline 0.013 -29"><span class='ocrx_word' id='word_1_166' title='bbox 1954 1023 2042 1088; x_wconf 88' lang='lat' dir='ltr'><strong>sit,</strong></span> <span class='ocrx_word' id='word_1_167' title='bbox 2068 1023 2183 1078; x_wconf 92' lang='lat' dir='ltr'><strong>sine</strong></span> <span class='ocrx_word' id='word_1_168' title='bbox 2215 1026 2416 1080; x_wconf 88' lang='lat' dir='ltr'><strong>mitella</strong></span> <span class='ocrx_word' id='word_1_169' title='bbox 2439 1034 2550 1082; x_wconf 89' lang='lat' dir='ltr'><strong>tuta</strong></span> <span class='ocrx_word' id='word_1_170' title='bbox 2573 1043 2695 1085; x_wconf 90' lang='lat' dir='ltr'><strong>esse</strong></span> <span class='ocrx_word' id='word_1_171' title='bbox 2719 1034 3170 1105; x_wconf 87' lang='lat' dir='ltr'><strong>potest.Spiritale</strong></span> <span class='ocrx_word' id='word_1_172' title='bbox 3194 1039 3431 1096; x_wconf 90' lang='lat' dir='ltr'><strong>nubendi</strong></span> <span class='ocrx_word' id='word_1_173' title='bbox 3449 1041 3554 1098; x_wconf 92' lang='lat' dir='ltr'><strong>hoc</strong></span> 
     </span>
    </p>
   </div>
   <div class='ocr_carea' id='block_1_23' title="bbox 1953 1118 3557 1205">
    <p class='ocr_par' dir='ltr' id='par_1_23' title="bbox 1953 1118 3557 1205">
     <span class='ocr_line' id='line_1_23' title="bbox 1953 1118 3557 1205; baseline 0.013 -37"><span class='ocrx_word' id='word_1_174' title='bbox 1953 1130 2124 1187; x_wconf 85' lang='lat' dir='ltr'><strong>genus</strong></span> <span class='ocrx_word' id='word_1_175' title='bbox 2155 1127 2236 1171; x_wconf 86' lang='lat' dir='ltr'><strong>est</strong></span> <span class='ocrx_word' id='word_1_176' title='bbox 2267 1118 2383 1190; x_wconf 67' lang='grc' dir='ltr'>(ϐε)</span> <span class='ocrx_word' id='word_1_177' title='bbox 2415 1138 2426 1172; x_wconf 89' lang='lat'><strong><em>:</em></strong></span> <span class='ocrx_word' id='word_1_178' title='bbox 2459 1120 2573 1190; x_wconf 83' lang='lat'>(65)</span> <span class='ocrx_word' id='word_1_179' title='bbox 2607 1124 2657 1176; x_wconf 94' lang='lat' dir='ltr'><strong>in</strong></span> <span class='ocrx_word' id='word_1_180' title='bbox 2681 1125 2894 1194; x_wconf 87' lang='lat' dir='ltr'><strong>nuptias</strong></span> <span class='ocrx_word' id='word_1_181' title='bbox 2921 1130 3103 1198; x_wconf 90' lang='lat' dir='ltr'><strong>sponsi</strong></span> <span class='ocrx_word' id='word_1_182' title='bbox 3119 1129 3227 1200; x_wconf 89' lang='lat' dir='ltr'><strong>jam</strong></span> <span class='ocrx_word' id='word_1_183' title='bbox 3245 1131 3354 1205; x_wconf 81' lang='lat'><strong>95</strong></span> <span class='ocrx_word' id='word_1_184' title='bbox 3387 1148 3557 1190; x_wconf 87' lang='lat' dir='ltr'><strong>vene-</strong></span> 
     </span>
    </p>
   </div>
   <div class='ocr_carea' id='block_1_24' title="bbox 1955 1209 3558 1283">
    <p class='ocr_par' dir='ltr' id='par_1_24' title="bbox 1955 1209 3558 1283">
     <span class='ocr_line' id='line_1_24' title="bbox 1955 1209 3558 1283; baseline 0.011 -21"><span class='ocrx_word' id='word_1_185' title='bbox 1955 1217 2078 1264; x_wconf 84' lang='lat' dir='ltr'><strong>rant</strong></span> <span class='ocrx_word' id='word_1_186' title='bbox 2107 1209 2382 1266; x_wconf 86' lang='lat' dir='ltr'><strong>voluntate</strong></span> <span class='ocrx_word' id='word_1_187' title='bbox 2412 1221 2466 1266; x_wconf 88' lang='lat' dir='ltr'><strong>et</strong></span> <span class='ocrx_word' id='word_1_188' title='bbox 2492 1212 2828 1283; x_wconf 84' lang='lat' dir='ltr'><strong>professione</strong></span> <span class='ocrx_word' id='word_1_189' title='bbox 2856 1228 2987 1283; x_wconf 86' lang='lat' dir='ltr'><strong>sua;</strong></span> <span class='ocrx_word' id='word_1_190' title='bbox 3033 1229 3087 1275; x_wconf 93' lang='lat' dir='ltr'><strong>et</strong></span> <span class='ocrx_word' id='word_1_191' title='bbox 3116 1229 3172 1276; x_wconf 91' lang='lat' dir='ltr'><strong>ut</strong></span> <span class='ocrx_word' id='word_1_192' title='bbox 3203 1223 3558 1280; x_wconf 70' lang='lat' dir='ltr'><strong>szecularibus</strong></span> 
     </span>
    </p>
   </div>
   <div class='ocr_carea' id='block_1_25' title="bbox 1958 1302 3557 1387">
    <p class='ocr_par' dir='ltr' id='par_1_25' title="bbox 1958 1302 3557 1387">
     <span class='ocr_line' id='line_1_25' title="bbox 1958 1302 3557 1387; baseline 0.011 -33"><span class='ocrx_word' id='word_1_193' title='bbox 1958 1302 2161 1370; x_wconf 89' lang='lat' dir='ltr'><strong>nuptiis</strong></span> <span class='ocrx_word' id='word_1_194' title='bbox 2187 1318 2245 1358; x_wconf 91' lang='lat' dir='ltr'><strong>se</strong></span> <span class='ocrx_word' id='word_1_195' title='bbox 2275 1306 2617 1361; x_wconf 88' lang='lat' dir='ltr'><strong>renuntiasse</strong></span> <span class='ocrx_word' id='word_1_196' title='bbox 2639 1317 3025 1377; x_wconf 85' lang='lat' dir='ltr'><strong>monstrarent,</strong></span> <span class='ocrx_word' id='word_1_197' title='bbox 3060 1321 3113 1366; x_wconf 90' lang='lat' dir='ltr'><strong>et</strong></span> <span class='ocrx_word' id='word_1_198' title='bbox 3137 1312 3355 1383; x_wconf 87' lang='lat' dir='ltr'><strong>junctas</strong></span> <span class='ocrx_word' id='word_1_199' title='bbox 3384 1313 3404 1352; x_wconf 72' lang='grc' dir='ltr'>ί</span> <span class='ocrx_word' id='word_1_200' title='bbox 3437 1315 3557 1387; x_wconf 66' lang='grc'>(64)</span> 
     </span>
    </p>
   </div>
   <div class='ocr_carea' id='block_1_26' title="bbox 1956 1394 3558 1479">
    <p class='ocr_par' dir='ltr' id='par_1_26' title="bbox 1956 1394 3558 1479">
     <span class='ocr_line' id='line_1_26' title="bbox 1956 1394 3558 1479; baseline 0.011 -32"><span class='ocrx_word' id='word_1_201' title='bbox 1956 1394 2187 1465; x_wconf 88' lang='lat' dir='ltr'><strong>spiritali</strong></span> <span class='ocrx_word' id='word_1_202' title='bbox 2241 1411 2476 1466; x_wconf 87' lang='lat' dir='ltr'><strong>sponso,</strong></span> <span class='ocrx_word' id='word_1_203' title='bbox 2529 1397 2644 1470; x_wconf 87' lang='lat'>(65)</span> <span class='ocrx_word' id='word_1_204' title='bbox 2679 1401 2958 1456; x_wconf 89' lang='lat' dir='ltr'><strong>solverant</strong></span> <span class='ocrx_word' id='word_1_205' title='bbox 3000 1403 3207 1460; x_wconf 89' lang='lat' dir='ltr'><strong>crinem</strong></span> <span class='ocrx_word' id='word_1_206' title='bbox 3253 1406 3402 1479; x_wconf 87' lang='grc'>(66),</span> <span class='ocrx_word' id='word_1_207' title='bbox 3442 1407 3558 1477; x_wconf 82' lang='lat' dir='ltr'><strong>jam</strong></span> 
     </span>
    </p>
   </div>
   <div class='ocr_carea' id='block_1_27' title="bbox 1956 1487 3559 1569">
    <p class='ocr_par' dir='ltr' id='par_1_27' title="bbox 1956 1487 3559 1569">
     <span class='ocr_line' id='line_1_27' title="bbox 1956 1487 3559 1569; baseline 0.01 -29"><span class='ocrx_word' id='word_1_208' title='bbox 1956 1487 2212 1544; x_wconf 64' lang='lat' dir='ltr'><strong>caelestes</strong></span> <span class='ocrx_word' id='word_1_209' title='bbox 2255 1488 2660 1546; x_wconf 89' lang='lat' dir='ltr'><strong>celebraverant</strong></span> <span class='ocrx_word' id='word_1_210' title='bbox 2710 1495 2947 1564; x_wconf 86' lang='lat' dir='ltr'><strong>nuptias.</strong></span> <span class='ocrx_word' id='word_1_211' title='bbox 2985 1495 3124 1565; x_wconf 88' lang='lat' dir='ltr'><strong>Quid</strong></span> <span class='ocrx_word' id='word_1_212' title='bbox 3154 1508 3236 1554; x_wconf 88' lang='lat' dir='ltr'><strong>est</strong></span> <span class='ocrx_word' id='word_1_213' title='bbox 3276 1499 3417 1569; x_wconf 88' lang='lat' dir='ltr'><strong>quod</strong></span> <span class='ocrx_word' id='word_1_214' title='bbox 3464 1515 3559 1556; x_wconf 88' lang='lat' dir='ltr'><strong>eas</strong></span> 
     </span>
    </p>
   </div>
   <div class='ocr_carea' id='block_1_28' title="bbox 1958 1581 3557 1665">
    <p class='ocr_par' dir='ltr' id='par_1_28' title="bbox 1958 1581 3557 1665">
     <span class='ocr_line' id='line_1_28' title="bbox 1958 1581 3557 1665; baseline 0.009 -30"><span class='ocrx_word' id='word_1_215' title='bbox 1958 1581 2152 1636; x_wconf 90' lang='lat' dir='ltr'><strong>iterum</strong></span> <span class='ocrx_word' id='word_1_216' title='bbox 2185 1585 2363 1639; x_wconf 90' lang='lat' dir='ltr'><strong>crines</strong></span> <span class='ocrx_word' id='word_1_217' title='bbox 2391 1585 2602 1642; x_wconf 91' lang='lat' dir='ltr'><strong>solvere</strong></span> <span class='ocrx_word' id='word_1_218' title='bbox 2631 1588 2932 1658; x_wconf 87' lang='lat' dir='ltr'><strong>coegistis?</strong></span> <span class='ocrx_word' id='word_1_219' title='bbox 2962 1591 3109 1660; x_wconf 90' lang='lat' dir='ltr'><strong>quid,</strong></span> <span class='ocrx_word' id='word_1_220' title='bbox 3138 1591 3378 1664; x_wconf 86' lang='lat' dir='ltr'><strong>inquam,</strong></span> <span class='ocrx_word' id='word_1_221' title='bbox 3409 1596 3557 1665; x_wconf 89' lang='lat' dir='ltr'><strong>quod</strong></span> 
     </span>
    </p>
   </div>
   <div class='ocr_carea' id='block_1_29' title="bbox 1955 1674 3558 1756">
    <p class='ocr_par' dir='ltr' id='par_1_29' title="bbox 1955 1674 3558 1756">
     <span class='ocr_line' id='line_1_29' title="bbox 1955 1674 3558 1756; baseline 0.007 -27"><span class='ocrx_word' id='word_1_222' title='bbox 1955 1674 2026 1729; x_wconf 91' lang='lat' dir='ltr'><strong>ab</strong></span> <span class='ocrx_word' id='word_1_223' title='bbox 2080 1676 2211 1744; x_wconf 90' lang='lat' dir='ltr'><strong>ipsis</strong></span> <span class='ocrx_word' id='word_1_224' title='bbox 2268 1691 2362 1746; x_wconf 91' lang='lat' dir='ltr'><strong>per</strong></span> <span class='ocrx_word' id='word_1_225' title='bbox 2418 1691 2514 1733; x_wconf 92' lang='lat' dir='ltr'><strong>vos</strong></span> <span class='ocrx_word' id='word_1_226' title='bbox 2570 1688 2762 1734; x_wconf 84' lang='lat' dir='ltr'><strong>exacta</strong></span> <span class='ocrx_word' id='word_1_227' title='bbox 2817 1690 2905 1736; x_wconf 90' lang='lat' dir='ltr'><strong>cst</strong></span> <span class='ocrx_word' id='word_1_228' title='bbox 2956 1685 3191 1738; x_wconf 90' lang='lat' dir='ltr'><strong>secunda</strong></span> <span class='ocrx_word' id='word_1_229' title='bbox 3244 1685 3558 1756; x_wconf 80' lang='lat' dir='ltr'><strong>professio?</strong></span> 
     </span>
    </p>
   </div>
   <div class='ocr_carea' id='block_1_30' title="bbox 1956 1771 3558 1846">
    <p class='ocr_par' dir='ltr' id='par_1_30' title="bbox 1956 1771 3558 1846">
     <span class='ocr_line' id='line_1_30' title="bbox 1956 1771 3558 1846; baseline 0.007 -23"><span class='ocrx_word' id='word_1_230' title='bbox 1956 1771 2078 1840; x_wconf 91' lang='lat' dir='ltr'><strong>quis</strong></span> <span class='ocrx_word' id='word_1_231' title='bbox 2099 1779 2183 1824; x_wconf 91' lang='lat' dir='ltr'><strong>est</strong></span> <span class='ocrx_word' id='word_1_232' title='bbox 2209 1771 2346 1826; x_wconf 91' lang='lat' dir='ltr'><strong>alter</strong></span> <span class='ocrx_word' id='word_1_233' title='bbox 2368 1772 2629 1842; x_wconf 87' lang='lat' dir='ltr'><strong>spiritalis</strong></span> <span class='ocrx_word' id='word_1_234' title='bbox 2651 1789 2906 1846; x_wconf 91' lang='lat' dir='ltr'><strong>sponsus,</strong></span> <span class='ocrx_word' id='word_1_235' title='bbox 2933 1777 3018 1832; x_wconf 91' lang='lat' dir='ltr'><strong>cui</strong></span> <span class='ocrx_word' id='word_1_236' title='bbox 3049 1777 3241 1834; x_wconf 90' lang='lat' dir='ltr'><strong>iterum</strong></span> <span class='ocrx_word' id='word_1_237' title='bbox 3266 1780 3558 1836; x_wconf 83' lang='lat' dir='ltr'><strong>nuberem?</strong></span> 
     </span>
    </p>
   </div>
   <div class='ocr_carea' id='block_1_31' title="bbox 235 1847 3556 1940">
    <p class='ocr_par' dir='ltr' id='par_1_31' title="bbox 235 1847 3556 1940">
     <span class='ocr_line' id='line_1_31' title="bbox 235 1847 3556 1940; baseline 0.009 -40"><span class='ocrx_word' id='word_1_238' title='bbox 235 1854 314 1911; x_wconf 89' lang='lat' dir='ltr'><strong>ta,</strong></span> <span class='ocrx_word' id='word_1_239' title='bbox 335 1847 433 1903; x_wconf 88' lang='lat' dir='ltr'><strong>sed</strong></span> <span class='ocrx_word' id='word_1_240' title='bbox 463 1850 746 1906; x_wconf 91' lang='lat' dir='ltr'><strong>consilium</strong></span> <span class='ocrx_word' id='word_1_241' title='bbox 773 1861 959 1924; x_wconf 87' lang='lat' dir='ltr'><strong>crogat</strong></span> <span class='ocrx_word' id='word_1_242' title='bbox 985 1854 1185 1911; x_wconf 87' lang='lat' dir='ltr'><strong>Paulus</strong></span> <span class='ocrx_word' id='word_1_243' title='bbox 1205 1856 1272 1912; x_wconf 90' lang='lat' dir='ltr'><strong>ad</strong></span> <span class='ocrx_word' id='word_1_244' title='bbox 1296 1858 1658 1929; x_wconf 85' lang='lat' dir='ltr'><strong>virginitatem</strong></span> <span class='ocrx_word' id='word_1_245' title='bbox 1679 1871 1728 1924; x_wconf 72' lang='grc' dir='ltr'><strong>ες</strong></span> <span class='ocrx_word' id='word_1_246' title='bbox 1752 1875 1852 1917; x_wconf 91' lang='lat' dir='ltr'><strong>nec</strong></span> <span class='ocrx_word' id='word_1_247' title='bbox 1881 1863 1928 1924; x_wconf 83' lang='grc' dir='ltr'><strong>Β</strong></span> <span class='ocrx_word' id='word_1_248' title='bbox 1959 1863 2074 1939; x_wconf 89' lang='grc'>(67)</span> <span class='ocrx_word' id='word_1_249' title='bbox 2096 1864 2312 1936; x_wconf 91' lang='lat' dir='ltr'><strong>quando</strong></span> <span class='ocrx_word' id='word_1_250' title='bbox 2353 1876 2596 1922; x_wconf 92' lang='lat' dir='ltr'><strong>mortuus</strong></span> <span class='ocrx_word' id='word_1_251' title='bbox 2619 1878 2724 1933; x_wconf 86' lang='lat' dir='ltr'><strong>est,</strong></span> <span class='ocrx_word' id='word_1_252' title='bbox 2770 1869 2856 1924; x_wconf 90' lang='lat' dir='ltr'><strong>cui</strong></span> <span class='ocrx_word' id='word_1_253' title='bbox 2906 1881 3200 1940; x_wconf 89' lang='lat' dir='ltr'><strong>nupserant</strong></span> <span class='ocrx_word' id='word_1_254' title='bbox 3221 1915 3236 1940; x_wconf 95' lang='lat'><strong>,</strong></span> <span class='ocrx_word' id='word_1_255' title='bbox 3271 1881 3332 1928; x_wconf 94' lang='lat' dir='ltr'><strong>ut</strong></span> <span class='ocrx_word' id='word_1_256' title='bbox 3358 1874 3556 1929; x_wconf 92' lang='lat' dir='ltr'><strong>iterum</strong></span> 
     </span>
    </p>
   </div>
   <div class='ocr_carea' id='block_1_32' title="bbox 233 1941 1854 2029">
    <p class='ocr_par' dir='ltr' id='par_1_32' title="bbox 233 1941 1854 2029">
     <span class='ocr_line' id='line_1_32' title="bbox 233 1941 1854 2029; baseline 0.012 -33"><span class='ocrx_word' id='word_1_257' title='bbox 233 1941 631 2013; x_wconf 86' lang='lat' dir='ltr'><strong>impedimento</strong></span> <span class='ocrx_word' id='word_1_258' title='bbox 673 1957 755 2002; x_wconf 76' lang='lat' dir='ltr'><strong>est</strong></span> <span class='ocrx_word' id='word_1_259' title='bbox 803 1949 1180 2019; x_wconf 75' lang='lat' dir='ltr'><strong>volcntibusd,</strong></span> <span class='ocrx_word' id='word_1_260' title='bbox 1213 1969 1312 2011; x_wconf 93' lang='lat' dir='ltr'><strong>nec</strong></span> <span class='ocrx_word' id='word_1_261' title='bbox 1334 1955 1581 2012; x_wconf 86' lang='lat' dir='ltr'><strong>nolentes</strong></span> <span class='ocrx_word' id='word_1_262' title='bbox 1623 1958 1854 2029; x_wconf 91' lang='lat' dir='ltr'><strong>impellit</strong></span> 
     </span>
    </p>
   </div>
   <div class='ocr_carea' id='block_1_33' title="bbox 234 2039 1852 2122">
    <p class='ocr_par' dir='ltr' id='par_1_33' title="bbox 234 2039 1852 2122">
     <span class='ocr_line' id='line_1_33' title="bbox 234 2039 1852 2122; baseline 0.011 -33"><span class='ocrx_word' id='word_1_263' title='bbox 234 2047 332 2090; x_wconf 84' lang='lat' dir='ltr'><strong>aut</strong></span> <span class='ocrx_word' id='word_1_264' title='bbox 361 2039 506 2110; x_wconf 84' lang='lat' dir='ltr'><strong>cogit</strong></span> <span class='ocrx_word' id='word_1_265' title='bbox 536 2057 549 2094; x_wconf 92' lang='lat'>:</span> <span class='ocrx_word' id='word_1_266' title='bbox 585 2040 685 2109; x_wconf 86' lang='lat' dir='ltr'><strong>Qui</strong></span> <span class='ocrx_word' id='word_1_267' title='bbox 714 2043 908 2098; x_wconf 83' lang='lat' dir='ltr'><strong>dederit</strong></span> <span class='ocrx_word' id='word_1_268' title='bbox 944 2045 1192 2118; x_wconf 83' lang='lat' dir='ltr'><strong>virginem</strong></span> <span class='ocrx_word' id='word_1_269' title='bbox 1231 2064 1418 2115; x_wconf 88' lang='lat' dir='ltr'><strong>suam,</strong></span> <span class='ocrx_word' id='word_1_270' title='bbox 1449 2049 1571 2105; x_wconf 83' lang='lat' dir='ltr'><strong>bene</strong></span> <span class='ocrx_word' id='word_1_271' title='bbox 1613 2052 1736 2122; x_wconf 83' lang='lat' dir='ltr'><strong>facit</strong></span> <span class='ocrx_word' id='word_1_272' title='bbox 1764 2068 1781 2107; x_wconf 93' lang='lat'><strong><em>:</em></strong></span> <span class='ocrx_word' id='word_1_273' title='bbox 1806 2061 1852 2107; x_wconf 87' lang='lat' dir='ltr'><strong>et</strong></span> 
     </span>
    </p>
   </div>
   <div class='ocr_carea' id='block_1_34' title="bbox 234 2131 1853 2215">
    <p class='ocr_par' dir='ltr' id='par_1_34' title="bbox 234 2131 1853 2215">
     <span class='ocr_line' id='line_1_34' title="bbox 234 2131 1853 2215; baseline 0.01 -31"><span class='ocrx_word' id='word_1_274' title='bbox 234 2131 329 2200; x_wconf 87' lang='lat' dir='ltr'><strong>qui</strong></span> <span class='ocrx_word' id='word_1_275' title='bbox 358 2147 461 2187; x_wconf 87' lang='lat' dir='ltr'><strong>non</strong></span> <span class='ocrx_word' id='word_1_276' title='bbox 506 2133 736 2203; x_wconf 80' lang='lat' dir='ltr'><strong>dederit,</strong></span> <span class='ocrx_word' id='word_1_277' title='bbox 790 2139 970 2194; x_wconf 81' lang='lat' dir='ltr'><strong>melius</strong></span> <span class='ocrx_word' id='word_1_278' title='bbox 997 2141 1119 2212; x_wconf 79' lang='lat' dir='ltr'><strong>facit</strong></span> <span class='ocrx_word' id='word_1_279' title='bbox 1146 2139 1339 2214; x_wconf 85' lang='lat' dir='ltr'><strong>(lbid.,</strong></span> <span class='ocrx_word' id='word_1_280' title='bbox 1395 2143 1508 2215; x_wconf 85' lang='grc'><strong>⁸58).</strong></span> <span class='ocrx_word' id='word_1_281' title='bbox 1550 2143 1677 2200; x_wconf 61' lang='lat' dir='ltr'><strong>Haec</strong></span> <span class='ocrx_word' id='word_1_282' title='bbox 1726 2152 1853 2200; x_wconf 83' lang='lat' dir='ltr'><strong>sunt</strong></span> 
     </span>
    </p>
   </div>
   <div class='ocr_carea' id='block_1_35' title="bbox 234 2224 1846 2309">
    <p class='ocr_par' dir='ltr' id='par_1_35' title="bbox 234 2224 1846 2309">
     <span class='ocr_line' id='line_1_35' title="bbox 234 2224 1846 2309; baseline 0.012 -33"><span class='ocrx_word' id='word_1_283' title='bbox 234 2224 408 2279; x_wconf 88' lang='lat' dir='ltr'><strong>verba</strong></span> <span class='ocrx_word' id='word_1_284' title='bbox 449 2227 661 2283; x_wconf 90' lang='lat' dir='ltr'><strong>consilii</strong></span> <span class='ocrx_word' id='word_1_285' title='bbox 707 2246 719 2282; x_wconf 91' lang='lat'><strong>:</strong></span> <span class='ocrx_word' id='word_1_286' title='bbox 764 2245 866 2287; x_wconf 90' lang='lat' dir='ltr'><strong>nec</strong></span> <span class='ocrx_word' id='word_1_287' title='bbox 907 2232 1013 2288; x_wconf 87' lang='lat' dir='ltr'><strong>ulla</strong></span> <span class='ocrx_word' id='word_1_288' title='bbox 1043 2244 1168 2289; x_wconf 91' lang='lat' dir='ltr'><strong>sunt</strong></span> <span class='ocrx_word' id='word_1_289' title='bbox 1201 2244 1469 2305; x_wconf 78' lang='lat' dir='ltr'><strong>przecepta</strong></span> <span class='ocrx_word' id='word_1_290' title='bbox 1521 2238 1846 2309; x_wconf 85' lang='lat' dir='ltr'><strong>c0njuncta,</strong></span> 
     </span>
    </p>
   </div>
   <div class='ocr_carea' id='block_1_36' title="bbox 234 2317 1841 2403">
    <p class='ocr_par' dir='ltr' id='par_1_36' title="bbox 234 2317 1841 2403">
     <span class='ocr_line' id='line_1_36' title="bbox 234 2317 1841 2403; baseline 0.012 -32"><span class='ocrx_word' id='word_1_291' title='bbox 234 2317 324 2372; x_wconf 79' lang='lat' dir='ltr'><strong>vel</strong></span> <span class='ocrx_word' id='word_1_292' title='bbox 372 2318 441 2374; x_wconf 91' lang='lat' dir='ltr'><strong>de</strong></span> <span class='ocrx_word' id='word_1_293' title='bbox 490 2335 592 2392; x_wconf 92' lang='lat' dir='ltr'><strong>qua</strong></span> <span class='ocrx_word' id='word_1_294' title='bbox 642 2321 763 2378; x_wconf 83' lang='lat' dir='ltr'><strong>lana</strong></span> <span class='ocrx_word' id='word_1_295' title='bbox 806 2326 1010 2382; x_wconf 91' lang='lat' dir='ltr'><strong>mitella</strong></span> <span class='ocrx_word' id='word_1_296' title='bbox 1043 2327 1225 2396; x_wconf 82' lang='lat' dir='ltr'><strong>ﬁeret,</strong></span> <span class='ocrx_word' id='word_1_297' title='bbox 1259 2339 1350 2385; x_wconf 94' lang='lat' dir='ltr'><strong>aut</strong></span> <span class='ocrx_word' id='word_1_298' title='bbox 1385 2330 1452 2386; x_wconf 91' lang='lat' dir='ltr'><strong>de</strong></span> <span class='ocrx_word' id='word_1_299' title='bbox 1479 2348 1582 2402; x_wconf 90' lang='lat' dir='ltr'><strong>qua</strong></span> <span class='ocrx_word' id='word_1_300' title='bbox 1607 2347 1841 2403; x_wconf 90' lang='lat' dir='ltr'><strong>purpura</strong></span> 
     </span>
    </p>
   </div>
   <div class='ocr_carea' id='block_1_37' title="bbox 237 2411 1841 2496">
    <p class='ocr_par' dir='ltr' id='par_1_37' title="bbox 237 2411 1841 2496">
     <span class='ocr_line' id='line_1_37' title="bbox 237 2411 1841 2496; baseline 0.012 -33"><span class='ocrx_word' id='word_1_301' title='bbox 237 2411 558 2481; x_wconf 86' lang='lat' dir='ltr'><strong>pingeretur</strong></span> <span class='ocrx_word' id='word_1_302' title='bbox 585 2431 598 2468; x_wconf 84' lang='lat'><strong>:</strong></span> <span class='ocrx_word' id='word_1_303' title='bbox 625 2429 729 2469; x_wconf 89' lang='lat' dir='ltr'><strong>non</strong></span> <span class='ocrx_word' id='word_1_304' title='bbox 761 2416 906 2472; x_wconf 89' lang='lat' dir='ltr'><strong>enim</strong></span> <span class='ocrx_word' id='word_1_305' title='bbox 954 2419 1055 2475; x_wconf 90' lang='lat' dir='ltr'><strong>hoc</strong></span> <span class='ocrx_word' id='word_1_306' title='bbox 1116 2435 1295 2490; x_wconf 89' lang='lat' dir='ltr'><strong>panno</strong></span> <span class='ocrx_word' id='word_1_307' title='bbox 1341 2431 1519 2493; x_wconf 90' lang='lat' dir='ltr'><strong>potest</strong></span> <span class='ocrx_word' id='word_1_308' title='bbox 1559 2425 1841 2496; x_wconf 87' lang='lat' dir='ltr'><strong>virginitas</strong></span> 
     </span>
    </p>
   </div>
   <div class='ocr_carea' id='block_1_38' title="bbox 237 2501 1840 2585">
    <p class='ocr_par' dir='ltr' id='par_1_38' title="bbox 237 2501 1840 2585">
     <span class='ocr_line' id='line_1_38' title="bbox 237 2501 1840 2585; baseline 0.009 -29"><span class='ocrx_word' id='word_1_309' title='bbox 237 2501 486 2573; x_wconf 81' lang='lat' dir='ltr'><strong>adjuvari</strong></span> <span class='ocrx_word' id='word_1_310' title='bbox 515 2523 528 2559; x_wconf 91' lang='lat'><strong>:</strong></span> <span class='ocrx_word' id='word_1_311' title='bbox 565 2505 677 2580; x_wconf 90' lang='lat'>(60)</span> <span class='ocrx_word' id='word_1_312' title='bbox 707 2523 811 2562; x_wconf 94' lang='lat' dir='ltr'><strong>non</strong></span> <span class='ocrx_word' id='word_1_313' title='bbox 843 2508 965 2565; x_wconf 89' lang='lat' dir='ltr'><strong>inde</strong></span> <span class='ocrx_word' id='word_1_314' title='bbox 1007 2522 1430 2583; x_wconf 90' lang='lat' dir='ltr'><strong>compescuntur</strong></span> <span class='ocrx_word' id='word_1_315' title='bbox 1468 2524 1631 2571; x_wconf 78' lang='lat' dir='ltr'><strong>:estus</strong></span> <span class='ocrx_word' id='word_1_316' title='bbox 1652 2517 1840 2585; x_wconf 89' lang='lat' dir='ltr'><strong>animi,</strong></span> 
     </span>
    </p>
   </div>
   <div class='ocr_carea' id='block_1_39' title="bbox 238 2597 1841 2666">
    <p class='ocr_par' dir='ltr' id='par_1_39' title="bbox 238 2597 1841 2666">
     <span class='ocr_line' id='line_1_39' title="bbox 238 2597 1841 2666; baseline 0.01 -16"><span class='ocrx_word' id='word_1_317' title='bbox 238 2610 382 2666; x_wconf 89' lang='lat' dir='ltr'><strong>quos</strong></span> <span class='ocrx_word' id='word_1_318' title='bbox 413 2597 677 2654; x_wconf 89' lang='lat' dir='ltr'><strong>interdum</strong></span> <span class='ocrx_word' id='word_1_319' title='bbox 728 2609 858 2656; x_wconf 75' lang='lat' dir='ltr'><strong>tetas</strong></span> <span class='ocrx_word' id='word_1_320' title='bbox 901 2603 1146 2660; x_wconf 86' lang='lat' dir='ltr'><strong>accendit</strong></span> <span class='ocrx_word' id='word_1_321' title='bbox 1176 2620 1190 2659; x_wconf 92' lang='lat'>:</span> <span class='ocrx_word' id='word_1_322' title='bbox 1224 2621 1328 2661; x_wconf 94' lang='lat' dir='ltr'><strong>non</strong></span> <span class='ocrx_word' id='word_1_323' title='bbox 1361 2606 1489 2663; x_wconf 89' lang='lat' dir='ltr'><strong>inde</strong></span> <span class='ocrx_word' id='word_1_324' title='bbox 1525 2609 1841 2666; x_wconf 89' lang='lat' dir='ltr'><strong>sublevatur</strong></span> 
     </span>
    </p>
   </div>
   <div class='ocr_carea' id='block_1_40' title="bbox 239 2698 1842 2773">
    <p class='ocr_par' dir='ltr' id='par_1_40' title="bbox 239 2698 1842 2773">
     <span class='ocr_line' id='line_1_40' title="bbox 239 2698 1842 2773; baseline 0.012 -30"><span class='ocrx_word' id='word_1_325' title='bbox 239 2703 434 2756; x_wconf 89' lang='lat' dir='ltr'><strong>mens,</strong></span> <span class='ocrx_word' id='word_1_326' title='bbox 467 2707 586 2762; x_wconf 77' lang='lat' dir='ltr'><strong>qua:</strong></span> <span class='ocrx_word' id='word_1_327' title='bbox 613 2709 1015 2767; x_wconf 88' lang='lat' dir='ltr'><strong>nonmunquam</strong></span> <span class='ocrx_word' id='word_1_328' title='bbox 1062 2698 1454 2756; x_wconf 90' lang='lat' dir='ltr'><strong>desideriorum</strong></span> <span class='ocrx_word' id='word_1_329' title='bbox 1510 2701 1842 2773; x_wconf 89' lang='lat' dir='ltr'><strong>ponderibus</strong></span> 
     </span>
    </p>
   </div>
   <div class='ocr_carea' id='block_1_41' title="bbox 241 2785 1840 2868">
    <p class='ocr_par' dir='ltr' id='par_1_41' title="bbox 241 2785 1840 2868">
     <span class='ocr_line' id='line_1_41' title="bbox 241 2785 1840 2868; baseline 0.009 -30"><span class='ocrx_word' id='word_1_330' title='bbox 241 2785 533 2854; x_wconf 86' lang='lat' dir='ltr'><strong>premitur.</strong></span> <span class='ocrx_word' id='word_1_331' title='bbox 555 2785 687 2843; x_wconf 89' lang='lat' dir='ltr'><strong>Nam</strong></span> <span class='ocrx_word' id='word_1_332' title='bbox 731 2788 778 2844; x_wconf 91' lang='lat' dir='ltr'><strong>si</strong></span> <span class='ocrx_word' id='word_1_333' title='bbox 806 2789 877 2846; x_wconf 90' lang='lat' dir='ltr'><strong>ita</strong></span> <span class='ocrx_word' id='word_1_334' title='bbox 919 2800 1099 2862; x_wconf 89' lang='lat' dir='ltr'><strong>esset,</strong></span> <span class='ocrx_word' id='word_1_335' title='bbox 1131 2807 1237 2850; x_wconf 90' lang='lat' dir='ltr'><strong>non</strong></span> <span class='ocrx_word' id='word_1_336' title='bbox 1281 2811 1385 2850; x_wconf 90' lang='lat' dir='ltr'><strong>una</strong></span> <span class='ocrx_word' id='word_1_337' title='bbox 1412 2837 1426 2861; x_wconf 94' lang='lat'><strong>,</strong></span> <span class='ocrx_word' id='word_1_338' title='bbox 1457 2795 1554 2852; x_wconf 86' lang='lat' dir='ltr'><strong>sed</strong></span> <span class='ocrx_word' id='word_1_339' title='bbox 1595 2797 1840 2868; x_wconf 82' lang='lat' dir='ltr'><strong>plurimae</strong></span> 
     </span>
    </p>
   </div>
   <div class='ocr_carea' id='block_1_42' title="bbox 1957 1962 3555 2040">
    <p class='ocr_par' dir='ltr' id='par_1_42' title="bbox 1957 1962 3555 2040">
     <span class='ocr_line' id='line_1_42' title="bbox 1957 1962 3555 2040; baseline 0.003 -22"><span class='ocrx_word' id='word_1_340' title='bbox 1957 1963 2202 2018; x_wconf 88' lang='lat' dir='ltr'><strong>nubant?</strong></span> <span class='ocrx_word' id='word_1_341' title='bbox 2230 1962 2474 2019; x_wconf 91' lang='lat' dir='ltr'><strong>nudastis</strong></span> <span class='ocrx_word' id='word_1_342' title='bbox 2497 1964 2678 2018; x_wconf 90' lang='lat' dir='ltr'><strong>denuo</strong></span> <span class='ocrx_word' id='word_1_343' title='bbox 2698 1965 2873 2034; x_wconf 89' lang='lat' dir='ltr'><strong>capita</strong></span> <span class='ocrx_word' id='word_1_344' title='bbox 2892 1965 3002 2034; x_wconf 84' lang='lat' dir='ltr'><strong>jam</strong></span> <span class='ocrx_word' id='word_1_345' title='bbox 3034 1967 3230 2034; x_wconf 90' lang='lat' dir='ltr'><strong>velata,</strong></span> <span class='ocrx_word' id='word_1_346' title='bbox 3267 1967 3336 2023; x_wconf 93' lang='lat' dir='ltr'><strong>de</strong></span> <span class='ocrx_word' id='word_1_347' title='bbox 3358 1968 3555 2040; x_wconf 91' lang='lat' dir='ltr'><strong>quibus</strong></span> 
     </span>
    </p>
   </div>
   <div class='ocr_carea' id='block_1_43' title="bbox 1957 2055 3558 2132">
    <p class='ocr_par' dir='ltr' id='par_1_43' title="bbox 1957 2055 3558 2132">
     <span class='ocr_line' id='line_1_43' title="bbox 1957 2055 3558 2132; baseline 0.004 -22"><span class='ocrx_word' id='word_1_348' title='bbox 1957 2055 2310 2127; x_wconf 77' lang='lat' dir='ltr'><strong>professionis</strong></span> <span class='ocrx_word' id='word_1_349' title='bbox 2361 2055 2674 2111; x_wconf 80' lang='lat' dir='ltr'><strong>detraxistis</strong></span> <span class='ocrx_word' id='word_1_350' title='bbox 2737 2055 2977 2126; x_wconf 87' lang='lat' dir='ltr'><strong>indicia,</strong></span> <span class='ocrx_word' id='word_1_351' title='bbox 3027 2058 3142 2130; x_wconf 89' lang='lat'>(68)</span> <span class='ocrx_word' id='word_1_352' title='bbox 3193 2076 3314 2132; x_wconf 74' lang='lat' dir='ltr'><strong>quze</strong></span> <span class='ocrx_word' id='word_1_353' title='bbox 3366 2072 3558 2117; x_wconf 88' lang='lat' dir='ltr'><strong>contra</strong></span> 
     </span>
    </p>
   </div>
   <div class='ocr_carea' id='block_1_44' title="bbox 1957 2149 3560 2220">
    <p class='ocr_par' dir='ltr' id='par_1_44' title="bbox 1957 2149 3560 2220">
     <span class='ocr_line' id='line_1_44' title="bbox 1957 2149 3560 2220; baseline 0.004 -16"><span class='ocrx_word' id='word_1_354' title='bbox 1957 2158 2206 2220; x_wconf 88' lang='lat' dir='ltr'><strong>raptores</strong></span> <span class='ocrx_word' id='word_1_355' title='bbox 2245 2159 2337 2204; x_wconf 90' lang='lat' dir='ltr'><strong>aut</strong></span> <span class='ocrx_word' id='word_1_356' title='bbox 2370 2149 2629 2220; x_wconf 81' lang='lat' dir='ltr'><strong>petitores</strong></span> <span class='ocrx_word' id='word_1_357' title='bbox 2659 2150 2912 2206; x_wconf 90' lang='lat' dir='ltr'><strong>videntur</strong></span> <span class='ocrx_word' id='word_1_358' title='bbox 2959 2153 3198 2208; x_wconf 91' lang='lat' dir='ltr'><strong>inventa.</strong></span> <span class='ocrx_word' id='word_1_359' title='bbox 3241 2153 3298 2210; x_wconf 87' lang='lat' dir='ltr'><strong>In</strong></span> <span class='ocrx_word' id='word_1_360' title='bbox 3355 2154 3560 2211; x_wconf 86' lang='lat' dir='ltr'><strong>mitella</strong></span> 
     </span>
    </p>
   </div>
   <div class='ocr_carea' id='block_1_45' title="bbox 1955 2241 3560 2309">
    <p class='ocr_par' dir='ltr' id='par_1_45' title="bbox 1955 2241 3560 2309">
     <span class='ocr_line' id='line_1_45' title="bbox 1955 2241 3560 2309; baseline 0.002 -11"><span class='ocrx_word' id='word_1_361' title='bbox 1955 2241 2216 2298; x_wconf 90' lang='lat' dir='ltr'><strong>indicium</strong></span> <span class='ocrx_word' id='word_1_362' title='bbox 2248 2250 2334 2298; x_wconf 90' lang='lat' dir='ltr'><strong>est</strong></span> <span class='ocrx_word' id='word_1_363' title='bbox 2359 2241 2648 2297; x_wconf 84' lang='lat' dir='ltr'><strong>voluntatis</strong></span> <span class='ocrx_word' id='word_1_364' title='bbox 2669 2283 2684 2309; x_wconf 95' lang='lat'><strong>,</strong></span> <span class='ocrx_word' id='word_1_365' title='bbox 2728 2259 2837 2298; x_wconf 91' lang='lat' dir='ltr'><strong>non</strong></span> <span class='ocrx_word' id='word_1_366' title='bbox 2869 2245 3132 2300; x_wconf 86' lang='lat' dir='ltr'><strong>castitatis</strong></span> <span class='ocrx_word' id='word_1_367' title='bbox 3170 2245 3429 2302; x_wconf 81' lang='lat' dir='ltr'><strong>auxilium</strong></span> <span class='ocrx_word' id='word_1_368' title='bbox 3461 2255 3560 2302; x_wconf 88' lang='lat' dir='ltr'><strong>:ut</strong></span> 
     </span>
    </p>
   </div>
   <div class='ocr_carea' id='block_1_46' title="bbox 1954 2329 3563 2409">
    <p class='ocr_par' dir='ltr' id='par_1_46' title="bbox 1954 2329 3563 2409">
     <span class='ocr_line' id='line_1_46' title="bbox 1954 2329 3563 2409; baseline 0.004 -19"><span class='ocrx_word' id='word_1_369' title='bbox 1954 2350 2068 2391; x_wconf 90' lang='lat' dir='ltr'><strong>rem</strong></span> <span class='ocrx_word' id='word_1_370' title='bbox 2091 2335 2201 2405; x_wconf 87' lang='lat' dir='ltr'><strong>jam</strong></span> <span class='ocrx_word' id='word_1_371' title='bbox 2234 2333 2346 2389; x_wconf 90' lang='lat' dir='ltr'><strong>Deo</strong></span> <span class='ocrx_word' id='word_1_372' title='bbox 2377 2333 2627 2389; x_wconf 90' lang='lat' dir='ltr'><strong>devotam</strong></span> <span class='ocrx_word' id='word_1_373' title='bbox 2659 2350 2757 2390; x_wconf 91' lang='lat' dir='ltr'><strong>nec</strong></span> <span class='ocrx_word' id='word_1_374' title='bbox 2786 2337 2874 2405; x_wconf 92' lang='lat' dir='ltr'><strong>qui</strong></span> <span class='ocrx_word' id='word_1_375' title='bbox 2903 2337 3213 2406; x_wconf 89' lang='lat' dir='ltr'><strong>sponsabat,</strong></span> <span class='ocrx_word' id='word_1_376' title='bbox 3246 2329 3563 2409; x_wconf 85' lang='lat' dir='ltr'><strong>perseveret</strong></span> 
     </span>
    </p>
   </div>
   <div class='ocr_carea' id='block_1_47' title="bbox 1947 2425 3562 2501">
    <p class='ocr_par' dir='ltr' id='par_1_47' title="bbox 1947 2425 3562 2501">
     <span class='ocr_line' id='line_1_47' title="bbox 1947 2425 3562 2501; baseline 0.002 -19"><span class='ocrx_word' id='word_1_377' title='bbox 1947 2435 2137 2499; x_wconf 89' lang='lat' dir='ltr'><strong>petere</strong></span> <span class='ocrx_word' id='word_1_378' title='bbox 2175 2435 2224 2492; x_wconf 66' lang='lat' dir='ltr'><strong>tt,</strong></span> <span class='ocrx_word' id='word_1_379' title='bbox 2257 2433 2348 2480; x_wconf 87' lang='lat' dir='ltr'><strong>aut</strong></span> <span class='ocrx_word' id='word_1_380' title='bbox 2378 2441 2445 2480; x_wconf 89' lang='lat' dir='ltr'><strong>ne</strong></span> <span class='ocrx_word' id='word_1_381' title='bbox 2469 2434 2654 2494; x_wconf 87' lang='lat' dir='ltr'><strong>raptor</strong></span> <span class='ocrx_word' id='word_1_382' title='bbox 2679 2425 2875 2482; x_wconf 90' lang='lat' dir='ltr'><strong>audeat</strong></span> <span class='ocrx_word' id='word_1_383' title='bbox 2908 2425 2933 2462; x_wconf 64' lang='grc' dir='ltr'><strong>’λ</strong></span> <span class='ocrx_word' id='word_1_384' title='bbox 2957 2427 3161 2484; x_wconf 88' lang='lat' dir='ltr'><strong>violare</strong></span> <span class='ocrx_word' id='word_1_385' title='bbox 3191 2446 3203 2483; x_wconf 92' lang='lat'><strong>:</strong></span> <span class='ocrx_word' id='word_1_386' title='bbox 3229 2430 3442 2501; x_wconf 88' lang='lat' dir='ltr'><strong>signum</strong></span> <span class='ocrx_word' id='word_1_387' title='bbox 3475 2439 3562 2487; x_wconf 89' lang='lat' dir='ltr'><strong>est</strong></span> 
     </span>
    </p>
   </div>
   <div class='ocr_carea' id='block_1_48' title="bbox 1950 2517 3556 2594">
    <p class='ocr_par' dir='ltr' id='par_1_48' title="bbox 1950 2517 3556 2594">
     <span class='ocr_line' id='line_1_48' title="bbox 1950 2517 3556 2594; baseline 0.004 -19"><span class='ocrx_word' id='word_1_388' title='bbox 1950 2534 2104 2590; x_wconf 89' lang='lat' dir='ltr'><strong>ergo,</strong></span> <span class='ocrx_word' id='word_1_389' title='bbox 2134 2533 2240 2573; x_wconf 90' lang='lat' dir='ltr'><strong>non</strong></span> <span class='ocrx_word' id='word_1_390' title='bbox 2268 2528 2666 2574; x_wconf 88' lang='lat' dir='ltr'><strong>sacramentum</strong></span> <span class='ocrx_word' id='word_1_391' title='bbox 2703 2517 2716 2555; x_wconf 71' lang='grc' dir='ltr'><strong><em>λ</em></strong></span> <span class='ocrx_word' id='word_1_392' title='bbox 2746 2520 3070 2592; x_wconf 90' lang='lat' dir='ltr'><strong>virginitatis</strong></span> <span class='ocrx_word' id='word_1_393' title='bbox 3097 2522 3142 2578; x_wconf 71' lang='grc' dir='ltr'><strong>ἱ.</strong></span> <span class='ocrx_word' id='word_1_394' title='bbox 3173 2523 3342 2592; x_wconf 85' lang='lat' dir='ltr'><strong>Igitur</strong></span> <span class='ocrx_word' id='word_1_395' title='bbox 3394 2524 3556 2594; x_wconf 85' lang='lat' dir='ltr'><strong>hujus</strong></span> 
     </span>
    </p>
   </div>
   <div class='ocr_carea' id='block_1_49' title="bbox 1950 2610 3557 2685">
    <p class='ocr_par' dir='ltr' id='par_1_49' title="bbox 1950 2610 3557 2685">
     <span class='ocr_line' id='line_1_49' title="bbox 1950 2610 3557 2685; baseline 0.002 -18"><span class='ocrx_word' id='word_1_396' title='bbox 1950 2610 2098 2668; x_wconf 92' lang='lat' dir='ltr'><strong>modi</strong></span> <span class='ocrx_word' id='word_1_397' title='bbox 2127 2611 2362 2682; x_wconf 88' lang='lat' dir='ltr'><strong>virgines</strong></span> <span class='ocrx_word' id='word_1_398' title='bbox 2384 2653 2398 2678; x_wconf 96' lang='lat'><strong>,</strong></span> <span class='ocrx_word' id='word_1_399' title='bbox 2431 2627 2550 2681; x_wconf 71' lang='lat' dir='ltr'><strong>qua:</strong></span> <span class='ocrx_word' id='word_1_400' title='bbox 2573 2611 2682 2681; x_wconf 91' lang='lat' dir='ltr'><strong>jam</strong></span> <span class='ocrx_word' id='word_1_401' title='bbox 2707 2611 3027 2682; x_wconf 89' lang='lat' dir='ltr'><strong>spiritaliter</strong></span> <span class='ocrx_word' id='word_1_402' title='bbox 3048 2624 3376 2684; x_wconf 90' lang='lat' dir='ltr'><strong>nupserant,</strong></span> <span class='ocrx_word' id='word_1_403' title='bbox 3401 2617 3557 2685; x_wconf 90' lang='lat' dir='ltr'><strong>quasi</strong></span> 
     </span>
    </p>
   </div>
   <div class='ocr_carea' id='block_1_50' title="bbox 1949 2702 3558 2779">
    <p class='ocr_par' dir='ltr' id='par_1_50' title="bbox 1949 2702 3558 2779">
     <span class='ocr_line' id='line_1_50' title="bbox 1949 2702 3558 2779; baseline 0 -17"><span class='ocrx_word' id='word_1_404' title='bbox 1949 2703 2216 2762; x_wconf 88' lang='lat' dir='ltr'><strong>secundas</strong></span> <span class='ocrx_word' id='word_1_405' title='bbox 2246 2703 2506 2774; x_wconf 91' lang='lat' dir='ltr'><strong>coegistis</strong></span> <span class='ocrx_word' id='word_1_406' title='bbox 2557 2703 2623 2758; x_wconf 93' lang='lat' dir='ltr'><strong>ad</strong></span> <span class='ocrx_word' id='word_1_407' title='bbox 2659 2702 2683 2740; x_wconf 74' lang='grc' dir='ltr'>¹ί</span> <span class='ocrx_word' id='word_1_408' title='bbox 2733 2705 2949 2774; x_wconf 91' lang='lat' dir='ltr'><strong>nuptias</strong></span> <span class='ocrx_word' id='word_1_409' title='bbox 2971 2746 2988 2773; x_wconf 94' lang='lat'><strong>,</strong></span> <span class='ocrx_word' id='word_1_410' title='bbox 3039 2713 3095 2761; x_wconf 92' lang='lat' dir='ltr'><strong>et</strong></span> <span class='ocrx_word' id='word_1_411' title='bbox 3124 2705 3240 2779; x_wconf 88' lang='lat'>(69)</span> <span class='ocrx_word' id='word_1_412' title='bbox 3285 2717 3346 2762; x_wconf 91' lang='lat' dir='ltr'><strong>ut</strong></span> <span class='ocrx_word' id='word_1_413' title='bbox 3375 2709 3558 2764; x_wconf 90' lang='lat' dir='ltr'><strong>crines</strong></span> 
     </span>
    </p>
   </div>
   <div class='ocr_carea' id='block_1_51' title="bbox 1951 2796 3560 2872">
    <p class='ocr_par' dir='ltr' id='par_1_51' title="bbox 1951 2796 3560 2872">
     <span class='ocr_line' id='line_1_51' title="bbox 1951 2796 3560 2872; baseline 0.001 -19"><span class='ocrx_word' id='word_1_414' title='bbox 1951 2797 2148 2853; x_wconf 89' lang='lat' dir='ltr'><strong>iterum</strong></span> <span class='ocrx_word' id='word_1_415' title='bbox 2177 2797 2479 2864; x_wconf 86' lang='lat' dir='ltr'><strong>solverent,</strong></span> <span class='ocrx_word' id='word_1_416' title='bbox 2513 2796 2843 2868; x_wconf 87' lang='lat' dir='ltr'><strong>imperastis.</strong></span> <span class='ocrx_word' id='word_1_417' title='bbox 2876 2797 2989 2854; x_wconf 83' lang='lat' dir='ltr'><strong>Hoc</strong></span> <span class='ocrx_word' id='word_1_418' title='bbox 3029 2814 3130 2856; x_wconf 89' lang='lat' dir='ltr'><strong>nec</strong></span> <span class='ocrx_word' id='word_1_419' title='bbox 3161 2799 3418 2857; x_wconf 88' lang='lat' dir='ltr'><strong>mulieres</strong></span> <span class='ocrx_word' id='word_1_420' title='bbox 3460 2815 3560 2872; x_wconf 91' lang='lat' dir='ltr'><strong>pa-</strong></span> 
     </span>
    </p>
   </div>
   <div class='ocr_carea' id='block_1_52' title="bbox 1496 2935 2336 3004">
    <p class='ocr_par' dir='ltr' id='par_1_52' title="bbox 1496 2935 2336 3004">
     <span class='ocr_line' id='line_1_52' title="bbox 1496 2935 2336 3004; baseline 0 -13"><span class='ocrx_word' id='word_1_421' title='bbox 1496 2935 1881 3004; x_wconf 70' lang='lat' dir='ltr'><strong>LECTIONES</strong></span> <span class='ocrx_word' id='word_1_422' title='bbox 1919 2936 2336 2995; x_wconf 73' lang='lat' dir='ltr'><strong>VARIANTES.</strong></span> 
     </span>
    </p>
   </div>
   <div class='ocr_carea' id='block_1_53' title="bbox 309 3017 1159 3090">
    <p class='ocr_par' dir='ltr' id='par_1_53' title="bbox 309 3017 1159 3090">
     <span class='ocr_line' id='line_1_53' title="bbox 309 3017 1159 3090; baseline 0.011 -23"><span class='ocrx_word' id='word_1_423' title='bbox 309 3017 338 3090; x_wconf 62' lang='grc' dir='ltr'><strong><em>ξ</em></strong></span> <span class='ocrx_word' id='word_1_424' title='bbox 373 3018 663 3090; x_wconf 85' lang='lat' dir='ltr'><strong>_Sup_pletum</strong></span> <span class='ocrx_word' id='word_1_425' title='bbox 697 3035 763 3090; x_wconf 80' lang='lat' dir='ltr'><strong>ex</strong></span> <span class='ocrx_word' id='word_1_426' title='bbox 795 3025 1159 3090; x_wconf 20' lang='lat' dir='ltr'><strong>$.7Fulgentio.</strong></span> 
     </span>
    </p>
   </div>
   <div class='ocr_carea' id='block_1_54' title="bbox 309 3077 1224 3155">
    <p class='ocr_par' dir='ltr' id='par_1_54' title="bbox 309 3077 1224 3155">
     <span class='ocr_line' id='line_1_54' title="bbox 309 3077 1224 3155; baseline 0.016 -27"><span class='ocrx_word' id='word_1_427' title='bbox 309 3077 338 3155; x_wconf 59' lang='grc' dir='ltr'>ξ)</span> <span class='ocrx_word' id='word_1_428' title='bbox 373 3077 520 3155; x_wconf 65' lang='grc' dir='ltr'><strong>με’ἰή</strong></span> <span class='ocrx_word' id='word_1_429' title='bbox 546 3099 660 3155; x_wconf 65' lang='lat' dir='ltr'><strong>mss.</strong></span> <span class='ocrx_word' id='word_1_430' title='bbox 688 3087 826 3155; x_wconf 63' lang='lat' dir='ltr'><strong>Apud</strong></span> <span class='ocrx_word' id='word_1_431' title='bbox 838 3077 1224 3155; x_wconf 47' lang='lat' dir='ltr'><strong>fulgent.</strong></span> 
     </span>
    </p>
   </div>
   <div class='ocr_carea' id='block_1_55' title="bbox 310 3145 1236 3220">
    <p class='ocr_par' dir='ltr' id='par_1_55' title="bbox 310 3145 1236 3220">
     <span class='ocr_line' id='line_1_55' title="bbox 310 3145 1236 3220; baseline 0 0"><span class='ocrx_word' id='word_1_432' title='bbox 310 3146 336 3220; x_wconf 66' lang='grc' dir='ltr'>ξ</span> <span class='ocrx_word' id='word_1_433' title='bbox 372 3145 429 3220; x_wconf 69' lang='grc' dir='ltr'>ις»</span> <span class='ocrx_word' id='word_1_434' title='bbox 454 3159 568 3219; x_wconf 67' lang='grc' dir='ltr'><strong>πρεε-</strong></span> <span class='ocrx_word' id='word_1_435' title='bbox 594 3148 644 3200; x_wconf 67' lang='grc' dir='ltr'>οι</span> <span class='ocrx_word' id='word_1_436' title='bbox 675 3145 802 3220; x_wconf 58' lang='lat' dir='ltr'><strong>es.</strong></span> <span class='ocrx_word' id='word_1_437' title='bbox 829 3152 889 3220; x_wconf 62' lang='grc' dir='ltr'><strong>(ξ.</strong></span> <span class='ocrx_word' id='word_1_438' title='bbox 921 3145 986 3220; x_wconf 66' lang='lat' dir='ltr'><strong>ea</strong></span> <span class='ocrx_word' id='word_1_439' title='bbox 1004 3145 1236 3220; x_wconf 45' lang='lat' dir='ltr'><strong>argues.</strong></span> 
     </span>
    </p>
   </div>
   <div class='ocr_carea' id='block_1_56' title="bbox 312 3205 1849 3283">
    <p class='ocr_par' dir='ltr' id='par_1_56' title="bbox 312 3205 1849 3283">
     <span class='ocr_line' id='line_1_56' title="bbox 312 3205 1849 3283; baseline 0.008 -26"><span class='ocrx_word' id='word_1_440' title='bbox 312 3205 340 3244; x_wconf 72' lang='grc' dir='ltr'>ά</span> <span class='ocrx_word' id='word_1_441' title='bbox 372 3206 447 3283; x_wconf 83' lang='lat' dir='ltr'><strong>Ita</strong></span> <span class='ocrx_word' id='word_1_442' title='bbox 470 3210 520 3282; x_wconf 77' lang='lat' dir='ltr'><strong>in</strong></span> <span class='ocrx_word' id='word_1_443' title='bbox 544 3225 660 3283; x_wconf 67' lang='lat' dir='ltr'><strong>mss.</strong></span> <span class='ocrx_word' id='word_1_444' title='bbox 687 3212 738 3263; x_wconf 73' lang='grc' dir='ltr'><strong>(Ξ.</strong></span> <span class='ocrx_word' id='word_1_445' title='bbox 767 3221 820 3283; x_wconf 75' lang='lat' dir='ltr'><strong>et</strong></span> <span class='ocrx_word' id='word_1_446' title='bbox 841 3215 895 3266; x_wconf 91' lang='lat' dir='ltr'><strong>S.</strong></span> <span class='ocrx_word' id='word_1_447' title='bbox 921 3216 978 3283; x_wconf 89' lang='lat' dir='ltr'><strong>G_.</strong></span> <span class='ocrx_word' id='word_1_448' title='bbox 1004 3217 1059 3266; x_wconf 88' lang='lat' dir='ltr'><strong>In</strong></span> <span class='ocrx_word' id='word_1_449' title='bbox 1083 3205 1176 3270; x_wconf 69' lang='lat' dir='ltr'><strong>i&#39;ns.</strong></span> <span class='ocrx_word' id='word_1_450' title='bbox 1200 3205 1272 3269; x_wconf 8' lang='lat' dir='ltr'><strong>SS.</strong></span> <span class='ocrx_word' id='word_1_451' title='bbox 1310 3217 1368 3269; x_wconf 88' lang='grc' dir='ltr'><strong><em>Τ.</em></strong></span> <span class='ocrx_word' id='word_1_452' title='bbox 1410 3224 1462 3269; x_wconf 84' lang='lat' dir='ltr'><strong>et</strong></span> <span class='ocrx_word' id='word_1_453' title='bbox 1485 3218 1612 3282; x_wconf 85' lang='lat' dir='ltr'><strong>apud</strong></span> <span class='ocrx_word' id='word_1_454' title='bbox 1629 3218 1849 3283; x_wconf 84' lang='lat' dir='ltr'><strong>Fulgen-</strong></span> 
     </span>
    </p>
   </div>
   <div class='ocr_carea' id='block_1_57' title="bbox 239 3271 974 3337">
    <p class='ocr_par' dir='ltr' id='par_1_57' title="bbox 239 3271 974 3337">
     <span class='ocr_line' id='line_1_57' title="bbox 239 3271 974 3337; baseline 0.012 -17"><span class='ocrx_word' id='word_1_455' title='bbox 239 3271 445 3337; x_wconf 81' lang='lat' dir='ltr'><strong>tium_et</strong></span> <span class='ocrx_word' id='word_1_456' title='bbox 467 3273 516 3320; x_wconf 87' lang='lat' dir='ltr'><strong>iu</strong></span> <span class='ocrx_word' id='word_1_457' title='bbox 541 3275 704 3337; x_wconf 86' lang='lat' dir='ltr'><strong>editis,</strong></span> <span class='ocrx_word' id='word_1_458' title='bbox 728 3276 974 3330; x_wconf 83' lang='lat' dir='ltr'><strong>voluntati.</strong></span> 
     </span>
    </p>
   </div>
   <div class='ocr_carea' id='block_1_58' title="bbox 315 3333 919 3392">
    <p class='ocr_par' dir='ltr' id='par_1_58' title="bbox 315 3333 919 3392">
     <span class='ocr_line' id='line_1_58' title="bbox 315 3333 919 3392; baseline 0.017 -10"><span class='ocrx_word' id='word_1_459' title='bbox 315 3336 340 3364; x_wconf 82' lang='lat'><strong><em>°</em></strong></span> <span class='ocrx_word' id='word_1_460' title='bbox 378 3333 447 3383; x_wconf 90' lang='lat' dir='ltr'><strong>Ita</strong></span> <span class='ocrx_word' id='word_1_461' title='bbox 473 3337 522 3385; x_wconf 90' lang='lat' dir='ltr'><strong>in</strong></span> <span class='ocrx_word' id='word_1_462' title='bbox 556 3333 782 3391; x_wconf 84' lang='lat' dir='ltr'><strong>omnibus</strong></span> <span class='ocrx_word' id='word_1_463' title='bbox 805 3355 919 3392; x_wconf 88' lang='lat' dir='ltr'><strong>mss.</strong></span> 
     </span>
    </p>
   </div>
   <div class='ocr_carea' id='block_1_59' title="bbox 316 3396 1850 3469">
    <p class='ocr_par' dir='ltr' id='par_1_59' title="bbox 316 3396 1850 3469">
     <span class='ocr_line' id='line_1_59' title="bbox 316 3396 1850 3469; baseline 0.008 -23"><span class='ocrx_word' id='word_1_464' title='bbox 316 3396 335 3467; x_wconf 58' lang='grc' dir='ltr'>ἰ</span> <span class='ocrx_word' id='word_1_465' title='bbox 375 3397 495 3469; x_wconf 74' lang='lat' dir='ltr'><strong>Haec</strong></span> <span class='ocrx_word' id='word_1_466' title='bbox 517 3413 608 3450; x_wconf 81' lang='lat' dir='ltr'><strong>vox</strong></span> <span class='ocrx_word' id='word_1_467' title='bbox 631 3403 825 3469; x_wconf 66' lang='lat' dir='ltr'><strong>adjecta</strong></span> <span class='ocrx_word' id='word_1_468' title='bbox 851 3412 927 3454; x_wconf 87' lang='lat' dir='ltr'><strong>est</strong></span> <span class='ocrx_word' id='word_1_469' title='bbox 946 3410 1144 3469; x_wconf 87' lang='lat' dir='ltr'><strong>antiqua</strong></span> <span class='ocrx_word' id='word_1_470' title='bbox 1169 3419 1312 3457; x_wconf 88' lang='lat' dir='ltr'><strong>manu</strong></span> <span class='ocrx_word' id='word_1_471' title='bbox 1339 3409 1386 3457; x_wconf 89' lang='lat' dir='ltr'><strong>in</strong></span> <span class='ocrx_word' id='word_1_472' title='bbox 1413 3423 1505 3458; x_wconf 91' lang='lat' dir='ltr'><strong>ms.</strong></span> <span class='ocrx_word' id='word_1_473' title='bbox 1531 3407 1583 3460; x_wconf 93' lang='lat' dir='ltr'><strong>S.</strong></span> <span class='ocrx_word' id='word_1_474' title='bbox 1609 3408 1668 3460; x_wconf 90' lang='lat' dir='ltr'><strong>&#39;l‘.</strong></span> <span class='ocrx_word' id='word_1_475' title='bbox 1696 3414 1748 3458; x_wconf 89' lang='lat' dir='ltr'><strong>et</strong></span> <span class='ocrx_word' id='word_1_476' title='bbox 1772 3415 1850 3459; x_wconf 90' lang='lat' dir='ltr'><strong>est</strong></span> 
     </span>
    </p>
   </div>
   <div class='ocr_carea' id='block_1_60' title="bbox 250 3460 1906 3532">
    <p class='ocr_par' dir='ltr' id='par_1_60' title="bbox 250 3460 1906 3532">
     <span class='ocr_line' id='line_1_60' title="bbox 250 3460 1906 3532; baseline 0.008 -22"><span class='ocrx_word' id='word_1_477' title='bbox 250 3460 478 3511; x_wconf 85' lang='lat' dir='ltr'><strong>etiamin</strong></span> <span class='ocrx_word' id='word_1_478' title='bbox 514 3476 603 3514; x_wconf 88' lang='lat' dir='ltr'><strong>ms.</strong></span> <span class='ocrx_word' id='word_1_479' title='bbox 630 3460 768 3517; x_wconf 48' lang='lat' dir='ltr'><strong>P.&#39;S.</strong></span> <span class='ocrx_word' id='word_1_480' title='bbox 795 3466 954 3519; x_wconf 86' lang='lat' dir='ltr'><strong>Deest</strong></span> <span class='ocrx_word' id='word_1_481' title='bbox 987 3460 1203 3532; x_wconf 49' lang='lat' dir='ltr'><strong>in‘aliis,</strong></span> <span class='ocrx_word' id='word_1_482' title='bbox 1227 3470 1314 3521; x_wconf 85' lang='lat' dir='ltr'><strong>sed</strong></span> <span class='ocrx_word' id='word_1_483' title='bbox 1340 3485 1435 3522; x_wconf 89' lang='lat' dir='ltr'><strong>non</strong></span> <span class='ocrx_word' id='word_1_484' title='bbox 1471 3471 1662 3524; x_wconf 83' lang='lat' dir='ltr'><strong>videtur</strong></span> <span class='ocrx_word' id='word_1_485' title='bbox 1700 3473 1847 3522; x_wconf 88' lang='lat' dir='ltr'><strong>omit-</strong></span> <span class='ocrx_word' id='word_1_486' title='bbox 1901 3477 1906 3481; x_wconf 84' lang='grc'><em>’</em></span> 
     </span>
    </p>
   </div>
   <div class='ocr_carea' id='block_1_61' title="bbox 1955 3031 2119 3084">
    <p class='ocr_par' dir='ltr' id='par_1_61' title="bbox 1955 3031 2119 3084">
     <span class='ocr_line' id='line_1_61' title="bbox 1955 3031 2119 3084; baseline -0.018 0"><span class='ocrx_word' id='word_1_487' title='bbox 1955 3031 2119 3084; x_wconf 78' lang='lat' dir='ltr'><strong>tentia.</strong></span> 
     </span>
    </p>
   </div>
   <div class='ocr_carea' id='block_1_62' title="bbox 2022 3093 2878 3156">
    <p class='ocr_par' dir='ltr' id='par_1_62' title="bbox 2022 3093 2878 3156">
     <span class='ocr_line' id='line_1_62' title="bbox 2022 3093 2878 3156; baseline 0.001 -11"><span class='ocrx_word' id='word_1_488' title='bbox 2022 3096 2047 3134; x_wconf 74' lang='grc' dir='ltr'><strong>Β</strong></span> <span class='ocrx_word' id='word_1_489' title='bbox 2083 3094 2136 3145; x_wconf 86' lang='lat' dir='ltr'><strong>In</strong></span> <span class='ocrx_word' id='word_1_490' title='bbox 2162 3107 2278 3144; x_wconf 87' lang='lat' dir='ltr'><strong>mss.</strong></span> <span class='ocrx_word' id='word_1_491' title='bbox 2303 3093 2358 3145; x_wconf 94' lang='lat' dir='ltr'><strong>C.</strong></span> <span class='ocrx_word' id='word_1_492' title='bbox 2383 3097 2437 3144; x_wconf 90' lang='lat' dir='ltr'><strong>et</strong></span> <span class='ocrx_word' id='word_1_493' title='bbox 2459 3095 2512 3143; x_wconf 93' lang='lat' dir='ltr'><strong>S.</strong></span> <span class='ocrx_word' id='word_1_494' title='bbox 2539 3093 2598 3144; x_wconf 89' lang='lat' dir='ltr'><strong>G.</strong></span> <span class='ocrx_word' id='word_1_495' title='bbox 2625 3099 2878 3156; x_wconf 82' lang='lat' dir='ltr'><strong>repeteret.</strong></span> 
     </span>
    </p>
   </div>
   <div class='ocr_carea' id='block_1_63' title="bbox 2019 3156 2846 3210">
    <p class='ocr_par' dir='ltr' id='par_1_63' title="bbox 2019 3156 2846 3210">
     <span class='ocr_line' id='line_1_63' title="bbox 2019 3156 2846 3210; baseline 0.002 -3"><span class='ocrx_word' id='word_1_496' title='bbox 2019 3157 2047 3195; x_wconf 75' lang='grc' dir='ltr'><strong>ιι</strong></span> <span class='ocrx_word' id='word_1_497' title='bbox 2081 3157 2139 3207; x_wconf 87' lang='lat' dir='ltr'><strong>ln</strong></span> <span class='ocrx_word' id='word_1_498' title='bbox 2162 3171 2276 3207; x_wconf 89' lang='lat' dir='ltr'><strong>mss.</strong></span> <span class='ocrx_word' id='word_1_499' title='bbox 2303 3156 2355 3206; x_wconf 95' lang='lat' dir='ltr'><strong>C.</strong></span> <span class='ocrx_word' id='word_1_500' title='bbox 2384 3161 2436 3206; x_wconf 88' lang='lat' dir='ltr'><strong>et</strong></span> <span class='ocrx_word' id='word_1_501' title='bbox 2458 3157 2513 3208; x_wconf 90' lang='lat' dir='ltr'><strong>S.</strong></span> <span class='ocrx_word' id='word_1_502' title='bbox 2540 3156 2600 3207; x_wconf 88' lang='lat' dir='ltr'><strong>G.</strong></span> <span class='ocrx_word' id='word_1_503' title='bbox 2628 3157 2846 3210; x_wconf 87' lang='lat' dir='ltr'><strong>auderet.</strong></span> 
     </span>
    </p>
   </div>
   <div class='ocr_carea' id='block_1_64' title="bbox 1879 3219 3555 3336">
    <p class='ocr_par' dir='ltr' id='par_1_64' title="bbox 1879 3219 3555 3336">
     <span class='ocr_line' id='line_1_64' title="bbox 1879 3219 3555 3336; baseline 0.004 -67"><span class='ocrx_word' id='word_1_504' title='bbox 1879 3254 1925 3318; x_wconf 66' lang='grc' dir='ltr'><strong>Ο</strong></span> <span class='ocrx_word' id='word_1_505' title='bbox 1957 3283 1993 3336; x_wconf 77' lang='lat' dir='ltr'><strong>C</strong></span> <span class='ocrx_word' id='word_1_506' title='bbox 2024 3220 2502 3334; x_wconf 53' lang='lat' dir='ltr'><strong>ietl-IgtecGetsequens</strong></span> <span class='ocrx_word' id='word_1_507' title='bbox 2513 3221 2736 3281; x_wconf 86' lang='lat' dir='ltr'><strong>verbum,</strong></span> <span class='ocrx_word' id='word_1_508' title='bbox 2754 3219 3015 3285; x_wconf 74' lang='lat' dir='ltr'><strong>invenistis,</strong></span> <span class='ocrx_word' id='word_1_509' title='bbox 3038 3226 3214 3274; x_wconf 87' lang='lat' dir='ltr'><strong>omissa</strong></span> <span class='ocrx_word' id='word_1_510' title='bbox 3231 3230 3346 3275; x_wconf 84' lang='lat' dir='ltr'><strong>sunt</strong></span> <span class='ocrx_word' id='word_1_511' title='bbox 3369 3226 3420 3275; x_wconf 87' lang='lat' dir='ltr'><strong>in</strong></span> <span class='ocrx_word' id='word_1_512' title='bbox 3437 3236 3555 3275; x_wconf 88' lang='lat' dir='ltr'><strong>mss.</strong></span> 
     </span>
    </p>
   </div>
   <div class='ocr_carea' id='block_1_65' title="bbox 2027 3284 3560 3413">
    <p class='ocr_par' dir='ltr' id='par_1_65' title="bbox 2027 3284 3560 3413">
     <span class='ocr_line' id='line_1_65' title="bbox 2027 3284 3560 3413; baseline 0 -15"><span class='ocrx_word' id='word_1_513' title='bbox 2027 3285 2165 3398; x_wconf 51' lang='lat' dir='ltr'><strong>imi:</strong></span> <span class='ocrx_word' id='word_1_514' title='bbox 2177 3284 2539 3413; x_wconf 37' lang='lat' dir='ltr'><strong>eﬁconjectura</strong></span> <span class='ocrx_word' id='word_1_515' title='bbox 2549 3344 2853 3396; x_wconf 76' lang='lat' dir='ltr'><strong>restituimus</strong></span> <span class='ocrx_word' id='word_1_516' title='bbox 2870 3359 2959 3410; x_wconf 93' lang='lat' dir='ltr'><strong>pro</strong></span> <span class='ocrx_word' id='word_1_517' title='bbox 2981 3347 3246 3410; x_wconf 83' lang='lat' dir='ltr'><strong>invenistis,</strong></span> <span class='ocrx_word' id='word_1_518' title='bbox 3265 3349 3394 3413; x_wconf 89' lang='lat' dir='ltr'><strong>quod</strong></span> <span class='ocrx_word' id='word_1_519' title='bbox 3419 3353 3560 3400; x_wconf 79' lang='lat' dir='ltr'><strong>extat</strong></span> 
     </span>
    </p>
   </div>
   <div class='ocr_carea' id='block_1_66' title="bbox 1961 3408 2644 3478">
    <p class='ocr_par' dir='ltr' id='par_1_66' title="bbox 1961 3408 2644 3478">
     <span class='ocr_line' id='line_1_66' title="bbox 1961 3408 2644 3478; baseline -0.001 -18"><span class='ocrx_word' id='word_1_520' title='bbox 1961 3411 2148 3478; x_wconf 82' lang='lat' dir='ltr'><strong>in_m§s.</strong></span> <span class='ocrx_word' id='word_1_521' title='bbox 2176 3410 2228 3459; x_wconf 93' lang='lat' dir='ltr'><strong>S.</strong></span> <span class='ocrx_word' id='word_1_522' title='bbox 2253 3409 2388 3478; x_wconf 77' lang='lat' dir='ltr'><strong>T._et</strong></span> <span class='ocrx_word' id='word_1_523' title='bbox 2412 3408 2572 3478; x_wconf 44' lang='lat' dir='ltr'><strong>P._S.‘</strong></span> <span class='ocrx_word' id='word_1_524' title='bbox 2632 3467 2644 3478; x_wconf 46' lang='lat'><em>.</em></span> 
     </span>
    </p>
   </div>
   <div class='ocr_carea' id='block_1_67' title="bbox 2017 3470 2694 3523">
    <p class='ocr_par' dir='ltr' id='par_1_67' title="bbox 2017 3470 2694 3523">
     <span class='ocr_line' id='line_1_67' title="bbox 2017 3470 2694 3523; baseline -0.006 0"><span class='ocrx_word' id='word_1_525' title='bbox 2017 3475 2046 3512; x_wconf 76' lang='grc' dir='ltr'><strong>ιι</strong></span> <span class='ocrx_word' id='word_1_526' title='bbox 2081 3473 2138 3522; x_wconf 90' lang='lat' dir='ltr'><strong>In</strong></span> <span class='ocrx_word' id='word_1_527' title='bbox 2161 3486 2277 3523; x_wconf 87' lang='lat' dir='ltr'><strong>mss.</strong></span> <span class='ocrx_word' id='word_1_528' title='bbox 2303 3470 2355 3523; x_wconf 94' lang='lat' dir='ltr'><strong>C.</strong></span> <span class='ocrx_word' id='word_1_529' title='bbox 2384 3477 2438 3522; x_wconf 88' lang='lat' dir='ltr'><strong>et</strong></span> <span class='ocrx_word' id='word_1_530' title='bbox 2459 3472 2511 3521; x_wconf 93' lang='lat' dir='ltr'><strong>S.</strong></span> <span class='ocrx_word' id='word_1_531' title='bbox 2539 3470 2599 3521; x_wconf 85' lang='lat' dir='ltr'><strong>G.</strong></span> <span class='ocrx_word' id='word_1_532' title='bbox 2626 3470 2694 3520; x_wconf 83' lang='lat' dir='ltr'><strong>in.</strong></span> 
     </span>
    </p>
   </div>
   <div class='ocr_carea' id='block_1_68' title="bbox 1558 3577 2182 3636">
    <p class='ocr_par' dir='ltr' id='par_1_68' title="bbox 1558 3577 2182 3636">
     <span class='ocr_line' id='line_1_68' title="bbox 1558 3577 2182 3636; baseline -0.002 -2"><span class='ocrx_word' id='word_1_533' title='bbox 1558 3577 1925 3636; x_wconf 79' lang='lat' dir='ltr'><strong>VARIORUM</strong></span> <span class='ocrx_word' id='word_1_534' title='bbox 1953 3577 2182 3635; x_wconf 63' lang='lat' dir='ltr'><strong>NOTAE.</strong></span> 
     </span>
    </p>
   </div>
   <div class='ocr_carea' id='block_1_69' title="bbox 253 3664 1850 3729">
    <p class='ocr_par' dir='ltr' id='par_1_69' title="bbox 253 3664 1850 3729">
     <span class='ocr_line' id='line_1_69' title="bbox 253 3664 1850 3729; baseline 0.006 -10"><span class='ocrx_word' id='word_1_535' title='bbox 253 3664 450 3722; x_wconf 85' lang='lat' dir='ltr'><strong>mitras</strong></span> <span class='ocrx_word' id='word_1_536' title='bbox 492 3676 669 3724; x_wconf 91' lang='lat' dir='ltr'><strong>tamen</strong></span> <span class='ocrx_word' id='word_1_537' title='bbox 707 3670 877 3725; x_wconf 90' lang='lat' dir='ltr'><strong>instar</strong></span> <span class='ocrx_word' id='word_1_538' title='bbox 908 3671 1280 3727; x_wconf 89' lang='lat' dir='ltr'><strong>maritatarnm</strong></span> <span class='ocrx_word' id='word_1_539' title='bbox 1328 3681 1433 3727; x_wconf 87' lang='lat' dir='ltr'><strong>non</strong></span> <span class='ocrx_word' id='word_1_540' title='bbox 1486 3673 1755 3729; x_wconf 84' lang='lat' dir='ltr'><strong>habebant</strong></span> <span class='ocrx_word' id='word_1_541' title='bbox 1791 3683 1850 3729; x_wconf 89' lang='lat' dir='ltr'><strong>ut</strong></span> 
     </span>
    </p>
   </div>
   <div class='ocr_carea' id='block_1_70' title="bbox 251 3737 1851 3815">
    <p class='ocr_par' dir='ltr' id='par_1_70' title="bbox 251 3737 1851 3815">
     <span class='ocr_line' id='line_1_70' title="bbox 251 3737 1851 3815; baseline 0.005 -23"><span class='ocrx_word' id='word_1_542' title='bbox 251 3737 364 3793; x_wconf 78' lang='lat' dir='ltr'><strong>illa:</strong></span> <span class='ocrx_word' id='word_1_543' title='bbox 394 3754 515 3815; x_wconf 65' lang='lat' dir='ltr'><strong>qum</strong></span> <span class='ocrx_word' id='word_1_544' title='bbox 550 3740 915 3812; x_wconf 78' lang='lat' dir='ltr'><strong>virginitatem</strong></span> <span class='ocrx_word' id='word_1_545' title='bbox 959 3743 1216 3812; x_wconf 73' lang='lat' dir='ltr'><strong>professae</strong></span> <span class='ocrx_word' id='word_1_546' title='bbox 1259 3744 1492 3802; x_wconf 86' lang='lat' dir='ltr'><strong>fuerant.</strong></span> <span class='ocrx_word' id='word_1_547' title='bbox 1528 3745 1679 3799; x_wconf 84' lang='lat' dir='ltr'><strong>Mitra</strong></span> <span class='ocrx_word' id='word_1_548' title='bbox 1721 3760 1851 3815; x_wconf 86' lang='lat' dir='ltr'><strong>ergo</strong></span> 
     </span>
    </p>
   </div>
   <div class='ocr_carea' id='block_1_71' title="bbox 252 3813 1852 3886">
    <p class='ocr_par' dir='ltr' id='par_1_71' title="bbox 252 3813 1852 3886">
     <span class='ocr_line' id='line_1_71' title="bbox 252 3813 1852 3886; baseline 0.005 -22"><span class='ocrx_word' id='word_1_549' title='bbox 252 3819 374 3864; x_wconf 81' lang='lat' dir='ltr'><strong>erat</strong></span> <span class='ocrx_word' id='word_1_550' title='bbox 424 3813 636 3886; x_wconf 84' lang='lat' dir='ltr'><strong>signum</strong></span> <span class='ocrx_word' id='word_1_551' title='bbox 688 3815 1016 3885; x_wconf 87' lang='lat' dir='ltr'><strong>virginitatis</strong></span> <span class='ocrx_word' id='word_1_552' title='bbox 1053 3816 1321 3872; x_wconf 90' lang='lat' dir='ltr'><strong>:observa</strong></span> <span class='ocrx_word' id='word_1_553' title='bbox 1375 3818 1536 3871; x_wconf 88' lang='lat' dir='ltr'><strong>etiam</strong></span> <span class='ocrx_word' id='word_1_554' title='bbox 1591 3817 1701 3886; x_wconf 85' lang='lat' dir='ltr'><strong>jam</strong></span> <span class='ocrx_word' id='word_1_555' title='bbox 1738 3813 1852 3872; x_wconf 81' lang='lat' dir='ltr'><strong>tum</strong></span> 
     </span>
    </p>
   </div>
   <div class='ocr_carea' id='block_1_72' title="bbox 253 3885 1740 4014">
    <p class='ocr_par' dir='ltr' id='par_1_72' title="bbox 253 3885 1740 4014">
     <span class='ocr_line' id='line_1_72' title="bbox 253 3885 1740 4014; baseline 0.003 -76"><span class='ocrx_word' id='word_1_556' title='bbox 253 3892 506 3952; x_wconf 87' lang='lat' dir='ltr'><strong>tempore</strong></span> <span class='ocrx_word' id='word_1_557' title='bbox 553 3885 870 3942; x_wconf 85' lang='lat' dir='ltr'><strong>Tertulliani</strong></span> <span class='ocrx_word' id='word_1_558' title='bbox 912 3889 1100 3943; x_wconf 75' lang='lat' dir='ltr'><strong>mitras</strong></span> <span class='ocrx_word' id='word_1_559' title='bbox 1142 3888 1263 3944; x_wconf 90' lang='lat' dir='ltr'><strong>illas</strong></span> <span class='ocrx_word' id='word_1_560' title='bbox 1318 3888 1484 4014; x_wconf 57' lang='lat' dir='ltr'><strong>fuisse</strong></span> <span class='ocrx_word' id='word_1_561' title='bbox 1519 3889 1740 4014; x_wconf 51' lang='lat' dir='ltr'><strong>1l’aneas.</strong></span> 
     </span>
     <span class='ocr_line' id='line_1_73' title="bbox 1460 3975 1635 4014; baseline 0 0"><span class='ocrx_word' id='word_1_562' title='bbox 1460 3976 1491 4014; x_wconf 88' lang='grc' dir='ltr'>υ</span> <span class='ocrx_word' id='word_1_563' title='bbox 1565 3975 1635 4014; x_wconf 89' lang='lat' dir='ltr'><strong>IN.</strong></span> 
     </span>
    </p>
   </div>
   <div class='ocr_carea' id='block_1_73' title="bbox 1460 3975 1635 4015">
    <p class='ocr_par' dir='ltr' id='par_1_73' title="bbox 1460 3975 1635 4015">
     <span class='ocr_line' id='line_1_74' title="bbox 1460 3975 1635 4015; baseline -0.006 0"><span class='ocrx_word' id='word_1_564' title='bbox 1460 3976 1491 4015; x_wconf 90' lang='lat' dir='ltr'><strong>U</strong></span> <span class='ocrx_word' id='word_1_565' title='bbox 1522 3975 1635 4015; x_wconf 77' lang='lat' dir='ltr'><strong>t’lN.</strong></span> 
     </span>
    </p>
   </div>
   <div class='ocr_carea' id='block_1_74' title="bbox 329 4025 1858 4097">
    <p class='ocr_par' dir='ltr' id='par_1_74' title="bbox 329 4025 1858 4097">
     <span class='ocr_line' id='line_1_75' title="bbox 329 4025 1858 4097; baseline 0.007 -18"><span class='ocrx_word' id='word_1_566' title='bbox 329 4025 450 4097; x_wconf 83' lang='grc'>(55)</span> <span class='ocrx_word' id='word_1_567' title='bbox 489 4027 771 4097; x_wconf 76' lang='lat' dir='ltr'><strong>Virginitas</strong></span> <span class='ocrx_word' id='word_1_568' title='bbox 801 4032 934 4086; x_wconf 89' lang='lat' dir='ltr'><strong>enim</strong></span> <span class='ocrx_word' id='word_1_569' title='bbox 979 4033 1253 4087; x_wconf 90' lang='lat' dir='ltr'><strong>voluntatis</strong></span> <span class='ocrx_word' id='word_1_570' title='bbox 1292 4049 1372 4087; x_wconf 88' lang='lat' dir='ltr'><strong>res</strong></span> <span class='ocrx_word' id='word_1_571' title='bbox 1416 4041 1527 4097; x_wconf 86' lang='lat' dir='ltr'><strong>est,</strong></span> <span class='ocrx_word' id='word_1_572' title='bbox 1572 4041 1676 4088; x_wconf 91' lang='lat' dir='ltr'><strong>etc.</strong></span> <span class='ocrx_word' id='word_1_573' title='bbox 1734 4032 1858 4089; x_wconf 63' lang='lat' dir='ltr'><strong>Haec</strong></span> 
     </span>
    </p>
   </div>
   <div class='ocr_carea' id='block_1_75' title="bbox 253 4101 1851 4174">
    <p class='ocr_par' dir='ltr' id='par_1_75' title="bbox 253 4101 1851 4174">
     <span class='ocr_line' id='line_1_76' title="bbox 253 4101 1851 4174; baseline 0.003 -20"><span class='ocrx_word' id='word_1_574' title='bbox 253 4112 434 4174; x_wconf 85' lang='lat' dir='ltr'><strong>usque</strong></span> <span class='ocrx_word' id='word_1_575' title='bbox 460 4101 526 4154; x_wconf 86' lang='lat' dir='ltr'><strong>ad</strong></span> <span class='ocrx_word' id='word_1_576' title='bbox 557 4101 644 4156; x_wconf 85' lang='lat' dir='ltr'><strong>illa</strong></span> <span class='ocrx_word' id='word_1_577' title='bbox 673 4103 834 4158; x_wconf 85' lang='lat' dir='ltr'><strong>verba</strong></span> <span class='ocrx_word' id='word_1_578' title='bbox 853 4147 868 4169; x_wconf 95' lang='lat'><strong>,</strong></span> <span class='ocrx_word' id='word_1_579' title='bbox 915 4121 1006 4158; x_wconf 89' lang='lat' dir='ltr'><strong>nec</strong></span> <span class='ocrx_word' id='word_1_580' title='bbox 1053 4105 1279 4158; x_wconf 82' lang='lat' dir='ltr'><strong>nolentes</strong></span> <span class='ocrx_word' id='word_1_581' title='bbox 1309 4105 1527 4174; x_wconf 84' lang='lat' dir='ltr'><strong>impellit</strong></span> <span class='ocrx_word' id='word_1_582' title='bbox 1557 4115 1644 4158; x_wconf 90' lang='lat' dir='ltr'><strong>aut</strong></span> <span class='ocrx_word' id='word_1_583' title='bbox 1680 4106 1851 4174; x_wconf 85' lang='lat' dir='ltr'><strong>cogit,</strong></span> 
     </span>
    </p>
   </div>
   <div class='ocr_carea' id='block_1_76' title="bbox 253 4173 1858 4247">
    <p class='ocr_par' dir='ltr' id='par_1_76' title="bbox 253 4173 1858 4247">
     <span class='ocr_line' id='line_1_77' title="bbox 253 4173 1858 4247; baseline 0.003 -22"><span class='ocrx_word' id='word_1_584' title='bbox 253 4173 499 4226; x_wconf 90' lang='lat' dir='ltr'><strong>citantur</strong></span> <span class='ocrx_word' id='word_1_585' title='bbox 531 4182 598 4247; x_wconf 85' lang='lat' dir='ltr'><strong>et</strong></span> <span class='ocrx_word' id='word_1_586' title='bbox 622 4176 934 4247; x_wconf 66' lang='lat' dir='ltr'><strong>referuntur</strong></span> <span class='ocrx_word' id='word_1_587' title='bbox 964 4191 991 4229; x_wconf 70' lang='grc' dir='ltr'>τι</span> <span class='ocrx_word' id='word_1_588' title='bbox 1045 4175 1104 4229; x_wconf 87' lang='grc' dir='ltr'><strong>Β.</strong></span> <span class='ocrx_word' id='word_1_589' title='bbox 1138 4175 1386 4247; x_wconf 86' lang='lat' dir='ltr'><strong>Fulgent.</strong></span> <span class='ocrx_word' id='word_1_590' title='bbox 1422 4175 1458 4230; x_wconf 92' lang='lat' dir='ltr'><strong>l.</strong></span> <span class='ocrx_word' id='word_1_591' title='bbox 1495 4191 1552 4230; x_wconf 86' lang='grc' dir='ltr'>ιι.</span> <span class='ocrx_word' id='word_1_592' title='bbox 1586 4176 1650 4230; x_wconf 90' lang='lat' dir='ltr'><strong>ad</strong></span> <span class='ocrx_word' id='word_1_593' title='bbox 1686 4173 1858 4230; x_wconf 76' lang='lat' dir='ltr'><strong>Mani-</strong></span> 
     </span>
    </p>
   </div>
   <div class='ocr_carea' id='block_1_77' title="bbox 253 4245 864 4302">
    <p class='ocr_par' dir='ltr' id='par_1_77' title="bbox 253 4245 864 4302">
     <span class='ocr_line' id='line_1_78' title="bbox 253 4245 864 4302; baseline 0.007 -4"><span class='ocrx_word' id='word_1_594' title='bbox 253 4257 409 4298; x_wconf 90' lang='lat' dir='ltr'><strong>mum</strong></span> <span class='ocrx_word' id='word_1_595' title='bbox 441 4246 606 4300; x_wconf 73' lang='lat' dir='ltr'><strong>c.15.</strong></span> <span class='ocrx_word' id='word_1_596' title='bbox 639 4245 714 4302; x_wconf 87' lang='lat' dir='ltr'><strong>Du</strong></span> <span class='ocrx_word' id='word_1_597' title='bbox 748 4247 864 4302; x_wconf 74' lang='lat' dir='ltr'><strong>PIN.</strong></span> 
     </span>
    </p>
   </div>
   <div class='ocr_carea' id='block_1_78' title="bbox 333 4313 1854 4388">
    <p class='ocr_par' dir='ltr' id='par_1_78' title="bbox 333 4313 1854 4388">
     <span class='ocr_line' id='line_1_79' title="bbox 333 4313 1854 4388; baseline 0.003 -18"><span class='ocrx_word' id='word_1_598' title='bbox 333 4313 452 4388; x_wconf 82' lang='grc'>(56)</span> <span class='ocrx_word' id='word_1_599' title='bbox 484 4315 812 4373; x_wconf 86' lang='lat' dir='ltr'><strong>Stabularius</strong></span> <span class='ocrx_word' id='word_1_600' title='bbox 844 4321 930 4374; x_wconf 88' lang='lat' dir='ltr'><strong>ille</strong></span> <span class='ocrx_word' id='word_1_601' title='bbox 976 4318 1172 4374; x_wconf 80' lang='lat' dir='ltr'><strong>Paulus</strong></span> <span class='ocrx_word' id='word_1_602' title='bbox 1201 4321 1486 4388; x_wconf 77' lang='lat' dir='ltr'><strong>apostolus.</strong></span> <span class='ocrx_word' id='word_1_603' title='bbox 1545 4318 1742 4374; x_wconf 79' lang='lat' dir='ltr'><strong>Alludit</strong></span> <span class='ocrx_word' id='word_1_604' title='bbox 1788 4319 1854 4374; x_wconf 90' lang='lat' dir='ltr'><strong>ad</strong></span> 
     </span>
    </p>
   </div>
   <div class='ocr_carea' id='block_1_79' title="bbox 258 4387 1856 4462">
    <p class='ocr_par' dir='ltr' id='par_1_79' title="bbox 258 4387 1856 4462">
     <span class='ocr_line' id='line_1_80' title="bbox 258 4387 1856 4462; baseline 0.002 -21"><span class='ocrx_word' id='word_1_605' title='bbox 258 4387 578 4462; x_wconf 78' lang='lat' dir='ltr'><strong>parabolam</strong></span> <span class='ocrx_word' id='word_1_606' title='bbox 631 4391 863 4462; x_wconf 83' lang='lat' dir='ltr'><strong>hominis</strong></span> <span class='ocrx_word' id='word_1_607' title='bbox 893 4393 982 4462; x_wconf 90' lang='lat' dir='ltr'><strong>qui</strong></span> <span class='ocrx_word' id='word_1_608' title='bbox 1019 4393 1070 4445; x_wconf 92' lang='lat' dir='ltr'><strong>in</strong></span> <span class='ocrx_word' id='word_1_609' title='bbox 1104 4387 1340 4462; x_wconf 85' lang='lat' dir='ltr'><strong>latrones</strong></span> <span class='ocrx_word' id='word_1_610' title='bbox 1371 4390 1636 4446; x_wconf 85' lang='lat' dir='ltr'><strong>inciderat</strong></span> <span class='ocrx_word' id='word_1_611' title='bbox 1664 4398 1718 4444; x_wconf 90' lang='lat' dir='ltr'><strong>et</strong></span> <span class='ocrx_word' id='word_1_612' title='bbox 1741 4391 1856 4462; x_wconf 87' lang='lat' dir='ltr'><strong>vul-</strong></span> 
     </span>
    </p>
   </div>
   <div class='ocr_carea' id='block_1_80' title="bbox 261 4461 1856 4533">
    <p class='ocr_par' dir='ltr' id='par_1_80' title="bbox 261 4461 1856 4533">
     <span class='ocr_line' id='line_1_81' title="bbox 261 4461 1856 4533; baseline 0.001 -19"><span class='ocrx_word' id='word_1_613' title='bbox 261 4461 490 4533; x_wconf 84' lang='lat' dir='ltr'><strong>neribus</strong></span> <span class='ocrx_word' id='word_1_614' title='bbox 515 4461 799 4519; x_wconf 83' lang='lat' dir='ltr'><strong>confossus</strong></span> <span class='ocrx_word' id='word_1_615' title='bbox 829 4461 1002 4518; x_wconf 86' lang='lat' dir='ltr'><strong>fuerat</strong></span> <span class='ocrx_word' id='word_1_616' title='bbox 1027 4506 1040 4528; x_wconf 96' lang='lat'><strong>,</strong></span> <span class='ocrx_word' id='word_1_617' title='bbox 1063 4478 1221 4533; x_wconf 85' lang='lat' dir='ltr'><strong>quem</strong></span> <span class='ocrx_word' id='word_1_618' title='bbox 1250 4461 1620 4516; x_wconf 87' lang='lat' dir='ltr'><strong>Samaritanus</strong></span> <span class='ocrx_word' id='word_1_619' title='bbox 1652 4463 1750 4516; x_wconf 90' lang='lat' dir='ltr'><strong>iter</strong></span> <span class='ocrx_word' id='word_1_620' title='bbox 1779 4461 1856 4515; x_wconf 86' lang='lat' dir='ltr'><strong>fa-</strong></span> 
     </span>
    </p>
   </div>
   <div class='ocr_carea' id='block_1_81' title="bbox 259 4531 1854 4602">
    <p class='ocr_par' dir='ltr' id='par_1_81' title="bbox 259 4531 1854 4602">
     <span class='ocr_line' id='line_1_82' title="bbox 259 4531 1854 4602; baseline 0.001 -15"><span class='ocrx_word' id='word_1_621' title='bbox 259 4531 419 4587; x_wconf 87' lang='lat' dir='ltr'><strong>ciens</strong></span> <span class='ocrx_word' id='word_1_622' title='bbox 441 4533 743 4589; x_wconf 88' lang='lat' dir='ltr'><strong>sublevavit</strong></span> <span class='ocrx_word' id='word_1_623' title='bbox 788 4544 842 4590; x_wconf 90' lang='lat' dir='ltr'><strong>et</strong></span> <span class='ocrx_word' id='word_1_624' title='bbox 888 4531 1092 4591; x_wconf 80' lang='lat' dir='ltr'><strong>detulit</strong></span> <span class='ocrx_word' id='word_1_625' title='bbox 1122 4535 1174 4589; x_wconf 93' lang='lat' dir='ltr'><strong>in</strong></span> <span class='ocrx_word' id='word_1_626' title='bbox 1221 4534 1490 4588; x_wconf 89' lang='lat' dir='ltr'><strong>stabulum</strong></span> <span class='ocrx_word' id='word_1_627' title='bbox 1542 4533 1854 4602; x_wconf 89' lang='lat' dir='ltr'><strong>relinquens</strong></span> 
     </span>
    </p>
   </div>
   <div class='ocr_carea' id='block_1_82' title="bbox 260 4601 1850 4672">
    <p class='ocr_par' dir='ltr' id='par_1_82' title="bbox 260 4601 1850 4672">
     <span class='ocr_line' id='line_1_83' title="bbox 260 4601 1850 4672; baseline -0.001 -13"><span class='ocrx_word' id='word_1_628' title='bbox 260 4601 565 4659; x_wconf 88' lang='lat' dir='ltr'><strong>stabulario</strong></span> <span class='ocrx_word' id='word_1_629' title='bbox 591 4605 726 4661; x_wconf 85' lang='lat' dir='ltr'><strong>duos</strong></span> <span class='ocrx_word' id='word_1_630' title='bbox 768 4607 1020 4664; x_wconf 90' lang='lat' dir='ltr'><strong>denarios</strong></span> <span class='ocrx_word' id='word_1_631' title='bbox 1043 4649 1057 4672; x_wconf 96' lang='lat'><strong>,</strong></span> <span class='ocrx_word' id='word_1_632' title='bbox 1091 4615 1150 4660; x_wconf 91' lang='lat' dir='ltr'><strong>ut</strong></span> <span class='ocrx_word' id='word_1_633' title='bbox 1188 4605 1336 4660; x_wconf 90' lang='lat' dir='ltr'><strong>illius</strong></span> <span class='ocrx_word' id='word_1_634' title='bbox 1367 4619 1552 4660; x_wconf 91' lang='lat' dir='ltr'><strong>curam</strong></span> <span class='ocrx_word' id='word_1_635' title='bbox 1607 4601 1850 4666; x_wconf 84' lang='lat' dir='ltr'><strong>haberet,</strong></span> 
     </span>
    </p>
   </div>
   <div class='ocr_carea' id='block_1_83' title="bbox 266 4674 1858 4749">
    <p class='ocr_par' dir='ltr' id='par_1_83' title="bbox 266 4674 1858 4749">
     <span class='ocr_line' id='line_1_84' title="bbox 266 4674 1858 4749; baseline 0.001 -21"><span class='ocrx_word' id='word_1_636' title='bbox 266 4674 426 4749; x_wconf 79' lang='lat' dir='ltr'><strong>(Luc.</strong></span> <span class='ocrx_word' id='word_1_637' title='bbox 460 4691 514 4736; x_wconf 72' lang='grc' dir='ltr'><strong>κ,</strong></span> <span class='ocrx_word' id='word_1_638' title='bbox 542 4693 592 4730; x_wconf 92' lang='lat' dir='ltr'><strong>v.</strong></span> <span class='ocrx_word' id='word_1_639' title='bbox 623 4676 738 4749; x_wconf 87' lang='lat'><strong>&#39;50),</strong></span> <span class='ocrx_word' id='word_1_640' title='bbox 766 4687 818 4735; x_wconf 89' lang='lat' dir='ltr'><strong>et</strong></span> <span class='ocrx_word' id='word_1_641' title='bbox 862 4679 1084 4733; x_wconf 75' lang='lat' dir='ltr'><strong>Paulum</strong></span> <span class='ocrx_word' id='word_1_642' title='bbox 1107 4686 1383 4747; x_wconf 88' lang='lat' dir='ltr'><strong>comparat</strong></span> <span class='ocrx_word' id='word_1_643' title='bbox 1403 4676 1716 4742; x_wconf 88' lang='lat' dir='ltr'><strong>stabulario,</strong></span> <span class='ocrx_word' id='word_1_644' title='bbox 1767 4676 1858 4749; x_wconf 87' lang='lat' dir='ltr'><strong>qui</strong></span> 
     </span>
    </p>
   </div>
   <div class='ocr_carea' id='block_1_84' title="bbox 2031 3672 3558 3746">
    <p class='ocr_par' dir='ltr' id='par_1_84' title="bbox 2031 3672 3558 3746">
     <span class='ocr_line' id='line_1_85' title="bbox 2031 3672 3558 3746; baseline -0.001 -18"><span class='ocrx_word' id='word_1_645' title='bbox 2031 3672 2147 3746; x_wconf 88' lang='lat'>(60)</span> <span class='ocrx_word' id='word_1_646' title='bbox 2181 3672 2305 3727; x_wconf 73' lang='lat' dir='ltr'><strong>Non</strong></span> <span class='ocrx_word' id='word_1_647' title='bbox 2325 3672 2446 3726; x_wconf 86' lang='lat' dir='ltr'><strong>inde</strong></span> <span class='ocrx_word' id='word_1_648' title='bbox 2466 3681 2856 3746; x_wconf 72' lang='lat' dir='ltr'><strong>compescuntur</strong></span> <span class='ocrx_word' id='word_1_649' title='bbox 2877 3682 3032 3728; x_wconf 74' lang='lat' dir='ltr'><strong>(estus</strong></span> <span class='ocrx_word' id='word_1_650' title='bbox 3051 3675 3231 3741; x_wconf 90' lang='lat' dir='ltr'><strong>animi,</strong></span> <span class='ocrx_word' id='word_1_651' title='bbox 3250 3690 3377 3746; x_wconf 83' lang='lat' dir='ltr'><strong>quos</strong></span> <span class='ocrx_word' id='word_1_652' title='bbox 3397 3675 3558 3728; x_wconf 89' lang='lat' dir='ltr'><strong>inter-</strong></span> 
     </span>
    </p>
   </div>
   <div class='ocr_carea' id='block_1_85' title="bbox 1960 3743 3497 3812">
    <p class='ocr_par' dir='ltr' id='par_1_85' title="bbox 1960 3743 3497 3812">
     <span class='ocr_line' id='line_1_86' title="bbox 1960 3743 3497 3812; baseline 0 -14"><span class='ocrx_word' id='word_1_653' title='bbox 1960 3743 2082 3799; x_wconf 85' lang='lat' dir='ltr'><strong>dum</strong></span> <span class='ocrx_word' id='word_1_654' title='bbox 2102 3755 2255 3800; x_wconf 67' lang='lat' dir='ltr'><strong>astas</strong></span> <span class='ocrx_word' id='word_1_655' title='bbox 2282 3744 2532 3798; x_wconf 84' lang='lat' dir='ltr'><strong>accendit.</strong></span> <span class='ocrx_word' id='word_1_656' title='bbox 2561 3743 2784 3812; x_wconf 82' lang='lat' dir='ltr'><strong>Corrige</strong></span> <span class='ocrx_word' id='word_1_657' title='bbox 2806 3784 2818 3806; x_wconf 84' lang='lat'><strong>,</strong></span> <span class='ocrx_word' id='word_1_658' title='bbox 2848 3753 2972 3798; x_wconf 69' lang='lat' dir='ltr'><strong>(ptas</strong></span> <span class='ocrx_word' id='word_1_659' title='bbox 2994 3747 3245 3800; x_wconf 83' lang='lat' dir='ltr'><strong>accendit.</strong></span> <span class='ocrx_word' id='word_1_660' title='bbox 3264 3743 3497 3801; x_wconf 57' lang='lat' dir='ltr'><strong>&#39;lncen&#39;r.</strong></span> 
     </span>
    </p>
   </div>
   <div class='ocr_carea' id='block_1_86' title="bbox 2037 3814 3558 3890">
    <p class='ocr_par' dir='ltr' id='par_1_86' title="bbox 2037 3814 3558 3890">
     <span class='ocr_line' id='line_1_87' title="bbox 2037 3814 3558 3890; baseline 0 -19"><span class='ocrx_word' id='word_1_661' title='bbox 2037 3815 2152 3890; x_wconf 81' lang='grc'>(61)</span> <span class='ocrx_word' id='word_1_662' title='bbox 2205 3815 2344 3890; x_wconf 83' lang='lat' dir='ltr'><strong>Talis</strong></span> <span class='ocrx_word' id='word_1_663' title='bbox 2395 3831 2598 3890; x_wconf 69' lang='lat' dir='ltr'><strong>pannus</strong></span> <span class='ocrx_word' id='word_1_664' title='bbox 2625 3814 2887 3869; x_wconf 83' lang='lat' dir='ltr'><strong>deturbari</strong></span> <span class='ocrx_word' id='word_1_665' title='bbox 2933 3826 3112 3887; x_wconf 84' lang='lat' dir='ltr'><strong>potest.</strong></span> <span class='ocrx_word' id='word_1_666' title='bbox 3148 3817 3311 3873; x_wconf 87' lang='lat' dir='ltr'><strong>Forte</strong></span> <span class='ocrx_word' id='word_1_667' title='bbox 3339 3816 3558 3888; x_wconf 89' lang='lat' dir='ltr'><strong>scripsit</strong></span> 
     </span>
    </p>
   </div>
   <div class='ocr_carea' id='block_1_87' title="bbox 1960 3885 2788 3958">
    <p class='ocr_par' dir='ltr' id='par_1_87' title="bbox 1960 3885 2788 3958">
     <span class='ocr_line' id='line_1_88' title="bbox 1960 3885 2788 3958; baseline -0.006 -14"><span class='ocrx_word' id='word_1_668' title='bbox 1960 3885 2186 3958; x_wconf 82' lang='lat' dir='ltr'><strong>Optatus</strong></span> <span class='ocrx_word' id='word_1_669' title='bbox 2213 3930 2226 3951; x_wconf 91' lang='lat'><strong>,</strong></span> <span class='ocrx_word' id='word_1_670' title='bbox 2262 3888 2544 3958; x_wconf 79' lang='lat' dir='ltr'><strong>deturpari.</strong></span> <span class='ocrx_word' id='word_1_671' title='bbox 2574 3885 2788 3958; x_wconf 64' lang='lat' dir='ltr'><strong>lucum.</strong></span> 
     </span>
    </p>
   </div>
   <div class='ocr_carea' id='block_1_88' title="bbox 2036 3957 3556 4032">
    <p class='ocr_par' dir='ltr' id='par_1_88' title="bbox 2036 3957 3556 4032">
     <span class='ocr_line' id='line_1_89' title="bbox 2036 3957 3556 4032; baseline 0 -18"><span class='ocrx_word' id='word_1_672' title='bbox 2036 3959 2148 4032; x_wconf 68' lang='lat'>(62)</span> <span class='ocrx_word' id='word_1_673' title='bbox 2179 3957 2677 4032; x_wconf 77' lang='lat' dir='ltr'><strong>Spiritalenubendi</strong></span> <span class='ocrx_word' id='word_1_674' title='bbox 2721 3959 2813 4011; x_wconf 83' lang='lat' dir='ltr'><strong>hac</strong></span> <span class='ocrx_word' id='word_1_675' title='bbox 2851 3975 3010 4030; x_wconf 84' lang='lat' dir='ltr'><strong>genus</strong></span> <span class='ocrx_word' id='word_1_676' title='bbox 3043 3971 3135 4015; x_wconf 91' lang='lat' dir='ltr'><strong>est.</strong></span> <span class='ocrx_word' id='word_1_677' title='bbox 3167 3959 3335 4028; x_wconf 86' lang='lat' dir='ltr'><strong>Quia,</strong></span> <span class='ocrx_word' id='word_1_678' title='bbox 3368 3968 3424 4014; x_wconf 92' lang='lat' dir='ltr'><strong>ut</strong></span> <span class='ocrx_word' id='word_1_679' title='bbox 3453 3959 3556 4014; x_wconf 86' lang='lat' dir='ltr'><strong>ob-</strong></span> 
     </span>
    </p>
   </div>
   <div class='ocr_carea' id='block_1_89' title="bbox 1964 4029 3555 4097">
    <p class='ocr_par' dir='ltr' id='par_1_89' title="bbox 1964 4029 3555 4097">
     <span class='ocr_line' id='line_1_90' title="bbox 1964 4029 3555 4097; baseline 0 -11"><span class='ocrx_word' id='word_1_680' title='bbox 1964 4029 2296 4086; x_wconf 79' lang='lat' dir='ltr'><strong>servavimus</strong></span> <span class='ocrx_word' id='word_1_681' title='bbox 2341 4030 2536 4091; x_wconf 90' lang='lat' dir='ltr'><strong>modo,</strong></span> <span class='ocrx_word' id='word_1_682' title='bbox 2571 4029 2743 4082; x_wconf 71' lang='lat' dir='ltr'><strong>mitra:</strong></span> <span class='ocrx_word' id='word_1_683' title='bbox 2766 4029 2872 4084; x_wconf 90' lang='lat' dir='ltr'><strong>non</strong></span> <span class='ocrx_word' id='word_1_684' title='bbox 2904 4042 3056 4086; x_wconf 89' lang='lat' dir='ltr'><strong>erant</strong></span> <span class='ocrx_word' id='word_1_685' title='bbox 3080 4075 3092 4097; x_wconf 95' lang='lat'><strong>,</strong></span> <span class='ocrx_word' id='word_1_686' title='bbox 3131 4033 3231 4086; x_wconf 78' lang='lat' dir='ltr'><strong>nisi</strong></span> <span class='ocrx_word' id='word_1_687' title='bbox 3267 4039 3555 4094; x_wconf 89' lang='lat' dir='ltr'><strong>nuptarum</strong></span> 
     </span>
    </p>
   </div>
   <div class='ocr_carea' id='block_1_90' title="bbox 1964 4101 3552 4171">
    <p class='ocr_par' dir='ltr' id='par_1_90' title="bbox 1964 4101 3552 4171">
     <span class='ocr_line' id='line_1_91' title="bbox 1964 4101 3552 4171; baseline -0.001 -13"><span class='ocrx_word' id='word_1_688' title='bbox 1964 4102 2286 4159; x_wconf 81' lang='lat' dir='ltr'><strong>feminarum</strong></span> <span class='ocrx_word' id='word_1_689' title='bbox 2357 4113 2448 4156; x_wconf 87' lang='lat' dir='ltr'><strong>aut</strong></span> <span class='ocrx_word' id='word_1_690' title='bbox 2502 4103 2612 4156; x_wconf 87' lang='lat' dir='ltr'><strong>Deo</strong></span> <span class='ocrx_word' id='word_1_691' title='bbox 2636 4113 2966 4171; x_wconf 73' lang='lat' dir='ltr'><strong>sacratorum</strong></span> <span class='ocrx_word' id='word_1_692' title='bbox 3011 4103 3297 4171; x_wconf 85' lang='lat' dir='ltr'><strong>virginum.</strong></span> <span class='ocrx_word' id='word_1_693' title='bbox 3327 4103 3400 4157; x_wconf 87' lang='lat' dir='ltr'><strong>Du</strong></span> <span class='ocrx_word' id='word_1_694' title='bbox 3433 4101 3552 4157; x_wconf 76' lang='lat' dir='ltr'><strong>PIN.</strong></span> 
     </span>
    </p>
   </div>
   <div class='ocr_carea' id='block_1_91' title="bbox 2033 4169 3557 4246">
    <p class='ocr_par' dir='ltr' id='par_1_91' title="bbox 2033 4169 3557 4246">
     <span class='ocr_line' id='line_1_92' title="bbox 2033 4169 3557 4246; baseline -0.007 -8"><span class='ocrx_word' id='word_1_695' title='bbox 2033 4175 2149 4246; x_wconf 81' lang='grc'>(65)</span> <span class='ocrx_word' id='word_1_696' title='bbox 2180 4173 2246 4229; x_wconf 80' lang='lat' dir='ltr'><strong>In</strong></span> <span class='ocrx_word' id='word_1_697' title='bbox 2269 4175 2475 4246; x_wconf 83' lang='lat' dir='ltr'><strong>nuptias</strong></span> <span class='ocrx_word' id='word_1_698' title='bbox 2504 4171 2697 4246; x_wconf 86' lang='lat' dir='ltr'><strong>sponsi.</strong></span> <span class='ocrx_word' id='word_1_699' title='bbox 2731 4169 3010 4233; x_wconf 81' lang='lat' dir='ltr'><strong>Vovebant</strong></span> <span class='ocrx_word' id='word_1_700' title='bbox 3036 4169 3250 4232; x_wconf 79' lang='lat' dir='ltr'><strong>ChriSto</strong></span> <span class='ocrx_word' id='word_1_701' title='bbox 3277 4173 3557 4246; x_wconf 87' lang='lat' dir='ltr'><strong>virginita-</strong></span> 
     </span>
    </p>
   </div>
   <div class='ocr_carea' id='block_1_92' title="bbox 1963 4250 2346 4302">
    <p class='ocr_par' dir='ltr' id='par_1_92' title="bbox 1963 4250 2346 4302">
     <span class='ocr_line' id='line_1_93' title="bbox 1963 4250 2346 4302; baseline -0.003 -2"><span class='ocrx_word' id='word_1_702' title='bbox 1963 4255 2091 4302; x_wconf 91' lang='lat' dir='ltr'><strong>tem.</strong></span> <span class='ocrx_word' id='word_1_703' title='bbox 2118 4250 2346 4302; x_wconf 75' lang='lat' dir='ltr'><strong>ALBASP.</strong></span> 
     </span>
    </p>
   </div>
   <div class='ocr_carea' id='block_1_93' title="bbox 2032 4316 3556 4390">
    <p class='ocr_par' dir='ltr' id='par_1_93' title="bbox 2032 4316 3556 4390">
     <span class='ocr_line' id='line_1_94' title="bbox 2032 4316 3556 4390; baseline -0.001 -18"><span class='ocrx_word' id='word_1_704' title='bbox 2032 4317 2148 4390; x_wconf 69' lang='grc'>(64)</span> <span class='ocrx_word' id='word_1_705' title='bbox 2169 4318 2411 4390; x_wconf 78' lang='lat' dir='ltr'><strong>Spiritali</strong></span> <span class='ocrx_word' id='word_1_706' title='bbox 2436 4335 2626 4388; x_wconf 87' lang='lat' dir='ltr'><strong>sponso</strong></span> <span class='ocrx_word' id='word_1_707' title='bbox 2663 4324 2921 4378; x_wconf 80' lang='lat' dir='ltr'><strong>solverant</strong></span> <span class='ocrx_word' id='word_1_708' title='bbox 2951 4321 3162 4374; x_wconf 86' lang='lat' dir='ltr'><strong>crinem.</strong></span> <span class='ocrx_word' id='word_1_709' title='bbox 3196 4318 3400 4372; x_wconf 85' lang='lat' dir='ltr'><strong>Crimen</strong></span> <span class='ocrx_word' id='word_1_710' title='bbox 3428 4316 3556 4372; x_wconf 90' lang='lat' dir='ltr'><strong>cudi</strong></span> 
     </span>
    </p>
   </div>
   <div class='ocr_carea' id='block_1_94' title="bbox 1959 4388 3559 4458">
    <p class='ocr_par' dir='ltr' id='par_1_94' title="bbox 1959 4388 3559 4458">
     <span class='ocr_line' id='line_1_95' title="bbox 1959 4388 3559 4458; baseline -0.001 -15"><span class='ocrx_word' id='word_1_711' title='bbox 1959 4388 2217 4458; x_wconf 86' lang='lat' dir='ltr'><strong>oportuit.</strong></span> <span class='ocrx_word' id='word_1_712' title='bbox 2247 4388 2352 4445; x_wconf 89' lang='lat' dir='ltr'><strong>Sed</strong></span> <span class='ocrx_word' id='word_1_713' title='bbox 2375 4390 2474 4444; x_wconf 91' lang='lat' dir='ltr'><strong>hoc</strong></span> <span class='ocrx_word' id='word_1_714' title='bbox 2504 4395 2758 4449; x_wconf 91' lang='lat' dir='ltr'><strong>mendum</strong></span> <span class='ocrx_word' id='word_1_715' title='bbox 2772 4402 2826 4448; x_wconf 90' lang='lat' dir='ltr'><strong>et</strong></span> <span class='ocrx_word' id='word_1_716' title='bbox 2847 4403 3100 4447; x_wconf 76' lang='lat' dir='ltr'><strong>sexcenta</strong></span> <span class='ocrx_word' id='word_1_717' title='bbox 3125 4391 3251 4445; x_wconf 86' lang='lat' dir='ltr'><strong>talia</strong></span> <span class='ocrx_word' id='word_1_718' title='bbox 3277 4390 3412 4444; x_wconf 86' lang='lat' dir='ltr'><strong>adeo</strong></span> <span class='ocrx_word' id='word_1_719' title='bbox 3445 4404 3559 4443; x_wconf 90' lang='lat' dir='ltr'><strong>ma-</strong></span> 
     </span>
    </p>
   </div>
   <div class='ocr_carea' id='block_1_95' title="bbox 1959 4460 3554 4533">
    <p class='ocr_par' dir='ltr' id='par_1_95' title="bbox 1959 4460 3554 4533">
     <span class='ocr_line' id='line_1_96' title="bbox 1959 4460 3554 4533; baseline 0.001 -19"><span class='ocrx_word' id='word_1_720' title='bbox 1959 4461 2308 4533; x_wconf 62' lang='lat' dir='ltr'><strong>qifestasunt,</strong></span> <span class='ocrx_word' id='word_1_721' title='bbox 2341 4470 2399 4515; x_wconf 90' lang='lat' dir='ltr'><strong>ut</strong></span> <span class='ocrx_word' id='word_1_722' title='bbox 2423 4463 2594 4530; x_wconf 86' lang='lat' dir='ltr'><strong>primo</strong></span> <span class='ocrx_word' id='word_1_723' title='bbox 2620 4467 2796 4520; x_wconf 91' lang='lat' dir='ltr'><strong>statim</strong></span> <span class='ocrx_word' id='word_1_724' title='bbox 2822 4473 3042 4533; x_wconf 90' lang='lat' dir='ltr'><strong>aspectu</strong></span> <span class='ocrx_word' id='word_1_725' title='bbox 3056 4460 3554 4533; x_wconf 87' lang='lat' dir='ltr'><strong>deprehendantur.</strong></span> 
     </span>
    </p>
   </div>
   <div class='ocr_carea' id='block_1_96' title="bbox 1958 4530 3554 4604">
    <p class='ocr_par' dir='ltr' id='par_1_96' title="bbox 1958 4530 3554 4604">
     <span class='ocr_line' id='line_1_97' title="bbox 1958 4530 3554 4604; baseline 0 -18"><span class='ocrx_word' id='word_1_726' title='bbox 1958 4530 2050 4604; x_wconf 84' lang='lat' dir='ltr'><strong>Sic</strong></span> <span class='ocrx_word' id='word_1_727' title='bbox 2069 4532 2260 4604; x_wconf 83' lang='lat' dir='ltr'><strong>eadem</strong></span> <span class='ocrx_word' id='word_1_728' title='bbox 2282 4547 2343 4604; x_wconf 10' lang='lat' dir='ltr'><strong>7p.</strong></span> <span class='ocrx_word' id='word_1_729' title='bbox 2369 4536 2604 4602; x_wconf 91' lang='lat' dir='ltr'><strong>pessime</strong></span> <span class='ocrx_word' id='word_1_730' title='bbox 2631 4536 2777 4590; x_wconf 86' lang='lat' dir='ltr'><strong>divus</strong></span> <span class='ocrx_word' id='word_1_731' title='bbox 2801 4530 2898 4604; x_wconf 89' lang='lat' dir='ltr'><strong>pro</strong></span> <span class='ocrx_word' id='word_1_732' title='bbox 2922 4535 3114 4588; x_wconf 85' lang='lat' dir='ltr'><strong>diutius</strong></span> <span class='ocrx_word' id='word_1_733' title='bbox 3126 4530 3554 4589; x_wconf 74' lang='lat' dir='ltr'><strong>editurJacen&#39;r.</strong></span> 
     </span>
    </p>
   </div>
   <div class='ocr_carea' id='block_1_97' title="bbox 2031 4602 3559 4676">
    <p class='ocr_par' dir='ltr' id='par_1_97' title="bbox 2031 4602 3559 4676">
     <span class='ocr_line' id='line_1_98' title="bbox 2031 4602 3559 4676; baseline 0.001 -18"><span class='ocrx_word' id='word_1_734' title='bbox 2031 4602 2146 4676; x_wconf 84' lang='lat'>(65)</span> <span class='ocrx_word' id='word_1_735' title='bbox 2191 4603 2458 4676; x_wconf 69' lang='lat' dir='ltr'><strong>Solvet-ent</strong></span> <span class='ocrx_word' id='word_1_736' title='bbox 2478 4608 2689 4661; x_wconf 87' lang='lat' dir='ltr'><strong>crinem.</strong></span> <span class='ocrx_word' id='word_1_737' title='bbox 2736 4602 2838 4662; x_wconf 80' lang='lat' dir='ltr'><strong>Sed</strong></span> <span class='ocrx_word' id='word_1_738' title='bbox 2884 4615 2937 4660; x_wconf 89' lang='lat' dir='ltr'><strong>et</strong></span> <span class='ocrx_word' id='word_1_739' title='bbox 2969 4605 3128 4661; x_wconf 91' lang='lat' dir='ltr'><strong>hodie</strong></span> <span class='ocrx_word' id='word_1_740' title='bbox 3169 4605 3218 4659; x_wconf 93' lang='lat' dir='ltr'><strong>in</strong></span> <span class='ocrx_word' id='word_1_741' title='bbox 3256 4604 3559 4674; x_wconf 86' lang='lat' dir='ltr'><strong>virginibus</strong></span> 
     </span>
    </p>
   </div>
   <div class='ocr_carea' id='block_1_98' title="bbox 1960 4675 3247 4733">
    <p class='ocr_par' dir='ltr' id='par_1_98' title="bbox 1960 4675 3247 4733">
     <span class='ocr_line' id='line_1_99' title="bbox 1960 4675 3247 4733; baseline 0 -3"><span class='ocrx_word' id='word_1_742' title='bbox 1960 4675 2344 4730; x_wconf 89' lang='lat' dir='ltr'><strong>consecrandis</strong></span> <span class='ocrx_word' id='word_1_743' title='bbox 2375 4675 2460 4730; x_wconf 90' lang='lat' dir='ltr'><strong>hic</strong></span> <span class='ocrx_word' id='word_1_744' title='bbox 2488 4680 2620 4730; x_wconf 89' lang='lat' dir='ltr'><strong>ritus</strong></span> <span class='ocrx_word' id='word_1_745' title='bbox 2647 4679 2984 4733; x_wconf 88' lang='lat' dir='ltr'><strong>observatur.</strong></span> <span class='ocrx_word' id='word_1_746' title='bbox 3018 4681 3247 4733; x_wconf 68' lang='grc' dir='ltr'><strong>Αιῐςλςρ.</strong></span> 
     </span>
    </p>
   </div>
   <div class='ocr_carea' id='block_1_99' title="bbox 263 4745 3561 4838">
    <p class='ocr_par' dir='ltr' id='par_1_99' title="bbox 263 4745 3561 4838">
     <span class='ocr_line' id='line_1_100' title="bbox 263 4745 3561 4838; baseline 0.002 -36"><span class='ocrx_word' id='word_1_747' title='bbox 263 4747 408 4838; x_wconf 77' lang='lat' dir='ltr'><strong>dnqs</strong></span> <span class='ocrx_word' id='word_1_748' title='bbox 455 4745 736 4838; x_wconf 68' lang='lat' dir='ltr'><strong>acceperat</strong></span> <span class='ocrx_word' id='word_1_749' title='bbox 765 4749 1016 4806; x_wconf 89' lang='lat' dir='ltr'><strong>denarios</strong></span> <span class='ocrx_word' id='word_1_750' title='bbox 1064 4760 1121 4804; x_wconf 92' lang='lat' dir='ltr'><strong>ut</strong></span> <span class='ocrx_word' id='word_1_751' title='bbox 1172 4745 1387 4838; x_wconf 41' lang='lat' dir='ltr'><strong>cu—rare&#39;t</strong></span> <span class='ocrx_word' id='word_1_752' title='bbox 1418 4749 1688 4832; x_wconf 82' lang='lat' dir='ltr'><strong>hominem</strong></span> <span class='ocrx_word' id='word_1_753' title='bbox 1719 4747 1858 4803; x_wconf 92' lang='lat' dir='ltr'><strong>male</strong></span> <span class='ocrx_word' id='word_1_754' title='bbox 1882 4775 1937 4838; x_wconf 77' lang='lat' dir='ltr'><strong>D</strong></span> <span class='ocrx_word' id='word_1_755' title='bbox 2035 4746 2148 4820; x_wconf 87' lang='lat'>(66)</span> <span class='ocrx_word' id='word_1_756' title='bbox 2192 4745 2461 4838; x_wconf 70' lang='lat' dir='ltr'><strong>Solverqnt</strong></span> <span class='ocrx_word' id='word_1_757' title='bbox 2483 4750 2694 4838; x_wconf 68' lang='lat' dir='ltr'><strong>crinem.</strong></span> <span class='ocrx_word' id='word_1_758' title='bbox 2727 4749 2967 4838; x_wconf 53' lang='lat' dir='ltr'><strong>Sponsaa‘</strong></span> <span class='ocrx_word' id='word_1_759' title='bbox 2995 4750 3186 4838; x_wconf 72' lang='lat' dir='ltr'><strong>solutis</strong></span> <span class='ocrx_word' id='word_1_760' title='bbox 3226 4746 3561 4838; x_wconf 30' lang='lat' dir='ltr'><strong>crinibus‘ed</strong></span> 
     </span>
    </p>
   </div>
   <div class='ocr_carea' id='block_1_100' title="bbox 265 4818 1854 4890">
    <p class='ocr_par' dir='ltr' id='par_1_100' title="bbox 265 4818 1854 4890">
     <span class='ocr_line' id='line_1_101' title="bbox 265 4818 1854 4890; baseline 0.001 -18"><span class='ocrx_word' id='word_1_761' title='bbox 265 4818 588 4882; x_wconf 86' lang='lat' dir='ltr'><strong>mulctatum</strong></span> <span class='ocrx_word' id='word_1_762' title='bbox 626 4835 655 4874; x_wconf 90' lang='lat' dir='ltr'><strong>a</strong></span> <span class='ocrx_word' id='word_1_763' title='bbox 687 4820 982 4878; x_wconf 89' lang='lat' dir='ltr'><strong>latronibus</strong></span> <span class='ocrx_word' id='word_1_764' title='bbox 1010 4864 1024 4886; x_wconf 97' lang='lat'><strong>,</strong></span> <span class='ocrx_word' id='word_1_765' title='bbox 1059 4824 1159 4876; x_wconf 90' lang='lat' dir='ltr'><strong>hoc</strong></span> <span class='ocrx_word' id='word_1_766' title='bbox 1203 4829 1322 4881; x_wconf 89' lang='lat' dir='ltr'><strong>est.</strong></span> <span class='ocrx_word' id='word_1_767' title='bbox 1357 4820 1606 4876; x_wconf 89' lang='lat' dir='ltr'><strong>homines</strong></span> <span class='ocrx_word' id='word_1_768' title='bbox 1641 4834 1814 4890; x_wconf 60' lang='lat' dir='ltr'><strong>aegros</strong></span> <span class='ocrx_word' id='word_1_769' title='bbox 1839 4861 1854 4883; x_wconf 89' lang='lat'><strong>,</strong></span> 
     </span>
    </p>
   </div>
   <div class='ocr_carea' id='block_1_101' title="bbox 267 4890 1860 4974">
    <p class='ocr_par' dir='ltr' id='par_1_101' title="bbox 267 4890 1860 4974">
     <span class='ocr_line' id='line_1_102' title="bbox 267 4890 1860 4974; baseline 0 -28"><span class='ocrx_word' id='word_1_770' title='bbox 267 4891 415 4946; x_wconf 89' lang='lat' dir='ltr'><strong>male</strong></span> <span class='ocrx_word' id='word_1_771' title='bbox 441 4890 681 4974; x_wconf 70' lang='lat' dir='ltr'><strong>allectos.</strong></span> <span class='ocrx_word' id='word_1_772' title='bbox 725 4893 837 4949; x_wconf 89' lang='lat' dir='ltr'><strong>Duo</strong></span> <span class='ocrx_word' id='word_1_773' title='bbox 876 4893 1082 4950; x_wconf 90' lang='lat' dir='ltr'><strong>denarii</strong></span> <span class='ocrx_word' id='word_1_774' title='bbox 1112 4907 1250 4974; x_wconf 77' lang='lat' dir='ltr'><strong>quos</strong></span> <span class='ocrx_word' id='word_1_775' title='bbox 1286 4891 1350 4946; x_wconf 88' lang='lat' dir='ltr'><strong>ad</strong></span> <span class='ocrx_word' id='word_1_776' title='bbox 1382 4892 1432 4974; x_wconf 89' lang='lat' dir='ltr'><strong>id</strong></span> <span class='ocrx_word' id='word_1_777' title='bbox 1458 4891 1702 4974; x_wconf 67' lang='lat' dir='ltr'><strong>accepit,</strong></span> <span class='ocrx_word' id='word_1_778' title='bbox 1729 4891 1860 4974; x_wconf 75' lang='lat' dir='ltr'><strong>dicit</strong></span> 
     </span>
    </p>
   </div>
   <div class='ocr_carea' id='block_1_102' title="bbox 267 4963 1859 5036">
    <p class='ocr_par' dir='ltr' id='par_1_102' title="bbox 267 4963 1859 5036">
     <span class='ocr_line' id='line_1_103' title="bbox 267 4963 1859 5036; baseline -0.001 -18"><span class='ocrx_word' id='word_1_779' title='bbox 267 4977 395 5018; x_wconf 86' lang='lat' dir='ltr'><strong>esse</strong></span> <span class='ocrx_word' id='word_1_780' title='bbox 422 4963 531 5036; x_wconf 87' lang='lat' dir='ltr'><strong>duo</strong></span> <span class='ocrx_word' id='word_1_781' title='bbox 557 4975 908 5034; x_wconf 81' lang='lat' dir='ltr'><strong>testamenta,</strong></span> <span class='ocrx_word' id='word_1_782' title='bbox 939 4963 1167 5036; x_wconf 87' lang='lat' dir='ltr'><strong>quorum</strong></span> <span class='ocrx_word' id='word_1_783' title='bbox 1222 4964 1370 5034; x_wconf 85' lang='lat' dir='ltr'><strong>leges</strong></span> <span class='ocrx_word' id='word_1_784' title='bbox 1397 4973 1660 5036; x_wconf 83' lang='lat' dir='ltr'><strong>tenentur</strong></span> <span class='ocrx_word' id='word_1_785' title='bbox 1682 4963 1859 5017; x_wconf 87' lang='lat' dir='ltr'><strong>homi-</strong></span> 
     </span>
    </p>
   </div>
   <div class='ocr_carea' id='block_1_103' title="bbox 269 5034 1856 5106">
    <p class='ocr_par' dir='ltr' id='par_1_103' title="bbox 269 5034 1856 5106">
     <span class='ocr_line' id='line_1_104' title="bbox 269 5034 1856 5106; baseline 0 -17"><span class='ocrx_word' id='word_1_786' title='bbox 269 5048 373 5089; x_wconf 88' lang='lat' dir='ltr'><strong>nes</strong></span> <span class='ocrx_word' id='word_1_787' title='bbox 419 5035 711 5093; x_wconf 90' lang='lat' dir='ltr'><strong>observare</strong></span> <span class='ocrx_word' id='word_1_788' title='bbox 754 5048 810 5092; x_wconf 94' lang='lat' dir='ltr'><strong>ut</strong></span> <span class='ocrx_word' id='word_1_789' title='bbox 840 5034 974 5092; x_wconf 86' lang='lat' dir='ltr'><strong>salvi</strong></span> <span class='ocrx_word' id='word_1_790' title='bbox 1007 5036 1138 5091; x_wconf 83' lang='lat' dir='ltr'><strong>ﬁant</strong></span> <span class='ocrx_word' id='word_1_791' title='bbox 1171 5055 1184 5090; x_wconf 90' lang='lat'><strong>:</strong></span> <span class='ocrx_word' id='word_1_792' title='bbox 1217 5050 1278 5090; x_wconf 88' lang='lat' dir='ltr'><strong>ea</strong></span> <span class='ocrx_word' id='word_1_793' title='bbox 1305 5050 1425 5106; x_wconf 70' lang='lat' dir='ltr'><strong>qua:</strong></span> <span class='ocrx_word' id='word_1_794' title='bbox 1455 5034 1667 5106; x_wconf 87' lang='lat' dir='ltr'><strong>consilii</strong></span> <span class='ocrx_word' id='word_1_795' title='bbox 1697 5044 1856 5102; x_wconf 90' lang='lat' dir='ltr'><strong>sunt,</strong></span> 
     </span>
    </p>
   </div>
   <div class='ocr_carea' id='block_1_104' title="bbox 270 5105 1864 5178">
    <p class='ocr_par' dir='ltr' id='par_1_104' title="bbox 270 5105 1864 5178">
     <span class='ocr_line' id='line_1_105' title="bbox 270 5105 1864 5178; baseline 0.001 -17"><span class='ocrx_word' id='word_1_796' title='bbox 270 5117 334 5161; x_wconf 92' lang='lat' dir='ltr'><strong>ut</strong></span> <span class='ocrx_word' id='word_1_797' title='bbox 369 5109 682 5176; x_wconf 84' lang='lat' dir='ltr'><strong>virginitas.</strong></span> <span class='ocrx_word' id='word_1_798' title='bbox 723 5109 854 5164; x_wconf 91' lang='lat' dir='ltr'><strong>illud</strong></span> <span class='ocrx_word' id='word_1_799' title='bbox 883 5125 1003 5165; x_wconf 91' lang='lat' dir='ltr'><strong>esse</strong></span> <span class='ocrx_word' id='word_1_800' title='bbox 1027 5116 1213 5164; x_wconf 83' lang='lat' dir='ltr'><strong>censet</strong></span> <span class='ocrx_word' id='word_1_801' title='bbox 1240 5107 1382 5178; x_wconf 90' lang='lat' dir='ltr'><strong>quod</strong></span> <span class='ocrx_word' id='word_1_802' title='bbox 1415 5105 1740 5162; x_wconf 89' lang='lat' dir='ltr'><strong>stabularius</strong></span> <span class='ocrx_word' id='word_1_803' title='bbox 1771 5122 1864 5162; x_wconf 88' lang='lat' dir='ltr'><strong>su-</strong></span> 
     </span>
    </p>
   </div>
   <div class='ocr_carea' id='block_1_105' title="bbox 274 5179 1862 5249">
    <p class='ocr_par' dir='ltr' id='par_1_105' title="bbox 274 5179 1862 5249">
     <span class='ocr_line' id='line_1_106' title="bbox 274 5179 1862 5249; baseline 0.001 -17"><span class='ocrx_word' id='word_1_804' title='bbox 274 5188 564 5248; x_wconf 89' lang='lat' dir='ltr'><strong>pererogat</strong></span> <span class='ocrx_word' id='word_1_805' title='bbox 610 5181 744 5234; x_wconf 87' lang='lat' dir='ltr'><strong>ultra</strong></span> <span class='ocrx_word' id='word_1_806' title='bbox 791 5181 929 5237; x_wconf 92' lang='lat' dir='ltr'><strong>duos</strong></span> <span class='ocrx_word' id='word_1_807' title='bbox 977 5179 1249 5235; x_wconf 91' lang='lat' dir='ltr'><strong>denarios.</strong></span> <span class='ocrx_word' id='word_1_808' title='bbox 1293 5179 1368 5233; x_wconf 85' lang='lat' dir='ltr'><strong>Ita</strong></span> <span class='ocrx_word' id='word_1_809' title='bbox 1411 5193 1506 5248; x_wconf 89' lang='lat' dir='ltr'><strong>per</strong></span> <span class='ocrx_word' id='word_1_810' title='bbox 1548 5179 1862 5249; x_wconf 89' lang='lat' dir='ltr'><strong>allegoriam</strong></span> 
     </span>
    </p>
   </div>
   <div class='ocr_carea' id='block_1_106' title="bbox 273 5249 1476 5324">
    <p class='ocr_par' dir='ltr' id='par_1_106' title="bbox 273 5249 1476 5324">
     <span class='ocr_line' id='line_1_107' title="bbox 273 5249 1476 5324; baseline 0 -20"><span class='ocrx_word' id='word_1_811' title='bbox 273 5260 524 5324; x_wconf 56' lang='lat' dir='ltr'><strong>mentem</strong></span> <span class='ocrx_word' id='word_1_812' title='bbox 547 5267 699 5308; x_wconf 89' lang='lat' dir='ltr'><strong>suam</strong></span> <span class='ocrx_word' id='word_1_813' title='bbox 722 5254 942 5324; x_wconf 82' lang='lat' dir='ltr'><strong>exponit</strong></span> <span class='ocrx_word' id='word_1_814' title='bbox 967 5251 1216 5324; x_wconf 81' lang='lat' dir='ltr'><strong>Optatos.</strong></span> <span class='ocrx_word' id='word_1_815' title='bbox 1250 5249 1328 5305; x_wconf 84' lang='lat' dir='ltr'><strong>Du</strong></span> <span class='ocrx_word' id='word_1_816' title='bbox 1362 5251 1476 5324; x_wconf 80' lang='lat' dir='ltr'><strong>an.</strong></span> 
     </span>
    </p>
   </div>
   <div class='ocr_carea' id='block_1_107' title="bbox 350 5319 1872 5396">
    <p class='ocr_par' dir='ltr' id='par_1_107' title="bbox 350 5319 1872 5396">
     <span class='ocr_line' id='line_1_108' title="bbox 350 5319 1872 5396; baseline 0.001 -21"><span class='ocrx_word' id='word_1_817' title='bbox 350 5319 471 5393; x_wconf 80' lang='grc'>(57)</span> <span class='ocrx_word' id='word_1_818' title='bbox 490 5322 662 5396; x_wconf 71' lang='lat' dir='ltr'><strong>Quasi</strong></span> <span class='ocrx_word' id='word_1_819' title='bbox 688 5319 940 5396; x_wconf 77' lang='lat' dir='ltr'><strong>sumptus.</strong></span> <span class='ocrx_word' id='word_1_820' title='bbox 966 5319 1249 5396; x_wconf 83' lang='lat' dir='ltr'><strong>Quomodo</strong></span> <span class='ocrx_word' id='word_1_821' title='bbox 1274 5323 1585 5393; x_wconf 84' lang='lat' dir='ltr'><strong>virginitate</strong></span> <span class='ocrx_word' id='word_1_822' title='bbox 1614 5330 1707 5377; x_wconf 89' lang='lat' dir='ltr'><strong>aut</strong></span> <span class='ocrx_word' id='word_1_823' title='bbox 1757 5335 1872 5376; x_wconf 82' lang='lat' dir='ltr'><strong>ma-</strong></span> 
     </span>
    </p>
   </div>
   <div class='ocr_carea' id='block_1_108' title="bbox 276 5392 1234 5452">
    <p class='ocr_par' dir='ltr' id='par_1_108' title="bbox 276 5392 1234 5452">
     <span class='ocr_line' id='line_1_109' title="bbox 276 5392 1234 5452; baseline 0.001 -3"><span class='ocrx_word' id='word_1_824' title='bbox 276 5392 539 5449; x_wconf 88' lang='lat' dir='ltr'><strong>trimonio</strong></span> <span class='ocrx_word' id='word_1_825' title='bbox 570 5395 644 5449; x_wconf 92' lang='lat' dir='ltr'><strong>uti</strong></span> <span class='ocrx_word' id='word_1_826' title='bbox 666 5392 980 5452; x_wconf 81' lang='lat' dir='ltr'><strong>debeamus.</strong></span> <span class='ocrx_word' id='word_1_827' title='bbox 1004 5394 1234 5452; x_wconf 75' lang='lat' dir='ltr'><strong>ALBASP.</strong></span> 
     </span>
    </p>
   </div>
   <div class='ocr_carea' id='block_1_109' title="bbox 353 5464 1876 5542">
    <p class='ocr_par' dir='ltr' id='par_1_109' title="bbox 353 5464 1876 5542">
     <span class='ocr_line' id='line_1_110' title="bbox 353 5464 1876 5542; baseline 0.001 -23"><span class='ocrx_word' id='word_1_828' title='bbox 353 5465 477 5542; x_wconf 62' lang='lat'>(56)</span> <span class='ocrx_word' id='word_1_829' title='bbox 529 5464 684 5542; x_wconf 65' lang='lat' dir='ltr'><strong>Duos</strong></span> <span class='ocrx_word' id='word_1_830' title='bbox 718 5469 958 5523; x_wconf 83' lang='lat' dir='ltr'><strong>denarios</strong></span> <span class='ocrx_word' id='word_1_831' title='bbox 998 5480 1251 5542; x_wconf 84' lang='lat' dir='ltr'><strong>erogasse.</strong></span> <span class='ocrx_word' id='word_1_832' title='bbox 1296 5465 1640 5524; x_wconf 75' lang='lat' dir='ltr'><strong>Voltlnlatem</strong></span> <span class='ocrx_word' id='word_1_833' title='bbox 1675 5464 1876 5521; x_wconf 88' lang='lat' dir='ltr'><strong>Christi</strong></span> 
     </span>
    </p>
   </div>
   <div class='ocr_carea' id='block_1_110' title="bbox 278 5535 1799 5620">
    <p class='ocr_par' dir='ltr' id='par_1_110' title="bbox 278 5535 1799 5620">
     <span class='ocr_line' id='line_1_111' title="bbox 278 5535 1799 5620; baseline 0 0"><span class='ocrx_word' id='word_1_834' title='bbox 278 5535 860 5620; x_wconf 54' lang='grc' dir='ltr'><strong>εκθέίέἒδεὲθιλιβλδνς</strong></span> <span class='ocrx_word' id='word_1_835' title='bbox 1029 5535 1105 5620; x_wconf 37' lang='grc' dir='ltr'><strong>,ν</strong></span> <span class='ocrx_word' id='word_1_836' title='bbox 1207 5609 1344 5620; x_wconf 76' lang='lat'><strong>.._..</strong></span> <span class='ocrx_word' id='word_1_837' title='bbox 1421 5609 1435 5620; x_wconf 88' lang='lat'><strong>.</strong></span> <span class='ocrx_word' id='word_1_838' title='bbox 1611 5608 1702 5620; x_wconf 91' lang='lat'><strong>....</strong></span> <span class='ocrx_word' id='word_1_839' title='bbox 1768 5607 1799 5620; x_wconf 95' lang='lat'><strong>..</strong></span> 
     </span>
    </p>
   </div>
   <div class='ocr_carea' id='block_1_111' title="bbox 359 5608 1879 5690">
    <p class='ocr_par' dir='ltr' id='par_1_111' title="bbox 359 5608 1879 5690">
     <span class='ocr_line' id='line_1_112' title="bbox 359 5608 1879 5690; baseline -0.002 -26"><span class='ocrx_word' id='word_1_840' title='bbox 359 5609 476 5681; x_wconf 82' lang='grc'>(59)</span> <span class='ocrx_word' id='word_1_841' title='bbox 505 5609 610 5690; x_wconf 80' lang='lat' dir='ltr'><strong>_Sed_</strong></span> <span class='ocrx_word' id='word_1_842' title='bbox 630 5613 751 5683; x_wconf 83' lang='lat' dir='ltr'><strong>quia</strong></span> <span class='ocrx_word' id='word_1_843' title='bbox 771 5614 858 5690; x_wconf 78' lang='lat' dir='ltr'><strong>qui</strong></span> <span class='ocrx_word' id='word_1_844' title='bbox 901 5611 1158 5666; x_wconf 84' lang='lat' dir='ltr'><strong>sanciunt.</strong></span> <span class='ocrx_word' id='word_1_845' title='bbox 1194 5609 1531 5690; x_wconf 80' lang='lat' dir='ltr'><strong>Ait_Paulum</strong></span> <span class='ocrx_word' id='word_1_846' title='bbox 1574 5608 1702 5690; x_wconf 77' lang='lat' dir='ltr'><strong>nihil</strong></span> <span class='ocrx_word' id='word_1_847' title='bbox 1732 5608 1879 5690; x_wconf 75' lang='lat' dir='ltr'><strong>aliud</strong></span> 
     </span>
    </p>
   </div>
   <div class='ocr_carea' id='block_1_112' title="bbox 284 5681 1882 5753">
    <p class='ocr_par' dir='ltr' id='par_1_112' title="bbox 284 5681 1882 5753">
     <span class='ocr_line' id='line_1_113' title="bbox 284 5681 1882 5753; baseline -0.002 -16"><span class='ocrx_word' id='word_1_848' title='bbox 284 5683 354 5737; x_wconf 92' lang='lat' dir='ltr'><strong>dc</strong></span> <span class='ocrx_word' id='word_1_849' title='bbox 396 5681 650 5753; x_wconf 77' lang='lat' dir='ltr'><strong>coniugio</strong></span> <span class='ocrx_word' id='word_1_850' title='bbox 676 5681 930 5739; x_wconf 86' lang='lat' dir='ltr'><strong>statuisse</strong></span> <span class='ocrx_word' id='word_1_851' title='bbox 953 5726 966 5750; x_wconf 95' lang='lat'><strong>,</strong></span> <span class='ocrx_word' id='word_1_852' title='bbox 997 5698 1171 5752; x_wconf 89' lang='lat' dir='ltr'><strong>neque</strong></span> <span class='ocrx_word' id='word_1_853' title='bbox 1204 5697 1234 5736; x_wconf 89' lang='lat' dir='ltr'><strong>a</strong></span> <span class='ocrx_word' id='word_1_854' title='bbox 1291 5683 1400 5737; x_wconf 91' lang='lat' dir='ltr'><strong>Deo</strong></span> <span class='ocrx_word' id='word_1_855' title='bbox 1440 5683 1716 5753; x_wconf 86' lang='lat' dir='ltr'><strong>accepisse</strong></span> <span class='ocrx_word' id='word_1_856' title='bbox 1740 5723 1755 5748; x_wconf 94' lang='lat'><strong>,</strong></span> <span class='ocrx_word' id='word_1_857' title='bbox 1790 5681 1882 5749; x_wconf 77' lang='lat' dir='ltr'><strong>qui</strong></span> 
     </span>
    </p>
   </div>
   <div class='ocr_carea' id='block_1_113' title="bbox 286 5752 1882 5825">
    <p class='ocr_par' dir='ltr' id='par_1_113' title="bbox 286 5752 1882 5825">
     <span class='ocr_line' id='line_1_114' title="bbox 286 5752 1882 5825; baseline -0.001 -17"><span class='ocrx_word' id='word_1_858' title='bbox 286 5763 414 5825; x_wconf 90' lang='lat' dir='ltr'><strong>post</strong></span> <span class='ocrx_word' id='word_1_859' title='bbox 458 5752 754 5824; x_wconf 82' lang='lat' dir='ltr'><strong>impensam</strong></span> <span class='ocrx_word' id='word_1_860' title='bbox 805 5757 1272 5812; x_wconf 86' lang='lat' dir='ltr'><strong>Testamentorum</strong></span> <span class='ocrx_word' id='word_1_861' title='bbox 1303 5752 1601 5809; x_wconf 88' lang='lat' dir='ltr'><strong>doctrinam</strong></span> <span class='ocrx_word' id='word_1_862' title='bbox 1652 5752 1882 5825; x_wconf 85' lang='lat' dir='ltr'><strong>debebat</strong></span> 
     </span>
    </p>
   </div>
   <div class='ocr_carea' id='block_1_114' title="bbox 289 5823 1882 5898">
    <p class='ocr_par' dir='ltr' id='par_1_114' title="bbox 289 5823 1882 5898">
     <span class='ocr_line' id='line_1_115' title="bbox 289 5823 1882 5898; baseline 0.001 -20"><span class='ocrx_word' id='word_1_863' title='bbox 289 5823 1003 5898; x_wconf 17' lang='lat' dir='ltr'><strong>aliquid‘s’uggerere,quam</strong></span> <span class='ocrx_word' id='word_1_864' title='bbox 1028 5826 1344 5898; x_wconf 84' lang='lat' dir='ltr'><strong>benefacere</strong></span> <span class='ocrx_word' id='word_1_865' title='bbox 1366 5841 1489 5898; x_wconf 89' lang='lat' dir='ltr'><strong>eum</strong></span> <span class='ocrx_word' id='word_1_866' title='bbox 1517 5825 1604 5897; x_wconf 89' lang='lat' dir='ltr'><strong>qui</strong></span> <span class='ocrx_word' id='word_1_867' title='bbox 1619 5823 1882 5894; x_wconf 85' lang='lat' dir='ltr'><strong>virginem</strong></span> 
     </span>
    </p>
   </div>
   <div class='ocr_carea' id='block_1_115' title="bbox 294 5895 1767 5968">
    <p class='ocr_par' dir='ltr' id='par_1_115' title="bbox 294 5895 1767 5968">
     <span class='ocr_line' id='line_1_116' title="bbox 294 5895 1767 5968; baseline 0.001 -22"><span class='ocrx_word' id='word_1_868' title='bbox 294 5899 449 5948; x_wconf 82' lang='lat' dir='ltr'><strong>suam</strong></span> <span class='ocrx_word' id='word_1_869' title='bbox 479 5895 720 5954; x_wconf 81' lang='lat' dir='ltr'><strong>dederit:</strong></span> <span class='ocrx_word' id='word_1_870' title='bbox 750 5907 805 5956; x_wconf 87' lang='lat' dir='ltr'><strong>et</strong></span> <span class='ocrx_word' id='word_1_871' title='bbox 823 5895 1017 5956; x_wconf 84' lang='lat' dir='ltr'><strong>melius</strong></span> <span class='ocrx_word' id='word_1_872' title='bbox 1035 5896 1127 5968; x_wconf 87' lang='lat' dir='ltr'><strong>qui</strong></span> <span class='ocrx_word' id='word_1_873' title='bbox 1154 5912 1260 5956; x_wconf 91' lang='lat' dir='ltr'><strong>non</strong></span> <span class='ocrx_word' id='word_1_874' title='bbox 1287 5895 1767 5959; x_wconf 40' lang='lat' dir='ltr'><strong>dederit—Auum</strong></span> 
     </span>
    </p>
   </div>
   <div class='ocr_carea' id='block_1_116' title="bbox 1963 4817 3559 4890">
    <p class='ocr_par' dir='ltr' id='par_1_116' title="bbox 1963 4817 3559 4890">
     <span class='ocr_line' id='line_1_117' title="bbox 1963 4817 3559 4890; baseline 0.001 -17"><span class='ocrx_word' id='word_1_875' title='bbox 1963 4817 2220 4887; x_wconf 87' lang='lat' dir='ltr'><strong>sponsum</strong></span> <span class='ocrx_word' id='word_1_876' title='bbox 2246 4817 2593 4874; x_wconf 87' lang='lat' dir='ltr'><strong>accedebant.</strong></span> <span class='ocrx_word' id='word_1_877' title='bbox 2618 4817 2893 4875; x_wconf 84' lang='lat' dir='ltr'><strong>Ausonius</strong></span> <span class='ocrx_word' id='word_1_878' title='bbox 2936 4821 3250 4876; x_wconf 87' lang='lat' dir='ltr'><strong>describens</strong></span> <span class='ocrx_word' id='word_1_879' title='bbox 3276 4821 3559 4890; x_wconf 85' lang='lat' dir='ltr'><strong>egredien-</strong></span> 
     </span>
    </p>
   </div>
   <div class='ocr_carea' id='block_1_117' title="bbox 1962 4890 3556 4962">
    <p class='ocr_par' dir='ltr' id='par_1_117' title="bbox 1962 4890 3556 4962">
     <span class='ocr_line' id='line_1_118' title="bbox 1962 4890 3556 4962; baseline 0 -18"><span class='ocrx_word' id='word_1_880' title='bbox 1962 4891 2029 4944; x_wconf 93' lang='lat' dir='ltr'><strong>tis</strong></span> <span class='ocrx_word' id='word_1_881' title='bbox 2055 4905 2270 4962; x_wconf 70' lang='lat' dir='ltr'><strong>sponsze</strong></span> <span class='ocrx_word' id='word_1_882' title='bbox 2298 4890 2554 4958; x_wconf 81' lang='lat' dir='ltr'><strong>formam,</strong></span> <span class='ocrx_word' id='word_1_883' title='bbox 2598 4891 2739 4949; x_wconf 89' lang='lat' dir='ltr'><strong>inter</strong></span> <span class='ocrx_word' id='word_1_884' title='bbox 2769 4893 2872 4948; x_wconf 84' lang='lat' dir='ltr'><strong>alia</strong></span> <span class='ocrx_word' id='word_1_885' title='bbox 2929 4892 3068 4948; x_wconf 91' lang='lat' dir='ltr'><strong>istud</strong></span> <span class='ocrx_word' id='word_1_886' title='bbox 3095 4891 3304 4962; x_wconf 83' lang='lat' dir='ltr'><strong>Virgilii</strong></span> <span class='ocrx_word' id='word_1_887' title='bbox 3330 4892 3431 4961; x_wconf 91' lang='lat' dir='ltr'><strong>ipsi</strong></span> <span class='ocrx_word' id='word_1_888' title='bbox 3460 4905 3556 4944; x_wconf 85' lang='lat' dir='ltr'><strong>ac-</strong></span> 
     </span>
    </p>
   </div>
   <div class='ocr_carea' id='block_1_118' title="bbox 1961 4961 2307 5030">
    <p class='ocr_par' dir='ltr' id='par_1_118' title="bbox 1961 4961 2307 5030">
     <span class='ocr_line' id='line_1_119' title="bbox 1961 4961 2307 5030; baseline -0.009 -13"><span class='ocrx_word' id='word_1_889' title='bbox 1961 4961 2266 5017; x_wconf 88' lang='lat' dir='ltr'><strong>commodat</strong></span> <span class='ocrx_word' id='word_1_890' title='bbox 2291 5004 2307 5030; x_wconf 95' lang='lat'><strong>,</strong></span> 
     </span>
    </p>
   </div>
   <div class='ocr_carea' id='block_1_119' title="bbox 2215 5031 3530 5098">
    <p class='ocr_par' dir='ltr' id='par_1_119' title="bbox 2215 5031 3530 5098">
     <span class='ocr_line' id='line_1_120' title="bbox 2215 5031 3530 5098; baseline 0 -16"><span class='ocrx_word' id='word_1_891' title='bbox 2215 5032 2538 5098; x_wconf 80' lang='lat' dir='ltr'><strong>Dederatque</strong></span> <span class='ocrx_word' id='word_1_892' title='bbox 2560 5048 2749 5086; x_wconf 89' lang='lat' dir='ltr'><strong>comam</strong></span> <span class='ocrx_word' id='word_1_893' title='bbox 2769 5034 3047 5086; x_wconf 69' lang='lat' dir='ltr'><strong>diffundere</strong></span> <span class='ocrx_word' id='word_1_894' title='bbox 3072 5035 3250 5085; x_wconf 85' lang='lat' dir='ltr'><strong>ventis.</strong></span> <span class='ocrx_word' id='word_1_895' title='bbox 3321 5033 3396 5085; x_wconf 84' lang='lat' dir='ltr'><strong>Du</strong></span> <span class='ocrx_word' id='word_1_896' title='bbox 3419 5031 3530 5084; x_wconf 72' lang='lat' dir='ltr'><strong>PIN.</strong></span> 
     </span>
    </p>
   </div>
   <div class='ocr_carea' id='block_1_120' title="bbox 2039 5105 3567 5179">
    <p class='ocr_par' dir='ltr' id='par_1_120' title="bbox 2039 5105 3567 5179">
     <span class='ocr_line' id='line_1_121' title="bbox 2039 5105 3567 5179; baseline 0.001 -18"><span class='ocrx_word' id='word_1_897' title='bbox 2039 5105 2152 5179; x_wconf 90' lang='lat'>(67)</span> <span class='ocrx_word' id='word_1_898' title='bbox 2179 5106 2398 5179; x_wconf 82' lang='lat' dir='ltr'><strong>Quando</strong></span> <span class='ocrx_word' id='word_1_899' title='bbox 2428 5118 2657 5163; x_wconf 89' lang='lat' dir='ltr'><strong>mortuus</strong></span> <span class='ocrx_word' id='word_1_900' title='bbox 2680 5119 2771 5163; x_wconf 87' lang='lat' dir='ltr'><strong>est.</strong></span> <span class='ocrx_word' id='word_1_901' title='bbox 2802 5109 2936 5177; x_wconf 84' lang='lat' dir='ltr'><strong>Quia</strong></span> <span class='ocrx_word' id='word_1_902' title='bbox 2978 5108 3362 5164; x_wconf 83' lang='lat' dir='ltr'><strong>renuntiabant</strong></span> <span class='ocrx_word' id='word_1_903' title='bbox 3390 5109 3567 5164; x_wconf 89' lang='lat' dir='ltr'><strong>omni-</strong></span> 
     </span>
    </p>
   </div>
   <div class='ocr_carea' id='block_1_121' title="bbox 1968 5177 3567 5250">
    <p class='ocr_par' dir='ltr' id='par_1_121' title="bbox 1968 5177 3567 5250">
     <span class='ocr_line' id='line_1_122' title="bbox 1968 5177 3567 5250; baseline 0.001 -17"><span class='ocrx_word' id='word_1_904' title='bbox 1968 5177 2070 5234; x_wconf 85' lang='lat' dir='ltr'><strong>bus</strong></span> <span class='ocrx_word' id='word_1_905' title='bbox 2097 5177 2173 5250; x_wconf 74' lang='lat' dir='ltr'><strong>iis</strong></span> <span class='ocrx_word' id='word_1_906' title='bbox 2190 5194 2309 5250; x_wconf 68' lang='lat' dir='ltr'><strong>quae</strong></span> <span class='ocrx_word' id='word_1_907' title='bbox 2327 5177 2568 5250; x_wconf 90' lang='lat' dir='ltr'><strong>fecerant</strong></span> <span class='ocrx_word' id='word_1_908' title='bbox 2592 5189 2685 5235; x_wconf 91' lang='lat' dir='ltr'><strong>aut</strong></span> <span class='ocrx_word' id='word_1_909' title='bbox 2707 5181 2963 5250; x_wconf 74' lang='lat' dir='ltr'><strong>professa:</strong></span> <span class='ocrx_word' id='word_1_910' title='bbox 2977 5179 3208 5246; x_wconf 89' lang='lat' dir='ltr'><strong>fuerant,</strong></span> <span class='ocrx_word' id='word_1_911' title='bbox 3233 5195 3356 5235; x_wconf 93' lang='lat' dir='ltr'><strong>cum</strong></span> <span class='ocrx_word' id='word_1_912' title='bbox 3381 5188 3567 5234; x_wconf 88' lang='lat' dir='ltr'><strong>essent</strong></span> 
     </span>
    </p>
   </div>
   <div class='ocr_carea' id='block_1_122' title="bbox 1971 5248 3568 5320">
    <p class='ocr_par' dir='ltr' id='par_1_122' title="bbox 1971 5248 3568 5320">
     <span class='ocr_line' id='line_1_123' title="bbox 1971 5248 3568 5320; baseline 0.001 -17"><span class='ocrx_word' id='word_1_913' title='bbox 1971 5249 2114 5319; x_wconf 90' lang='lat' dir='ltr'><strong>apud</strong></span> <span class='ocrx_word' id='word_1_914' title='bbox 2141 5248 2520 5306; x_wconf 80' lang='lat' dir='ltr'><strong>Orthodoxos:</strong></span> <span class='ocrx_word' id='word_1_915' title='bbox 2555 5252 2639 5306; x_wconf 91' lang='lat' dir='ltr'><strong>vel</strong></span> <span class='ocrx_word' id='word_1_916' title='bbox 2667 5248 2902 5308; x_wconf 41' lang='lat' dir='ltr'><strong>si‘mavis</strong></span> <span class='ocrx_word' id='word_1_917' title='bbox 2933 5269 2946 5308; x_wconf 92' lang='lat'>:</span> <span class='ocrx_word' id='word_1_918' title='bbox 2972 5250 3218 5306; x_wconf 89' lang='lat' dir='ltr'><strong>Christus</strong></span> <span class='ocrx_word' id='word_1_919' title='bbox 3249 5253 3334 5307; x_wconf 91' lang='lat' dir='ltr'><strong>cui</strong></span> <span class='ocrx_word' id='word_1_920' title='bbox 3366 5264 3568 5320; x_wconf 86' lang='lat' dir='ltr'><strong>nupse-</strong></span> 
     </span>
    </p>
   </div>
   <div class='ocr_carea' id='block_1_123' title="bbox 1957 5322 3570 5396">
    <p class='ocr_par' dir='ltr' id='par_1_123' title="bbox 1957 5322 3570 5396">
     <span class='ocr_line' id='line_1_124' title="bbox 1957 5322 3570 5396; baseline 0 -19"><span class='ocrx_word' id='word_1_921' title='bbox 1957 5330 2127 5396; x_wconf 60' lang='lat' dir='ltr'><strong>rant,</strong></span> <span class='ocrx_word' id='word_1_922' title='bbox 2154 5330 2240 5396; x_wconf 74' lang='lat' dir='ltr'><strong>est</strong></span> <span class='ocrx_word' id='word_1_923' title='bbox 2270 5337 2336 5377; x_wconf 89' lang='lat' dir='ltr'><strong>ne</strong></span> <span class='ocrx_word' id='word_1_924' title='bbox 2361 5332 2606 5396; x_wconf 85' lang='lat' dir='ltr'><strong>mortuus</strong></span> <span class='ocrx_word' id='word_1_925' title='bbox 2625 5365 2638 5384; x_wconf 84' lang='lat'><strong>.</strong></span> <span class='ocrx_word' id='word_1_926' title='bbox 2669 5322 2814 5391; x_wconf 87' lang='lat' dir='ltr'><strong>quod</strong></span> <span class='ocrx_word' id='word_1_927' title='bbox 2840 5339 2932 5379; x_wconf 90' lang='lat' dir='ltr'><strong>eas</strong></span> <span class='ocrx_word' id='word_1_928' title='bbox 2961 5323 3027 5379; x_wconf 93' lang='lat' dir='ltr'><strong>ad</strong></span> <span class='ocrx_word' id='word_1_929' title='bbox 3057 5322 3324 5380; x_wconf 89' lang='lat' dir='ltr'><strong>secundas</strong></span> <span class='ocrx_word' id='word_1_930' title='bbox 3353 5323 3570 5394; x_wconf 87' lang='lat' dir='ltr'><strong>nuptias</strong></span> 
     </span>
    </p>
   </div>
   <div class='ocr_carea' id='block_1_124' title="bbox 1976 5393 2952 5464">
    <p class='ocr_par' dir='ltr' id='par_1_124' title="bbox 1976 5393 2952 5464">
     <span class='ocr_line' id='line_1_125' title="bbox 1976 5393 2952 5464; baseline -0.001 -15"><span class='ocrx_word' id='word_1_931' title='bbox 1976 5393 2263 5464; x_wconf 75' lang='lat' dir='ltr'><strong>convolare</strong></span> <span class='ocrx_word' id='word_1_932' title='bbox 2290 5394 2478 5464; x_wconf 88' lang='lat' dir='ltr'><strong>cogitis</strong></span> <span class='ocrx_word' id='word_1_933' title='bbox 2495 5395 2520 5445; x_wconf 74' lang='grc' dir='ltr'><strong>ι</strong></span> <span class='ocrx_word' id='word_1_934' title='bbox 2549 5395 2776 5450; x_wconf 76' lang='lat' dir='ltr'><strong>ALBASP.</strong></span> <span class='ocrx_word' id='word_1_935' title='bbox 2947 5453 2952 5456; x_wconf 17' lang='grc' dir='ltr'><em>Α</em></span> 
     </span>
    </p>
   </div>
   <div class='ocr_carea' id='block_1_125' title="bbox 2053 5461 3569 5548">
    <p class='ocr_par' dir='ltr' id='par_1_125' title="bbox 2053 5461 3569 5548">
     <span class='ocr_line' id='line_1_126' title="bbox 2053 5461 3569 5548; baseline 0 -28"><span class='ocrx_word' id='word_1_936' title='bbox 2053 5463 2168 5548; x_wconf 80' lang='lat'>(68)</span> <span class='ocrx_word' id='word_1_937' title='bbox 2203 5463 2340 5548; x_wconf 65' lang='lat' dir='ltr'><strong>Quae</strong></span> <span class='ocrx_word' id='word_1_938' title='bbox 2361 5461 2541 5548; x_wconf 66' lang='lat' dir='ltr'><strong>contra</strong></span> <span class='ocrx_word' id='word_1_939' title='bbox 2582 5476 2855 5548; x_wconf 70' lang='lat' dir='ltr'><strong>raptores,</strong></span> <span class='ocrx_word' id='word_1_940' title='bbox 2893 5474 3000 5548; x_wconf 64' lang='lat' dir='ltr'><strong>etc.</strong></span> <span class='ocrx_word' id='word_1_941' title='bbox 3032 5463 3214 5548; x_wconf 60' lang='lat' dir='ltr'><strong>Codett</strong></span> <span class='ocrx_word' id='word_1_942' title='bbox 3241 5461 3374 5548; x_wconf 75' lang='lat' dir='ltr'><strong>Cap.</strong></span> <span class='ocrx_word' id='word_1_943' title='bbox 3417 5463 3569 5548; x_wconf 56' lang='lat' dir='ltr'><strong>Eccl.</strong></span> 
     </span>
    </p>
   </div>
   <div class='ocr_carea' id='block_1_126' title="bbox 1983 5535 3573 5608">
    <p class='ocr_par' dir='ltr' id='par_1_126' title="bbox 1983 5535 3573 5608">
     <span class='ocr_line' id='line_1_127' title="bbox 1983 5535 3573 5608; baseline -0.002 -16"><span class='ocrx_word' id='word_1_944' title='bbox 1983 5535 2148 5608; x_wconf 83' lang='lat' dir='ltr'><strong>Afric.</strong></span> <span class='ocrx_word' id='word_1_945' title='bbox 2183 5536 2249 5592; x_wconf 86' lang='lat' dir='ltr'><strong>de</strong></span> <span class='ocrx_word' id='word_1_946' title='bbox 2279 5537 2574 5608; x_wconf 91' lang='lat' dir='ltr'><strong>virginibus</strong></span> <span class='ocrx_word' id='word_1_947' title='bbox 2598 5538 2762 5594; x_wconf 90' lang='lat' dir='ltr'><strong>etiam</strong></span> <span class='ocrx_word' id='word_1_948' title='bbox 2787 5538 3087 5592; x_wconf 90' lang='lat' dir='ltr'><strong>minoribus</strong></span> <span class='ocrx_word' id='word_1_949' title='bbox 3122 5536 3362 5592; x_wconf 90' lang='lat' dir='ltr'><strong>velandis</strong></span> <span class='ocrx_word' id='word_1_950' title='bbox 3396 5554 3407 5589; x_wconf 94' lang='lat'>:</span> <span class='ocrx_word' id='word_1_951' title='bbox 3435 5535 3573 5608; x_wconf 89' lang='lat' dir='ltr'><strong>Item</strong></span> 
     </span>
    </p>
   </div>
   <div class='ocr_carea' id='block_1_127' title="bbox 1985 5607 3573 5680">
    <p class='ocr_par' dir='ltr' id='par_1_127' title="bbox 1985 5607 3573 5680">
     <span class='ocr_line' id='line_1_128' title="bbox 1985 5607 3573 5680; baseline 0.001 -20"><span class='ocrx_word' id='word_1_952' title='bbox 1985 5607 2198 5676; x_wconf 81' lang='lat' dir='ltr'><strong>placuit,</strong></span> <span class='ocrx_word' id='word_1_953' title='bbox 2229 5617 2284 5662; x_wconf 88' lang='lat' dir='ltr'><strong>ut</strong></span> <span class='ocrx_word' id='word_1_954' title='bbox 2314 5607 2616 5680; x_wconf 84' lang='lat' dir='ltr'><strong>quicumque</strong></span> <span class='ocrx_word' id='word_1_955' title='bbox 2636 5610 3009 5680; x_wconf 68' lang='lat' dir='ltr'><strong>epis‘cOporum,</strong></span> <span class='ocrx_word' id='word_1_956' title='bbox 3043 5607 3333 5663; x_wconf 84' lang='lat' dir='ltr'><strong>necessitate</strong></span> <span class='ocrx_word' id='word_1_957' title='bbox 3361 5607 3573 5680; x_wconf 37' lang='lat' dir='ltr'><strong>pericli:</strong></span> 
     </span>
    </p>
   </div>
   <div class='ocr_carea' id='block_1_128' title="bbox 1983 5678 3578 5751">
    <p class='ocr_par' dir='ltr' id='par_1_128' title="bbox 1983 5678 3578 5751">
     <span class='ocr_line' id='line_1_129' title="bbox 1983 5678 3578 5751; baseline -0.001 -17"><span class='ocrx_word' id='word_1_958' title='bbox 1983 5681 2137 5735; x_wconf 84' lang='lat' dir='ltr'><strong>tantis</strong></span> <span class='ocrx_word' id='word_1_959' title='bbox 2157 5681 2420 5747; x_wconf 72' lang='lat' dir='ltr'><strong>pudicitia:</strong></span> <span class='ocrx_word' id='word_1_960' title='bbox 2445 5678 2708 5751; x_wconf 76' lang='lat' dir='ltr'><strong>virginalis</strong></span> <span class='ocrx_word' id='word_1_961' title='bbox 2737 5723 2751 5746; x_wconf 93' lang='lat'><strong>,</strong></span> <span class='ocrx_word' id='word_1_962' title='bbox 2782 5678 2897 5751; x_wconf 84' lang='lat' dir='ltr'><strong>cum</strong></span> <span class='ocrx_word' id='word_1_963' title='bbox 2918 5681 2994 5736; x_wconf 89' lang='lat' dir='ltr'><strong>vel</strong></span> <span class='ocrx_word' id='word_1_964' title='bbox 3025 5682 3209 5750; x_wconf 86' lang='lat' dir='ltr'><strong>petitor</strong></span> <span class='ocrx_word' id='word_1_965' title='bbox 3232 5678 3408 5751; x_wconf 83' lang='lat' dir='ltr'><strong>potens</strong></span> <span class='ocrx_word' id='word_1_966' title='bbox 3433 5719 3451 5749; x_wconf 91' lang='lat'><strong>,</strong></span> <span class='ocrx_word' id='word_1_967' title='bbox 3495 5678 3578 5733; x_wconf 72' lang='lat' dir='ltr'><strong>vel</strong></span> 
     </span>
    </p>
   </div>
   <div class='ocr_carea' id='block_1_129' title="bbox 1983 5750 3082 5823">
    <p class='ocr_par' dir='ltr' id='par_1_129' title="bbox 1983 5750 3082 5823">
     <span class='ocr_line' id='line_1_130' title="bbox 1983 5750 3082 5823; baseline 0.001 -17"><span class='ocrx_word' id='word_1_968' title='bbox 1983 5763 2164 5823; x_wconf 84' lang='lat' dir='ltr'><strong>raptor</strong></span> <span class='ocrx_word' id='word_1_969' title='bbox 2184 5753 2373 5822; x_wconf 82' lang='lat' dir='ltr'><strong>aliquis</strong></span> <span class='ocrx_word' id='word_1_970' title='bbox 2397 5750 2726 5822; x_wconf 78' lang='lat' dir='ltr'><strong>formidatur.</strong></span> <span class='ocrx_word' id='word_1_971' title='bbox 2750 5752 2818 5809; x_wconf 89' lang='lat' dir='ltr'><strong>M.</strong></span> <span class='ocrx_word' id='word_1_972' title='bbox 2851 5750 3082 5808; x_wconf 64' lang='lat' dir='ltr'><strong>Casaun.</strong></span> 
     </span>
    </p>
   </div>
   <div class='ocr_carea' id='block_1_130' title="bbox 2061 5821 3584 5896">
    <p class='ocr_par' dir='ltr' id='par_1_130' title="bbox 2061 5821 3584 5896">
     <span class='ocr_line' id='line_1_131' title="bbox 2061 5821 3584 5896; baseline 0.001 -19"><span class='ocrx_word' id='word_1_973' title='bbox 2061 5823 2180 5894; x_wconf 88' lang='lat'>(69)</span> <span class='ocrx_word' id='word_1_974' title='bbox 2204 5821 2290 5896; x_wconf 80' lang='lat' dir='ltr'><strong>_Ut</strong></span> <span class='ocrx_word' id='word_1_975' title='bbox 2319 5821 2483 5896; x_wconf 78' lang='lat' dir='ltr'><strong>crines</strong></span> <span class='ocrx_word' id='word_1_976' title='bbox 2509 5824 2710 5896; x_wconf 87' lang='lat' dir='ltr'><strong>iterum.</strong></span> <span class='ocrx_word' id='word_1_977' title='bbox 2753 5823 3108 5881; x_wconf 82' lang='lat' dir='ltr'><strong>Annotandus</strong></span> <span class='ocrx_word' id='word_1_978' title='bbox 3136 5823 3274 5880; x_wconf 89' lang='lat' dir='ltr'><strong>ritus</strong></span> <span class='ocrx_word' id='word_1_979' title='bbox 3321 5821 3584 5896; x_wconf 78' lang='lat' dir='ltr'><strong>nuptialis</strong></span> 
     </span>
    </p>
   </div>
   <div class='ocr_carea' id='block_1_131' title="bbox 1984 5893 3573 5967">
    <p class='ocr_par' dir='ltr' id='par_1_131' title="bbox 1984 5893 3573 5967">
     <span class='ocr_line' id='line_1_132' title="bbox 1984 5893 3573 5967; baseline 0.001 -16"><span class='ocrx_word' id='word_1_980' title='bbox 1984 5893 2181 5966; x_wconf 73' lang='lat' dir='ltr'><strong>przrter</strong></span> <span class='ocrx_word' id='word_1_981' title='bbox 2203 5894 2353 5952; x_wconf 80' lang='lat' dir='ltr'><strong>illum</strong></span> <span class='ocrx_word' id='word_1_982' title='bbox 2377 5893 2444 5952; x_wconf 88' lang='lat' dir='ltr'><strong>de</strong></span> <span class='ocrx_word' id='word_1_983' title='bbox 2471 5895 2707 5953; x_wconf 87' lang='lat' dir='ltr'><strong>crinibus</strong></span> <span class='ocrx_word' id='word_1_984' title='bbox 2735 5895 3026 5967; x_wconf 81' lang='lat' dir='ltr'><strong>solvendis,</strong></span> <span class='ocrx_word' id='word_1_985' title='bbox 3055 5897 3158 5955; x_wconf 87' lang='lat' dir='ltr'><strong>hoc</strong></span> <span class='ocrx_word' id='word_1_986' title='bbox 3187 5893 3573 5965; x_wconf 64' lang='lat' dir='ltr'><strong>insignl&#39;lom:</strong></span> 
     </span>
    </p>
   </div>
  </div>
