3974 6324
431 250 572 309 1019
1638 240 1883 298 SANCTI
1921 238 2170 296 OP'I‘A'I‘I
2212 239 2521 297 EPISCOPI
3140 288 3142 290 ,
3567 243 3684 300 1080

431 377 538 435 tur,
568 376 623 423 et
649 381 680 422 a
709 363 1068 422 schismaticis
1099 361 1258 419 hodie
1287 375 1410 417 cum
1435 341 1837 416 Catholicorum
1874 354 2031 411 turba
2057 356 2113 418 Α
2213 353 2321 412 Vll.
2352 353 2652 412 Donatistas
2679 355 2732 410 in
2753 366 2982 412 mortuos
3009 358 3161 412 etiam
3195 359 3440 424 saeviisse,
3471 377 3563 414 non
3594 378 3687 432 per-

433 459 664 518 dulcedo
707 468 796 514 tua
841 467 1083 512 vexatur.
1129 455 1296 510 Pares
1350 455 1582 524 patimur
1623 450 1843 515 bellum,
1877 462 2034 518 pares
2138 451 2389 505 mittentes
2419 448 2804 506 Catholicorum
2834 467 3051 522 corpora
3074 452 3295 525 sepeliri.
3322 483 3392 494 —
3415 452 3544 520 Quid
3566 455 3688 510 refe-

391 565 813 623 -eXSpectamus
854 550 1121 606 vindicem
1174 549 1364 606 Deum.
1422 548 1556 616 Dic,
1602 546 1766 602 frater
1818 545 2036 600 Parme-
2138 559 2254 599 ram
2281 545 2442 600 etiam
2490 546 2634 600 illam
2684 547 3014 618 impietatem
3055 547 3124 602 de
3147 558 3320 603 vestra
3359 549 3690 619 coniuratione

433 649 615 713 niane,
649 645 778 716 quid
807 643 959 700 vobis
987 641 1187 700 fecerat
1226 641 1414 696 locus?
1459 639 1586 710 quid
1634 639 1734 710 ipsi
1776 637 2034 709 parietes,
2139 641 2468 709 venientem,
2501 641 2581 714 (Ι)
2614 642 2735 712 quia
2783 640 2850 696 ad
2901 642 3003 696 hoc
3047 641 3303 697 Basilicas
3349 641 3588 698 invadere
3613 658 3691 698 vo-

432 753 551 796 uta
584 738 740 794 vobis
785 738 885 793 ista
923 735 1272 807 paterentur?
1299 735 1381 789 An
1409 734 1531 804 quia
1566 732 1675 788 illic
1706 741 1926 802 rogatus
1955 739 2040 786 est
2141 732 2338 800 luistis,
2377 741 2434 787 ut
2479 731 2557 804 (2)
2583 733 2738 788 vobis
2776 733 2906 789 solis
2952 733 3033 804 (3)
3076 735 3381 790 cmmeteria
3427 733 3692 798 vindicetis.

437 833 618 889 Deus?
646 847 713 887 an
737 833 862 901 quia
889 831 998 886 illic
1024 830 1272 884 laudatus
1299 838 1382 883 est
1407 827 1693 884 Christus?
1728 840 1795 880 an
1822 827 1946 895 quia
1978 824 2041 879 il-
2145 841 2250 882 non
2278 828 2656 898 permittentes
2682 827 2902 896 sepeliri
2941 842 3170 895 corpora
3201 826 3500 890 Catholica;
3532 837 3579 882 ut
3609 839 3698 883 ter-

436 928 510 983 Iic
540 928 817 983 invocatus
843 934 927 982 est
960 923 1194 995 Spiritus
1236 921 1496 978 sanctus?
1525 936 1592 976 an
1620 920 1741 989 quia
1767 919 1919 974 vobis
1949 918 2043 974 ab-
2144 923 2310 978 rcatis
2348 919 2374 957 ά
2406 921 2577 987 vivos,
2613 922 2693 993 (4)
2721 922 2860 977 male
2893 923 3134 978 tractatis
3156 932 3210 976 et
3236 931 3502 987 mortuos,
3525 938 3697 994 negan-

439 1019 686 1076 sentibus
736 1019 845 1074 illic
895 1017 1176 1089 propheta:
1207 1025 1262 1071 et
1290 1025 1475 1071 sancta
1505 1011 1792 1083 Evangelia
1821 1012 2044 1066 recitata

439 1114 600 1168 sunt?
645 1128 711 1166 an
759 1112 882 1182 quia
939 1111 1047 1166 illic
1090 1111 1313 1165 fratrum
1357 1106 1671 1179 jamdudum
1723 1104 2045 1175 litigantium

441 1204 911 1262 concordaverant
959 1206 1204 1261 mentes?
1250 1219 1318 1258 an
1349 1203 1474 1274 quia
1505 1202 1682 1256 unitas
1713 1201 1825 1256 Deo
1853 1199 2046 1270 placita

442 1299 498 1354 in
531 1313 633 1370 qua
685 1298 970 1362 habitaret,
1001 1298 1282 1353 invenerat
1323 1295 1589 1350 domum?
1630 1293 1888 1360 Indicate,
1920 1290 2048 1362 quid

441 1393 556 1448 illic
579 1394 759 1448 lavare
787 1392 1068 1464 pOIllIaliS?
1099 1392 1154 1448 Si
1184 1390 1587 1447 Catltolicorum
1618 1389 1845 1459 vestigia
1865 1430 1879 1454 ,
1911 1397 1968 1443 et
1995 1387 2048 1442 in

446 1487 566 1541 vico
596 1494 652 1541 et
683 1486 733 1540 in
760 1485 949 1556 plateis
974 1484 1322 1553 calcavimus,
1345 1499 1513 1555 quare
1534 1500 1641 1538 non
1664 1483 1844 1537 omnia
1867 1496 2052 1537 emen-

446 1578 623 1634 datis?
652 1595 774 1635 nam
804 1590 859 1636 et
903 1579 1254 1636 fovendorum
1283 1594 1575 1650 corporum
1601 1593 1782 1644 causa,
1818 1576 1932 1649 (95)
1962 1591 2054 1632 ea-

447 1671 570 1728 dem
603 1686 702 1728 nos
727 1681 782 1729 et
808 1688 905 1728 vos
950 1675 1157 1728 lavacra
1206 1673 1409 1744 pariter
1435 1671 1726 1727 abluerunt
1756 1680 1818 1736 ιι;
1851 1681 1906 1727 et
1929 1678 2054 1726 ante

2147 1025 2231 1072 tes
2259 1016 2538 1072 funeribus
2563 1017 2676 1089 98
2699 1018 2896 1072 locum.
2921 1018 2978 1072 Si
3011 1019 3151 1072 inter
3171 1018 3413 1072 viventes
3435 1016 3593 1072 fuerat
3609 1032 3700 1073 cer-

2149 1121 2326 1167 tamen
2349 1154 2364 1179 ,
2403 1111 2523 1168 odia
2552 1123 2728 1166 vestra
2759 1113 2841 1167 vel
2881 1127 3028 1166 mors
3059 1112 3230 1166 aliena
3264 1119 3575 1181 compescat.
3603 1111 3698 1166 iam

2150 1213 2292 1261 tacet
2317 1221 2438 1262 cum
2463 1222 2570 1278 quo
2603 1207 2761 1274 paulo
2788 1215 2912 1261 ante
2935 1206 3183 1277 litigabas
3210 1226 3221 1259 :
3253 1206 3381 1277 quid
3413 1205 3618 1261 insultas
3639 1205 3703 1260 fn-

2149 1295 2311 1352 neri?
2336 1297 2460 1368 quid
2499 1298 2729 1368 impedis
2760 1299 3090 1368 sepulturam
3122 1298 3181 1351 οἳ
3204 1298 3333 1370 quid
3365 1314 3480 1353 cum
3507 1301 3702 1352 mortuis

2152 1390 2362 1462 litigas?
2386 1391 2666 1462 perdidisti
2698 1392 2918 1446 malitiae
2938 1391 3168 1447 fructum
3197 1410 3208 1445 :
3236 1401 3290 1447 et
3315 1393 3358 1446 si
3380 1405 3589 1462 corpora
3616 1407 3702 1446 non

2153 1487 2236 1543 vis
2259 1488 2310 1542 in
2339 1503 2502 1544 unum
2529 1488 2832 1560 quiescere,
2853 1489 3062 1544 animas
3080 1499 3260 1544 tamen
3285 1487 3365 1560 (5)
3394 1489 3446 1544 in
3472 1503 3571 1544 uno
3593 1489 3706 1559 apud

2156 1580 2324 1636 Deum
2349 1581 2554 1651 positas
2584 1597 2690 1636 non
2722 1581 2926 1652 poteris
2948 1595 3226 1652 separare.

2229 1675 2364 1732 VIII.
2399 1675 2625 1746 Elegans
2665 1686 2712 1731 et
2751 1676 2952 1748 egregia
3001 1677 3315 1748 comparatio
3363 1674 3710 1729 Donatistarum

449 1779 547 1822 vos
578 1766 889 1838 frequenter
923 1777 1235 1823 nostrorum
1283 1766 1376 1822 loti
1424 1775 1550 1822 sunt
1601 1765 1774 1821 multi.
1827 1764 1885 1822 Si
1929 1764 2045 1836 (96)
2080 1775 2128 1834 Β
2155 1785 2271 1823 cum
2301 1769 2604 1842 aucupibus.
2631 1799 2703 1811 -—
2727 1769 2918 1824 Omnia
2947 1768 3178 1840 denique
3199 1811 3212 1831 ,
3245 1784 3366 1840 qua:
3395 1783 3422 1821 a
3449 1767 3589 1822 vobis
3628 1782 3706 1837 ge-

447 1870 576 1931 post
599 1876 699 1917 nos
730 1861 1058 1932 purificanda
1089 1862 1290 1932 putatis
1318 1861 1498 1916 omnia
1522 1903 1537 1928 ,
1571 1861 1745 1917 lavate
1774 1871 1829 1917 et
1858 1873 2050 1930 aquam

449 1955 494 2009 si
527 1954 787 2024 potestis;
820 1962 911 2009 aut
949 1955 994 2009 si
1021 1955 1248 2024 vestigia
1279 1955 1360 2025 (ut
1386 1969 1548 2024 supra
1576 1952 1841 2026 diximus)
1868 1962 2052 2007 nostra

451 2047 607 2103 vobis
642 2062 763 2103 esse
789 2047 1040 2103 videntur
1069 2048 1294 2118 polluta,
1323 2045 1602 2104 sufficeret
1629 2055 1808 2112 terra;
1840 2053 1899 2102 ut
1927 2045 2054 2116 quid

453 2149 508 2195 et
554 2140 791 2210 parietes
833 2140 1014 2195 lavare
1044 2141 1324 2207 voluistis,
1369 2141 1421 2195 in
1455 2140 1652 2212 quibus
1682 2140 1916 2195 humana
1950 2153 2056 2195 non

454 2243 682 2302 possunt
709 2233 838 2304 poni
863 2233 1126 2305 vestigia?
1158 2235 1393 2305 parietes
1424 2249 1529 2291 non
1560 2235 1788 2302 calcare,
1813 2234 1909 2289 sed
1945 2242 2059 2288 tan-

460 2336 571 2380 tum
601 2326 786 2384 videre
818 2329 1106 2398 potuimus.
1137 2329 1195 2384 Si
1226 2338 1281 2384 et
1309 2327 1452 2399 quod
1479 2329 1647 2399 tangit
1671 2336 1944 2399 aspectus,
1977 2326 2056 2381 la-

458 2421 694 2476 vandum
727 2437 847 2478 esse
879 2424 1136 2490 censetis,
1167 2439 1264 2480 cur
1306 2433 1506 2480 cartera
1548 2423 1832 2478 dimisistis
1874 2421 2061 2477 illota?

459 2513 720 2570 Videmus
743 2523 966 2582 tectum,
999 2516 1246 2574 videmus
1271 2527 1327 2573 et
1354 2517 1578 2580 caelum,
1609 2518 1724 2572 inec
1751 2534 1781 2573 a
1805 2517 1958 2572 vobis
1984 2516 2064 2571 la-

459 2609 574 2662 vari
616 2623 720 2664 non
762 2619 1006 2680 possunt.
1061 2610 1181 2684 (97)
1225 2611 1318 2667 Illa
1368 2612 1598 2668 lavando
1624 2612 1902 2682 promeriti
1933 2612 2063 2667 estis

462 2701 630 2758 Deum
659 2720 672 2756 :
698 2702 799 2758 ista
823 2718 930 2759 non
962 2704 1212 2772 lavando,
1239 2705 1564 2778 inexpiabile
1592 2706 1849 2762 videmini
1880 2705 2064 2762 incur-

459 2795 599 2851 risse
632 2807 935 2865 peccatum.
984 2797 1098 2868 (98)
1143 2795 1274 2853 Cum
1308 2798 1470 2868 igitur
1499 2798 1626 2854 alibi
1654 2797 1807 2869 quasi
1838 2798 2067 2868 diligen-

373 2925 376 2929 ι
461 2896 544 2943 tes
572 2889 767 2943 essetis
797 2889 1004 2944 inventi
1032 2907 1043 2942 :
1071 2889 1118 2944 si
1162 2901 1336 2944 tamen
1364 2890 1644 2962 diligentia
1673 2891 1902 2947 dicenda
1925 2887 1954 2928 δ
1983 2899 2068 2946 est

459 2980 712 3048 stultitia,
737 2991 792 3037 et
811 2981 888 3054 (ut
913 2998 1044 3038 vero
1076 2984 1294 3039 nomine
1323 2985 1588 3055 appellem
1618 2996 1640 3024 ο
1667 2983 1686 3056 )
1714 2986 1922 3040 vanitas
1946 2997 2070 3040 ves-

461 3082 546 3130 tra
581 3093 594 3130 :
632 3075 733 3130 nisi
763 3075 902 3133 forte
928 3077 1049 3146 quia
1079 3076 1182 3133 hoc
1211 3077 1486 3141 faciendo,
1523 3078 1574 3132 in
1607 3093 1860 3149 pavorem
1889 3078 2068 3133 misis-

2159 1869 2371 1925 runtur,
2398 1876 2465 1917 ex
2495 1869 2609 1916 toto
2630 1862 2834 1916 narrari
2866 1875 2971 1917 non
3005 1868 3232 1931 possunt
3258 1881 3272 1915 :
3295 1859 3389 1915 sed
3421 1869 3582 1914 tamen
3609 1873 3711 1913 con-

2158 1956 2422 2013 cedantur
2454 1955 2472 1993 τ
2505 1956 2678 2022 vobis,
2714 1956 2792 2028 (6)
2835 1957 2923 2028 qui
2970 1956 3172 2012 erroris
3197 1955 3358 2026 hujus
3389 1954 3711 2026 magisterium

2163 2049 2466 2118 possidetis.
2497 2048 2614 2104 Jam
2645 2049 2790 2104 etde
2824 2048 3018 2105 vestris
3043 2047 3204 2103 silere
3229 2048 3351 2118 quis
3377 2057 3564 2117 posset,
3585 2046 3641 2101 de
3667 2047 3713 2100 il-

2160 2143 2247 2211 lis,
2277 2142 2505 2208 scilicet,
2537 2157 2671 2212 quos
2701 2149 2794 2196 aut
2824 2140 3057 2197 factione
3087 2150 3180 2195 aut
3207 2140 3522 2208 subtilitate,
3552 2149 3598 2194 ut
3623 2153 3715 2194 vcs-

2163 2246 2279 2293 tros
2310 2235 2559 2292 faceretis
2581 2234 2844 2292 seducere
2871 2235 3143 2306 potuistis,
3174 2249 3286 2289 non
3315 2234 3482 2288 solum
3508 2233 3712 2295 masculi,

2164 2329 2258 2385 sed
2285 2330 2447 2385 etiam
2498 2327 2748 2392 feminae;
2797 2343 2865 2383 ex
2907 2327 3100 2383 ovibus
3132 2327 3314 2383 subito
3343 2327 3462 2381 facti
3492 2333 3603 2380 sunt
3624 2325 3714 2379 vul.

2166 2436 2283 2494 pes,
2307 2437 2376 2478 ex
2413 2420 2662 2477 fidelibus
2683 2420 2890 2492 perfidi,
2916 2436 2980 2476 ex
3012 2419 3340 2490 patientibus
3362 2419 3544 2484 rabidi,
3569 2434 3624 2475 ex
3647 2433 3717 2488 pa—

2166 2514 2336 2571 cificis
2366 2513 2662 2586 litigantes,
2687 2527 2759 2569 ex
2786 2512 3124 2584 simplicibus
3151 2511 3484 2577 seductores,
3510 2526 3567 2566 ex
3593 2524 3716 2564 vere-

2166 2607 2357 2663 cundis
2388 2606 2751 2676 impudentes,
2786 2605 2995 2662 feroces
3026 2621 3090 2661 ex
3135 2604 3378 2670 mitibus,
3405 2620 3468 2658 ex
3506 2603 3716 2658 innocen-

2171 2703 2311 2758 tibus
2339 2700 2558 2757 malitia:
2589 2699 2846 2756 artifices.
2881 2699 3010 2755 Post
3036 2698 3178 2770 quod
3200 2699 3268 2754 ad
3294 2713 3389 2752 vos
3410 2696 3596 2765 delapsi
3621 2703 3718 2749 sunt

2169 2805 2261 2850 aut
2287 2793 2544 2862 delapsae,
2569 2793 2752 2848 dolent
2780 2792 2915 2848 alios
2945 2792 3017 2847 ibi
3045 2807 3167 2848 esse
3191 2790 3283 2846 ubi
3314 2791 3420 2846 nati
3448 2800 3562 2845 sunt
3583 2788 3717 2843 :bene

2171 2899 2376 2945 stantes
2408 2889 2460 2943 in
2489 2888 2673 2959 lapsus
2695 2903 2823 2942 suos
2856 2888 3116 2952 invitant;
3159 2886 3204 2940 si
3228 2885 3432 2941 scirent
3453 2900 3507 2939 se
3533 2882 3714 2954 gloriam

2171 2993 2517 3050 consecutos,
2546 2980 2802 3037 felicitate
2823 2995 2918 3036 sua
2951 2980 3112 3035 tacite
3133 2979 3466 3035 fruerentur.
3493 2976 3626 3033 Nunc
3647 2990 3717 3029 auo

2174 3088 2280 3133 tcm
2314 3079 2572 3149 perditos,
2601 3077 2859 3134 transitus
2887 3091 3014 3132 suos
3037 3074 3306 3130 consolari
3339 3073 3611 3144 cupientes,
3631 3083 3716 3124 cm-

462 3175 535 3230 tis
564 3172 790 3243 populos
811 3172 1113 3244 imperitos,
1147 3181 1206 3226 ut
1234 3173 1358 3242 quia
1389 3173 1497 3227 lota
1529 3181 1614 3228 est
1642 3172 1758 3245 (99)
1793 3174 2065 3238 columna,
2097 3179 2142 3243 C
2175 3181 2318 3227 teros
2347 3180 2404 3225 ut
2435 3171 2682 3226 similiter
2714 3169 2981 3234 labantur,
3011 3169 3276 3230 invitant;
3307 3176 3361 3222 et
3389 3165 3656 3225 residentes
3675 3161 3714 3214 in

464 3266 778 3322 lavarentur
803 3274 857 3320 et
885 3279 1136 3332 corpora.
1162 3263 1218 3319 Si
1239 3264 1291 3318 in
1315 3263 1400 3318 his
1420 3265 1581 3320 rebus
1602 3264 1888 3319 consilium
1914 3265 2064 3331 latet,

469 3341 703 3416 miseros
729 3357 1000 3414 subtiliter
1026 3356 1317 3428 decepistis
1345 3374 1359 3416 :
1386 3359 1430 3412 si
1474 3357 1596 3413 talis
1630 3373 1718 3414 res
1744 3358 1864 3414 sine
1887 3358 2070 3414 consi-

463 3455 542 3510 lio
571 3462 718 3525 gesta
751 3462 856 3519 est,
883 3452 1165 3507 manifesta
1189 3461 1273 3508 est
1296 3460 1471 3507 vestra
1499 3451 1775 3509 hebetudo
1800 3469 1813 3506 :
1835 3451 1952 3508 haec
1973 3468 2068 3508 vos

463 3546 628 3600 stulte
657 3544 875 3609 fecisse,
912 3553 969 3600 et
1009 3559 1038 3599 a
1081 3544 1234 3600 vobis
1281 3544 1494 3602 seducti
1545 3555 1914 3617 cOgnoscunt;
1966 3560 2068 3602 nec

467 3650 566 3692 vos
587 3636 688 3706 ipsi
720 3649 919 3706 negare
941 3636 1207 3706 poteritis.

2169 3267 2291 3322 sinu
2330 3265 2518 3319 matris
2554 3262 2832 3328 Ecclesiae,
2862 3261 3014 3332 quasi
3057 3261 3240 3331 pigros
3281 3269 3337 3314 et
3383 3257 3553 3314 tardos
3593 3269 3716 3310 accu-

2171 3368 2309 3414 sant.
2338 3357 2420 3428 (7)
2455 3357 2547 3413 llis
2575 3355 2719 3412 enim
2747 3355 2928 3411 verbis
2957 3355 3102 3425 loqui
3133 3369 3241 3408 non
3271 3353 3584 3409 erubescunt
3608 3368 3617 3404 :
3644 3347 3714 3403 Coi

2173 3452 2285 3518 Sci,
2310 3452 2388 3507 uel
2409 3448 2533 3506 Caia
2561 3450 2682 3507 Scia
2705 3460 2750 3516 ἓ,
2781 3450 3026 3521 quamdiu
3057 3458 3103 3504 te
3131 3449 3306 3504 tenes?
3330 3448 3430 3506 hoc
3445 3444 3712 3503 estdicere:

2172 3547 2384 3602 imitare
2405 3547 2587 3617 lapsus
2614 3557 2788 3609 meos,
2812 3543 3024 3598 imitare
3049 3543 3312 3598 transitus
3338 3552 3530 3610 turpes.
3558 3537 3715 3606 Quam-

2168 3637 2259 3693 diu
2293 3637 2466 3692 fidelis
2496 3634 2744 3691 vocaris?
2777 3633 2888 3706 jam
2935 3633 3094 3689 fidem
3117 3634 3334 3702 desere,
3357 3634 3464 3705 jam
3495 3629 3716 3702 poeniten-

1716 3753 2012 3812 LECTION
2021 3753 2104 3812 ES
2141 3751 2562 3811 VARIANTES.

590 3849 649 3900 In
667 3861 781 3899 mss.
809 3847 864 3901 C.
891 3856 942 3899 et
959 3848 1012 3898 S.
1041 3847 1098 3899 G.
1119 3847 1366 3900 habemus.

593 3911 651 3962 In
674 3925 788 3963 mss.
813 3910 864 3963 C.
887 3918 940 3961 et
962 3911 1014 3961 S.
1044 3910 1104 3960 G.
1130 3909 1231 3961 dici
1257 3918 1426 3963 potest.

598 3974 672 4045 Ita
699 3977 752 4025 in
774 3973 964 4045 mssLC.
991 3980 1045 4023 et
1069 3974 1119 4025 S.
1142 3974 1209 4045 β.
1237 3971 1294 4045 In
1313 3974 1441 4037 aliis,
1467 3971 1753 4045 appelletur.

595 4037 649 4089 In
672 4051 766 4089 ms.
791 4037 844 4088 S.
865 4037 927 4088 '1‘.
946 4037 1212 4098 teneretis,
1242 4043 1295 4088 et
1311 4047 1482 4100 postea
1497 4037 1726 4088 similiter
1751 4037 2007 4090 tractastis.

527 3850 555 3879 ι

527 3912 558 3951 b

538 3978 563 4008 e

527 4038 557 4078 (ι

2242 3850 2267 3878 ε
2301 3846 2373 3897 Ita
2398 3848 2447 3896 in
2465 3860 2557 3896 ms.
2582 3845 2635 3897 C.
2661 3845 2717 3894 In
2739 3857 2857 3894 mss.
2877 3843 2928 3896 S.
2949 3842 3006 3894 Τ.
3033 3850 3086 3893 et
3108 3842 3159 3892 S.
3187 3842 3246 3893 (ἰ.
3267 3841 3467 3905 impedis
3486 3837 3715 3902 sepultura.

2247 3910 2266 3950 ί
2306 3911 2362 3960 In
2385 3922 2473 3960 ms.
2506 3911 2558 3959 S.
2585 3908 2644 3958 '1‘.
2668 3908 2756 3959 sed
2780 3905 3090 3958 concedatur.

2246 3977 2271 4015 ε
2307 3973 2362 4024 1η
2386 3985 2503 4024 mss.
2532 3970 2712 4033 Gaisei,
2740 3968 2812 4022 vel
2833 3967 3072 4022 Ga'iaseia.

1793 4121 2155 4180 VARIOBUM
2196 4119 2427 4178 ΝΟΤιΕ.

463 4219 549 4273 An
580 4215 668 4272 hic
700 4218 968 4280 praesentia
997 4213 1170 4285 Moysi
1203 4227 1299 4286 pro
1335 4223 1560 4286 tempore
1599 4213 1794 4286 Moysis
1816 4256 1830 4281 ,
1873 4229 1968 4269 seu
1998 4214 2071 4286 vi-

464 4298 610 4342 vente
654 4286 828 4359 Moysi
862 4302 888 4359 :7
910 4287 1096 4341 durius
1118 4285 1276 4359 _mihi_
1303 4285 1536 4359 videtur,
1567 4285 1669 4359 nisi
1713 4286 1822 4340 alio
1856 4285 2070 4341 aliunde

466 4359 719 4429 exemplo
750 4356 1058 4413 ’molliatur.
1116 4356 1335 4412 Interim
1383 4356 1731 4412 scribendum
1778 4359 2068 4423 existimo;

467 4447 616 4501 prece
639 4441 788 4484 antea
817 4429 1008 4502 Moysi,
1039 4438 1144 4484 etc.
1178 4438 1251 4502 τῷ
1279 4439 1431 4483 antea
1473 4431 1767 4502 respondet
1807 4445 1952 4492 mox,
1977 4430 2071 4502 lto-

466 4489 552 4556 die
574 4511 621 4556 et
647 4520 679 4557 a
712 4489 1079 4567 schismdtic'is,
1134 4489 1284 4555 hodie
1324 4517 1441 4554 cum
1489 4489 1876 4555 Catholicorum
1923 4489 2073 4555 turba

465 4573 687 4655 dulcedo
727 4584 1085 4655 tua-uexatur.
1259 4571 1661 4655 blogsisautem
1691 4589 1858 4655 prece,
1895 4572 2067 4655 EsOOd.

2249 4212 2326 4286 (Ι)
2378 4211 2515 4286 Quia
2553 4212 2621 4286 ad
2658 4211 2753 4286 ltoc
2798 4210 3049 4286 Basilicas
3095 4211 3338 4286 inuadere
3382 4209 3606 4286 uoluistis,
3632 4213 3712 4286 etc.

2177 4281 2367 4342 Scriho
2411 4302 2424 4339 :
2471 4283 2572 4349 Qui
2608 4283 2675 4338 ad
2711 4285 2807 4337 hoc
2844 4282 3096 4338 Basilicus
3132 4284 3375 4337 invadere
3409 4281 3640 4341 voluistis,
3673 4284 3716 4328 ut

2175 4358 2315 4412 vobis
2351 4357 2474 4410 solis
2505 4356 2789 4410 cwmeteria
2818 4356 3113 4421 vendicetis,
3137 4371 3237 4409 non.
3261 4354 3582 4422 permittentes
3604 4363 3713 4416 sepr-

2177 4429 2262 4483 liri
2281 4443 2498 4497 corpora
2529 4427 2804 4493 catholica,
2835 4436 2893 4480 ut
2917 4428 3148 4481 terrentis
3169 4426 3283 4496 (vel
3310 4437 3365 4481 ut
3393 4427 3442 4480 in
3467 4423 3573 4478 aliis
3595 4431 3715 4474 terre-

2177 4499 2324 4571 retis)
2347 4501 2504 4565 vivos,
2531 4500 2694 4571 male,
2715 4507 2822 4554 etc.
2847 4499 2918 4553 Μ.
2950 4497 3183 4571 Cttsaue.

2249 4567 2384 4626 Ibid.
2423 4571 2505 4625 Ad
2532 4571 2625 4624 hoc
2656 4568 2931 4624 Basilicas.
2964 4569 3144 4624 Multis
3185 4571 3235 4625 in
3277 4569 3412 4627 locis
3445 4567 3552 4622 duae
3593 4568 3713 4616 erant

465 4644 691 4710 xv,25:
727 4647 788 4698 At
829 4645 918 4699 ille
956 4645 1194 4699 clamavit
1220 4643 1289 4698 ad
1333 4630 1612 4698 Dominum
1657 4630 1746 4713 qui
1785 4630 2071 4698 oslenditei
2098 4631 2152 4691 D
2179 4641 2426 4698 Basiliéte
2461 4661 2473 4696 :
2507 4641 2733 4696 Basilica
2765 4642 2972 4698 scilicet
3016 4641 3415 4698 Donatistarum
3447 4648 3496 4694 et
3531 4633 3710 4713 Basilica

465 4718 685 4788 lignum,
712 4726 816 4773 etc.
847 4714 1073 4788 Moritur
1099 4730 1226 4770 vero
1250 4730 1346 4785 pro
1374 4727 1574 4770 mortua
1602 4727 1696 4786 est,
1726 4725 1783 4770 ut
1803 4731 1970 4786 sape,
1997 4730 2066 4770 ue

465 4785 639 4844 dicam
663 4803 898 4856 semper.
934 4788 1004 4842 Μ.
1035 4785 1263 4842 ΟΑδΑυις.

540 4859 656 4930 (95)
689 4858 887 4914 Eadem
912 4875 1004 4913 nos
1025 4868 1071 4912 et
1094 4859 1424 4930 vos‘lavacra
1454 4860 1665 4930 pariter,
1690 4867 1797 4915 etc.
1847 4861 1923 4914 De
1964 4872 2064 4913 usu

464 4927 783 5002 balneorum
823 4931 986 4986 etiam
1016 4932 1156 4984 inter
1181 4927 1522 5002 Christianos
1559 4931 1620 4986 F.
1653 4932 1722 4986 Μ.
1760 4946 1956 5002 parens
1997 4930 2063 4984 ad

467 5001 840 5071 Spartiannm,
863 5017 917 5071 p.
945 5003 1034 5056 75.
1067 5001 1138 5056 M.
1166 5001 1396 5056 CASAUB.
1767 5001 1774 5002 ί
1925 5043 1927 5046 ι

536 5070 655 5142 (96)
695 5070 822 5145 _Rost
849 5070 941 5145 nos
968 5071 1292 5145 puriﬁcanda
1324 5072 1534 5145 putatis.
1569 5073 1758 5145 Scribe
1789 5091 1800 5126 :
1838 5073 1899 5129 Si
1951 5083 2065 5145 post

462 5157 560 5196 nos
586 5142 912 5211 puriﬁcanda
939 5142 1174 5214 putatis?
1202 5143 1294 5198 Sic
1324 5158 1360 5196 It
1387 5143 1553 5197 editio
1575 5143 1664 5199 Fr.
1699 5142 1966 5199 Baldniui.
2001 5145 2056 5199 Si

459 5215 577 5270 ἀντὶ
599 5220 690 5270 τοῦ
705 5231 794 5277 an,
811 5213 972 5284 quale
1001 5228 1160 5284 supra
1183 5215 1456 5269 monuisse
1475 5230 1561 5269 me
1582 5216 1821 5270 memini.
1843 5217 2054 5272 lucem.

541 5283 655 5355 (97)
689 5284 794 5340 Illa
823 5283 1040 5340 lavando
1067 5285 1330 5355 promeriti
1375 5287 1495 5340 estis
1543 5286 1726 5341 Deum.
1776 5290 1842 5342 Τό
1885 5291 1928 5343 si
1973 5289 2056 5343 his

462 5357 775 5428 necessario
797 5357 1252 5428 praemittendum.
1283 5356 1500 5412 lucem.

539 5426 656 5500 (98)
699 5426 829 5482 Cum
871 5429 1029 5500 igitur
1051 5428 1172 5484 alibi
1193 5429 1337 5498 quasi
1364 5429 1630 5497 diligentes
1651 5431 1820 5484 essetis
1848 5430 2056 5485 inuenti.

462 5499 643 5554 Locus
672 5499 911 5564 mutilus,
940 5501 1116 5570 suppl.
1141 5515 1266 5572 ex."
1297 5500 1531 5572 editione
1550 5500 1638 5556 Fr.
1661 5501 1926 5572 Balduini,
1949 5519 2062 5556 cum

464 5572 627 5646 igitur
641 5572 761 5624 alibi
781 5573 925 5646 quasi
948 5571 1221 5644 diligentes
1237 5571 1398 5626 videri
1419 5573 1593 5638 vultis,
1614 5571 1736 5627 alibi
1753 5572 2063 5646 negligentes

470 5642 589 5693 estis
608 5642 818 5694 inuenti.
853 5642 1066 5698 INCEIT}

501 5779 510 5789 .
545 5711 658 5789 (99)
687 5709 957 5789 _Cotumna.
979 5715 1053 5789 AUl
1085 5714 1205 5784 quia
1233 5715 1420 5772 lavatis
1443 5717 1677 5788 parietes
1703 5715 1897 5774 iterum
1925 5717 2067 5773 lava-

475 5779 542 5832 ti's
572 5779 925 5840 Christianost
965 5779 1187 5841 Ama—sa.

2173 4715 2635 4777 Orthodoxorum,
2668 4713 2761 4768 sed
2804 4715 3018 4769 favente
3058 4713 3274 4768 Juliano
3303 4713 3436 4768 hanc
3462 4711 3713 4764 invaserant

2172 4786 2462 4857 Donatistae
2485 4784 2900 4857 utOrthodoxos
2921 4787 3192 4854 sepultura
3225 4787 3506 4857 privaren_t.
3531 4782 3709 4857 Amat.

2245 4858 2328 4928 (‘2)
2368 4855 2522 4912 Vobis
2551 4858 2695 4911 satis.
2735 4856 2917 4912 Genus
2958 4848 3076 4911 erat
3116 4848 3710 4928 cominuttionissepeljﬁ

2170 4929 2225 4983 in
2252 4917 2688 4984 Christianorum
2721 4928 3050 4984 cmtneteriis
3079 4947 3091 4981 :
3125 4936 3451 4999 quapropter
3490 4917 3712 4980 sibi'solis

2169 5016 2231 5056 ea
2267 5000 2612 5056 vindicabant
2647 5000 2959 5054 Donatistze.
3001 5001 3229 5055 ALBASP.

2244 5071 2327 5146 (ὃ)
2355 5070 2668 5146 Caemeteria.
2702 5071 2757 5126 In
2790 5072 3030 5146 Basilicis
3054 5073 3226 5146 autin
3255 5067 3564 5129 cmmcteriis
3595 5063 3710 5135 juxta

2168 5143 2433 5199 Basilicas
2460 5143 2650 5215 positis
2676 5144 3097 5214 sepeliebantur.
3115 5143 3346 5200 ALBASP.

2237 5216 2317 5289 (4)
2352 5211 2492 5271 Male
2521 5211 2768 5272 tractatis.
2819 5216 2928 5271 Ilac
2969 5219 3347 5273 communione
3383 5211 3600 5287 privatis.

2243 5358 2322 5432 (ξ)
2361 5357 2426 5432 In
2455 5375 2578 5414 uno.
2608 5361 2744 5417 Cum
2771 5358 2992 5415 Christo
3019 5361 3219 5415 unitas.
3255 5291 3570 5432 Auxilii)”:

2243 5423 2321 5501 (6)
2352 5430 2452 5506 ριιὶ
2473 5434 2664 5506 erroris
2693 5436 2848 5506 hujus
2875 5433 3229 5506 magisterium
3260 5429 3533 5506 possidetis.
3555 5423 3707 5506 lant-el

2170 5503 2233 5557 de
2250 5491 2431 5576 uestris
2462 5505 2612 5560 silere
2638 5506 2726 5576 qui
2756 5491 2922 5575 posset
2939 5491 2985 5557 ἔθ’
3010 5503 3090 5558 De
3136 5505 3242 5560 illis
3260 5491 3495 5576 'scilicet,
3527 5509 3614 5576 elc-
3651 5491 3704 5544 Ιυ

2170 5574 2542 5630 emendandus
2569 5585 2624 5632 et
2650 5572 3118 5645 interpungendus
3148 5576 3236 5634 hic
3276 5576 3436 5629 locus.
3466 5572 3558 5645 Sed
3579 5576 3623 5620 et
3643 5576 3706 5617 50'

2171 5647 2580 5718 quentiaporro
2606 5649 2674 5703 ab
2703 5643 3138 5716 interptmctione
3169 5648 3426 5703 laborant.
3468 5643 3650 5718 Iacent;

2246 5716 2324 5787 (7)
2363 5706 2456 5772 His
2488 5721 2622 5772 enim
2652 5721 2813 5774 verbis
2845 5706 2982 5788 loqui
3014 5735 3117 5773 non
3140 5719 3467 5781 erubescunt,
3495 5714 3576 5788 ςαῑ
3614 5706 3702 5788 ξεῖνε

2176 5777 2471 5858 ϐίιῖίίδεία,
2493 5792 2738 5860 quamdiu
2770 5801 2818 5846 te
2844 5777 3020 5846 lenes?
3047 5789 3163 5846 Hoc
3183 5801 3259 5848 est
3285 5777 3472 5860 dicere}
3492 5785 3599 5840 Post
3617 5777 3702 5832 hit?
