3974 6324
214 312 347 371 1031

970 322 1058 381 DE
1100 321 1493 386 SCHISMATE
1536 328 2079 392 DONATISTARUM
2114 337 2316 396 LIBER
2356 342 2715 403 SEPTIMUS.

3294 402 3300 407 .
3376 354 3515 412 1082

211 433 342 488 tiam
365 433 516 491 disce
550 453 563 491 :
599 435 678 510 (8)
698 452 793 494 vos
818 439 949 497 estis
979 456 1235 515 aucupes,
1262 454 1316 501 et
1336 445 1414 503 illi
1439 455 1533 503 aut
1558 448 1661 505 ill-.e
1684 460 1811 506 sunt
1835 453 1891 515 Α
1915 468 2003 509 sas
2033 453 2147 528 (l2)
2184 467 2357 526 portat
2390 460 2440 516 in
2464 476 2661 528 cavea;
2690 462 3023 521 evisceratas
3057 465 3192 523 alias
3222 469 3287 523 ad
3333 468 3523 541 imagi-

209 542 362 585 avcs.
399 529 508 587 Sed
544 529 624 604 (9)
656 534 779 602 quia
810 551 917 591 non
947 545 1032 592 est
1059 553 1226 594 unum
1257 555 1526 615 aucupum
1552 552 1575 581 τ·
1608 560 1810 617 genus:

212 621 303 676 alii
331 632 460 678 sunt
491 625 583 696 qui
617 637 735 683 arte
770 627 1002 700 simplici
1029 632 1154 689 altis
1183 631 1432 692 fundatas
1461 637 1736 694 radicibus
1759 639 1815 696 in

212 714 408 772 faciem
436 721 674 775 nemoris
695 720 922 779 diffusas
947 725 1169 783 arbores
1192 738 1402 799 petunt,
1423 714 1511 786 ull
1536 746 1663 787 aves
1686 733 1817 787 sim-

214 809 342 881 plici
366 811 549 868 volatu
580 805 913 873 naturalibus
936 818 1103 876 ramis
1132 820 1374 879 insidunt
1400 841 1413 879 :
1440 839 1545 879 non
1578 825 1687 881 illzc
1717 843 1816 882 nu-

214 914 498 962 merantur
540 906 757 965 fraudes
778 951 794 975 ,
828 927 934 966 non
975 912 1267 971 artificiosa
1295 917 1524 973 consilia
1556 933 1681 975 :ars
1709 936 1811 977 una

215 1005 377 1054 estet
423 1000 536 1054 sola
578 1001 828 1072 capiendi
872 1005 1086 1074 peritia.
1129 1005 1212 1064 Illi
1239 1024 1335 1066 vos
1380 1013 1569 1083 aucupi
1606 1014 1812 1071 similes

210 1091 371 1159 dico,
404 1094 493 1165 qui
525 1105 644 1166 post
672 1096 973 1155 discessum
1022 1102 1232 1168 noctis,
1276 1115 1402 1162 ante
1440 1108 1578 1163 lucis
1612 1109 1812 1166 adven-

208 1192 350 1255 tum,
377 1202 483 1242 non
524 1189 933 1249 aliorum.more
964 1195 1241 1251 naturales
1267 1196 1413 1253 vadit
1450 1198 1517 1254 ad
1558 1198 1803 1256 arbores.

207 1276 319 1334 Sed
344 1278 461 1349 ipse
483 1278 600 1353 (10)
620 1282 873 1339 arborem
895 1294 1137 1355 portans,
1164 1286 1401 1344 futurum
1430 1305 1621 1346 nemus
1643 1293 1808 1348 strin-

204 1371 279 1442 git
310 1370 366 1427 in
400 1371 624 1439 fascem,
652 1376 856 1431 aridam
903 1378 1155 1435 arborem
1199 1382 1361 1438 nullis
1387 1383 1661 1440 radicibus
1703 1384 1806 1441 ful-

204 1471 338 1530 tam,
372 1466 656 1537 multiplici
680 1468 866 1525 fraude
894 1474 1192 1543 componit.
1229 1473 1327 1529 Cui
1354 1476 1688 1533 adulterinos
1718 1481 1803 1534 itt-

202 1558 342 1613 serit
369 1574 570 1626 ramos,
595 1570 649 1616 et
672 1577 794 1633 quae
825 1579 950 1620 suas
972 1565 1287 1635 jamdudum
1319 1570 1528 1628 succisa
1557 1571 1806 1643 perdide-

196 1662 308 1722 rat,
340 1654 549 1713 alienas
595 1657 793 1729 accipit
840 1657 1079 1719 frondes.
1134 1662 1249 1734 (Η)
1288 1662 1438 1720 Alias
1486 1680 1616 1722 aves
1660 1668 1807 1724 clau-

1920 562 2045 603 nem
2094 550 2429 621 viventium,
2485 554 2603 627 (15)
2657 555 2788 612 olim
2848 557 3182 625 exsdnctas,
3241 560 3524 618 fallacibus

1921 643 2111 710 ramis,
2139 646 2289 716 quasi
2321 647 2569 704 viventes
2598 649 2843 718 imponit.
2878 650 3011 707 Aliae
3040 652 3211 709 latent
3236 653 3287 709 in
3310 654 3520 721 caveis;

1922 735 2041 792 alite
2072 739 2224 809 quasi
2265 739 2505 797 viventes
2535 742 2787 798 videntur
2818 744 2869 799 in
2913 746 3098 800 ramis.
3129 745 3381 817 Jungitur
3416 729 3520 802 una

1920 830 2188 899 geminata
2215 824 2399 889 frdude
2419 834 2721 902 calliditas;
2746 846 2795 892 et
2818 835 2932 911 (li)
2956 847 3010 892 ut
3034 836 3209 909 decipi
3226 839 3472 894 vivarum
3489 837 3518 877 ιι

1921 921 2218 979 volantium
2248 924 2566 993 simplicitas
2598 927 2790 997 possit,
2819 943 2954 999 quas
2975 940 3214 986 mortuas
3240 946 3361 987 esse
3388 945 3520 987 con-

1913 1022 2043 1081 stat,
2072 1015 2326 1072 videntur
2356 1019 2577 1075 tendere
2608 1020 2748 1076 eolla
2781 1035 2903 1075 eum
2925 1021 3181 1087 vocibus;
3215 1033 3268 1079 et
3297 1037 3417 1093 quin
3440 1023 3520 1078 la-

1915 1115 2028 1163 tent
2058 1109 2110 1164 in
2150 1124 2370 1166 carcere
2418 1126 2539 1180 suo,
2584 1114 2734 1184 quasi
2785 1114 2853 1170 de
2897 1123 3116 1186 gutture
3143 1114 3258 1189 (l5)
3296 1124 3518 1172 cantant

1911 1200 2108 1268 alieno,
2141 1201 2287 1260 inter
2312 1205 2535 1262 alterius
2562 1207 2849 1279 imaginem
2875 1220 2928 1264 et
2956 1210 3182 1264 alterius
3202 1224 3389 1265 vocem
3416 1210 3516 1267 do-

1909 1294 1993 1350 lus
2022 1312 2161 1351 unus
2187 1308 2443 1367 operatur
2470 1318 2483 1353 :
2526 1302 2758 1372 captivae
2797 1302 2995 1358 liberas
3020 1302 3259 1373 capiunt,
3288 1314 3343 1357 et
3371 1318 3518 1358 mor-

1910 1397 2017 1445 tuae
2037 1390 2279 1446 viventes
2308 1391 2582 1447 occidunt.
2618 1390 2734 1466 (16)
2763 1393 2921 1449 Tales
2959 1401 3105 1461 sunt,
3138 1408 3275 1465 quos
3309 1403 3401 1448 aut
3430 1409 3519 1450 re-

1909 1482 2272 1554 baptizatione
2294 1526 2309 1551 ,
2341 1494 2435 1539 aut
2483 1485 2799 1555 ptenitentia
2842 1486 3144 1552 sauciastis,
3177 1499 3244 1540 ne
3273 1484 3377 1539 soli
3420 1492 3515 1539 aut

1906 1577 2042 1633 solae
2071 1580 2296 1648 periisse
2313 1580 2622 1649 videantur,
2653 1579 2789 1635 alios
2820 1580 3069 1637 vclalias
3095 1594 3280 1636 secum
3337 1578 3515 1652 perire

1912 1688 2112 1745 magno
2139 1674 2323 1731 studio
2354 1684 2407 1732 et
2435 1675 2622 1733 labore
2652 1674 3006 1732 contendunt.

1436 1780 1817 1843 LECTIONES
1859 1786 2279 1847 VARIANTES.

196 1872 202 1927 ξ
267 1868 297 1898 ⁸
330 1865 388 1919 in
411 1880 530 1920 mss.
553 1866 607 1920 C.
635 1874 686 1921 et
710 1870 763 1921 S.
792 1868 1085 1937 G.aucupii.

1835 1911 1884 1972 B

1972 1882 2001 1923 ι)
2034 1883 2088 1934 In
2113 1898 2201 1935 ms.
2226 1886 2278 1936 S.
2308 1884 2366 1937 G.
2393 1886 2569 1938 avium.

1528 2007 1890 2069 VABIORUM
1927 2012 2160 2071 NOT/E.

195 2118 293 2175 Fr.
326 2119 576 2197 Baldulni
603 2122 770 2179 editio
797 2140 833 2197 ll
858 2124 1114 2197 inlerjicit
1140 2125 1240 2181 ista
1272 2144 1284 2180 :
1318 2125 1441 2181 lant
1464 2144 1632 2185 meum
1657 2130 1805 2187 debes

197 2193 347 2260 sequi
376 2209 622 2268 errorem,
642 2198 758 2267 jam
785 2196 935 2252 debes
970 2193 1203 2253 deserere
1230 2201 1510 2254 veritatem.
1546 2201 1806 2268 Quamdiu

199 2272 250 2317 te
271 2273 435 2329 tenes,
465 2266 559 2319 hoc
588 2266 776 2335 dicere,
806 2269 1027 2335 imitare,
1061 2282 1166 2324 etc.
1204 2269 1420 2326 lucsa'r.

275 2334 360 2413 (β)
393 2335 495 2413 Yos
516 2340 631 2393 estis
659 2334 905 2413 aucupes.
932 2334 1076 2397 Aves
1103 2357 1353 2407 mortuae,
1378 2344 1445 2398 de
1474 2343 1542 2399 iis
1562 2356 1687 2399 sunt
1716 2361 1807 2401 ac-

199 2406 493 2486 cipiendae,
521 2424 657 2486 quos
682 2406 1146 2483 rebaptizaverant
1173 2432 1185 2467 :
1211 2414 1432 2469 inclusa:
1456 2431 1582 2470 vero
1602 2418 1802 2486 caveis,

199 2477 273 2534 de
294 2479 407 2559 illis
426 2477 563 2552 quos
591 2484 658 2559 ad
682 2477 1056 2559 penitentiam
1083 2497 1399 2556 COt'gPrttnl;
1430 2502 1625 2542 sensus
1648 2477 1806 2559 igitur

201 2552 464 2629 est,{ct_t_m
497 2568 593 2623 per
629 2552 821 2611 demes
871 2557 1085 2613 mittitis
1129 2552 1480 2629 ptianitentes,
1506 2552 1691 2628 genus'
1722 2570 1807 2615 est

200 2623 416 2698 aucupii
448 2640 463 2678 :
492 2640 612 2680 nam
654 2638 780 2683 sunt
809 2643 941 2683 aves
988 2623 1207 2684 inclusae
1254 2623 1617 2698 quibusa'lias
1644 2632 1807 2687 vultis

201 2694 458 2770 allicere;
490 2710 610 2752 cum
637 2713 767 2755 vero
811 2701 1172 2770 rebaptizatos
1215 2694 1504 2756 ostenditis
1532 2712 1587 2756 ut
1617 2718 1803 2759 eorum

200 2768 454 2846 exemplo
477 2779 691 2846 nostros
718 2768 1013 2846 seducatis,
1046 2784 1168 2846 sunt
1198 2788 1327 2827 aves
1358 2782 1583 2828 mortuae
1608 2776 1804 2846 quibus

205 2839 518 2913 utiminiad
541 2840 675 2898 alias
702 2858 830 2898 aves
855 2844 1165 2913 capiendas.
1202 2848 1433 2900 ALBASP.

271 2908 354 2988 _(9)
405 2910 541 2988 Quia
580 2930 681 2988 non
710 2925 784 2988 est
818 2908 981 2970 unum
1020 2932 1280 2986 aucupans
1325 2934 1482 2988 genus
1510 2917 1641 2972 :alii
1686 2927 1803 2972 sunt

193 2983 284 3109 fui
314 2988 427 3040 arte
455 2984 677 3056 simplici
697 2987 869 3041 volatu
898 2983 1215 3043 naturalibus
1250 2983 1409 3043 ramis
1438 2989 1688 3043 insidunt.
1723 2989 1801 3044 Eo

214 3053 325 3109 oci.
352 3055 446 3109 ubi
472 3058 788 3109 asteriscum
823 3058 976 3109 nosui
998 3101 1013 3109 -
1054 3060 1264 3109 auctior
1287 3067 1343 3109 et
1370 3060 1687 3109 loonnletior
1712 3076 1801 3109 ea-

214 3053 325 3129 oci,
352 3055 446 3129 ubi
472 3053 788 3129 asteriscum
823 3058 1013 3128 posui,
1054 3060 1264 3115 auctior
1287 3067 1343 3114 et
1370 3060 1687 3129 locupletior
1712 3076 1803 3115 ea-

191 3125 323 3202 dem
359 3126 526 3182 editio
569 3131 649 3184 Itis
674 3125 875 3202 verbis.
905 3130 1024 3185 altis
1063 3131 1308 3201 fundatas
1351 3125 1611 3186 radicibus
1642 3134 1693 3186 in
1722 3137 1800 3202 fa-

194 3198 331 3252 ciem
361 3201 587 3254 nemoris
611 3200 828 3268 diﬁusas
855 3198 1072 3257 arbores
1090 3212 1284 3269 petunt,
1318 3204 1401 3256 ubi
1440 3220 1553 3258 aves
1582 3198 1803 3269 simplici
1828 3198 1873 3261 C

192 3270 401 3346 rotatu,
433 3280 544 3346 etc.
591 3273 816 3346 Corrige
862 3275 1065 3344 itaque,
1102 3284 1360 3343 quantum
1413 3284 1621 3341 potest.
1669 3270 1803 3330 Bar-

196 3342 377 3418 tliium
405 3342 902 3418 corrigenteni,qui
940 3342 1046 3399 rete
1075 3347 1298 3418 simplici
1325 3348 1517 3401 volanti
1553 3348 1797 3402 naturali-

196 3413 300 3468 bus
329 3415 491 3469 ramis
518 3416 758 3471 induunt.
784 3417 1002 3472 lncsnr.
1175 3413 1185 3418 ’
1550 3457 1555 3462 .

271 3486 396 3557 (10)
442 3485 688 3543 Arborem
719 3500 942 3554 portant.
984 3487 1118 3557 Quia
1147 3503 1330 3544 veram
1370 3490 1667 3547 Ecclesium
1696 3504 1802 3547 non

196 3555 501 3613 habebant.
530 3558 759 3617 ALBASP.

268 3629 392 3703 (it)
421 3629 564 3686 Alias
586 3648 703 3686 aues
731 3633 936 3687 clausas
963 3643 1131 3703 portat
1160 3634 1213 3687 in
1240 3648 1411 3701 cavea,
1445 3644 1551 3689 etc.
1579 3632 1803 3689 Scribe:

190 3700 347 3756 Alias
369 3718 486 3755 aves
510 3704 715 3757 clausas
737 3714 909 3771 portat
930 3700 986 3759 in
1006 3721 1175 3769 cavea,
1210 3714 1259 3760 et
1283 3700 1555 3761 visceratas
1581 3706 1714 3761 alios
1735 3706 1805 3761 ad

187 3772 478 3849 imaginem
500 3815 515 3836 ,
539 3785 654 3849 _e_tc.
674 3792 796 3846 quae
822 3777 1081 3849 principis
1104 3777 1362 3833 editionis
1389 3778 1657 3849 scriptura
1678 3786 1763 3833 est
1780 3819 1795 3843 ,

188 3844 508 3920 uisceratas,
538 3846 594 3920 id
619 3844 705 3901 est
722 3889 738 3912 ,
771 3844 935 3920 [artas
959 3857 1016 3903 et
1040 3848 1290 3903 distentas
1316 3865 1334 3904 :
1381 3844 1536 3920 cujus
1577 3857 1801 3905 contra-

188 3916 339 3971 rium
362 3916 465 3980 sit,
494 3916 815 3974 evisceratus.
850 3919 1044 3975 Notum
1068 3928 1148 3975 est
1172 3922 1351 3977 solere
1379 3916 1605 3978 ita'aves
1630 3930 1684 3975 et
1716 3926 1803 3974 ra’-

186 3988 344 4043 riora
372 3989 580 4059 qumvis
604 3989 857 4046 animalia
897 3992 1156 4047 extr-acus
1195 3992 1497 4050 visceribus
1519 4035 1535 4061 ,
1563 4002 1620 4048 et
1649 3994 1800 4049 omni

1912 2150 2167 2209 corpore,
2190 2137 2303 2192 Sola
2334 2134 2477 2209 pelle
2504 2134 2726 2209 relicta,
2759 2149 2930 2206 eaque
2968 2132 3185 2207 demum
3230 2131 3376 2209 fteno
3420 2139 3514 2187 aut

1914 2206 2143 2289 furfure,
2166 2206 2363 2265 scrutis
2384 2222 2447 2265 ac
2471 2206 2763 2263 titivillitiis
2778 2206 3175 2289 cujuscumque.
3190 2206 3407 2289 generis
3427 2219 3517 2289 re-

1915 2279 2057 2346 pleta
2102 2296 2167 2336 ae
2211 2289 2466 2345 extrusa,
2509 2279 2840 2336 conservari.
2892 2278 3078 2337 Potest
3117 2288 3174 2333 et
3211 2278 3515 2332 evisceratus

1914 2350 2064 2406 ferri.
2097 2351 2170 2407 M.
2202 2353 2434 2408 Casaua.

1987 2444 2102 2515 (12)
2152 2445 2335 2500 Portat
2375 2447 2431 2499 in
2462 2462 2635 2500 cavea.
2684 2444 3049 2511 Pmnitentes,
3082 2443 3206 2514 quia
3232 2456 3339 2497 non
3372 2454 3521 2497 com-

1915 2518 2284 2573 municabant.
2322 2519 2552 2572 ALBASP.

1980 2587 2115 2643 Ibid.
2150 2589 2294 2643 Alias
2323 2606 2438 2643 aves
2462 2590 2666 2643 clausas
2694 2595 2864 2656 portat
2894 2588 2948 2640 in
2992 2601 3145 2640 cavea
3165 2626 3181 2652 ,
3212 2593 3259 2639 et
3281 2585 3509 2656 uiscera-

1909 2669 2009 2713 tas.
2036 2659 2125 2715 Fr.
2160 2660 2406 2715 Balduini
2432 2661 2598 2715 editio
2624 2674 2661 2713 ll
2689 2655 2701 2712 έ
2729 2656 2794 2711 1η
2819 2673 2974 2713 cavea
2995 2658 3261 2711 viscerata.
3289 2655 3516 2710 Videtur

1908 2746 1974 2786 ex
2006 2732 2248 2802 vestigiis
2298 2731 2547 2787 lcetionis
2579 2732 2806 2802 vulgata:
2847 2728 3151 2802 faciendum
3184 2746 3197 2802 ξ
3226 2727 3373 2802 Alias
3399 2741 3516 2781 aves

1908 2803 2108 2857 clausas
2130 2798 2299 2874 p'ortat
2325 2804 2379 2857 in
2402 2820 2552 2857 cavea
2567 2820 2585 2869 ;
2613 2812 2659 2856 et
2681 2801 2757 2856 bis
2782 2810 3015 2874 cret-atas.
3049 2798 3306 2855 Barthius
3330 2812 3517 2854 emen-

1907 2874 1998 2929 dat
2024 2893 2037 2928 :
2063 2871 2302 2930 In‘cavea
2330 2884 2378 2929 et
2408 2875 2518 2929 visu
2546 2885 2782 2929 ctecatas.
2814 2871 3034 2928 lucem.

1983 2946 2034 3023 (1
2047 2946 2100 3023 ξ)
2132 2946 2272 3023 Qlint
2298 2946 2592 3023 egestinctas.
2628 2944 3089 3023 Iteliaptiaatione.
3119 2943 3346 3023 deesse.
3458 3012 3469 3023 _

1986 3014 2113 3091 (14)
2136 3018 2205 3074 Ut
2227 3019 2392 3089 decipi
2413 3019 2643 3091 vivarum
2676 3016 2955 3091 volanti_um
2973 3014 3294 3091 _sintpticitas
3330 3014 3512 3091 possit.

1910 3084 2226 3147 Ex'tnéliori
2255 3084 2556 3159 exemplari
2587 3089 2820 3143 restituit
2852 3086 2939 3141 Ft‘.
2973 3085 3287 3159 Balduinus,
3320 3092 3377 3139 ut
3422 3084 3514 3139 de-

1907 3163 2012 3233 cipi
2033 3164 2206 3217 avium
2230 3155 2515 3217 volantium
2542 3160 2848 3225 simplicitas
2872 3158 3055 3231 possit.
3093 3155 3308 3213 lucem.

1982 3254 2098 3324 (15)
2130 3252 2347 3308 Cantent
2377 3252 2568 3307 alieno.
2617 3250 2749 3320 Quit
2802 3250 3131 3320 pmnitentcs
3161 3250 3212 3303 in
3247 3248 3539 3314 Ecclesia,.

1909 3341 2012 3382 nec
2037 3326 2207 3396 loqui,
2237 3341 2338 3381 nec
2357 3326 2648 3396 quidquam
2675 3337 2838 3394 agere
2868 3329 3145 3393 poterant.
3190 3324 3422 3375 ALBASP.

1980 3417 2098 3492 (16)
2126 3418 2279 3492 Tales
2309 3428 2425 3474 sunt
2446 3433 2573 3487 quos
2597 3427 2685 3471 aut
2712 3415 3131 3492 rebaptizationg,
3153 3421 3259 3469 etc.
3293 3413 3393 3479 Qui
3422 3426 3519 3492 vo-

1913 3483 2120 3567 let‘bo’e
2143 3491 2383 3567 retinere
2406 3529 2421 3553 ,
2461 3483 2565 3560 per
2595 3503 2682 3567 tne
2728 3483 2911 3567 licebit
2936 3488 3051 3567 illi.
3077 3483 3210 3539 Cum
3235 3484 3516 3567 tamende

1912 3561 2128 3632 perditis
2161 3563 2248 3616 hic
2278 3556 2549 3632 loquatur,
2581 3570 2637 3632 et
2661 3560 2713 3613 in
2743 3559 3215 3632 pernicictnsnam
3245 3556 3516 3632 seductis,

1912 3626 2144 3703 cumque
2176 3633 2270 3688 lib.
2302 3626 2443 3688 n'de
2482 3630 2793 3685 Ptenitcntia
2819 3633 3054 3703 sauciare
3081 3643 3244 3703 super
3271 3627 3370 3681 hac
3398 3626 3517 3703 ipsa

1913 3721 1973 3761 re
2001 3701 2220 3773 dixerit,
2248 3704 2406 3782 fallor
2427 3711 2520 3782 aut
2547 3703 2635 3757 hic
2657 3703 2821 3782 etiam
2846 3701 3122 3782 saucia-stis
3139 3701 3517 3782 qnam-socias-

1912 3778 1977 3833 tis
2015 3770 2332 3833 verius'est.
2364 3777 2458 3833 Sui
2503 3786 2683 3829 tamen
2733 3773 2963 3843 quisque
3008 3770 3221 3826 frnatttr
3265 3771 3518 3826 libertate

1906 3848 2120 3919 judicii.
2150 3848 2325 3903 Favet
2351 3858 2529 3902 tamen
2560 3845 2715 3919 nobis
2745 3844 2888 3919 quod
2918 3846 2969 3898 in
3002 3843 3518 3919 principeeditione

1910 3913 2183 3976 sauciastis
2230 3935 2338 3975 non
2364 3919 2619 3973 sociastis.
2658 3916 2729 3972 Μ.
2759 3913 2990 3971 (ὶλςλυιι.
3028 3913 3114 3969 Ita
3143 3915 3432 3969 restitutum
3454 3929 3515 3967 (τε

1911 4008 2039 4047 11188.

195 4092 3470 4139 WHM

1165 4226 1277 4298 99
1329 4221 1409 4297 (ί)
1439 4243 1773 4317 LIBER
1844 4240 2403 4317 SEPTIMUS.
2461 4221 2547 4296 (ε)

186 4401 261 4459 In
302 4400 405 4456 hoc
446 4401 720 4457 novissimo
765 4402 896 4458 libro
931 4404 1237 4472 continetur,
1267 4403 1567 4460 Traditores
1611 4404 1700 4476 qui
1746 4404 1797 4459 in
1828 4404 1995 4477 primo
2024 4402 2200 4458 libello
2229 4402 2320 4457 sub
2351 4400 2637 4457 nominibus
2665 4400 2771 4454 suis
2794 4409 2839 4454 et
2865 4398 2991 4453 locis
3030 4405 3077 4451 et
3120 4394 3527 4467 confessionibus

260 4504 390 4552 sunt
419 4494 775 4565 demonstrati,
805 4513 907 4553 non
933 4514 1086 4570 grave
1112 4509 1133 4535 ε
1168 4508 1436 4569 peccatum
1464 4498 1720 4566 habuisse,
1739 4498 1828 4569 qui
1848 4498 2169 4565 necessitate,
2202 4514 2303 4553 non
2326 4498 2587 4553 voluntate
2607 4496 2947 4568 peccaverint,
2971 4492 3102 4546 bono
3130 4492 3340 4547 unitatis
3368 4492 3523 4547 etiam

266 4588 401 4643 tales
450 4588 503 4642 in
532 4590 889 4645 communione
931 4590 1092 4662 recipi
1121 4591 1367 4661 potuisse.

265 4726 309 4783 Ι.
355 4725 655 4783 Donatistas
701 4728 871 4782 minus
919 4728 1102 4783 noxios
1141 4744 1251 4783 esse
1287 4738 1336 4784 et
1381 4730 1449 4785 ad
1477 4728 1797 4784 communio-
1821 4733 1875 4794 Ι)
1904 4727 2198 4785 Ecclesiam
2238 4726 2683 4792 demonstratam,
2716 4734 2836 4796 post
2884 4723 3129 4795 repulsas
3155 4738 3287 4796 quas
3316 4724 3526 4794 ingere-

185 4838 314 4878 nens
341 4821 554 4894 facilius
580 4820 783 4876 admitti
814 4838 983 4893 posse,
1015 4838 1167 4893 quant
1213 4839 1388 4879 eorum
1427 4836 1663 4897 parentes
1694 4835 1803 4879 tra-

186 4917 413 4974 ditionis
436 4932 571 4972 reos.
597 4947 668 4958 —
693 4915 822 4973 Post
850 4916 1165 4975 Traditores
1192 4926 1443 4976 ostensos
1471 4929 1528 4977 et
1563 4930 1807 4977 sanctam

1912 4824 2051 4879 batis
2075 4822 2397 4887 calumnias,
2428 4829 2479 4875 et
2510 4828 2630 4889 post
2673 4828 2889 4889 pet-eota
2918 4828 3117 4881 vestra,
3164 4832 3284 4886 qua:
3329 4831 3359 4870 a
3405 4814 3521 4870 Deo

1917 4919 2190 4990 increpari
2216 4923 2529 4974 meruerunt
2548 4912 2740 4971 ordine
2769 4926 2900 4978 suo;
2934 4922 2986 4967 et
3033 4912 3249 4967 iteratio
3278 4907 3305 4947 ἀ
3335 4923 3524 4965 sacra—

1459 5032 1841 5092 LECTIONES
1877 5032 2290 5090 VARIANTES.

258 5131 281 5191 ς
324 5126 381 5191 in
407 5140 498 5178 ms.
523 5127 579 5191 δέ
603 5125 661 5178 G.
685 5138 851 5191 grave.

254 5187 285 5229 ιι
322 5189 380 5240 In
406 5202 522 5239 mss.
546 5188 600 5241 C.
628 5187 753 5241 ct'S.
784 5189 843 5240 G.
870 5188 1143 5243 traditione.
1166 5189 1223 5240 In
1246 5203 1338 5240 ms.
1358 5191 1411 5240 S.
1436 5189 1495 5241 'l‘.
1521 5189 1724 5242 ratione.
1747 5191 1805 5242 In

184 5268 287 5306 ms.
313 5253 374 5305 P.
402 5252 454 5303 S.
480 5250 711 5305 oratione.
730 5251 830 5304 Nos
852 5265 916 5303 ex
936 5256 1219 5318 conjectura
1243 5255 1566 5317 restituimus,
1590 5253 1804 5315 iteratio;

1909 5142 2021 5179 nam
2042 5129 2123 5178 hic
2138 5127 2445 5189 singulorum
2468 5126 2704 5176 librorum
2722 5096 3010 5189 argumenta
3030 5124 3273 5189 percurrit
3288 5120 3515 5189 Optatos,

1914 5201 1966 5264 et
1985 5185 2317 5264 designatfbis
2340 5189 2507 5264 verbis
2523 5185 2870 5260 argumentum
2893 5188 3001 5238 libri
3020 5185 3202 5251 Quinti,
3229 5186 3277 5236 in
3300 5185 3399 5249 quo
3417 5185 3521 5246 agi-

1914 5260 1994 5304 tur
2013 5254 2078 5304 de
2096 5251 2347 5305 iteratione
2365 5251 2604 5316 baptismi.

1541 5358 1907 5419 VARIORUM
1944 5360 2176 5419 ΝΟΤᾸΕ.

264 5456 359 5531 (1)(
393 5453 715 5531 Suspleatns
740 5469 859 5531 sum
886 5454 1175 5531 aliquando
1203 5453 1350 5510 hunc
1380 5453 1600 5531 Librum
1621 5455 1713 5524 qui
1744 5465 1798 5512 et

186 5532 246 5588 in
272 5525 519 5585 editione
543 5526 865 5583 Germanica
890 5526 1131 5582 Cocbltei
1179 5526 1490 5596 praeteritus
1529 5525 1649 5593 fuit,
1691 5544 1796 5583 non

186 5616 319 5658 esse
340 5599 548 5669 Optati,
569 5614 689 5652 cum
722 5597 1081 5669 Hieronymus
1107 5597 1321 5669 nonnisi
1349 5613 1444 5653 sex
1466 5597 1634 5653 libros
1646 5599 1713 5654 ab
1731 5614 1799 5655 eo

185 5673 437 5743 scriptos
465 5685 588 5725 esse
614 5670 836 5731 scribat,
858 5668 1071 5737 et’ipse
1114 5668 1341 5739 Optatos
1372 5670 1535 5743 lib._t,
1582 5672 1797 5743 nonnisi

187 5760 292 5800 se:
314 5741 604 5797 ‘ltbrornm
648 5748 1024 5813 argumentum
1057 5750 1344 5812 proponat.
1380 5741 1495 5813 Sed
1539 5752 1679 5796 cum
1712 5741 1799 5799 hic

191 5816 367 5873 Liber
385 5813 649 5885 septimus
679 5812 1009 5885 reperiretur
1032 5813 1085 5867 in
1113 5814 1284 5869 tribus
1303 5812 1498 5881 quibus
1523 5828 1651 5869 usus
1677 5829 1798 5870 sum

197 5883 592 5957 hianuscriptis
627 5883 1056 5956 ex‘emplaribus‘,
1086 5891 1144 5941 et
1168 5885 1339 5957 stylus
1368 5898 1563 5955 resque
1600 5900 1797 5943 come.

1890 5448 2043 5528 ‘niat,
2081 5472 2372 5530 agnoscam
2399 5472 2521 5515 esse
2549 5456 2766 5530 Optati:
2802 5470 2988 5530 verum
3013 5454 3517 5530 dicam_es_s_e_scri-

1907 5525 2056 5603 ptum
2081 5525 2201 5603 post
2229 5530 2405 5587 editos
2435 5546 2531 5587 sex
2556 5525 2883 5600 superiores.
2912 5526 3038 5653 :lmc
3068 5525 3160 5582 Fr.
3196 5526 3514 5584 Balduinus.

2937 5614 3130 5653 ucear.

1979 5673 2061 5746 (2)
2102 5673 2254 5730 Liber
2280 5672 2651 5746 septimus._De
2681 5671 2781 5728 hoc
2806 5614 3375 5746 Libbszeﬁprtimoquid
3394 5685 3518 5746 sen-

1909 5740 2152 5805 tiendum
2198 5740 2481 5813 vide'quas
2531 5743 2765 5801 diximus
2815 5742 2903 5798 ubi
2928 5742 3285 5870 ὁΙιῗΡῗξτίριίε
3310 5740 3514 5814 Optati.
