3974 6324
518 318 658 378 1087

1721 317 1966 377 8ᾹΝΟΤΙ
2006 316 2261 378 ΟΡΤΑΤΙ
2299 319 2605 379 EPISCOPI

3640 329 3748 389 1088

514 414 805 472 terdictum
835 413 1035 488 aliquid
1063 413 1279 471 facere:
1312 412 1408 470 sed
1436 415 1592 486 pejus
1605 424 1689 471 est
1717 416 1976 471 unitatem
2006 431 2112 471 non
2141 417 2196 476 Α
2219 431 2377 487 quem
2401 432 2507 473 non
2533 417 2698 483 vidit;
2734 417 2778 474 si
2808 418 3027 490 negavit
3052 432 3212 492 quem
3241 432 3345 474 non
3371 421 3596 493 agnovit,
3618 424 3657 479 si
3678 442 3753 483 nes

516 504 718 564 habere
742 521 865 563 cum
897 506 1092 577 possis.
1122 506 1295 575 Quam
1327 506 1612 574 unitatem,
1636 507 1812 577 ipsum
1838 505 2112 563 Christum

514 600 761 657 videmus
785 601 1144 671 praeposuisse
1170 599 1421 657 vindictae
1449 607 1585 670 suis,
1611 602 1705 674 qui
1728 603 1898 674 magis
1926 617 2117 659 omnes

516 692 815 762 discipulos
836 707 965 748 suos
994 693 1161 748 voluit
1192 693 1245 747 in
1285 709 1394 749 uno
1417 708 1560 761 esse,
1586 710 1748 766 quam
1775 694 1921 766 quod
1946 694 2119 752 often-

516 801 612 844 sus
642 788 814 846 fuerat
832 788 1140 845 vindicare:
1169 788 1287 862 (l9)
1313 788 1440 845 dum
1467 789 1633 845 nollet
1651 805 1711 845 se
1736 790 1942 861 negari,
1991 804 2117 860 pro-

517 879 667 935 misit
700 895 761 936 se
799 879 942 951 apud
972 880 1190 937 Patrem
1219 891 1537 953 negaturum
1581 898 1723 949 esse,
1751 883 1842 952 qui
1874 898 1934 938 se
1960 897 2121 954 nega-

518 980 605 1028 ret
645 980 694 1038 υ,
743 983 800 1029 et
840 971 868 1011 δ
895 988 1017 1029 cum
1051 974 1169 1029 haec
1200 974 1276 1029 ita
1308 985 1331 1014 α
1365 976 1567 1046 scripta
1596 978 1726 1041 sint,
1768 984 1946 1032 tamen
1980 977 2122 1033 bono

518 1065 742 1122 unitatis
755 1067 948 1123 beatus
972 1067 1186 1135 Petrus,
1201 1068 1286 1124 cui
1310 1068 1444 1125 satis
1460 1078 1579 1125 erat
1602 1068 1647 1125 si
1664 1078 1786 1139 post
1805 1069 1947 1140 quod
1962 1084 2123 1141 nega-

521 1160 618 1228 vit,
637 1160 810 1216 solam
842 1162 1057 1218 veniam
1084 1172 1513 1235 consequeretur
1537 1162 1586 1228 ά.
1627 1171 1683 1221 et
1710 1164 1951 1235 praeferri
1980 1168 2124 1235 Apo-

520 1253 679 1310 stolis
700 1255 954 1311 omnibus
980 1257 1201 1322 meruit,
1225 1267 1276 1313 et
1304 1257 1485 1315 claves
1511 1259 1661 1330 regni
1686 1258 1950 1315 caelorum
1970 1260 2124 1332 103

521 1347 1001 1404 communicandas
1029 1350 1263 1416 caeteris,
1298 1350 1447 1405 solus
1470 1351 1704 1421 accepit.
1753 1351 1904 1407 Bono
1949 1353 2127 1407 unita.

524 1440 614 1505 tis,
644 1440 952 1511 sepelienda
982 1456 1104 1499 esse
1130 1452 1350 1513 peccata
1375 1444 1503 1500 hinc
1528 1444 1755 1515 intelligi
1778 1443 1959 1511 datur,
1984 1444 2127 1516 quod

522 1535 867 1592 beatissimus
897 1536 1093 1594 Paulus
1129 1538 1422 1609 Apostolus
1441 1539 1604 1609 dicat,
1624 1541 1945 1597 charitatem
1970 1557 2129 1609 posse

526 1625 815 1683 obstruere
843 1628 1241 1685 multitudinem
1289 1642 1632 1702 peccatorum
1661 1650 1674 1688 :
1712 1631 1885 1688 Onera
1912 1633 2129 1705 (inquit)

522 1728 690 1774 vestra
705 1719 921 1777 invicem
932 1723 1181 1778 sustinete
1198 1722 1425 1796 (Gal.vt,
1438 1724 1517 1797 2);
1536 1734 1591 1781 et
1618 1726 1726 1781 alio
1748 1726 1868 1782 loco
1888 1728 1963 1782 ait
1980 1746 1992 1782 :
2007 1729 2131 1782 cha-

2218 510 2362 581 gavit
2398 512 2486 567 cui
2536 512 2668 567 nihil
2711 512 2990 583 promisit;
3022 512 3067 569 si
3117 512 3283 568 semel
3312 513 3528 585 negavit.
3556 513 3669 571 Nam
3708 517 3752 574 in

2220 604 2379 660 beato
2406 605 2567 662 Petro
2607 607 2711 662 hoc
2735 620 2908 677 genus
2939 606 3146 675 peccati
3173 604 3449 663 dilatatam
3478 615 3554 663 est
3577 625 3589 662 :
3616 610 3753 680 primo

2220 699 2362 770 quod
2397 714 2519 756 cum
2547 700 2908 772 interrogaret
2947 700 3195 756 Christus
3223 716 3407 756 omnes
3433 718 3578 772 quem
3601 718 3652 760 se
3676 704 3752 762 ho-

2224 793 2400 849 mines
2421 793 2686 861 dicerent,
2717 808 2855 849 unus
2882 793 3018 849 dixit
3038 793 3241 861 Eliam;
3268 794 3402 850 alter
3424 795 3550 851 dixit
3571 798 3755 867 prophe-

2222 893 2331 941 tam
2358 903 2370 938 :
2406 896 2533 942 tunc
2559 885 2810 942 Christus
2836 886 3046 943 dixisse
3075 886 3269 958 legitur
3293 905 3307 941 :
3338 885 3436 942 Vos
3459 904 3595 957 quem
3613 889 3755 964 medi-

2224 980 2342 1034 citis
2385 996 2492 1034 esse
2518 981 2586 1034 l?
2629 990 2683 1036 et
2710 981 2784 1034 ait
2817 979 2896 1034 illi
2935 980 3129 1036 Petrus
3161 978 3275 1034 :Tu
3311 996 3365 1034 es
3401 978 3560 1035 Filius
3584 980 3665 1036 Dei
3686 983 3758 1037 υἱιιὶ

2228 1072 2443 1148 (Matth.
2477 1091 2586 1140 xvt,
2618 1075 2686 1130 15
2707 1084 2752 1129 et
2784 1074 2894 1148 i6).
2925 1075 3031 1130 Pro
3055 1090 3158 1143 qua
3198 1074 3468 1146 agnitione
3500 1074 3679 1131 laudari
3709 1076 3757 1132 ab

2226 1180 2293 1222 eo
2322 1167 2520 1221 meruit
2545 1164 2573 1203 ιι
2600 1184 2613 1220 :
2642 1167 2779 1222 Ecce
2815 1165 2827 1203 i
2873 1166 3088 1222 caneris
3128 1180 3235 1221 non
3280 1166 3663 1237 agnoscentibus
3694 1168 3761 1224 Fi-

2228 1258 2358 1314 lium
2390 1258 2505 1325 Dei,
2545 1258 2693 1314 solus
2721 1259 2913 1314 Petrus
2943 1260 3186 1332 agnovit.
3212 1259 3417 1315 Deinde
3444 1259 3539 1315 sub
3560 1260 3635 1316 die
3670 1275 3759 1331 pas-

2230 1354 2421 1418 sionis,
2448 1368 2568 1408 cum
2591 1352 2801 1410 diceret
2828 1353 3074 1409 Christus
3105 1371 3118 1407 :
3152 1352 3288 1408 Ecce
3320 1365 3488 1410 teneor
3525 1363 3569 1409 et
3601 1354 3762 1426 fugietis

2231 1466 2405 1505 omnes
2430 1447 2643 1521 (Matth.
2667 1464 2811 1512 xm,
2835 1448 2951 1520 32).
2974 1448 3305 1505 Tacentibus
3332 1449 3550 1512 caeteris,
3576 1449 3697 1504 solus
3714 1463 3759 1505 se
3848 1483 3861 1500 .

2230 1542 2480 1614 promisit
2510 1556 2987 1597 non-recessurum
3019 1560 3032 1596 :
3066 1542 3134 1597 de
3165 1541 3496 1613 prmscientia
3524 1540 3668 1596 Filius
3690 1539 3762 1598 Dei

2232 1636 2341 1692 ait:
2395 1634 2568 1703 Petre,
2614 1643 2886 1706 antequam
2920 1635 3093 1706 gallus
3136 1643 3325 1701 cantet,
3376 1645 3449 1690 ter
3486 1650 3559 1688 me
3602 1632 3764 1704 negabis

2234 1728 2400 1803 (Ibid.
2443 1726 2559 1800 5i).
2617 1727 2871 1783 Additum
2923 1735 3005 1783 est
3057 1727 3200 1782 aliud
3239 1727 3308 1782 ad
3355 1725 3554 1797 pondus
3584 1724 3762 1796 peccati,

520 1811 1358 1885 ritasmagnauimisestmharitas
1369 1818 1585 1890 benigna
1596 1828 1694 1873 est:
1705 1820 2037 1875 charitasnon
2050 1836 2133 1876 se-
2161 1814 2211 1877 B
2239 1822 2566 1894 promissum
2590 1821 2800 1877 scilicet
2821 1821 2964 1892 quod
2993 1836 3100 1877 non
3129 1830 3249 1876 erat
3276 1819 3596 1891 impleturus.
3617 1818 3766 1873 Postea

525 1903 667 1959 tatur
681 1905 936 1962 :clraritas
956 1924 1058 1962 non
1078 1908 1322 1979 inﬂatur:
1340 1925 1442 1965 non
1463 1911 1647 1980 quterit
1668 1927 1783 1982 qua:
1806 1928 1899 1966 sua
1929 1921 2049 1966 sunt
2090 1912 2134 1982 (Ι

526 1997 649 2056 Cor.
668 2008 786 2069 xm,
801 2000 836 2057 4
853 2011 899 2057 et
920 1998 978 2073 5)
1000 2019 1012 2055 :
1032 2011 1093 2058 et
1104 2003 1242 2060 bene
1253 2003 1409 2060 dixit.
1426 2003 1551 2060 ΙΙωο
1574 2005 1715 2060 enim
1734 2007 1915 2063 omnia
1927 2005 2135 2062 viderat

527 2092 584 2148 in
604 2094 865 2164 apostolis
893 2094 1128 2161 caeteris,
1144 2096 1235 2166 qui
1265 2096 1408 2152 bono
1437 2097 1793 2169 unitatis,per
1811 2098 2133 2155 charitatem

528 2185 822 2243 noluerunt
842 2202 873 2243 a
901 2189 1282 2246 communione
1304 2190 1446 2246 Petri
1480 2192 1759 2259 recedere,
1784 2192 1901 2263 ejus
1926 2192 2134 2250 scilicet

535 2280 628 2350 qui
659 2278 950 2349 negaverat
990 2281 1287 2339 Christum.
1320 2284 1474 2354 Quod
1516 2285 1561 2342 si
1593 2286 1766 2357 major
1794 2297 1941 2344 esset
1982 2304 2134 2346 amor

532 2372 884 2442 innocentiae,
916 2388 1077 2443 quam
1115 2375 1320 2431 utilitas
1351 2377 1500 2447 pacis
1523 2389 1578 2433 et
1619 2379 1863 2446 unitatis,
1889 2379 2135 2438 dicerent

535 2481 596 2522 se
642 2481 749 2538 non
777 2466 980 2524 debere
1025 2470 1433 2528 communicare
1474 2471 1658 2540 Petro,
1702 2473 1793 2541 qui
1842 2483 2134 2544 negaverat

535 2560 875 2631 magistrum,
926 2570 983 2618 et
1030 2562 1128 2619 Dei
1172 2563 1369 2620 Filium
1403 2565 1708 2621 Dominum.
1755 2566 1986 2623 Possent
2026 2583 2133 2624 non

533 2653 934 2709 communicare
962 2653 1045 2726 (ut
1060 2669 1222 2726 supra
1250 2655 1454 2712 dictum
1475 2657 1579 2731 est)
1605 2657 1919 2716 beatissimo
1937 2659 2128 2715 Petro:

535 2758 757 2816 possent
779 2758 967 2804 contra
997 2749 1147 2805 illum
1180 2751 1413 2807 recitare
1441 2752 1603 2808 verba
1631 2752 1853 2818 Christi,
1882 2754 1972 2825 qtti
2012 2769 2136 2825 pro-

535 2838 762 2894 miserat
786 2848 1107 2912 negaturum
1138 2857 1200 2898 se
1228 2859 1350 2899 esse
1376 2844 1517 2912 apud
1543 2844 1781 2912 Patrem,
1813 2862 1936 2901 eum
1968 2846 2058 2919 qui
2076 2862 2134 2903 se

535 2942 721 2986 coram
749 2930 1059 2989 hominibus
1083 2945 1356 3007 negasset.
1412 2937 1490 2992 Ad
1521 2954 1678 3008 quam
1712 2938 1938 2996 formam
1976 2941 2137 2997 debet

535 3021 829 3094 diligenter
856 3027 1060 3084 attendi
1087 3045 1100 3083 :
1154 3028 1222 3085 de
1248 3045 1353 3101 qua
1383 3031 1509 3086 dum
1544 3048 1710 3102 pauca
1741 3031 2131 3104 commemoro,

536 3115 710 3187 ipsius
737 3118 911 3173 sancti
941 3117 1087 3175 Petri
1116 3120 1393 3179 beatitudo
1419 3124 1629 3180 veniam
1663 3126 1884 3194 tribuat,
1912 3128 1957 3183 si
2004 3128 2133 3184 illud

2236 1930 2396 1987 quam
2427 1915 2478 1970 in
2507 1914 2729 1969 domum
2752 1913 2971 1984 Caiphze
2988 1913 3181 1969 ductus
3201 1911 3554 1977 estChristus,
3579 1910 3637 1967 ad
3650 1926 3766 1967 mea-

2237 2022 2418 2063 suram
2447 2007 2628 2064 delicti
2671 2006 3068 2078 complendam,
3098 2006 3166 2063 de
3211 2015 3363 2061 tanto
3401 2020 3609 2061 numero
3632 2004 3766 2059 nullus

2237 2101 2373 2156 alius
2402 2101 2766 2171 interrogatur
2803 2109 3003 2172 praeter
3045 2099 3263 2155 beatum
3310 2099 3561 2156 Petrum:
3590 2097 3768 2153 intene-

2237 2204 2399 2266 gatus
2422 2194 2596 2265 primo
2617 2202 2806 2264 negat;
2836 2193 3201 2265 interrogatus
3226 2192 3425 2249 iterum
3452 2199 3621 2263 negat;
3647 2189 3767 2245 tertio

2237 2286 2373 2341 dixit
2423 2300 2484 2341 se
2526 2284 2801 2341 Christum
2842 2285 3068 2341 omnino
3111 2300 3218 2340 non
3264 2298 3460 2339 nosse:
3499 2293 3549 2339 et
3585 2279 3768 2338 cantavit

2238 2380 2440 2450 gallus;
2491 2395 2597 2435 non
2629 2390 2686 2434 ut
2713 2388 2956 2449 tempora
2996 2387 3158 2433 cantu
3187 2391 3290 2433 suo
3315 2375 3663 2447 distingueret,
3697 2372 3767 2428 sed

2237 2484 2297 2528 ut
2336 2488 2593 2545 peccasse
2637 2489 2697 2530 se
2746 2474 2937 2529 beatus
2982 2473 3174 2529 Petrus
3219 2479 3551 2543 agnosceret.
3581 2468 3767 2538 Denique

2237 2568 2410 2625 doluit
2436 2584 2640 2635 amare,
2669 2577 2725 2625 et
2752 2567 2899 2624 ﬂes-it
2934 2568 3187 2624 ubertim.
3216 2566 3386 2635 Ecce,
3428 2576 3484 2621 ut
3522 2578 3658 2636 supra
3682 2561 3766 2617 dic-

2236 2670 2350 2718 tum
2379 2670 2480 2727 est,
2507 2662 2720 2719 caeteris
2751 2677 2858 2718 non
2889 2660 3313 2733 agnoscentibus
3340 2659 3389 2728 ἱ,
3412 2658 3550 2714 solus
3569 2654 3766 2727 agnovit:

2237 2756 2450 2812 caeteris
2486 2771 2595 2811 non
2638 2755 3074 2826 promittentibus
3100 2755 3252 2811 solus
3286 2753 3569 2828 promisit:
3608 2746 3769 2807 ceteris

2238 2863 2342 2905 nec
2383 2848 2552 2905 semel
2586 2848 2945 2919 negantibus,
2983 2856 3067 2904 ter
3099 2848 3248 2905 solus
3291 2847 3531 2918 negavit;
3554 2855 3605 2902 et
3635 2855 3771 2899 tamen

2238 2941 2380 2999 bono
2411 2944 2662 3010 unitatis,
2693 2942 2761 3000 de
2789 2959 3019 3001 numero
3041 2944 3427 3017 Apostolorum
3455 2940 3668 3015 separari
3692 2953 3769 2994 non

2236 3036 2456 3091 meruit.
2501 3035 2651 3092 Unde
2681 3036 3000 3109 intelligitur
3026 3037 3206 3093 omnia
3232 3036 3481 3093 ordinata
3510 3049 3619 3092 esse
3641 3031 3773 3104 provi-

2238 3126 2420 3184 dentia
2447 3128 2769 3197 Salvatoris,
2802 3131 2992 3202 utipse
3020 3133 3292 3203 acciperet
3308 3131 3509 3188 claves.
3539 3126 3773 3185 loterclasa

538 3225 969 3271 commemorare
994 3214 1182 3272 videor
1198 3218 1341 3289 quod
1367 3218 1565 3276 factum
1594 3232 1811 3278 constat
1834 3233 1889 3279 et
1906 3204 2136 3296 legitnr':
2164 3206 2213 3271 (ἶ
2242 3231 2326 3279 est
2365 3223 2582 3280 malitiae
2629 3224 2737 3292 via,
2780 3240 2850 3281 ne
2892 3226 3126 3297 ap0stoli
3170 3227 3358 3283 animo
3403 3224 3649 3281 licentiam
3668 3219 3775 3293 judi«

538 3301 725 3360 dubito
750 3304 933 3363 dicere
963 3323 1221 3378 peccasse
1254 3319 1454 3368 tantam
1485 3314 1864 3382 sanctitatem;
1896 3316 1991 3373 sed
2022 3317 2139 3389 ipse

539 3392 645 3453 hoc
681 3395 879 3454 factum
930 3400 1150 3471 probat,
1199 3402 1294 3475 qui
1337 3412 1394 3459 et
1430 3405 1601 3461 doluit
1637 3422 1841 3475 amare,
1896 3417 1949 3465 et
1994 3408 2144 3466 ﬂevit

541 3488 799 3558 ubertim,
825 3493 916 3564 qui
946 3509 1046 3551 nec
1076 3495 1285 3553 doleret
1313 3513 1415 3553 nec
1441 3498 1616 3564 ﬂeret,
1648 3503 1693 3556 si
1721 3503 1868 3558 nulla
1899 3504 2139 3560 interve-

542 3580 710 3638 nisset
737 3583 984 3642 oﬂ'ensio.
1020 3586 1201 3645 Potuit
1225 3600 1248 3628 υ
1273 3591 1459 3662 utique
1483 3602 1645 3665 caput
1671 3596 2042 3667 apostolorum
2071 3599 2142 3653 ita

542 3686 604 3729 se
628 3674 950 3744 gubernare,
983 3689 1039 3735 ut
1066 3681 1200 3738 nihil
1240 3683 1542 3743 incurreret
1581 3689 1724 3760 quod
1756 3689 1970 3747 doleret
2000 3709 2013 3745 :
2047 3692 2143 3749 sed

546 3765 669 3822 ideo
701 3767 817 3841 (ΞΟ)
869 3771 920 3826 in
952 3788 1060 3829 uno
1093 3776 1250 3832 titulo
1292 3778 1410 3849 ejus
1460 3780 1628 3835 multa
1658 3781 1911 3838 videntur
1939 3793 2141 3853 errata,

544 3868 601 3915 ut
651 3870 834 3931 posset
873 3865 1087 3920 ostendi
1132 3868 1275 3925 bono
1323 3871 1543 3927 unitatis
1581 3874 1762 3931 omnia
1791 3876 1993 3934 debere
2036 3878 2145 3934 Deo

544 3953 770 4010 servari.
804 3955 871 4011 Et
916 3960 1100 4014 nescio
1139 3975 1208 4015 an
1259 3960 1311 4016 in
1342 3965 1515 4021 altero
1545 3965 1650 4021 hoc
1688 3984 1860 4040 genus
1910 3972 2139 4041 peccati,

545 4046 678 4101 tanti
728 4047 984 4119 ponderis
1026 4066 1148 4109 esse
1199 4054 1386 4123 possit,
1436 4066 1641 4127 quanto
1686 4060 1740 4115 in
1773 4060 1932 4117 beato
1984 4062 2146 4119 Petro

547 4136 716 4195 fuisse
746 4141 1089 4198 manifestum
1121 4155 1226 4201 est.
1257 4145 1514 4219 Quisquis
1535 4150 1678 4206 enim
1713 4152 1852 4209 forte
1879 4155 2146 4233 in_aliqua

548 4233 927 4301 persecutione
976 4239 1190 4307 negavit
1231 4236 1430 4296 Filium
1478 4241 1597 4309 Dei,
1643 4243 1696 4298 in
1742 4248 2149 4319 comparatione

549 4323 695 4384 beati
734 4327 878 4385 Petri
916 4328 1184 4389 videbitur
1220 4332 1393 4392 levius
1449 4332 1469 4373 ί
1512 4334 1806 4410 deliquisse
1846 4340 1892 4396 si
1941 4342 2156 4415 negavit

2241 3317 2398 3372 candi
2427 3318 2804 3388 conciperent,
2836 3327 2891 3375 et
2936 3334 3133 3377 severe
3157 3328 3565 3378 contemnerent
3589 3332 3689 3374 eum
3710 3313 3776 3385 qui

2243 3419 2535 3481 negaverat
2561 3410 2857 3468 Christum.
2891 3412 3049 3470 Stant
3078 3421 3157 3471 tot
3186 3413 3528 3479 innocentes,
3553 3419 3603 3468 et
3638 3420 3778 3481 pecu.

2246 3513 2332 3560 tor
2352 3504 2549 3576 accipit
2575 3505 2776 3572 claves,
2811 3514 2868 3562 ut
2897 3506 3124 3571 unitatis
3173 3508 3452 3579 negotium
3499 3506 3773 3560 torntaretur.

2247 3596 2526 3652 Provisum
2557 3606 2643 3652 est
2678 3607 2735 3652 ut
2761 3607 3016 3667 peccator
3055 3599 3297 3671 aperiret
3337 3597 3698 3660 innocentibus,
3729 3604 3777 3646 ne

2245 3690 2565 3748 innocentes
2609 3691 2927 3747 clauderent
2964 3700 3155 3748 contra
3191 3703 3507 3764 peccatores
3538 3690 3583 3758 κ,
3620 3697 3664 3745 et
3692 3696 3778 3754 qua

2247 3784 2555 3840 necessaria
2577 3792 2661 3841 est
2687 3783 2884 3852 unitas,
2923 3800 3047 3841 esse
3089 3801 3196 3840 non
3228 3794 3436 3856 posset.
3465 3784 3582 3841 Haec
3604 3781 3642 3838 si
3661 3793 3772 3836 com-

2248 3877 2645 3945 memoraretis,
2696 3878 3099 3935 communicare
3137 3881 3451 3951 cupientes;
3490 3876 3675 3952 quando
3706 3884 3778 3926 vos

2249 3971 2527 4030 Catholica
2557 3971 2645 4043 pio
2667 3972 2786 4027 sinu
2816 3972 3094 4044 suscipere
3114 3971 3389 4029 dubitaret
3415 3968 3669 4029 Ecclesia?
3688 3977 3775 4022 cum

2252 4072 2580 4121 constetvos
2605 4080 2712 4120 non
2741 4064 3027 4121 traditores
3048 4080 3191 4132 esse,
3222 4066 3319 4122 sed
3350 4063 3771 4122 tiliostraditorum.

2325 4156 2415 4213 ιγ.
2448 4155 2734 4212 Donatistis
2772 4174 2875 4212 non
2903 4168 3073 4213 autem
3103 4157 3386 4215 Catholicis
3422 4156 3661 4213 convenire
3681 4147 3780 4220 quod

2256 4249 2450 4304 dictum
2471 4259 2540 4305 est
2564 4249 2626 4304 de
2648 4251 2833 4305 muscis
2860 4251 3146 4307 morituris.
3164 4282 3235 4293 —
3261 4251 3399 4308 Nam
3428 4249 3580 4321 aliqui
3601 4263 3655 4303 ex
3672 4240 3782 4298 vobis

2257 4345 2504 4402 volentes
2543 4359 2643 4402 nos
2689 4344 2904 4418 populis
2929 4348 3043 4402 suis
3069 4345 3499 4404 contemnendos
3526 4337 3785 4400 ostendere;

1809 4525 2193 4587 LECTIONES
2232 4482 2642 4588 veniamus.

554 4682 1862 4773 4.2.391593:2333.zaieiﬂet'r;w_&m:.€f
1888 4700 1983 4773 '39:!
2188 4711 2243 4773 ι)
2333 4693 2358 4773 2
2384 4691 2443 4773 l9
2458 4704 2584 4773 ξιξ-
2757 4696 2813 4773 et
2826 4690 2894 4773 .13-
2913 4690 2971 4773 §~
2993 4689 3245 4773 Blaesi:

555 4749 719 4814 nonjse
742 4746 961 4814 promisit
998 4746 1281 4814 partiturum
1310 4746 1608 4814 scripturam
1645 4747 1863 4814 aliquam
1886 4750 1970 4814 qui
2000 4750 2161 4801 tradi-

555 4806 1213 4888 aitait—ttigeris€513"???
1244 4806 1426 4888 ’φερατέ
1448 4824 1573 4888 eum-
1589 4811 1673 4888 rei
1695 4806 1878 4888 ιόευιρξβ
1900 4806 1987 4888 et,
2016 4825 2163 4888 W‘

556 4869 821 4945 tradidisse
843 4873 989 4924 verba
1011 4884 1120 4937 quae
1141 4869 1327 4931 locutui
1349 4873 1430 4925 sit.
1456 4878 1579 4927 Sunt
1600 4869 1691 4928 ista
1711 4869 1983 4928 manifeste
1995 4869 2166 4926 subdi-

557 4941 744 5047 "Uitta
764 5010 879 5049 mss.
905 4998 959 5048 s.
984 4996 1045 5048 Τ.
1067 5004 1121 5046 et
1143 4996 1201 5048 P.
1229 4998 1282 5049 s.
1306 4999 1412 5050 sed.

622 5061 644 5091 ο
681 5059 839 5110 Deest
857 5063 907 5111 in
930 5074 1022 5110 ius.
1047 5061 1099 5111 S.
1128 5059 1186 5111 G.

632 5120 659 5161 «ι
690 5121 750 5172 In
770 5135 887 5173 mss.
919 5124 972 5174 S.
994 5123 1052 5174 T.
1086 5130 1139 5174 et
1160 5124 1216 5173 P.
1242 5122 1297 5175 S.
1318 5132 1603 5179 mereretur.

2333 4752 2357 4792 f
2387 4751 2442 4818 in
2458 4768 2574 4805 mss.
2600 4754 2652 4804 S.
2670 4755 2729 4806 'l‘.
2751 4762 2804 4806 et
2826 4755 2885 4818 P.
2913 4755 2966 4804 S.
2992 4751 3182 4806 videtur
3201 4751 3390 4806 leviter.
3667 4806 3692 4818 η
3720 4806 3727 4815 ,

2334 4820 2361 4882 β
2385 4816 2441 4882 I_n
2465 4831 2582 4868 mss.
2610 4820 2663 4882 Si.
2685 4818 2745 4869 T.
2765 4825 2818 4882 et
2833 4817 2894 4868 P.
2919 4818 2971 4882 S.
2999 4824 3077 4882 tu,
3095 4820 3260 4882 Petra,
3278 4829 3426 4882 quem
3446 4825 3521 4865 me
3538 4821 3633 4882 esse
3649 4808 3756 4882 dicis.

2333 4864 2668 4952 {reseruat
2683 4864 2893 4952 {arma
2922 4864 2985 4952 iri
3000 4864 3506 4952 ‘éaae'iisc‘sa‘jsm
3538 4864 3640 4926 sunt
3659 4888 3670 4925 :
3691 4864 3790 4932 0⁸(οά

2267 4940 2494 4994 instirtctu
2512 4940 2604 4994 Dei
2626 4944 2793 4994 Patris
2816 4941 2906 4995 hoc
2930 4941 3135 4995 dixerit.

2334 5005 2353 5044 i
2384 5004 2454 5056 Ita
2479 5007 2529 5054 in
2551 5019 2640 5056 ms.
2668 5008 2722 5057 S.
2744 5005 2801 5057 T.
2827 5006 2883 5057 In
2909 5006 3032 5067 aliis,
3058 5014 3122 5058 et.

2334 5067 2349 5119 ἱ
2380 5068 2441 5134 in
2464 5082 2582 5118 mss.
2609 5068 2749 5134 S._'_I‘.
2769 5069 2972 5134 etP.§.
2990 5066 3203 5129 additur,
3219 5066 3399 5134 ﬁlium.

2330 5133 2358 5170 κ
2380 5128 2435 5180 In
2460 5143 2577 5182 mss.
2598 5132 2650 5182 S.
2669 5131 2728 5183 T.
2757 5137 2811 5183 et
2830 5132 2889 5183 P.
2911 5131 2966 5184 S.
2983 5128 3300 5197 peccatorém.

1923 5276 2290 5337 VARIORUM
2325 5275 2557 5337 NOTE.

563 5441 633 5496 tio
659 5438 869 5514 praediti
890 5438 1100 5514 honoris
1126 5448 1172 5495 et
1199 5439 1467 5514 potestatis
1479 5438 1625 5514 ;_se_d
1647 5439 1919 5514 exordium
1944 5439 2007 5494 ab
2047 5440 2165 5495 uni-

564 5509 1059 5581 tate'proﬁciscitur,
1090 5521 1147 5567 ut
1191 5509 1427 5567 Ecclesia
1466 5509 1659 5566 Christi
1701 5527 1803 5566 una
1834 5521 2164 5578 monstretur,

563 5594 611 5641 et
647 5594 882 5655 pastores
907 5594 1023 5638 sunt
1069 5599 1263 5647 omnes.
1294 5583 1383 5637 sed
1428 5599 1555 5655 grex
1579 5599 1713 5638 unus
1753 5583 2055 5650 ostenditur,
2081 5585 2168 5655 qui

565 5655 628 5727 ab
654 5655 902 5727 apostolis
927 5656 1161 5711 omnibus
1176 5656 1407 5710 unanimi
1433 5655 1766 5727 consensione
1785 5665 2043 5724 pascatur.
2060 5668 2164 5711 etc.

569 5726 665 5782 His
693 5727 855 5783 etiam
886 5727 1105 5799 egregie
1126 5727 1388 5799 concinit
1415 5727 1680 5783 Pacianus
1724 5726 1921 5799 Optato
1948 5735 2168 5799 coactae

572 5812 705 5853 neus
752 5795 1042 5867 epistfttti
1097 5798 1178 5853 Ad
1207 5796 1419 5854 Petrum
1462 5800 1663 5854 locutus
1689 5795 2076 5864 est’Dominus,
2104 5798 2172 5853 ad

571 5874 732 5923 unum
768 5868 906 5942 ideo,
952 5878 1006 5924 ut
1035 5871 1278 5925 unitatem
1302 5870 1543 5942 {undaret
1566 5886 1630 5928 ea:
1657 5886 1782 5940 uno,
1807 5870 2173 5941 moxidipsum

2272 5439 2326 5493 in
2344 5454 2614 5514 commune
2634 5440 2955 5514 praecipiens.
2979 5440 3196 5497 lucem.
3374 5512 3384 5514 4
3617 5505 3644 5514 _
3738 5501 3748 5514 ,
3771 5501 3779 5509 ,

2345 5508 2463 5584 (19)
2503 5505 2643 5565 Dum
2686 5505 2843 5566 nollet
2884 5530 2938 5568 se
2967 5514 3143 5584 negari
3174 5512 3426 5584 promisit,
3449 5520 3577 5584 ‘etc.
3606 5505 3792 5584 Promisit

2274 5570 2372 5660 pro
2402 5570 2627 5660 minatus
2668 5593 2781 5660 est;
2821 5593 2878 5639 ut
2908 5570 3056 5660 apud
3088 5570 3618 5660 lsu'ciferum_:Calar._
3647 5591 3722 5660 pr?

2274 5649 2477 5740 Athan.
2510 5653 2606 5710 lib.
2636 5652 2864 5740 t:.Sicu-t
2882 5649 3791 5740 priornittitspernentihus«Pontif:
3878 5674 3881 5677 ·

2274 5734 2332 5783 et
2356 5726 2552 5811 iterum
2573 5729 2755 5811 paucis
2780 5728 3120 5811 itttersertis,
3145 5725 3189 5782 si
3196 5726 3376 5811 hiean
3384 5728 3450 5781 eli
3468 5735 3579 5779 sunt
3598 5725 3791 5794 promtu

2278 5809 2485 5925 progter
2508 5797 2748 5853 delictum
2776 5798 3031 5869 ﬁliorum,
3062 5808 3171 5856 etc.
3194 5799 3268 5855 ﬂ.
3294 5799 3519 5855 Caseus.

2353 5870 2372 5941 (
2411 5869 2469 5942 θ)
2498 5867 2527 5925 Ι
2531 5886 2565 5922 η
2584 5885 2686 5927 uno
2707 5870 2874 5927 titulo.
2904 5870 2962 5927 ln
2987 5886 3096 5929 uno
3117 5877 3356 5942 peccato.
3388 5873 3601 5925 Messe.
