3974 6324
209 306 331 364 1080

953 301 1038 358 DE
1075 300 1470 362 SCHISMATE
1512 300 2057 371 DONATISTARUM
2097 301 2302 361 LIBER
2342 301 2716 362 SEPTIMUS.

3330 307 3469 366 1090

205 420 349 475 etiam
378 414 500 471 illud
522 414 748 471 miscent
780 421 806 451 ι
832 413 948 488 (21)
973 417 1290 472 tractatibus
1315 418 1426 473 suis
1451 417 1593 489 quod
1616 433 1647 473 a
1671 417 1769 475 Sa-
1794 421 1847 491 Α
1874 417 2054 475 oleum
2082 420 2150 476 de
2174 435 2233 477 se
2261 435 2431 477 suave
2460 422 2553 488 sit,
2583 428 2737 477 vacet
2765 420 2910 493 quod
2938 420 3113 493 agitur
3135 422 3207 480 ab
3236 422 3475 480 homini-

206 510 399 566 lomone
424 506 681 579 propheta
708 505 911 562 dictum
936 519 1019 563 est
1044 527 1058 563 :
1090 507 1289 566 Musam
1317 511 1582 565 moritura:
1607 521 1771 567 exter-

205 606 382 661 minant
435 603 531 659 olei
587 603 893 658 suavitatem
934 602 1121 676 (Eccl.
1147 620 1213 671 κ,
1244 604 1348 676 1);
1399 605 1464 660 Et
1504 604 1769 662 muscasb

204 699 470 756 morituras
509 712 606 753 nos
650 697 929 769 appellant
960 715 974 752 :
1007 706 1064 754 et
1089 696 1203 772 (22)
1237 698 1418 754 oleum
1468 701 1770 767 nominant,

204 792 335 849 illum
365 791 566 849 scilicet
594 790 862 863 liquorem
882 833 897 857 ,
929 792 1020 865 qui
1062 807 1129 848 ex
1161 793 1381 849 nomine
1411 792 1616 850 Christi
1642 810 1774 850 con-

203 885 361 952 ditur;
389 883 526 956 quod
558 882 793 939 chrisma
839 891 1125 955 postquam
1155 882 1432 940 conditum
1472 893 1558 941 est
1600 885 1775 940 nomi-

203 987 361 1035 natur.
391 978 691 1049 Antequam
723 976 848 1046 ﬁat,
885 978 1065 1034 adhuc
1089 978 1269 1035 oleum
1303 988 1387 1035 est
1415 988 1607 1035 natura
1644 980 1775 1036 sim-

201 1071 341 1144 plex;
385 1070 476 1126 lict
504 1072 527 1101 θ
567 1084 762 1136 suave,
812 1070 937 1125 dum
986 1071 1140 1144 103
1189 1071 1258 1128 de
1305 1072 1526 1129 nomine
1570 1070 1775 1129 Christi

202 1165 446 1224 conditur.
473 1164 618 1238 Ergo
647 1158 759 1223 tres
788 1180 876 1222 res
906 1178 1034 1221 sunt
1059 1179 1194 1238 quas
1220 1165 1479 1224 Salomon
1509 1166 1776 1241 propheta

203 1257 513 1316 nominavit:
548 1259 758 1327 oleum,
788 1259 1136 1328 suavitatem,
1164 1267 1221 1316 et
1247 1276 1462 1317 muscas
1484 1261 1775 1318 morituras

202 1352 601 1410 exterminantes
651 1357 997 1409 suavitatem.
1045 1353 1171 1410 Istae
1216 1362 1327 1412 tres
1372 1370 1460 1411 res
1505 1356 1624 1411 loca
1679 1370 1776 1411 sua

204 1445 383 1503 habent
411 1446 463 1501 in
490 1445 723 1503 ordine:
771 1447 948 1517 primo
986 1446 1107 1501 loco
1146 1455 1233 1503 est
1275 1448 1492 1503 oleum:
1537 1448 1777 1505 secundo

203 1539 417 1596 suavitas
462 1539 531 1596 de
576 1538 958 1596 confectione:
1006 1539 1196 1606 tertio,
1241 1555 1442 1596 muscae
1486 1540 1777 1596 morientes

204 1636 611 1691 exterminantes
631 1633 975 1690 suavitatem.
998 1632 1253 1705 Quisquis
1270 1642 1355 1689 est
1377 1634 1498 1689 talis
1521 1642 1781 1689 tractator

204 1744 263 1785 ex
301 1727 475 1795 vobis,
526 1727 723 1800 probet
768 1724 1039 1801 quomodo
1091 1740 1189 1781 nos
1235 1740 1449 1782 muscas
1487 1728 1779 1781 morituras

1874 510 1975 567 bus
2004 512 2050 568 si
2082 513 2151 568 ab
2182 514 2402 571 homine
2430 517 2484 570 in
2525 515 2744 571 nomine
2773 516 2972 573 Christi
3002 517 3307 575 coniicitur.
3354 518 3472 576 Non

1873 614 2054 677 potest
2091 606 2233 663 idem
2260 608 2542 678 operarius
2580 607 2715 664 duas
2740 624 2830 665 res
2870 619 3235 681 repugnantes
3264 622 3319 666 et
3344 627 3477 667 eou-

1875 701 2069 756 trarias
2085 701 2245 757 simul
2263 702 2462 758 facere.
2484 701 2653 759 Vobis
2677 703 2992 760 absentibus
3014 705 3059 759 si
3081 705 3401 762 conficimus
3423 718 3472 779 ο,

1874 809 1982 851 non
2011 794 2434 865 corrumpimus.
2486 794 2543 851 Si
2568 798 2997 868 corrumpimus,
3036 798 3159 869 quis
3203 810 3329 855 ante
3376 814 3477 856 nos

1875 886 2187 943 confecerat
2234 887 2379 960 quod
2429 891 2936 961 corrumperemus?
2986 891 3163 960 Quare
3207 907 3277 949 ne
3324 900 3481 947 vacet

1875 978 2044 1035 dictio
2070 979 2358 1050 Propheta:
2376 979 2395 1053 (
2414 980 2459 1036 si
2492 980 2564 1035 ita
2594 982 2737 1050 est),
2764 980 3047 1054 intelligite
3072 983 3197 1055 quia
3226 998 3323 1038 vos
3349 984 3482 1039 estis

1877 1086 2082 1128 musca:
2110 1072 2411 1130 moriturae.
2462 1072 2575 1129 Yos
2599 1072 2745 1129 enim
2770 1076 3174 1133 exterminastis
3201 1092 3309 1131 non
3336 1074 3482 1148 quod

1879 1176 2065 1222 natum
2090 1177 2204 1235 est,
2232 1166 2330 1224 sed
2373 1166 2518 1239 quod
2558 1168 2867 1225 confectum
2912 1180 3025 1238 est,
3072 1172 3310 1227 suavitas
3335 1171 3480 1229 enim

1879 1258 2078 1330 legitur
2099 1275 2206 1316 non
2229 1269 2421 1315 natura
2445 1274 2606 1331 posse
2631 1261 2927 1333 corrumpi.
2957 1262 3147 1320 Oleum
3177 1263 3320 1320 enim
3350 1264 3481 1320 sim-

1880 1353 2008 1424 plex
2036 1361 2152 1422 est,
2183 1361 2239 1410 et
2264 1368 2462 1410 nomen
2491 1367 2648 1409 suum
2680 1368 2846 1410 unum
2874 1364 2930 1411 et
2966 1356 3242 1428 proprium
3275 1355 3439 1413 habet
3466 1373 3480 1411 :

1881 1447 2188 1504 confectum
2213 1447 2325 1519 jam
2356 1448 2598 1505 chrisma
2629 1458 2872 1516 vocatur,
2902 1449 2957 1505 in
2979 1466 3088 1521 quo
3113 1459 3197 1507 est
3223 1451 3483 1521 suavitas,

1881 1555 2000 1611 quae
2027 1549 2206 1595 cutem
2235 1542 2585 1599 conscientia:
2616 1552 2824 1610 muttit,
2865 1544 3091 1600 exclusa
3128 1543 3325 1600 duritia
3358 1559 3487 1616 pec-

1884 1642 2174 1688 catorum:
2216 1648 2336 1704 quae
2374 1634 2614 1691 animum
2641 1637 2864 1692 innovat
2907 1636 3082 1692 lenem
3109 1657 3122 1691 :
3149 1652 3270 1708 qua:
3297 1636 3484 1695 sedem

1886 1725 2111 1796 Spiritui
2152 1726 2351 1783 Sancto
2389 1738 2574 1798 parat,
2607 1738 2668 1785 ut
2717 1728 2973 1786 invitatus
3003 1730 3144 1798 illic,
3193 1731 3487 1802 asperitate

204 1824 436 1895 appellat.
463 1823 523 1881 Si
554 1824 695 1896 apud
720 1839 820 1880 vos
848 1823 1047 1895 putatis
1077 1837 1201 1879 esse
1230 1821 1626 1878 coniectionem
1657 1836 1777 1892 qua:
1806 1827 1855 1888 Β
1881 1817 2335 1890 fugata,libenter
2356 1818 2658 1879 inhabitare
2683 1822 2955 1894 dignetur.
2983 1823 3109 1879 llaec
3132 1832 3217 1879 est
3243 1826 3484 1882 suavitas

206 1917 286 1974 det
309 1920 425 1974 oleo
449 1921 772 1975 suavitatem
806 1936 819 1973 :
845 1916 985 1989 apud
1011 1932 1108 1973 vos
1129 1924 1214 1973 est
1239 1919 1418 1972 oleum
1442 1926 1496 1972 et
1522 1917 1781 1972 suavitas.

206 2009 450 2082 Numquid
490 2027 592 2067 nos
616 2012 1043 2068 exterminamus
1067 2009 1247 2065 oleum
1276 2020 1515 2066 veStrum
1534 2050 1550 2078 ,
1585 2017 1643 2065 ut
1672 2024 1787 2066 me-

206 2105 298 2162 rito
322 2120 415 2160 nos
441 2119 660 2161 muscas
685 2106 984 2161 morituras
1013 2104 1332 2175 appelletis?
1371 2102 1514 2175 quod
1547 2112 1783 2179 vestrum

206 2207 298 2266 est,
320 2198 453 2270 apud
479 2214 578 2255 vos
602 2208 704 2256 est.
736 2197 807 2254 Et
832 2197 880 2254 si
905 2214 935 2253 a
958 2198 1112 2255 vobis
1140 2196 1210 2253 ad
1241 2211 1341 2253 nos
1367 2196 1560 2268 aliquis
1591 2197 1788 2253 transi-

207 2297 305 2346 tum
346 2290 566 2357 l'eeerit;
612 2289 732 2366 (25)
768 2292 848 2347 sic
877 2305 908 2345 a
942 2290 1102 2347 nobis
1130 2300 1412 2359 servatur,
1453 2290 1725 2362 quomodo
1753 2306 1785 2346 a

205 2384 342 2441 vobis
383 2384 724 2441 dimittitur:
766 2383 1040 2456 quomodo
1067 2382 1248 2439 dicitis
1288 2384 1415 2455 quia
1454 2398 1553 2439 nos
1596 2398 1787 2440 sumus

205 2493 385 2536 muscae
408 2478 689 2536 moritura:
718 2480 1038 2536 suavitatem
1068 2478 1171 2535 olei
1201 2488 1633 2551 corrumpentes,
1662 2496 1784 2537 cum

207 2581 314 2640 post
338 2586 432 2629 vos
479 2571 618 2628 nihil
665 2572 773 2628 tale
816 2572 1080 2628 iacimus?
1123 2580 1221 2627 aut
1263 2572 1308 2628 si
1353 2588 1384 2631 a
1421 2571 1577 2629 nobis
1608 2573 1787 2630 dicitis

208 2665 507 2723 suavitatem
537 2666 642 2723 olei
691 2667 966 2738 corrumpi
1001 2680 1158 2737 posse
1186 2684 1199 2722 :
1233 2664 1351 2738 (24)
1376 2675 1470 2722 aut
1500 2681 1786 2738 possumus

208 2757 421 2829 aliquid,
462 2768 523 2815 et
561 2758 754 2815 damus
797 2758 921 2815 oleo
966 2758 1289 2815 suavitatem
1322 2776 1335 2812 :
1366 2770 1461 2815 aut
1488 2760 1533 2817 si
1566 2774 1665 2815 nos
1686 2801 1702 2827 ,
1730 2769 1789 2816 ut

207 2851 384 2917 vultis,
423 2851 559 2908 nihil
607 2866 938 2923 possumus:
983 2850 1245 2907 remansit
1289 2850 1468 2907 oleum
1507 2852 1612 2909 tale
1641 2867 1784 2923 esse,

209 2945 347 3015 quale
373 2952 426 3001 et
450 2955 640 3001 uatum
669 2952 790 3002 est:
818 2942 1091 3016 quomodo
1121 2943 1300 3000 dicitis
1327 2943 1450 3015 quia
1480 2959 1580 3000 nos
1601 2960 1789 3003 sumus

209 3053 388 3095 muscas
435 3039 757 3105 moritura,
808 3045 1224 3108 corrumpentes
1281 3036 1598 3093 suavitatem
1650 3038 1790 3094 olei?

208 3129 357 3203 igitur
381 3133 565 3188 oleum
606 3139 896 3202 antequam
925 3144 954 3182 a
998 3129 1154 3185 nobis
1184 3127 1536 3196 conﬁciatur,
1570 3128 1675 3185 tale
1705 3137 1792 3186 est

1886 1911 2014 1981 olei,
2044 1927 2204 1982 quam
2234 1924 2461 1984 possunt
2487 1929 2689 1971 muscae
2718 1914 2995 1971 moritura:
3021 1930 3395 1988 corrumpere.
3425 1917 3483 1975 Si

1886 2023 1986 2063 nos
2013 2009 2503 2065 exterminaremus
2545 2025 2574 2064 a
2605 2010 2759 2067 vobis
2785 2011 3094 2069 coniectum
3123 2011 3336 2081 oleum,
3367 2028 3485 2069 me-

1885 2102 1994 2158 rito
2036 2117 2137 2159 nos
2173 2117 2387 2159 muscas
2418 2104 2713 2160 morituras
2759 2105 3031 2177 appellare
3074 2106 3347 2177 possetis:
3390 2106 3487 2163 sed

1887 2192 2014 2248 dum
2045 2193 2187 2264 quod
2216 2209 2247 2249 a
2280 2195 2432 2252 vobis
2464 2204 2683 2253 unctum
2713 2204 2828 2263 est,
2868 2196 2974 2253 tale
2999 2212 3302 2267 servamus,
3330 2198 3490 2271 quale

1888 2286 2249 2357 suscipimus;
2304 2303 2505 2346 muscae
2549 2290 2831 2347 moriturae
2869 2307 2992 2349 esse
3021 2308 3131 2349 non
3178 2309 3487 2365 possumus.

1886 2378 1994 2437 Sed
2023 2379 2151 2436 dum
2181 2396 2276 2438 vos
2301 2381 2521 2439 invidia:
2552 2385 2966 2456 tempestatibus
2987 2386 3224 2457 impulsi,
3254 2388 3409 2459 quasi
3435 2389 3489 2445 in

1889 2476 2068 2532 oleum
2114 2476 2340 2543 caditis;
2388 2492 2488 2534 vos
2535 2477 2913 2535 exterminatis
2959 2480 3014 2535 in
3066 2473 3492 2550 rebaptizatioue

1886 2568 2208 2626 suavitatem
2239 2570 2348 2626 olei
2372 2569 2515 2626 illius
2535 2570 2679 2641 quod
2710 2571 2766 2627 in
2792 2572 3013 2629 nomine
3036 2572 3240 2629 Christi
3260 2573 3485 2631 confec-

1890 2670 2003 2718 tum
2028 2672 2134 2731 est,
2166 2663 2313 2719 unde
2330 2663 2686 2721 condirentur
2707 2679 2908 2732 mores,
2936 2664 3079 2721 unde
3094 2668 3488 2724 accenderetur

1891 2757 2074 2815 lumen
2089 2758 2307 2825 mentis,
2325 2757 2393 2814 ad
2415 2758 2708 2816 salutarem
2728 2756 2748 2797 ί
2775 2768 2831 2815 et
2852 2774 3033 2815 veram
3054 2760 3491 2832 intelligentiam.

1892 2851 2002 2908 Vos
2023 2850 2397 2908 exterminatis
2424 2867 2539 2908 rem
2567 2851 2657 2907 ubi
2683 2851 2864 2909 oleum
2891 2852 2991 2908 fuit
3012 2862 3069 2909 et
3091 2854 3354 2909 suavitas.
3382 2852 3494 2910 Nos

1892 2944 2169 3016 quomodo
2188 2944 2465 3017 potuimus
2487 2959 2840 3016 corrumpere
2864 2945 3347 3018 suavitatem,qu:e
3369 2954 3496 3004 ante

1893 3052 1994 3094 nos
2013 3053 2043 3092 a
2072 3038 2220 3093 nullo
2236 3037 2484 3094 coniecta
2509 3039 2630 3094 est?
2656 3037 2953 3094 seduxistis
2967 3038 3237 3105 homines,
3257 3039 3497 3111 rebapti-

1895 3132 2081 3198 zastis,
2108 3131 2302 3187 iterum
2330 3130 2579 3186 unxistis.
2624 3131 2766 3186 Proh
2794 3131 2983 3187 dolor!
3016 3147 3121 3188 non
3164 3135 3283 3189 sine
3321 3141 3497 3191 morte

207 3227 353 3298 quale
378 3238 426 3284 et
458 3236 649 3284 natum
679 3234 765 3283 est
791 3242 806 3280 :
837 3223 1147 3281 confectum
1170 3266 1186 3292 ,
1218 3225 1539 3280 suavitatem
1586 3240 1655 3281 ex
1693 3240 1789 3281 no-
1815 3218 1861 3283 C
1895 3232 2097 3293 vestra,
2119 3225 2522 3281 exterminastis
2546 3235 2571 3272 ε
2597 3225 2741 3297 quod
2770 3227 2943 3281 fuerat
2967 3225 3035 3282 de
3056 3226 3277 3283 nomine
3293 3226 3497 3283 Christi

206 3321 337 3379 mine
351 3320 554 3378 Christi
573 3320 821 3391 accipere
841 3326 1038 3390 potest.
1064 3316 1349 3387 Quomodo
1373 3332 1661 3388 possumus
1684 3332 1788 3373 uno

208 3412 382 3473 factod
416 3424 473 3474 et
518 3414 825 3482 coniicere,
876 3421 930 3469 et
978 3411 1371 3485 corrumpere?
1423 3421 1592 3469 restat
1636 3421 1695 3468 ut
1742 3412 1788 3468 si

1896 3317 2225 3385 confectum,
2252 3331 2402 3373 more
2431 3332 2759 3385 muscarum,
2783 3333 2904 3389 qua:
2923 3328 3217 3391 pereuntes
3237 3319 3498 3376 extermi-

1896 3420 2057 3468 nant:
2088 3409 2202 3482 (25)
2234 3410 2358 3482 quia
2387 3426 2535 3467 mors
2561 3419 2645 3467 est
2683 3420 2963 3481 peccatum
2981 3451 2999 3479 ,
3027 3410 3173 3483 quod
3202 3425 3309 3468 non
3337 3410 3500 3470 habet

1436 3547 1827 3609 LECTIONES
1869 3546 2286 3608 VARIANTES.

265 3695 287 3765 ξ’
309 3693 365 3765 In
379 3709 494 3747 mss.
523 3694 578 3765 .
601 3693 661 3765 '1‘.
680 3700 734 3765 et
757 3694 816 3765 ξ.
842 3694 896 3765 SA.
917 3700 1179 3765 opponunt.

258 3751 288 3796 Ι)
309 3756 361 3807 ln
382 3772 498 3809 mss.
527 3757 579 3809 C.
603 3764 656 3807 et
679 3756 731 3807 S.
755 3756 815 3807 G.
838 3763 884 3807 et
903 3751 1042 3810 quasi
1064 3770 1270 3810 muscas.

264 3823 284 3849 ε
310 3819 379 3869 Ita
398 3822 531 3871 hunc
546 3819 706 3869 locum
724 3814 1032 3871 restituimus
1045 3834 1111 3870 ex
1134 3834 1251 3872 mss.
1275 3820 1327 3871 S.
1353 3814 1414 3872 Τ.
1439 3827 1491 3872 et
1512 3817 1569 3871 P.
1594 3819 1647 3870 S.
1664 3817 1792 3871 male

205 3879 252 3929 in
270 3882 371 3945 aliis
389 3891 441 3933 et
465 3884 519 3933 in
542 3881 709 3945 editis,
730 3880 795 3945 ﬁt
809 3886 872 3934 et.

265 3942 289 3983 τι
321 3945 374 3996 ln
396 3959 516 3996 mss.
543 3944 597 3997 C.
620 3951 673 3996 et
693 3942 747 3995 SZ
775 3944 836 3997 G.
861 3957 955 3996 uno
976 3950 1228 3999 momento.

1966 3694 1992 3723 ε
2027 3691 2083 3743 In
2102 3704 2217 3742 mss.
2244 3690 2297 3743 S.
2322 3688 2381 3742 Τ.
2410 3696 2464 3743 et
2487 3690 2546 3742 P.
2570 3691 2624 3743 S.
2658 3688 2979 3757 confecimus,
3007 3699 3060 3745 et
3083 3701 3253 3757 postea
3275 3693 3503 3762 corrupi-

1899 3769 2083 3891 mutf'ln
2106 3831 2222 3868 mss.
2413 3825 2465 3891 et
2648 3814 2978 3891 adsalutares
2997 3825 3178 3885 partes.

1970 3884 1997 3923 8
2032 3881 2087 3932 In
2108 3893 2225 3931 mss.
2249 3882 2302 3932 S.
2328 3880 2387 3932 Τ.
2417 3888 2470 3931 et
2488 3879 2545 3930 P.
2571 3881 2624 3931 S.
2651 3879 3040 3935 extemzinantes.

1554 4007 1914 4114 vanionuu
1950 4050 2183 4110 nom.

269 4197 287 4267 (
291 4196 379 4271 21)
393 4196 437 4252 Τ
439 4195 739 4271 ructatibus.
756 4192 1103 4271 Tractare_est
1124 4194 1514 4271 Episcoporum
1526 4198 1806 4271 ,valetque

211 4266 516 4334 condonari,
547 4267 624 4323 sic
650 4275 977 4340 tractatorem
1005 4266 1143 4323 infra
1177 4271 1278 4324 bac
1307 4266 1497 4340 pagina
1525 4269 1683 4335 dixit,
1717 4266 1803 4324 iu-

204 4342 433 4395 siuuamli
463 4341 691 4412 alicujus
716 4338 791 4412 r_e_i
819 4354 998 4412 causa,
1024 4356 1127 4394 non
1162 4338 1332 4395 tamen
1378 4338 1638 4395 tractandi
1666 4340 1803 4408 quod

203 4422 268 4483 est
310 4408 688 4483 episcoporum.
723 4408 814 4465 Sic
837 4410 1129 4482 Origenem
1159 4420 1503 4476 tractatorem,
1540 4412 1596 4466 ni
1647 4412 1803 4465 fallar

207 4480 348 4551 (nam
367 4480 508 4539 liber
534 4482 791 4538 scribenti
840 4480 957 4536 non'
974 4490 1060 4538 est
1093 4484 1159 4537 ad
1192 4486 1458 4550 manum),
1490 4491 1650 4538 vocat
1678 4498 1799 4538 om-

203 4554 341 4610 nium
370 4557 753 4624 episcoporum
778 4552 967 4609 Gallia:
1016 4554 1372 4625 politissimus
1403 4554 1669 4624 Sulpitius
1700 4554 1801 4611 Se-

204 4638 375 4680 verus.
397 4627 623 4682 INCEBT.

271 4696 384 4770 (22)
426 4698 632 4753 Oleum.
680 4696 757 4770 Ita
797 4695 971 4752 nostri
1010 4694 1254 4753 haeretici
1304 4711 1401 4767 per
1430 4704 1815 4767 eontemptum‘

204 4767 427 4824 chrisma
455 4768 867 4823 voeantoleum.
901 4769 1131 4825 ALBASP.

294 4840 386 4910 23)
420 4841 512 4897 Sic
536 4855 569 4893 a
589 4839 731 4894 nobis
758 4847 1009 4911 seruatur.
1025 4838 1141 4895 Non
1168 4838 1555 4911 rebaptizatur.
1575 4841 1801 4895 ΑιΒΑςι).

294 4911 390 4983 24)
433 4914 536 4966 Aut
556 4926 851 4983 possumus.
880 4909 940 4966 Si
965 4912 1156 4967 damus
1176 4909 1676 4983 oleo—suavitatem,
1709 4911 1809 4966 ali-

205 4981 326 5105 quid
356 4981 680 5053 possumus.
708 4992 764 5037 et
787 4981 864 5037 ita
904 4996 1195 5053 possumus
1234 4982 1511 5054 baptizare
1541 5002 1555 5038 :
1597 4982 1641 5038 si
1673 4983 1805 5038 nihil

240 5067 415 5105 amas-
450 5055 633 5105 oleum
663 5052 808 5105 anud
840 5068 940 5105 nos
972 5069 1078 5105 non
1122 5055 1179 5105 lit
1209 5069 1395 5105 suave.
1430 5058 1658 5105 ALBASP.

240 5052 415 5121 amas,
450 5055 633 5110 oleum
663 5052 808 5124 apud
840 5052 940 5109 nos
972 5069 1078 5109 non
1122 5055 1179 5109 tit
1209 5052 1395 5111 suave.
1430 5058 1658 5110 Amas».

277 5124 397 5198 (25)
427 5126 564 5192 Quia
602 5141 742 5198 mors
776 5134 852 5179 est
897 5135 1178 5198 peccatum,
1203 5136 1309 5181 etc.
1339 5126 1622 5195 Distingue
1644 5167 1658 5191 ,
1692 5140 1808 5198 qua;

210 5196 475 5267 pereuntes
511 5196 874 5268 exterminant.
907 5197 1045 5264 Quia
1072 5214 1208 5251 mors
1244 5208 1317 5252 est
1356 5209 1649 5267 peccatum,
1671 5197 1807 5268 quod

211 5284 308 5322 non
335 5270 485 5325 habet
508 5267 912 5338 indulgentiam,
938 5271 1184 5338 scriptum
1208 5280 1282 5324 est
1299 5285 1318 5323 :
1361 5268 1495 5335 Quia
1514 5269 1603 5338 qui
1628 5267 1808 5338 pecca-

211 5341 354 5405 verit,
381 5350 489 5396 etc.
518 5341 580 5397 τὸ
600 5344 725 5410 quia
753 5353 785 5392 e
805 5341 1085 5408 superiore
1113 5339 1342 5396 fortasse
1364 5341 1631 5395 versiculo
1653 5355 1808 5410 repe-

213 5411 385 5486 tjtum,
414 5411 506 5468 ubi
527 5415 676 5486 apag
696 5410 825 5486 λέσχω
854 5412 975 5482 ὑμῖν
996 5410 1093 5486 ὅτι.
1114 5411 1365 5486 etc.Quo_
1385 5412 1597 5481 plenius
1621 5412 1809 5486 probet

210 5481 388 5553 Optat.
424 5481 589 5539 verba
624 5483 713 5537 illa
735 5481 821 5553 _de
855 5481 1057 5553 musas
1096 5481 1456 5539 morientibus
1471 5481 1807 5539 suavitatem

211 5551 312 5609 olei
344 5551 849 5624 exterminantibus
870 5552 925 5607 in
949 5554 1260 5610 Donatistas
1288 5564 1624 5624 competere,
1660 5562 1809 5624 post-

213 5638 368 5752 quam
395 5627 505 5696 jam
531 5623 801 5696 probavit,
821 5623 944 5679 illos
964 5626 1283 5681 suavitatem
1301 5626 1407 5682 olei
1422 5623 1810 5696 corrumpere,

255 5712 339 5751 um
367 5700 474 5752 rite
499 5698 797 5752 baptizatos
818 5695 1246 5752 rebantizabant.
1269 5698 1430 5752 etiam
1448 5696 1501 5751 in
1523 5712 1810 5752 eomuseas

255 5712 339 5751 um
367 5695 474 5753 rite
499 5695 801 5768 baptizatos
818 5695 1246 5768 rebaptizabant,
1269 5698 1430 5753 etiam
1448 5696 1501 5751 in
1523 5712 1588 5752 eo
1601 5695 1815 5752 muscas

218 5767 418 5824 imitari
448 5765 592 5825 addit
611 5812 625 5835 ,
658 5765 804 5840 quod
834 5774 892 5821 et
921 5765 1023 5837 ipsi
1050 5770 1317 5824 morientes
1348 5768 1400 5823 id
1424 5776 1605 5840 agant.
1638 5769 1841 5840 Quare

226 5850 403 5897 autem
448 5839 714 5897 morientes
763 5846 818 5893 et
868 5840 1145 5896 morituri?
1186 5841 1313 5912 quia
1357 5839 1637 5912 peceatum
1672 5839 1816 5912 quod

1909 4196 2319 4270 rebaptizantes
2335 4193 2661 4270 admittunt,
2692 4210 2793 4250 non
2838 4194 2988 4252 habet
3028 4197 3423 4270 indulgentiam,
3450 4201 3505 4261 id

1908 4281 2013 4342 est,
2042 4266 2447 4342 irretnissibile;
2470 4276 2750 4336 peccatum
2775 4278 2954 4342 autem
2976 4266 3354 4342 quodcumque
3384 4266 3508 4331 esse

1908 4339 2305 4403 irremissibile,
2332 4351 2548 4393 mortem
2574 4353 2697 4394 esse
2725 4354 2885 4395 uerno
2913 4341 3120 4397 dubitat
3149 4361 3163 4397 :
3196 4339 3291 4399 sed
3326 4352 3505 4403 tamen

1906 4409 2034 4489 hinc
2064 4427 2170 4465 non
2199 4409 2375 4489 magis
2389 4409 2581 4489 liquet,
2609 4411 2839 4489 quamnsi
2872 4410 3004 4467 nihil
3034 4412 3368 4489 adduxisset,
3398 4434 3507 4489 quo

1906 4483 2181 4560 probaret.
2202 4480 2412 4560 peinde
2441 4482 2529 4549 qui
2562 4480 2735 4550 potuit
2759 4480 2989 4550 Optatus
3017 4483 3233 4560 dicere,
3267 4480 3509 4560 rebapti-

1904 4553 2141 4607 zantium
2202 4551 2604 4607 Donatistarum
2663 4561 2985 4620 peccatum,
3040 4557 3337 4613 condonari
3400 4551 3507 4618 iion

1907 4624 2110 4700 posse?
2157 4622 2336 4700 Quare
2380 4622 2483 4678 nisi
2527 4623 2866 4700 commodior
2907 4624 3086 4700 aliqua
3132 4628 3509 4700 interpretatio

1909 4696 2102 4773 horum
2130 4692 2420 4773 verborum
2445 4692 2617 4764 possit
2640 4694 2969 4773 excogitari,
3001 4692 3361 4773 expungetida
3403 4703 3505 4759 ista

1908 4767 2089 4844 omnia
2113 4767 2410 4844 putaverint
2437 4769 2924 4844 tamquamfpnria
2945 4808 2960 4833 ,
2989 4767 3236 4840 scriptum
3272 4781 3346 4826 est
3384 4775 3509 4844 quia

1906 4838 1995 4908 qui
2034 4835 2388 4914 precaremur
2428 4836 2690 4914 Spiritum
2710 4835 2963 4914 Sanctum
2992 4835 3104 4914 ποκ’
3123 4835 3413 4914 [multetur
3437 4847 3504 4914 ei,

1910 4906 2002 4964 nec
2029 4906 2110 4963 hic
2135 4925 2227 4964 nec
2255 4909 2309 4962 in
2331 4906 2510 4981 futuro
2534 4908 2744 4963 sceculo.
2775 4908 2845 4966 Ut
2874 4912 2971 4966 ista
3010 4913 3081 4967 sit
3107 4910 3282 4981 Optati
3316 4906 3511 4973 verbo-'-

1914 4981 2334 5059 rum‘_se_ntentia
2364 4997 2377 5034 :
2404 4980 2803 5048 rebaptizantes
2824 4990 3014 5037 contra
3036 4980 3213 5059 divina
3238 5000 3509 5059 prazcepta

1911 5052 2230 5125 gravissime
2258 5060 2488 5125 peccant
2512 5068 2526 5106 :
2551 5060 2833 5125 peceatum
2860 5063 3039 5109 autem
3071 5055 3208 5125 quod
3234 5052 3338 5112 non
3358 5052 3512 5116 habet

1912 5123 2287 5198 indulgentiam
2317 5123 2405 5189 (id
2429 5132 2544 5189 est,
2563 5124 2846 5198 quamdiu
2874 5140 2970 5182 seu
2996 5123 3376 5198 qubdcumqne
3403 5142 3510 5188 non

1911 5207 1994 5271 est
2038 5194 2311 5264 expiatum
2341 5201 2399 5249 et
2422 5194 2769 5271 remissum)
2799 5212 2938 5271 more
2976 5194 3088 5254 est:
3119 5215 3250 5271 ergo
3275 5194 3374 5271 vos
3405 5220 3511 5259 non

1911 5268 2031 5341 sine
2058 5279 2235 5341 morte
2258 5266 2456 5329 vestra,
2474 5273 2593 5341 etc.
2624 5264 2968 5341 Nonmirum
2992 5264 3267 5338 autemfsi
3296 5270 3510 5341 Lector,

1912 5340 2002 5406 qui
2031 5338 2193 5394 verba
2220 5337 2320 5392 ista
2347 5339 2482 5412 quod
2502 5353 2603 5391 non
2627 5337 2776 5392 habet
2799 5339 3175 5412 indulgentiam
3199 5342 3267 5398 de
3292 5337 3514 5411 peccato

1913 5413 2267 5491 ἀσυγγνωσῖῶ
2308 5412 2396 5464 καὶ
2428 5410 2779 5491 ἀᾳυγγωρήτῳ
2809 5410 3118 5491 acceperat,
3147 5410 3325 5469 locum
3358 5415 3514 5491 _Scr_i-

1916 5481 2087 5553 plura:
2125 5481 2219 5552 qui
2248 5495 2315 5536 eo
2363 5481 2694 5551 pertinebat,
2745 5481 2798 5535 in
2845 5482 3089 5550 margine
3128 5486 3416 5543 notaverit.
3457 5488 3516 5545 ln

1917 5556 2158 5626 margine
2185 5564 2367 5609 autem
2397 5554 2564 5608 semel
2592 5560 2859 5626 notatum,
2890 5564 3078 5622 postea
3108 5553 3160 5609 in
3188 5556 3366 5626 ipsum
3399 5568 3517 5614 tex-

1918 5623 2340 5694 tnm'receptum
2369 5639 2513 5696 esse,
2537 5623 2708 5680 multo
2738 5625 2918 5696 minus
2945 5635 3027 5680 est
3059 5625 3201 5696 quod
3215 5623 3513 5686 'miremur.

1923 5698 1987 5770 Et
2022 5699 2091 5753 de
2119 5696 2237 5770 istis
2265 5711 2436 5770 sacra:
2463 5695 2758 5765 Scriptum
2785 5694 2967 5770 verbis
2995 5694 3157 5769 plane
3200 5699 3270 5754 ita
3313 5703 3515 5770 sentio,

1918 5769 2097 5843 locum
2127 5767 2215 5823 hic
2262 5767 2463 5843 habere
2505 5764 2609 5821 non
2644 5781 2823 5837 posse.
2856 5764 3086 5843 Istorum
3129 5780 3307 5843 autem
3335 5764 3517 5843 thati

1924 5841 2235 5909 verborum,
2261 5840 2425 5896 aliutn
2450 5855 2571 5896 esse
2592 5854 2838 5909 sensum,
2861 5838 3133 5914 aliamque
3149 5841 3331 5915 Optati
3351 5838 3519 5911 fuisse
