3974 6324
234 259 357 322 MSS

980 254 1069 314 DE
1107 253 1495 322 SCHISMATE
1535 251 2072 316 DONATISTABUM
2113 253 2316 316 LIBER
2357 257 2714 321 SEPTIMUS.

3368 263 3505 324 1οΜ

229 381 320 435 hoc
345 376 534 434 malum
560 374 825 448 pertineat
851 376 918 432 ad
950 374 1222 448 principes
1251 388 1488 444 vestros.
1515 392 1546 432 a
1576 377 1799 446 quihus-
1829 379 1874 437 Α
1908 389 2071 428 unum
2101 384 2185 431 est
2216 391 2412 432 nomen
2435 419 2450 444 ,
2475 377 2570 434 sed
2600 376 2800 433 diversi
2833 384 2957 432 sunt
2981 375 3127 432 modi
3152 387 3173 417 ο
3205 392 3218 429 :
3252 377 3396 431 aliud
3427 387 3512 431 est

227 469 338 526 dam
367 468 524 526 sociis
551 468 656 523 tuis
685 469 842 526 aliter
871 469 1206 539 disputatur,
1245 480 1302 526 ut
1328 470 1510 526 dicant
1540 469 1800 540 insipien-

227 575 298 619 tcs
322 562 479 618 fuisse
505 576 598 618 eos
625 561 715 632 qui
752 574 1090 634 agnoverunt
1118 565 1199 620 vel
1233 580 1358 621 sero
1389 566 1710 630 veritatem,
1746 575 1801 618 et

223 656 282 710 ab
327 653 611 711 schismate
657 654 1014 725 recedentes,
1075 657 1256 728 agnita
1299 665 1469 712 matre
1522 657 1798 714 Catholica

222 747 375 802 secuti
394 755 515 802 sunt
540 760 745 806 pacem.
771 747 879 804 Hos
897 758 1086 818 putant
1109 749 1273 820 aliqui
1292 759 1527 806 vestrum
1546 765 1795 806 errasse:

222 841 307 896 hos
323 840 629 896 existimant
648 842 800 912 quasi
830 842 1121 898 infatuatos
1142 859 1171 899 a
1193 844 1458 916 sapientia
1480 845 1794 900 recessisse.

225 931 358 992 Unde
382 942 602 1004 apparet
632 948 728 988 vos
759 948 951 990 omnes
980 935 1174 992 eodem
1203 937 1362 991 modo
1391 952 1576 993 errare
1614 937 1668 993 in
1701 952 1800 994 no—

221 1025 434 1080 minibus
463 1024 891 1098 transferendis;
923 1027 1050 1083 dum
1084 1036 1140 1084 et
1182 1039 1236 1085 tu
1265 1029 1509 1086 Jamnem
1540 1043 1593 1086 et
1638 1030 1800 1088 Mam-

217 1116 350 1172 brem
380 1117 618 1186 paciﬁcis
641 1118 927 1176 catholicis
951 1122 1303 1191 comparasti,
1332 1132 1388 1178 et
1408 1139 1503 1179 vos
1535 1123 1796 1179 schisma-

218 1211 336 1264 ticos
364 1208 526 1280 Moysi
566 1211 709 1280 quod
756 1227 784 1265 a
822 1213 1046 1268 veritate
1095 1215 1332 1270 alienum
1370 1226 1490 1272 est:
1541 1225 1597 1273 et
1630 1216 1798 1287 aliqui

216 1302 332 1357 socii
363 1304 431 1355 tui
464 1302 814 1374 insipientes,
852 1304 918 1360 de
959 1305 1292 1376 sapientibus
1329 1308 1575 1378 judicare
1607 1310 1793 1365 volue-

216 1406 346 1466 runt,
379 1398 531 1470 105
559 1409 621 1454 ut
646 1397 830 1454 dicant
873 1399 1051 1457 fatuos
1081 1400 1248 1458 factos
1275 1417 1394 1457 esse
1425 1402 1708 1474 paciﬁcos;
1741 1414 1797 1460 et

217 1501 444 1559 parentes
473 1506 604 1544 suos
645 1490 711 1546 de
768 1491 1108 1549 dissensione
1145 1493 1438 1552 iulatuatos
1473 1511 1594 1551 esse
1637 1495 1795 1551 intol—

217 1582 365 1652 ligere
395 1581 686 1638 noluerunt
716 1592 763 1636 ιι.

273 1672 352 1730 Vl.
395 1673 509 1743 Qua
538 1676 738 1732 ratione
763 1685 814 1732 et
841 1694 931 1731 cur
971 1677 1236 1735 Macarius
1271 1680 1339 1734 ad
1388 1682 1799 1736 communionem

208 1766 441 1822 admissus
466 1771 643 1842 fuerit.
670 1799 740 1809 —
769 1769 886 1826 Jatn
916 1771 982 1826 ad
1015 1773 1162 1827 illum
1188 1772 1365 1828 locum
1390 1772 1417 1812 ι)
1447 1774 1649 1830 invidia
1677 1788 1800 1830 ves—

1908 472 2308 525 counnuuiCare
2363 473 2672 542 episcopum
2730 486 2853 526 cum
2911 470 3206 540 episcopo,
3260 477 3313 524 et
3365 467 3508 523 aliud

1906 565 2310 620 communione
2340 564 2533 619 laicnni
2567 581 2688 620 cum
2720 567 2994 634 episcOpO.
3025 563 3176 619 Tunc
3206 573 3321 619 erat
3351 577 3512 633 grave

1906 655 1950 710 si
1976 655 2238 712 Macarius
2264 657 2407 727 quod
2440 658 2634 713 fecisse
2665 643 2891 723 dicitur,
2923 672 3017 711 sua
3048 657 3321 711 voluntate
3351 656 3514 710 fecis-

1906 757 2026 814 set;
2059 749 2204 818 quod
2233 750 2324 820 qui
2348 751 2585 817 faciunt,
2612 750 2808 805 factum
2836 749 3052 820 jndiciis
3078 748 3304 820 publicis
3325 759 3378 802 et
3405 748 3515 803 Ro-

1908 842 2083 897 manis
2133 842 2342 912 legibus
2390 843 2711 899 vindicatur.
2761 843 2856 899 Ille
2895 855 2974 899 est
3017 843 3162 898 enim
3203 841 3514 907 homicida,

1904 934 1994 1004 qui
2037 935 2182 990 nulla
2217 935 2539 991 necessitate
2567 945 2829 1006 cogente,
2865 935 3009 990 nulla
3051 935 3330 1004 jussione,
3365 933 3512 988 nulla

1907 1036 2176 1096 potestate
2199 1070 2213 1092 ,
2245 1028 2341 1083 sed
2373 1027 2559 1084 furore
2599 1028 2856 1092 adactus,
2886 1027 2955 1083 de
2984 1028 3260 1083 voluntate
3297 1041 3392 1081 sua
3434 1025 3515 1083 fe-

1903 1119 2042 1174 cerit
2066 1118 2209 1190 qttod
2239 1120 2528 1189 prohibent
2548 1120 2716 1191 leges.
2743 1119 3042 1183 Caeterum,
3074 1118 3338 1173 Macarius
3367 1117 3510 1188 quod

1905 1212 2098 1268 fecisse
2127 1212 2327 1268 dicitur
2346 1253 2360 1279 ,
2407 1213 2560 1268 vobis
2590 1213 3009 1281 provocantibus
3041 1213 3163 1268 fecit
3192 1231 3206 1268 :
3240 1228 3342 1268 nec
3371 1212 3515 1283 epis-

1904 1319 2074 1374 copus
2114 1306 2246 1372 fuit,
2298 1321 2398 1362 nec
2440 1306 2493 1361 in
2537 1305 2720 1362 ofﬁcio
2759 1305 3055 1376 episcopali
3094 1315 3345 1360 versatus
3392 1313 3512 1370 est,

1905 1415 2007 1455 nec
2033 1415 2253 1456 manum
2284 1401 2444 1456 alioui
2477 1402 2770 1471 imposuit,
2804 1415 2904 1457 nec
2933 1400 3262 1456 sacriﬁcium
3291 1399 3509 1457 obtulit.

1908 1491 2062 1548 Unde
2098 1507 2218 1547 cum
2249 1507 2373 1548 eum
2405 1498 2619 1550 constet
2655 1492 2890 1548 alienum
2921 1490 3090 1548 fuisse
3127 1493 3195 1546 ab
3226 1491 3514 1562 episcopo-

1905 1602 2024 1641 rum
2057 1587 2266 1641 aotibus
2289 1628 2303 1651 ,
2346 1587 2528 1642 nullus
2557 1586 2845 1656 episcopus
2886 1586 2955 1640 ab
2985 1601 3053 1641 eo
3095 1586 3187 1656 qui
3213 1599 3338 1640 cum
3367 1585 3510 1656 epis-

1903 1683 2205 1752 copis—non
2252 1682 2452 1736 obtulit
2495 1681 2709 1736 videtur
2747 1695 2869 1736 esse
2907 1680 3172 1750 pollutus.
3222 1677 3414 1734 Restat
3462 1688 3519 1732 ut

1907 1773 2102 1830 dicatis
2132 1789 2256 1829 eum
2296 1790 2419 1829 cum
2455 1773 2652 1843 populo
2679 1771 3156 1828 communicasse:
3183 1781 3237 1826 et
3280 1769 3515 1825 locutum

207 1872 275 1917 ira
320 1835 602 1932 dilabitur,
654 1875 712 1920 ut
755 1865 946 1921 dicatis
994 1865 1288 1922 Macarium
1352 1877 1473 1938 post
1515 1869 1605 1923 illa
1656 1869 1793 1924 facta
1831 1835 1878 1896 Β
1907 1882 2028 1921 eum
2065 1882 2186 1922 esse
2227 1865 2427 1937 aliquid
2455 1835 2739 1937 uin-populo
2767 1874 3008 1929 constat,
3036 1864 3132 1919 sed
3171 1862 3514 1919 insinuanda:

205 1958 552 2014 communioni
583 1975 688 2016 non
719 1959 975 2016 debuisse
1021 1959 1239 2017 misceri
1266 1978 1276 2014 :
1313 1960 1409 2017 sed
1445 1962 1616 2031 magis
1642 1976 1671 2014 a
1697 1977 1792 2015 ca-

205 2047 397 2107 tholicis
444 2053 718 2123 episcopis
773 2051 1062 2109 abstineri.
1114 2053 1338 2119 Primo,
1391 2055 1792 2109 communionis

1907 1961 2136 2033 alicujus
2178 1963 2253 2018 rei
2301 1977 2462 2017 causa
2494 2003 2509 2028 ,
2543 1961 2655 2032 ('50)
2706 1976 2812 2015 non
2846 1969 3024 2014 tamen
3077 1957 3343 2014 tractandi
3372 1954 3517 2027 quod

1907 2065 1994 2110 est
2024 2056 2441 2126 episcoporum;
2477 2053 2568 2109 ille
2595 2051 2912 2108 enim'nude'
2954 2051 3114 2124 106
3139 2051 3350 2107 locutus
3390 2057 3473 2106 est
3497 2092 3512 2118 ,

1442 2174 1830 2234 LEC'I'IONES
1874 2176 2293 2234 VAlilANTES.

258 2277 281 2306 ⁸
311 2275 399 2327 Hic
419 2275 666 2328 clauditur
687 2279 739 2328 in
781 2278 930 2329 editis
953 2276 1083 2327 liber
1115 2280 1357 2342 soluimus
1375 2284 1632 2342 totumque
1653 2293 1791 2342 _opus

203 2337 345 2402 Optati
367 2378 380 2402 ,
400 2347 453 2390 et
471 2353 586 2402 qua;
607 2349 881 2402 sequuntur
921 2342 969 2391 in
994 2354 1112 2392 mss.
1141 2337 1372 2391 translata
1399 2349 1513 2390 sunt
1547 2337 1607 2390 ad
1642 2337 1788 2391 ﬁnem

203 2399 299 2466 libri
322 2399 467 2466 tertii.
490 2399 777 2466 Etguident
812 2403 944 2466 quod
977 2411 1166 2466 spectat
1191 2403 1248 2452 ad
1273 2402 1355 2453 illa
1388 2417 1498 2466 qua:
1532 2404 1790 2466 pertinent

200 2463 251 2529 s_d
267 2465 551 2529 calumniam
573 2463 936 2515 Donatistarum
963 2463 1017 2514 in
1036 2465 1314 2525 Maearium,
1336 2463 1464 2529 quod
1487 2463 1791 2529 profanasset

201 2524 565 2596 Christianorum
584 2541 743 2596 sacra,
762 2541 872 2596 qum
898 2530 1138 2596 incipiunt
1161 2530 1224 2578 ab
1244 2524 1326 2596 _his_
1347 2524 1547 2596 j'erbis:
1571 2530 1629 2577 Et
1643 2528 1693 2596 si
1715 2541 1791 2578 se-

202 2587 418 2654 ductioni,
444 2598 570 2651 etc.,
597 2595 648 2640 et
669 2587 899 2639 desinunt
930 2591 978 2640 in
1001 2587 1097 2652 his,
1123 2590 1253 2654 quod
1277 2589 1526 2641 videbatur
1552 2587 1791 2651 auditum,

203 2658 354 2701 extant
375 2652 502 2701 libro
532 2654 699 2712 tertio,
728 2654 853 2703 sicut
874 2661 926 2703 et
948 2652 1161 2715 septimo
1184 2655 1232 2703 in
1268 2668 1384 2704 mss.
1409 2655 1458 2703 S.
1490 2654 1547 2704 Τ.
1577 2659 1630 2704 et
1654 2655 1713 2704 Ρ.
1735 2657 1791 2703 S.

202 2726 342 2778 eaque
364 2715 598 2776 superius
617 2729 644 2764 a
669 2717 810 2767 nobis
831 2716 881 2766 in
904 2715 1050 2780 hujus
1066 2717 1199 2766 tertii
1225 2715 1334 2767 libri
1359 2716 1458 2767 ﬁne
1482 2723 1595 2766 sunt
1620 2718 1794 2780 posita.

1901 2279 1966 2328 At
1989 2292 2100 2342 quae
2129 2285 2422 2343 sequuntur,
2449 2291 2557 2343 cuin
2578 2279 2630 2343 in
2652 2279 3031 2343 omnibusmss.
3059 2275 3119 2326 ad
3149 2275 3328 2343 librum
3365 2275 3522 2343 septi-

1901 2339 2034 2390 tnum
2057 2339 2357 2403 pertineant,
2380 2339 2552 2391 nulltbi
2573 2341 2631 2390 ad
2649 2344 2872 2404 tertium,
2896 2341 2976 2390 hic
2995 2341 3217 2404 ponenda
3239 2352 3354 2404 esse
3378 2339 3526 2404 duxi-

1903 2418 2014 2468 mus
2031 2401 2275 2468 tamquam
2296 2405 2624 2467 appendicem
2648 2402 2758 2454 libri
2785 2401 2917 2468 tertii
2944 2401 3155 2455 additam
3179 2403 3242 2452 ah
3267 2402 3449 2466 Optato
3470 2401 3519 2451 in

1904 2465 2266 2529 librosep'tlmo
2292 2465 2399 2528 post
2416 2478 2539 2527 opus
2562 2478 2704 2529 suum
2727 2467 3026 2515 confectum.

1970 2527 1997 2568 b
2036 2527 2090 2577 In
2111 2524 2228 2579 mss.
2253 2524 2369 2578 ante
2390 2524 2496 2578 htec
2519 2529 2671 2578 verba
2694 2528 2908 2578 habetur
2930 2541 2941 2576 :
2960 2528 3063 2578 Sed
3083 2532 3138 2578 ut
3159 2525 3226 2576 ad
3251 2524 3397 2589 paulo
3414 2531 3526 2575 ante

1907 2590 2040 2663 dicta
2064 2591 2354 2663 redeamus;
2378 2591 2509 2663 quod
2534 2590 2728 2639 videtur
2773 2591 3075 2653 superfluum
3116 2598 3168 2639 et
3202 2588 3363 2638 forsan
3388 2588 3530 2637 addi-

1910 2661 2016 2703 tum
2039 2655 2099 2703 ab
2119 2654 2523 2702 amanuensibus.

1976 2718 1998 2747 °
2041 2715 2111 2767 Ita
2134 2719 2184 2766 in
2207 2729 2323 2767 mss.
2351 2716 2404 2766 S.
2431 2715 2490 2766 Τ.
2518 2719 2571 2765 et
2590 2713 2648 2764 P.
2675 2713 2728 2764 S.
2762 2713 2815 2765 In
2842 2713 2968 2779 aliis,
2997 2720 3150 2766 actus.

1549 2825 1915 2884 VAlllOBUil-l
1959 2826 2189 2886 ΝΟΤίΕ.

267 2917 370 2992 (30)
411 2918 548 2992 Non
593 2930 762 2975 tamen
807 2921 1061 2975 tractandi
1104 2922 1242 2991 quod
1288 2932 1360 2976 est
1409 2923 1793 2992 episcOporum.

207 2991 326 3064 Quid
362 3007 488 3064 ergo
522 2990 873 3064 Presbyteri,
913 3008 1019 3048 non
1060 2990 1122 3048 et
1144 2992 1220 3047 illi
1250 2990 1561 3048 concio'nari
1586 2990 1750 3048 ‘soliti
1775 2995 1803 3048 τ

205 3060 271 3136 Ita
299 3060 449 3136 video
477 3063 644 3136 hodie
674 3060 709 3116 a
731 3064 914 3120 multis
941 3064 1126 3136 credi,
1167 3065 1316 3121 solos
1341 3064 1484 3120 enim
1514 3066 1800 3136 episcopos

204 3133 412 3206 docendi
435 3134 528 3206 jus
557 3134 848 3201 habuisse;
877 3135 986 3206 sed
1017 3151 1246 3206 magia),
1277 3137 1327 3190 ni
1359 3136 1516 3191 fallor
1539 3133 1562 3201 ,’
1585 3133 1796 3191 errore.

1911 2921 2125 2977 terdum
2154 2921 2349 2976 factum
2373 2935 2453 2976 εει
2475 2962 2489 2980 .
2516 2931 2576 2976 ut
2603 2920 2838 2992 episcopi
2865 2930 2955 2975 aut
2977 2919 3276 2976 stimulante
3298 2918 3518 2992 invidiao

1912 2992 2008 3064 (ut
2039 2993 2258 3047 Hieron.
2289 2992 2552 3063 alicubi),
2581 3003 2673 3047 aut
2721 2993 2959 3064 legitima
3010 2992 3187 3060 aliqua
3235 3005 3396 3046 causa
3432 2991 3532 3044 im‘

1915 3063 2150 3136 pellente
2172 3107 2187 3131 ,
2220 3079 2316 3134 pro
2361 3079 2458 3118 sua
2490 3063 3216 3136 episcopaliauctoritateet
3241 3069 3529 3136 potestate:

1915 3133 2033 3193 sive
2066 3138 2155 3191 uni
2187 3133 2346 3190 alicui
2367 3177 2381 3200 ,
2406 3136 2523 3190 sive
2552 3133 2793 3204 pluribus
2824 3137 2984 3191 simul
3011 3135 3348 3206 presbyteris
3373 3133 3539 3206 silen-

203 3203 250 3260 In
275 3203 827 3299 AfricattistElc‘clcsiis
854 3205 947 3262 diu
989 3203 1329 3299 obtinuisse,
1360 3223 1426 3262 ne
1454 3207 1801 3290 presbyteri,
1838 3237 1887 3299 ρ
1923 3210 2056 3299 ιὶἱιμίιι
2091 3210 2466 3299 inipqnereut,
2501 3222 2626 3299 non.
2653 3217 2802 3289 recte
2834 3203 3024 3290 tamen
3046 3203 3497 3299 indectqncludas
3521 3233 3538 3259 ο

205 3287 464 3350 prwsente,
502 3286 566 3332 ut
611 3277 967 3350 Hieronymus
987 3278 1065 3350 ad
1109 3277 1506 3348 Nepotianum,
1545 3277 1804 3350 episcopo

205 3347 540 3417 laquerentur
566 3391 579 3412 ,
608 3348 691 3404 vel
723 3359 779 3422 ut
809 3349 1086 3422 Possidius
1136 3351 1191 3405 in
1224 3351 1327 3405 vita
1357 3347 1683 3422 Augustini,
1711 3347 1804 3406 eo-

204 3434 301 3473 ram
329 3423 572 3490 episcopo
601 3421 968 3489 praedicarent,
998 3421 1111 3477 sive
1139 3421 1464 3486 tractarent,
1486 3438 1594 3477 non
1626 3437 1800 3490 nega-

207 3505 330 3563 mus.
374 3491 532 3562 Quod
579 3501 756 3548 tamen
806 3493 1066 3563 colligunt
1114 3492 1240 3548 inde
1287 3493 1384 3548 viri
1429 3493 1614 3559 docti,
1662 3495 1804 3558 inter

205 3561 632 3637 alios‘Baronins
658 3606 670 3628 ,
725 3581 834 3637 non
877 3561 1094 3620 licuisse
1135 3566 1468 3637 presbyteris
1501 3565 1802 3633 praedicare

209 3635 253 3687 in
287 3633 457 3690 Africa
483 3677 497 3700 ,
537 3652 642 3689 non
686 3635 842 3690 video
888 3651 984 3690 cur
1011 3633 1317 3692 necessario
1362 3647 1638 3706 sequatur.
1687 3637 1802 3692 lmo

213 3709 361 3760 verba
389 3707 624 3763 Possidii
682 3707 840 3776 plane
887 3707 1125 3777 inspecta
1171 3709 1500 3763 cuntrarium
1551 3708 1804 3764 videntur

208 3777 414 3834 iunuere
441 3821 455 3843 ,
505 3789 566 3832 ut
612 3787 664 3834 et
708 3778 1064 3850 Hieronymi;
1113 3795 1235 3850 cum
1279 3789 1472 3835 neuter
1513 3780 1690 3841 ἁπτῶς
1747 3789 1803 3835 et

208 3851 349 3917 plane
391 3850 583 3914 dicat,
647 3867 751 3904 non
803 3849 1030 3912 Solitos.
1071 3849 1163 3904 scd
1223 3862 1487 3919 praesente
1546 3853 1804 3920 episcopo

210 3937 302 3992 non
333 3924 543 3992 solitos.
577 3922 906 3991 Augustinus
937 3922 1099 3976 etiam
1141 3938 1226 3992 cp.
1260 3939 1439 3977 uxvn
1461 3963 1474 3986 ,
1511 3923 1598 3976 ubi
1628 3923 1804 3976 Aure-

208 3991 272 4046 lio
315 3991 589 4063 abrogata:
640 3993 798 4064 hujus
842 3993 1252 4048 consuetudinis
1300 3997 1558 4058 nomine,
1602 3995 1805 4064 gratias

208 4065 302 4134 agit
347 4079 423 4136 ac
465 4063 720 4128 litiilllll',
743 4080 850 4118 non
883 4063 955 4118 ita
985 4064 1220 4134 loquitur
1244 4106 1258 4125 ,
1291 4067 1440 4135 quasi
1473 4063 1802 4136 presbyteris

210 4143 308 4189 tum
346 4135 585 4206 primunt
615 4152 909 4190 sermonum
936 4137 1159 4189 facultas
1197 4147 1342 4192 esset
1380 4135 1674 4200 concessa,
1708 4137 1804 4192 scd

244 4207 337 4260 nod
379 4209 492 4276 ipso
527 4217 777 4276 prwsenle
809 4207 920 4276 jam
967 4207 1155 4263 liceret
1200 4207 1280 4262 eis
1305 4248 1318 4271 ,
1357 4208 1500 4277 quod
1543 4208 1655 4275 jam
1690 4210 1808 4275 ipse

229 4277 481 4351 Dominum
513 4295 603 4349 per
645 4295 736 4351 eos
758 4279 1043 4351 loquentem
1073 4295 1174 4351 non
1203 4277 1567 4351 dedignaretur
1595 4279 1802 4334 audite.

209 4347 315 4404 .lam
336 4347 693 4421 quaecumque
718 4347 875 4406 fuerit
903 4350 1019 4405 haec
1042 4347 1412 4405 Africanarum
1441 4351 1806 4407 Ecclesiarum

212 4421 571 4487 consuetudo,
604 4437 722 4490 quze
754 4423 966 4476 vivente
1008 4421 1183 4476 adhuc
1209 4421 1515 4491 Augustino
1548 4423 1808 4491 abrogata

213 4499 319 4557 est,
350 4489 713 4548 utiiversalem
742 4508 860 4547 eam
905 4492 1164 4548 Ecclesiae
1194 4489 1486 4546 Catholica:
1515 4489 1807 4546 consuetu-

212 4562 380 4619 dinem
435 4564 659 4620 minime
699 4563 906 4629 fuisse,
951 4565 1033 4620 vel
1087 4580 1153 4620 ex
1190 4565 1516 4633 Ilieronymo
1556 4574 1808 4626 constat,

1919 3281 2046 3334 olim
2092 3276 2424 3351 presbyteris
2458 3295 2566 3334 non
2595 3279 2811 3334 licuisse
2852 3277 3188 3333 concionari.
3222 3276 3539 3351 Quidenim

1919 3347 2242 3422 presbytero
2258 3347 2478 3405 licitum
2509 3391 2523 3415 ,
2567 3366 2674 3404 non
2708 3353 3056 3422 permittente
3085 3360 3176 3403 aut
3197 3347 3543 3422 prohibente

1918 3418 2214 3494 episcopo?
2247 3422 2374 3494 Pari
2392 3423 2516 3491 jure
2541 3418 2872 3494 concludas,
2910 3437 3085 3492 neque
3127 3420 3321 3494 solitos
3360 3418 3543 3494 bapti-

1920 3489 2044 3548 zare
2066 3535 2079 3557 ,
2107 3489 2204 3547 'aut
2249 3489 2641 3548 Eucharistiam
2688 3489 3092 3548 administrare.
3126 3490 3356 3559 Quando
3385 3489 3535 3544 enim

1919 3581 2026 3618 non
2055 3565 2285 3619 obtinuit
2314 3564 2448 3636 illud
2470 3564 2658 3636 lgnatii
2685 3565 2750 3618 ad
2778 3566 3139 3634 Smyrnenses
3162 3562 3340 3636 μηδεξς
3365 3566 3540 3636 χωρὶς

1917 3636 2209 3692 ἐπισκόπου
2240 3677 2253 3700 ,
2284 3645 2390 3689 etc.
2426 3633 2668 3690 ln'Eccl.
2712 3633 2949 3706 cuiquam
2977 3638 3088 3692 sine
3117 3633 3262 3690 venia
3293 3633 3543 3701 Episcopi

1920 3707 2260 3796 nihil’ticer'e.
2293 3709 2603 3796 Quinetiam
2657 3709 2758 3796 hoc
2805 3709 2951 3796 adtiwit
2983 3711 3069 3762 οὐκ
3111 3706 3319 3794 ἐξὸννέτι
3372 3708 3544 3796 χωρὶς

1913 3779 2328 3856 τοῦ-ἐπισκόπου
2368 3777 2485 3856 ob“
2531 3780 2832 3856 βαξτίζειν,
2867 3778 2984 3856 οὔτε
3034 3780 3341 3856 προσφέρειν
3362 3820 3375 3840 ,
3411 3777 3540 3856 ’ᾧτε

1911 3852 2102 3927 duuiani
2142 3847 2539 3927 προσκρμρζεινζ
2580 3848 2696 3927 οὕιςε
2735 3851 2898 3923 δοχὴν
2946 3847 3374 3927 ἐπιτέλεῖὺίριίι.
3411 3847 3543 3927 Σίίξϐ

1914 3933 1976 3976 et
2007 3917 2198 3992 Apost:
2231 3922 2320 3990 qui
2340 3917 2612 3976 'dicuntnr
2639 3917 2886 3977 Canon'es
2909 3965 2921 3986 ,
2954 3937 3077 3975 can.
3107 3924 3197 3978 59.
3231 3919 3363 3973 Nam
3413 3917 3541 3972 Bal-

1921 3995 2164 4048 samonis
2195 3993 2698 4062 interpretationem
2722 4035 2736 4057 ,
2767 3994 2925 4062 plane
2956 4001 3141 4046 contra
3175 4001 3534 4062 mentenLca-
3579 4007 3592 4018 θ

1917 4065 2083 4120 nouis
2123 4080 2279 4132 esse,
2313 4060 2397 4119 vel
2444 4065 2648 4135 lgnatio
2693 4060 2862 4120 fre-tus
2893 4065 3064 4119 ausim
3099 4077 3366 4117 asserere.
3398 4060 3535 4135 Ter-

1916 4137 2184 4191 tulliauns
2209 4131 2423 4206 quoque
2448 4131 2536 4206 jus
2562 4137 2866 4206 baptizandi
2893 4135 2994 4190 soli
3023 4136 3293 4204 Episcopo
3318 4131 3540 4206 proprie

1914 4205 2240 4278 competere
2265 4250 2278 4272 ,
2317 4205 2368 4262 et
2409 4205 2608 4278 quibus
2634 4205 2704 4261 ab
2748 4209 3016 4277 Episcopo
3071 4208 3393 4274 permissum
3425 4205 3490 4278 sit
3524 4243 3540 4269 ,

1914 4275 2107 4335 sciscit
2130 4321 2145 4345 ,
2175 4279 2244 4334 de
2286 4275 2444 4348 BaptL
2475 4295 2595 4349 cap.
2629 4279 2718 4334 i7.
2751 4275 2904 4348 Quod
2934 4275 3114 4332 autem
3146 4278 3403 4349 etiamet
3423 4275 3542 4328 dia-

1915 4351 2082 4406 ~conis
2127 4347 2390 4406 tractandi
2431 4347 2900 4420 seurprazdicandi
2949 4364 3144 4404 munus
3189 4347 3542 4420 incubuisse,

1920 4424 2030 4476 "viri
2063 4421 2281 4491 quidam
2309 4422 2454 4476 docti
2487 4422 2771 4477 credidere
2793 4462 2810 4487 ,
2841 4423 2981 4476 inter
3001 4421 3147 4475 alios
3182 4419 3543 4491 Bellarminus

1919 4493 1999 4548 -de
2032 4490 2236 4547 Ecclus.
2269 4493 2363 4546 lib.
2394 4508 2449 4558 ι,
2483 4509 2603 4561 cap.
2634 4493 2701 4547 15
2722 4533 2736 4556 ,
2769 4508 2962 4547 vereor
2993 4508 3058 4546 ne
3090 4506 3192 4545 non
3225 4493 3356 4545 satis
3389 4490 3545 4561 ﬁrmo

1923 4564 2286 4619 tinndamcnto
2315 4564 2519 4618 nitatur
2548 4560 2762 4618 illorum
2791 4564 2996 4632 opinio.
3030 4562 3164 4617 Nam
3203 4563 3247 4616 si
3278 4560 3544 4632 exetnplis

212 4639 294 4702 qui
324 4637 396 4690 ait
440 4637 492 4689 in
528 4635 833 4703 quibusdam
867 4636 1135 4691 dumtaxat
1169 4631 1412 4689 Ecclesiis
1459 4635 1510 4688 id
1555 4635 1666 4690 ﬁeri
1695 4650 1709 4699 ;
1753 4642 1813 4690 et
1837 4633 1892 4694 D
1920 4651 2019 4690 res
2044 4635 2249 4703 agenda
2281 4645 2364 4690 est
2385 4675 2400 4701 ,
2433 4650 2539 4690 non
2564 4635 2760 4689 desunt
2791 4631 2843 4688 in
2873 4635 3040 4688 veteri
3076 4633 3299 4690 historia
3329 4640 3385 4687 et
3427 4631 3546 4685 illo«

214 4704 478 4764 Possidius
502 4748 517 4772 ,
549 4708 648 4777 qui
668 4707 832 4762 aliam
869 4707 1223 4762 Orientalium
1271 4707 1634 4762 Ecclesiarnm
1678 4723 1810 4761 con-

213 4781 547 4834 suetudinem
571 4776 786 4844 fuisse,
829 4788 882 4834 et
926 4779 1139 4833 illarum
1191 4779 1488 4832 imitatione
1535 4778 1806 4832 sublatura

217 4848 279 4903 ab
306 4849 577 4910 Africanis
608 4849 861 4906 Ecclesiis
884 4851 1032 4905 illum
1062 4866 1264 4904 morem
1297 4853 1448 4904 testis
1475 4859 1556 4904 est
1579 4850 1815 4919 locuple-

216 4920 467 4978 tissimus.
502 4921 766 4991 Antiquos
787 4937 1022 4994 canones
1042 4964 1054 4984 ,
1083 4922 1172 4994 qni
1203 4921 1674 4994 talequid‘exertc
1703 4933 1812 4994 sta:

218 4999 392 5058 tuant,
423 4994 603 5047 nullos
634 4994 868 5062 reperio.
902 4993 1033 5048 Nam
1069 4992 1280 5047 illorum
1315 4992 1646 5062 Interpretes
1673 4993 1811 5049 nihil

219 5077 423 5135 tnoror,
449 5065 539 5135 qui
572 5065 671 5118 sibi
701 5069 832 5120 satis
857 5074 1104 5120 constare
1135 5080 1296 5132 super
1327 5067 1426 5119 hac
1457 5082 1514 5118 re
1546 5064 1816 5135 nonmihi.

217 5133 501 5191 videntur}
534 5136 818 5190 Balsamon
862 5153 994 5192 sane
1049 5137 1112 5190 ad
1158 5153 1278 5190 can.
1322 5136 1356 5189 ‘2
1413 5137 1601 5205 synodi
1644 5134 1820 5193 Cons-

219 5208 676 5296 talntnilnopolitanim
697 5248 720 5290 ε
743 5210 865 5296 102‘;
909 5209 1164 5296 ξςρεῐςμή
1190 5205 1732 5296 εξνοξιῇᾂιδασκάλῳςὶ,
1760 5216 1821 5296 (ξι

221 5277 280 5329 ad
310 5279 415 5347 i9,
464 5279 656 5348 synodi
705 5280 757 5334 in
801 5277 1022 5348 Trulli),
1065 5277 1142 5336 ὅτι
1170 5283 1228 5336 τὸ
1277 5278 1532 5336 διδάσκειν
1576 5282 1664 5336 τὸν
1701 5281 1824 5336 λαὸν

219 5350 384 5420 μόνοις
409 5349 607 5411 ἐνεδὸῦη
639 5360 746 5413 τοῖς
775 5349 1074 5413 ἐπισκόποις
1106 5361 1290 5420 aperte
1323 5352 1526 5406 definit.
1559 5350 1702 5405 [dein
1732 5367 1820 5406 att-

223 5429 324 5492 tcm
357 5427 409 5478 in
443 5438 682 5477 canones
712 5422 805 5492 qui
838 5433 1098 5478 vocantur
1128 5422 1521 5490 Apostolorum
1546 5462 1560 5486 ,
1595 5428 1661 5478 ad
1692 5437 1818 5478 eztn.

224 5489 290 5547 58
325 5493 520 5565 synodi
550 5493 604 5548 in
655 5489 839 5550 Trullo
862 5493 973 5567 (ubi
1007 5489 1187 5550 tamen
1205 5493 1391 5550 Graaca
1417 5494 1645 5567 desunt)_
1663 5495 1824 5567 plane

222 5564 548 5637 contrarium
585 5567 785 5637 sancit.
818 5564 924 5623 sed
955 5581 1136 5621 nonne
1181 5575 1238 5622 et
1283 5567 1584 5637 Ancyranae
1617 5564 1822 5637 Synodi

224 5649 339 5689 ean.
381 5636 441 5701 Ι,
474 5640 531 5692 τὸ
573 5636 802 5709 ὁμιλεῖν,
846 5637 989 5708 quod
1036 5637 1321 5694 Balsamou
1365 5635 1626 5695 διδάσκειν
1659 5635 1830 5694 intel-

225 5714 499 5775 pretzitur,
547 5715 604 5762 ut
651 5708 857 5763 similes
901 5709 1036 5764 alios
1084 5711 1369 5777 omittam,
1418 5711 1558 5766 inter
1607 5709 1826 5777 preprin

228 5779 662 5850 presbyterorum
687 5781 946 5836 munera?
970 5779 1120 5847 Quod
1149 5780 1192 5836 si
1224 5779 1491 5852 aliquibus
1518 5780 1568 5835 in
1595 5779 1726 5837 locis
1748 5780 1832 5836 in-

1924 4724 2051 4762 rum
2083 4706 2330 4772 exempla
2352 4747 2366 4770 ,
2398 4704 2493 4775 qni
2542 4706 2701 4775 longe
2741 4704 2877 4760 infra
2905 4704 3168 4760 diaconus
3191 4747 3207 4770 ,
3237 4705 3402 4760 nullis
3431 4717 3550 4756 (ηιι-

1938 4781 2064 4833 nino
2112 4778 2282 4831 sacris
2327 4777 2606 4832 ordinibus
2649 4776 2882 4839 initiati,
2936 4779 3192 4846 populum
3244 4780 3295 4830 in
3337 4790 3543 4830 morem

1926 4848 2370 4905 concionantium
2395 4849 2612 4904 allocuti
2657 4857 2803 4902 sunt.
2833 4848 2901 4902 At
2944 4849 3192 4919 Gregorii
3227 4847 3390 4901 verba
3421 4859 3545 4919 qua:

1939 4923 2260 4990 proferunt,
2286 4936 2352 4974 an
2385 4934 2532 4976 recte
2557 4920 2625 4974 ab
2658 4917 3078 4975 illis-intellecta
3102 4921 3210 4974 sint
3233 4961 3248 4980 ,
3292 4933 3398 4972 non
3428 4917 3548 4980 sine

1926 5008 2095 5048 causa
2149 4991 2479 5062 dubitemus.
2527 4993 2618 5046 Ait
2661 4991 2958 5063 Gregorius
3006 4992 3099 5063 illo
3157 4992 3277 5045 loeti
3324 4990 3415 5060 qui
3464 4997 3550 5042 est

1929 5067 2098 5136 epist.
2132 5064 2224 5118 lib.
2259 5079 2342 5130 IV,
2367 5064 2498 5119 edit.
2536 5063 2693 5118 Rom.
2729 5061 2818 5134 ep.
2853 5079 2979 5117 xmv
3007 5061 3307 5136 :Vlniquum
3351 5067 3547 5136 essent

1933 5132 1995 5190 in
2025 5136 2328 5190 diaconatus
2379 5137 2560 5189 ordine
2597 5132 2858 5189 constituti
2883 5176 2898 5201 ,
2929 5135 3273 5188 modulatiom'
3300 5134 3434 5188 vocis
3464 5132 3546 5184 in-

1930 5209 2196 5271 serviant,
2229 5223 2354 5274 quos
2383 5207 2451 5260 ad
2495 5207 2880 5279 prwdicationis
2919 5206 3155 5279 ofﬁc-ium
3197 5208 3550 5279 elceniosyna‘

1930 5295 2160 5347 rumque
2191 5279 2414 5333 studium
2440 5275 2624 5332 uacare
2641 5275 2976 5350 congruebat.
3005 5277 3078 5332 lbi
3104 5294 3197 5346 per
3223 5275 3550 5350 pra'dicatio-

1945 5351 2028 5404 nis
2054 5350 2286 5418 ofﬁcium
2306 5392 2321 5415 ,
2356 5359 2546 5420 putant
2565 5366 2591 5403 a
2621 5347 2887 5420 Gregorio
2919 5350 3179 5404 tractandi
3209 5347 3550 5420 seniooncio-

1946 5421 2110 5476 nandi
2157 5419 2367 5477 munus
2391 5421 2634 5476 indicari.
2669 5419 2812 5478 Sane
2847 5421 3068 5474 Hieron.
3117 5420 3242 5479 dist.
3275 5419 3379 5484 93,
3425 5431 3549 5486 cap.

1935 5492 2052 5566 Ἦ),
2091 5493 2348 5566 diaconos
2382 5493 2681 5566 praedicare
2719 5491 2950 5566 solitos,
2977 5499 3036 5546 et
3075 5491 3191 5566 ipso
3221 5495 3508 5566 confirmat
3533 5529 3551 5554 ,

1938 5564 2222 5639 -et__iisdem
2256 5566 2306 5639 in
2339 5561 2532 5639 priscis
2553 5563 2850 5639 canonibus
2873 5564 2934 5619 τὸ
2961 5565 3243 5639 captiuam
3273 5561 3547 5639 interdum

1945 5637 2222 5693 tribuitur.
2253 5633 2358 5693 Sed
2402 5636 2476 5691 ibi
2502 5635 2702 5690 docent
2743 5633 3071 5704 interpretes
3098 5634 3258 5692 aliam
3285 5635 3391 5688 vim
3433 5633 3554 5702 ejus

1945 5709 2100 5766 'voois
2139 5723 2262 5764 cum
2291 5707 2567 5773 diaconis,
2597 5708 2754 5761 aliam
2786 5720 2908 5760 cum
2949 5707 3324 5761 sacerdotibus
3363 5705 3554 5758 tribui-

1956 5790 2074 5848 tur,
2105 5780 2298 5851 quibus
2325 5787 2381 5836 et
2409 5791 2508 5834 nos
2537 5776 2892 5846 assentimur,
2925 5785 2978 5834 et
3007 5776 3322 5854 Hieronymi
3349 5817 3364 5846 ,
3413 5791 3474 5832 ut
3501 5782 3560 5834 et
