3974 6324
221 324 343 381 1097

943 318 1031 378 DE
1072 318 1466 380 SCHISMATE
1509 319 2047 381 DUNATISTAIKUM
2105 319 2310 381 LIBER
2351 322 2718 383 SEPTIMUS.

3353 325 3490 388 l098

218 439 377 494 facere
401 436 538 509 quod
565 450 668 492 non
703 436 827 493 fecit
856 437 997 494 Deus
1016 479 1031 505 ,
1074 441 1163 512 qui
1205 441 1258 495 in
1294 441 1501 512 judicio
1530 457 1629 499 suo
1655 457 1780 513 per-
1811 456 1865 517 Α
1890 441 2260 518 nuscriptiset
2290 445 2462 518 prima
2483 443 2721 518 editione
2743 442 3015 518 Balduini;
3039 458 3177 518 quae
3180 457 3490 518 sequuntur

217 545 362 587 sonas
400 544 646 601 separare
689 529 940 602 dignatus
983 541 1113 588 est:
1157 549 1258 589 nec
1304 534 1557 590 eumdem
1611 535 1784 590 voluit

216 640 325 682 esse
356 632 717 681 accusatorem
743 635 798 681 et
828 624 1092 696 judicem.
1123 626 1238 682 Non
1267 627 1410 682 enim
1459 636 1636 698 potest
1663 629 1783 700 quis

215 717 264 774 in
290 734 383 774 nna
408 732 566 774 causa
590 759 605 785 ,
636 718 827 775 eodem
873 728 1148 775 momento
1174 720 1310 776 duas
1351 731 1567 790 portare
1597 737 1780 793 perso-

215 828 330 882 nas,
379 821 434 868 ut
475 812 528 868 in
568 811 759 869 eodem
798 813 1004 885 judicio
1052 823 1107 870 et
1150 824 1432 871 accusator
1465 831 1588 873 esse
1614 817 1786 888 possit

213 905 445 978 etjudex.
463 904 616 974 Quod
639 906 778 962 Deus
805 923 904 964 nec
929 923 1025 978 per
1051 909 1501 980 omnipotentiam
1526 909 1651 967 fecit
1678 929 1691 965 :
1727 918 1784 966 ut

213 1002 352 1059 nobis
389 1001 664 1072 judicandi
712 1001 942 1059 formam
991 1003 1349 1071 ostenderet,
1400 1004 1586 1060 docuit
1630 1021 1781 1061 reum

212 1097 315 1154 sine
341 1105 650 1153 accusatore
687 1112 796 1154 non
833 1096 1033 1154 debere
1072 1097 1356 1164 damnari;
1388 1106 1482 1153 aut
1506 1107 1786 1155 accusato-

213 1206 313 1248 rem
350 1205 470 1248 eum
495 1204 617 1247 esse
643 1231 659 1258 ,
688 1190 778 1261 qui
816 1190 982 1262 judex
1024 1191 1076 1246 in
1115 1207 1176 1247 ea
1229 1206 1388 1248 causa
1418 1191 1631 1247 futurus
1676 1200 1779 1247 est.

215 1283 316 1356 (55)
356 1283 593 1355 Denique
637 1284 778 1340 inter
823 1285 935 1354 ipsa
985 1284 1248 1357 principia
1294 1288 1614 1341 saeculorum
1656 1287 1781 1340 dum

211 1379 464 1434 hominum
507 1391 654 1436 esset
699 1380 1031 1436 renovellata
1080 1381 1376 1447 nativitas;
1417 1379 1546 1437 dum
1587 1396 1617 1436 a
1648 1377 1781 1436 Cain

212 1471 360 1527 lrater
384 1470 515 1528 Abel
539 1481 687 1528 esset
715 1472 960 1539 occisus,
996 1472 1150 1544 107
1181 1472 1378 1528 lectum
1411 1481 1494 1528 est
1522 1489 1534 1526 :
1563 1481 1608 1526 et
1635 1489 1786 1528 voca-

211 1564 270 1619 rit
291 1562 423 1620 Deus
448 1562 602 1633 Cain,
625 1573 675 1621 et
700 1565 1034 1640 interregauit
1077 1581 1196 1620 eum
1221 1564 1308 1619 ubi
1335 1574 1463 1621 esset
1491 1565 1650 1636 frater
1669 1569 1785 1640 ejus

212 1657 400 1728 (Cenes.
431 1674 483 1715 tv
501 1699 518 1728 ,
549 1659 607 1731 9)
633 1677 650 1728 ;
679 1661 771 1717 ille
796 1671 1075 1733 peccatum
1102 1661 1384 1733 duplicans
1405 1703 1420 1727 ,
1449 1663 1600 1734 quasi
1634 1662 1786 1734 igno-

211 1759 398 1808 rantem
426 1751 633 1809 laceret
677 1753 844 1810 Deum
868 1797 884 1823 ,
935 1753 1148 1811 nescire
1177 1769 1236 1810 se
1275 1755 1432 1810 dixit.
1467 1755 1536 1810 Et
1569 1755 1784 1827 quando

1889 513 2155 568 habentur
2182 515 2233 568 in
2273 515 2442 571 altera
2473 515 2715 584 ejusdem
2753 516 3013 580 editione,
3057 513 3125 571 ex
3165 513 3398 584 Tiliano,
3433 529 3485 573 ιιι

1885 587 1984 657 ait,
2004 586 2210 649 codice,
2244 601 2401 655 quem
2433 585 2585 641 nobis
2607 587 2792 642 videre
2815 603 2920 641 non
2947 589 3191 657 contigit.
3223 589 3330 645 Sed
3363 592 3487 657 quia

1883 653 2082 712 desunt
2110 657 2161 729 in
2185 653 2414 728 quatuor
2440 659 2717 713 codicibus
2735 658 2933 729 quibus
2959 659 3041 714 usi
3061 653 3266 727 sumus,
3293 653 3484 717 viden-

1887 737 2083 803 turque
2106 728 2283 791 aliena
2304 746 2332 782 a
2358 737 2538 803 mente
2567 728 2770 803 Optati,
2797 746 2895 803 nec
2921 733 3118 802 Stylum
3133 732 3252 802 ejus
3268 747 3482 803 sapere,

1885 814 1948 854 ea
1982 805 2043 854 ut
2071 799 2343 871 immerito
2368 800 2548 871 Optati
2589 801 2818 855 orationi
2854 799 3076 868 inserta,
3112 799 3430 860 sustulimus
3457 799 3492 859 ε

1887 879 2056 946 textu.
2081 869 2162 928 Ne
2185 870 2320 946 quid
2352 869 2754 946 tamennostro
2780 874 2930 946 operi
2981 873 3215 946 deesset,
3246 877 3389 946 quod
3419 875 3491 931 ad

1885 941 2141 1012 Optatqu
2187 943 2459 1012 pertinere
2507 941 2934 1010 videretur,'bic
2985 944 3074 1000 illa
3130 941 3490 1004 describenda

1887 1029 2009 1069 esse
2048 1015 2381 1072 censuimus.

1966 1104 2283 1161 Traditionis
2314 1108 2506 1163 crimen
2531 1108 2594 1162 eli
2609 1117 2775 1163 vatur.
2796 1139 2865 1149 —
2889 1108 3014 1164 Post
3037 1109 3146 1166 lucc
3167 1112 3336 1179 verba,
3369 1130 3490 1184 pag.

1892 1199 2018 1264 100,
2053 1201 2206 1256 initio
2236 1218 2249 1254 :
2283 1219 2302 1254 ι
2333 1200 2451 1274 (56)
2483 1199 2564 1257 Illi
2598 1218 2833 1274 namque
2862 1204 2905 1258 si
2939 1203 3032 1259 illo
3065 1215 3326 1277 tempore,
3348 1206 3491 1261 bono

1888 1297 2060 1366 pacis,
2084 1315 2104 1348 ι
2122 1297 2382 1368 sequentia
2405 1296 2654 1352 habentur
2669 1299 2962 1354 :uuitatem
2979 1300 3156 1356 facere
3168 1300 3490 1370 debuerant,

1886 1392 2046 1446 etiam
2079 1401 2134 1446 et
2164 1390 2267 1460 ipsi
2306 1391 2375 1447 ab
2406 1392 2643 1448 Ecclesia
2674 1408 2780 1449 nou
2811 1393 3027 1450 fuerant
3070 1395 3391 1466 repellendi,
3440 1398 3492 1450 in

1887 1482 2081 1554 quibus
2106 1481 2220 1554 (57)
2252 1484 2548 1539 necessitas
2579 1497 2939 1541 excusaverat
2975 1486 3329 1544 voluntatem.
3373 1489 3489 1543 Non

1888 1576 2030 1631 enim
2057 1575 2220 1646 aliqui
2249 1575 2463 1632 illorum
2495 1585 2690 1648 sponte
2722 1577 3088 1648 tradiderant,
3121 1591 3216 1637 aut
3240 1583 3343 1639 hoc
3370 1597 3496 1653 pec-

1887 1678 2068 1725 catum
2097 1667 2216 1742 (58)
2259 1683 2381 1726 cum
2431 1669 2645 1726 caeteris
2692 1671 2905 1728 delictis
2955 1673 3151 1743 poterit
3201 1675 3493 1745 comquari.

1888 1765 2156 1836 Quidquid
2187 1765 2332 1820 enim
2377 1765 2518 1821 Deus
2557 1765 2672 1821 fieri
2701 1766 2897 1832 noluit,
2930 1781 3028 1823 ore
3056 1783 3156 1824 suo
3180 1768 3494 1839 prohibuit,

211 1852 374 1915 posset
395 1845 606 1902 nescire
630 1845 834 1919 aliquid
866 1848 1125 1904 Domintts
1150 1891 1164 1916 ,
1194 1849 1294 1905 sub
1330 1850 1483 1920 cujus
1524 1850 1696 1906 oculis
1728 1860 1782 1906 et
1813 1853 1862 1914 B
1887 1873 1996 1929 quo
2024 1857 2186 1913 modo
2215 1856 2388 1913 dixit:
2421 1874 2523 1912 non
2552 1857 2784 1924 occides,
2834 1875 2936 1913 non
2983 1860 3350 1928 nime/iuberis,
3383 1869 3491 1917 etc.

212 1940 345 1997 vultu
369 1951 493 1998 sunt
516 1943 699 1999 omnia
723 1959 844 2016 qua:
874 1945 1180 2016 geruntur!
1206 1953 1263 2002 et
1293 1955 1471 2002 tamen
1499 1945 1643 2002 Deus
1669 1945 1787 2002 sine

213 2045 500 2093 accusatore
550 2051 658 2094 non
696 2037 942 2109 judicat:
985 2048 1039 2095 et
1088 2039 1382 2111 interrogat
1430 2040 1616 2112 utique
1645 2039 1789 2111 quod

215 2138 436 2186 noverat.
469 2129 537 2186 Et
577 2147 677 2187 vos
713 2132 877 2188 vultis
923 2141 983 2189 ut
1030 2133 1426 2191 abstineremus
1471 2150 1634 2206 quem
1679 2150 1786 2190 non

215 2222 424 2280 vidimus
443 2224 653 2296 aliquid
685 2226 809 2282 mali
839 2235 864 2264 α
895 2226 1207 2294 facientem,
1253 2238 1309 2285 et
1335 2228 1428 2300 qui
1459 2228 1662 2284 nullum
1691 2227 1788 2283 ba-

216 2316 373 2374 buerit
413 2323 811 2375 accusatorem.
865 2319 1037 2376 Video
1089 2320 1191 2377 hoc
1239 2322 1359 2377 loco
1405 2321 1534 2392 quid
1585 2321 1788 2378 invidia

218 2410 601 2469 submurmuret
628 2421 829 2470 vestra.
861 2414 1050 2470 Dicitis
1074 2415 1219 2471 enim
1265 2431 1373 2471 non
1422 2431 1520 2471 nos
1565 2416 1792 2473 latuisse

218 2503 344 2575 quod
373 2505 566 2561 factum
605 2514 712 2563 est.
758 2506 1016 2563 Fatemur
1044 2523 1145 2564 nos
1183 2507 1402 2564 audisse
1426 2551 1441 2576 ,
1471 2508 1567 2565 sed
1600 2523 1792 2581 pecca-

222 2607 314 2655 lum
342 2609 454 2658 erat
479 2601 746 2658 damnare
771 2619 896 2659 eum
928 2619 1088 2675 quem
1116 2619 1276 2660 nemo
1303 2603 1388 2660 est
1428 2619 1592 2660 ausus
1634 2619 1792 2661 accu-

219 2709 324 2752 sare
340 2694 386 2750 b.
413 2695 515 2753 Sed
544 2697 591 2754 si
622 2697 870 2754 dixeritis
899 2699 1025 2768 quia
1053 2711 1073 2735 ο
1104 2714 1210 2754 non
1244 2713 1343 2754 nos
1370 2698 1525 2754 latuit
1554 2698 1788 2768 factum,

218 2787 361 2846 dicite
391 2790 498 2847 Deo
539 2806 714 2863 quare
752 2792 1140 2864 interrogavit,
1181 2793 1271 2864 qui
1313 2793 1523 2851 viderat
1569 2795 1794 2867 parrici-

217 2883 366 2940 dium.
395 2884 502 2942 Nec
540 2885 680 2942 illttd
721 2902 750 2942 a
798 2887 952 2942 nobis
998 2887 1114 2944 fieri
1157 2889 1436 2959 oportuit,
1475 2889 1618 2960 quod
1653 2889 1792 2946 Deus

218 2975 374 3034 facere
403 2977 579 3035 noluit
606 2979 697 3048 qui
742 2979 1064 3036 sententiam
1100 2981 1274 3036 noluit
1317 2981 1499 3038 dicere
1541 2980 1643 3036 nisi
1676 2996 1792 3038 reo.

220 3071 386 3130 Redde
426 3081 805 3131 accusatorem
830 3091 845 3141 ;
888 3075 1128 3148 alioquin
1153 3091 1262 3132 non
1293 3086 1472 3147 posset
1501 3075 1648 3147 justa
1675 3091 1798 3133 esse

217 3167 455 3223 sententia
477 3210 490 3232 ,
521 3166 634 3223 nisi
665 3167 780 3238 ipse
821 3169 912 3239 qui
938 3168 1279 3240 iudicaturus
1327 3179 1446 3226 erat
1489 3179 1791 3226 accusaret.

1892 1949 2090 2024 (Exod.
2123 1966 2227 2018 xx,
2264 1950 2376 2022 i3).
2408 1951 2587 2006 Potuit
2623 1951 2787 2007 etiam
2830 1951 2933 2008 hoc
2964 1952 3252 2023 prohibere
3276 1954 3421 2025 quod
3465 1969 3496 2008 a

1895 2043 2207 2114 parentibus
2233 2043 2431 2100 vestris
2455 2043 2752 2100 admissum
2782 2053 2867 2101 est
2896 2062 2908 2098 :
2938 2045 3033 2101 sed
3062 2047 3317 2117 quoniam
3348 2046 3497 2102 aliud

1892 2146 1977 2194 est
2002 2137 2145 2210 quod
2176 2137 2307 2193 facit
2336 2136 2566 2206 animus,
2595 2137 2743 2194 aliud
2773 2149 2857 2195 est
2885 2139 3027 2211 quod
3055 2150 3311 2212 operatur
3331 2155 3498 2199 even-

1893 2239 2000 2297 tus,
2030 2230 2285 2302 quidquid
2312 2230 2380 2286 de
2409 2231 2687 2288 voluntate
2718 2242 2898 2304 potest
2945 2234 3011 2289 ab
3059 2233 3280 2290 homine
3329 2235 3447 2290 fieri
3476 2277 3492 2300 ,

1897 2323 2000 2378 hoc
2047 2325 2244 2379 meruit
2287 2322 2598 2395 prohiberi;
2644 2324 2904 2395 quidquid
2951 2327 3249 2382 necessitas
3291 2338 3500 2397 peccat,

1895 2431 2002 2474 non
2036 2425 2216 2488 potest
2244 2416 2455 2488 magnis
2485 2417 2692 2472 viribus
2720 2420 2962 2473 accusari
2999 2437 3011 2472 :
3044 2419 3281 2490 denique
3312 2421 3501 2476 volun-

1895 2519 1977 2565 tas
2019 2507 2184 2566 habet
2233 2522 2445 2580 ptenam
2474 2551 2489 2576 ,
2541 2512 2837 2566 necessitas
2888 2511 3138 2566 veniam:
3188 2512 3498 2579 homicida,

1895 2601 2079 2658 scelus
2126 2601 2255 2656 dum
2301 2617 2461 2657 nemo
2500 2602 2646 2673 cogit
2696 2611 2875 2673 potest
2904 2613 2959 2658 et
3001 2603 3203 2668 facere,
3236 2615 3416 2675 potest
3449 2618 3506 2663 et

1895 2711 2004 2750 non
2037 2694 2216 2751 facere
2249 2712 2262 2748 :
2295 2694 2622 2751 adulterium
2653 2698 2918 2762 moechus,
2958 2697 3087 2751 dum
3135 2697 3203 2753 de
3244 2698 3378 2754 foris
3409 2716 3504 2754 nc-

1897 2807 1987 2848 mo
2008 2791 2289 2862 compellit
2319 2799 2497 2862 potest
2521 2791 2825 2856 admittere,
2870 2799 3050 2861 potest
3079 2802 3130 2848 et
3160 2809 3264 2847 non
3307 2793 3504 2848 admit-

1898 2897 2036 2955 tere,
2068 2896 2122 2944 et
2151 2897 2346 2942 caetera
2375 2885 2684 2955 hujusmodi
2713 2886 2764 2940 in
2795 2885 2992 2956 quibus
3019 2885 3245 2942 liberum
3275 2887 3503 2943 habetur

1897 2979 2205 3037 arbitrium.
2262 2978 2388 3034 Ideo
2443 2976 2710 3048 prohibita
2763 2977 2889 3032 dum
2938 2989 3246 3049 geruntur,
3297 2979 3501 3049 judicio

1899 3073 2267 3138 destinantur,
2304 3087 2410 3126 non
2443 3069 2558 3142 (59)
2589 3069 2876 3126 interdicta
2901 3070 3026 3125 dum
3056 3071 3234 3142 aliqua
3260 3073 3496 3127 necessic

1901 3175 2011 3222 tate
2039 3165 2176 3220 fiunt
2208 3182 2222 3219 :
2258 3163 2395 3219 forte
2419 3161 2575 3218 facile
2601 3162 2853 3234 dignetur
2879 3164 3184 3234 ignoscere,
3217 3164 3306 3235 qui
3335 3165 3506 3220 noluit

218 3259 329 3317 Ideo
351 3262 422 3318 ait
451 3279 465 3315 :
509 3261 655 3317 Ecce
696 3264 906 3336 sanguis
938 3263 1114 3335 fratris
1166 3263 1240 3318 tui
1275 3263 1466 3318 clamat
1503 3263 1572 3318 ad
1614 3280 1694 3320 me
1733 3263 1798 3319 de
1823 3249 1868 3313 C
1901 3259 2212 3332 prohibere.
2242 3256 2484 3328 Denique
2515 3256 2617 3310 hoc
2647 3255 2902 3311 delictum
2934 3255 3075 3326 quod
3097 3257 3251 3326 quasi
3277 3256 3508 3327 capitale

219 3361 336 3409 terra
358 3354 564 3428 (Cenes.
600 3370 689 3422 tv,
721 3355 832 3428 10).
867 3356 1044 3424 Quare
1070 3367 1125 3413 et
1147 3372 1246 3413 vos
1271 3372 1392 3413 cum
1422 3356 1642 3413 minime
1675 3373 1801 3427 pro-

217 3445 331 3505 bare
371 3451 597 3522 possitis
639 3451 706 3508 ab
756 3450 941 3522 aliquo
988 3451 1127 3523 apud
1176 3467 1276 3508 nos
1320 3459 1629 3509 accusatum
1676 3467 1798 3508 esse

218 3538 888 3616 Maeariummostrumnon
917 3536 1144 3616 potestis
1173 3545 1431 3603 damnare
1454 3545 1717 3618 judicium
1745 3544 1794 3602 (ι.

282 3726 349 3783 Ν.
379 3728 443 3785 Β.
474 3727 600 3788 Huc
620 3744 790 3803 usque
816 3730 954 3788 iiber
984 3730 1246 3804 septimus
1280 3746 1345 3789 ex
1378 3730 1655 3788 codicibus
1683 3746 1799 3786 ma-

1905 3351 2082 3425 potuit
2124 3349 2288 3422 objici
2329 3347 2647 3420 parentibus
2679 3348 2893 3414 vestris,
2938 3349 2984 3401 si
3039 3347 3132 3402 illo
3183 3347 3234 3403 in
3261 3355 3508 3419 tempore

1905 3445 2258 3509 nudarentur,
2307 3452 2398 3496 aut
2445 3440 2498 3496 in
2549 3438 2810 3512 judicium
2862 3448 3224 3506 vocarentur,
3284 3450 3512 3511 possent

1906 3539 2008 3596 sibi
2038 3535 2289 3608 exemplo
2320 3549 2428 3590 non
2457 3548 2564 3589 uno
2589 3547 2934 3598 succurrere,
2963 3533 3052 3592 ubi
3076 3531 3267 3603 primis
3294 3541 3509 3604 tempo-

1907 3633 2056 3689 ribus
2082 3640 2174 3686 aut
2215 3628 2413 3685 tabulze
2441 3627 2576 3699 legis
2621 3625 2828 3693 fractae,
2868 3633 2963 3680 aut
3007 3625 3132 3681 libri
3179 3626 3356 3682 traditi
3387 3641 3510 3685 esse

1906 3729 2161 3802 leguntur
2182 3724 2269 3782 vel
2292 3723 2445 3781 incisi
2473 3732 2525 3779 et
2552 3721 2783 3787 incensi,
2813 3727 2868 3776 et
2893 3734 3059 3777 nemo
3085 3719 3373 3777 damnatus
3399 3731 3504 3778 est.

1459 3866 1846 3924 LECTIONES
1889 3861 2306 3922 VARIANTES.

274 3977 298 4037 9
327 3976 381 4032 In
399 3995 512 4034 mss.
538 3981 598 4035 C.
622 3989 675 4034 et
695 3979 756 4035 S.‘
775 3983 834 4037 G.
859 3983 1000 4036 male.

271 4035 298 4118 ξ’
326 4043 381 4118 ξι)
401 4045 682 4118 mss._C.__et
699 4035 840 4118 S._G.
861 4035 1086 4118 arguere.

272 4106 294 4172 ‘f
324 4105 378 4172 In
401 4122 491 4160 ms.
515 4109 573 4160 S.
598 4107 658 4172 1‘.
683 4111 770 4161 sed
793 4107 908 4172 quia
919 4105 1110 4172 dicitis.

268 4164 295 4207 δ
323 4167 376 4220 Ιιι
398 4183 490 4222 ms.
514 4174 571 4224 S.
596 4171 655 4222 T.
679 4164 897 4237 Explicit
917 4171 1040 4225 liber
1063 4171 1225 4238 Optati
1244 4171 1457 4238 episcopi
1482 4171 1716 4227 Catholici
1740 4170 1805 4226 li»

1909 3981 1985 4032 bri
2007 3991 2206 4032 nurnero
2229 3993 2290 4029 vn
2316 3976 2383 4028 ad
2405 3973 2788 4027 Partnenianum
2808 3971 3218 4026 schismaticortmt
3245 3983 3507 4029 auctorem.

1910 4043 2158 4108 Initns.g_(_3.
2202 4037 2413 4108 Explicit
2436 4037 2747 4108 ἦρεν-Θριαζὶ
2770 4037 3012 4108 septimus.
3045 4037 3099 4088 In
3125 4053 3215 4088 ms.
3243 4041 3293 4089 S.
3321 4041 3377 4090 U.
3407 4044 3511 4092 Ex.

1911 4103 2047 4171 plicit
2073 4105 2192 4156 liber
2215 4101 2447 4170 septimus
2470 4103 2527 4152 S.
2553 4102 2719 4165 Optatt
2737 4101 2962 4163 episcom'.

1524 4281 1888 4340 VARIORUM
1927 4279 2161 4338 NOTAE.

279 4371 398 4448 (35)_
419 4370 651 4448 Denique
677 4374 809 4448 inter
832 4374 972 4448 ipsa
999 4376 1256 4448 principia
1300 4377 1609 4432 saeculorum
1630 4418 1646 4445 ,
1689 4387 1797 4433 etc.

217 4438 561 4520 No'tteLugd;
566 4438 680 4500 sive
699 4438 1010 4520 Barthi'anaa'
1030 4438 1426 4504 sunt'dicen'dae
1468 4449 1535 4503 ad
1562 4438 1662 4520 ista
1692 4450 1803 4520 pri-

219 4516 281 4567 mi
317 4515 432 4572 libri
459 4515 478 4571 ξ
509 4516 623 4572 Hoc
653 4518 805 4572 modo
845 4521 1029 4573 iterum
1066 4520 1391 4575 renovellataz
1427 4530 1565 4574 sunt.
1619 4515 1802 4576 Partes

217 4587 556 4660 renoveltare,
610 4589 899 4659 inquiunt,
943 4605 1045 4660 pro
1090 4591 1481 4660 redintegrare,
1528 4607 1556 4645 a
1602 4592 1801 4647 vitibus

219 4655 439 4714 ductum.
469 4655 562 4716 Sic
606 4655 842 4730 loquitur
887 4655 1079 4717 atietor
1122 4663 1220 4717 lib.
1249 4655 1363 4717 vit:
1397 4655 1535 4716 Dum
1576 4662 1799 4717 hominis

218 4739 330 4804 esset
368 4731 681 4804 renouellata
722 4734 980 4788 natiuitas.
1013 4732 1119 4789 Sed
1168 4749 1309 4804 quo,
1342 4749 1559 4803 quaeso,
1598 4749 1760 4790 sensu
1783 4775 1798 4800 ,

221 4801 376 4877 prima
399 4804 618 4877 generis
649 4803 864 4877 humani
885 4807 1098 4877 (creatio
1118 4847 1133 4870 ,
1165 4801 1283 4876 ejus
1310 4801 1678 4877 redintegratio
1707 4821 1801 4874 po.

218 4871 308 4925 tuit
331 4871 621 4948 ab'Optato
649 4875 787 4931 dici?
820 4875 1007 4931 fefellit
1039 4871 1210 4931 \iruui
1237 4877 1455 4932 doctum
1489 4871 1799 4948 ({rmpositio

219 4957 292 5022 re,
321 4959 478 5015 quam
526 4947 615 5022 hic
642 4961 834 5022 vacare
861 4989 876 5011 ,
915 4957 983 5022 ιιι⁸
1019 4957 1075 5003 et
1104 4948 1156 5022 in
1184 4948 1375 5022 multis
1415 4949 1534 5004 aliis
1559 4990 1573 5013 ,
1605 4947 1800 5022 quibus

218 5018 459 5086 istaaetas
485 5018 744 5084 majorem
777 5019 832 5074 in
863 5019 1080 5075 modum
1109 5019 1372 5076 delectata
1401 5030 1515 5086 est,
1549 5018 1656 5075 non
1684 5021 1800 5075 ani-

221 5085 514 5174 inadvertit.
552 5088 683 5145 Inde
709 5091 1072 5174 repromitth
1115 5107 1213 5161 pro
1241 5092 1475 5174 simplici
1504 5085 1803 5164 promittere

221 5163 270 5209 et
290 5166 469 5234 terrain
494 5163 908 5234 repromissionis
958 5163 1484 5234 vulgoappellabant
1512 5163 1677 5234 quam
1702 5177 1803 5219 nos

222 5230 584 5293 promissionis.
616 5233 691 5286 Ita
719 5234 974 5288 remittere
993 5276 1008 5300 ,
1039 5230 1251 5289 reddere
1269 5275 1284 5296 ,
1311 5245 1367 5290 et
1395 5230 1674 5290 innumera
1699 5235 1802 5291 alia

221 5313 434 5376 quorum
461 5303 622 5376 etiam
666 5305 804 5373 apud
840 5305 1092 5361 meliores
1131 5307 1425 5376 scriptores
1462 5321 1568 5362 non
1607 5307 1806 5362 desunt

221 5373 476 5445 exempla.
510 5373 579 5430 Ut
603 5390 782 5430 causa:
811 5393 915 5432 non
949 5377 1140 5443 fuerit,
1169 5373 1266 5433 cur
1304 5378 1362 5433 S.
1390 5377 1550 5433 Pater
1570 5420 1586 5445 ,
1617 5391 1682 5432 ac
1721 5377 1806 5433 vir

221 5437 617 5516 longe'doctiss.
653 5447 1042 5516 llieronymus,
1074 5437 1180 5503 tam
1210 5451 1407 5504 acriter
1434 5464 1498 5504 ac
1527 5437 1716 5506 severe
1748 5449 1803 5504 in

225 5510 402 5592 liuﬁno
427 5520 647 5592 aemulo
675 5510 984 5590 suggillaret
1004 5510 1040 5585 ,'
1066 5523 1210 5591 quod
1240 5521 1332 5574 ille
1370 5521 1669 5592 refestinare
1713 5537 1808 5590 pro

223 5583 440 5673 fitnplici
467 5587 712 5673 festinare
734 5583 1048 5673 [losuissett
1073 5583 1471 5673 sordidissima,
1502 5602 1559 5646 ut
1588 5583 1804 5673 llieron.

219 5655 409 5739 judieat
433 5699 447 5720 ,
468 5655 776 5739 elocutionis
810 5664 1221 5739 nsptaaoiovyiu._
1245 5664 1347 5739 _Est
1392 5655 1553 5734 igitur
1580 5663 1808 5718 renovet-

225 5727 323 5807 lare
354 5743 457 5809 non
495 5731 637 5809 aliud
684 5749 844 5809 quam
864 5727 1132 5809 novellar'e
1156 5777 1170 5798 ,
1210 5735 1261 5790 id
1289 5744 1373 5809 est
1396 5727 1439 5803 ,⁷
1455 5738 1718 5809 φυτεύειν,
1752 5742 1811 5792 ut

229 5802 275 5850 in
317 5802 535 5883 antiquo
561 5805 748 5883 gloss.‘
772 5806 1002 5883 legimus
1022 5849 1036 5870 ,
1066 5816 1123 5863 et
1155 5802 1498 5883 novelletum',
1528 5809 1765 5883 νεόφιζτον
1789 5847 1807 5876 ,

228 5871 362 5941 quod
388 5871 508 5942 hic,
540 5871 637 5931 nisi
666 5871 1014 5932 valtlc'rnllor
1035 5920 1048 5941 ,
1082 5879 1334 5936 convenit
1375 5871 1546 5940 multo
1573 5871 1807 5951 melius,

657 5971 935 6038 ΡΑτιιοι.
983 5973 1095 6036 XI.

1904 4392 2066 4448 quam
2093 4384 2185 4448 τοῦ
2215 4375 2558 4448 redintegrare
2573 4372 2927 4448 rsigniﬁcatio.
2956 4371 3284 4448 M._Cttsaun.

1977 4449 2093 4520 (56)
2137 4447 2226 4520 llli
2276 4444 2580 4520 namquesi
2627 4445 2719 4520 illo
2764 4444 3152 4520 temporebono
3183 4448 3348 4515 pacis,
3397 4460 3504 4508 etc.

1909 4514 2108 4574 Facere
2130 4514 2453 4581 debuerant,
2472 4516 2522 4571 id
2534 4526 2653 4588 gest,
2679 4515 2954 4588 fecissent,
2979 4514 3158 4588 facere
3177 4514 3504 4588 voluissent;

1906 4591 1975 4646 ita
2005 4591 2129 4645 coll.
2159 4588 2262 4644 ΑΠ’.
2289 4603 2343 4660 p.
2377 4589 2448 4643 85
2479 4586 2595 4660 :AUt
2638 4586 2779 4660 prius
2806 4587 2868 4639 de
2901 4585 3258 4660 mandatorum
3299 4585 3510 4648 numero

1904 4670 2137 4726 constet,
2183 4672 2226 4715 et
2254 4658 2317 4714 de
2365 4658 2594 4728 partibus
2624 4659 2955 4728 meisﬁquanti
2993 4661 3383 4727 mandaverint,
3431 4665 3510 4720 υυι

1904 4734 2081 4805 quanti
2126 4734 2229 4786 sint
2259 4727 2563 4805 mandatnri
2602 4729 2700 4799 (ait
2747 4727 3040 4782 Petilinnns
3069 4729 3423 4805 Episcopus),
3452 4736 3509 4788 id

1905 4801 2128 4876 primum
2169 4813 2283 4876 peto
2313 4802 2376 4876 de
2404 4801 2672 4876 nobilitate
2699 4809 2806 4876 tua,
2847 4810 2914 4876 ut
2932 4803 3254 4876 superfluum
3273 4801 3383 4858 non
3408 4808 3504 4873 sit,

1905 4871 1968 4930 de
1990 4871 2204 4930 numero
2233 4874 2497 4943 utriusth
2521 4873 2683 4942 partis
2707 4874 2841 4942 ferre
2880 4871 3061 4926 debere
3078 4874 3328 4941 judicium
3355 4871 3510 4930 celsi;

1906 4948 2132 5002 tudinem
2160 4958 2318 4999 luant.
2342 4945 2543 5013 Quibus
2573 4960 2635 4997 ex
2664 4943 2861 5004 venitis,
2896 4958 3053 5013 quam
3087 4945 3509 5004 redundantibus

1908 5034 1972 5075 ac
1991 5016 2278 5086 superﬂuis
2299 5031 2459 5087 supra
2483 5014 2697 5070 modum
2721 5015 2944 5087 vocibus
2965 5023 3098 5087 a-Ias
3127 5015 3210 5087 illa
3244 5019 3510 5076 delectata

1908 5091 1980 5146 sit
2013 5085 2170 5144 iaeile
2199 5085 2488 5144 discamus.
2537 5087 2649 5142 Hoc
2685 5086 2828 5142 enim
2860 5085 3110 5141 volebat:
3149 5086 3275 5144 Peto
3310 5091 3373 5144 de
3419 5109 3513 5148 no-

1911 5163 2104 5218 bilitate
2133 5169 2241 5224 tua,
2273 5170 2329 5214 ut
2361 5159 2424 5214 de
2451 5174 2662 5213 numero
2687 5157 2948 5230 utriusque
2977 5159 3158 5230 partis,
3181 5162 3380 5230 judicet
3421 5175 3510 5218 tua

1910 5230 2180 5288 celsitudo.
2218 5230 2415 5286 Eadem
2456 5231 2580 5285 coll.
2617 5245 2668 5299 p.
2700 5229 2756 5293 2,
2788 5229 2968 5300 adesse
2999 5229 3196 5294 debere,
3239 5249 3334 5300 pro
3358 5235 3508 5288 ades-

1910 5321 1992 5371 se,
2026 5314 2081 5360 et
2109 5301 2246 5359 Can.
2279 5302 2487 5358 Eccles.
2522 5301 2690 5374 Alt-ie.
2721 5299 2853 5356 edit.
2882 5301 3026 5356 Clar.
3075 5299 3284 5374 Justelli
3318 5319 3368 5374 p.
3406 5305 3506 5369 45',

1914 5379 2112 5432 mittere
2138 5376 2396 5448 dignetur,
2416 5374 2501 5443 qui
2525 5373 2738 5427 debeant
2756 5375 2981 5444 perferre
3000 5387 3095 5496 pg)
3115 5373 3203 5496 qéti
3223 5373 3505 5445 perferant.

2187 5477 2190 5480 ~
3057 5465 3060 5468 η
3087 5482 3100 5495 .
3177 5459 3361 5496 ASAUB.

2187 5477 2190 5480 .
3033 5459 3100 5496 Μ.
3132 5459 3361 5500 LASAUB.

1985 5517 2104 5590 (57)
2141 5516 2462 5590 (Necessitas.
2515 5514 2648 5584 Quia
2683 5523 3069 5570 tormentorum
3102 5527 3246 5569 metu
3286 5517 3336 5572 id
3371 5519 3512 5575 foec-

1917 5601 2062 5647 rant.
2088 5589 2091 5590 ⁷
2123 5589 2351 5644 Αιιιιειι.

1989 5661 2103 5738 (58)
2155 5662 2285 5716 Cum
2315 5661 2512 5715 ueteris
2547 5658 2764 5712 delictis.
2802 5655 2934 5724 Quae
2965 5666 3156 5738 sponte
3198 5658 3347 5714 littut.

3109 5733 3145 5783 Α
3155 5745 3273 5786 ιιιΑς
3287 5748 3334 5786 ιτ.

1988 5803 2104 5879 (59)
2155 5803 2458 5879 Interdicta.
2510 5800 2799 5857 lnterdicta
2828 5810 3021 5870 vocat,
3063 5817 3183 5873 qua:
3209 5819 3272 5859 ex
3319 5821 3375 5860 se
3409 5823 3514 5866 non

1916 5874 2044 5937 sunt
2085 5874 2331 5950 peccata.
2381 5874 2612 5931 ALBASP.

2819 5964 2899 6030 35
