3974 6324
435 311 571 370 1099

1595 306 1836 368 SANCTI
1877 303 2130 364 Ol’TATI
2166 305 2472 366 EPISCOPI

3587 310 3712 366 ΙΝ)

427 425 483 483 Si
522 425 604 498 (ut
631 438 793 496 supra
821 421 954 497 dixi)
988 430 1238 494 parentes
1267 424 1429 480 vestri
1461 422 1554 490 illo
1590 431 1834 494 tempore
1863 422 2031 480 nuda-
2057 421 2104 484 Α
2137 420 2475 494 Presbyteris
2499 432 2552 479 et
2572 425 2782 480 caeteris
2815 424 2938 482 ﬁliis
2967 425 3129 482 Israel
3149 425 3365 482 defendi
3401 440 3506 482 non
3536 430 3711 497 potuit,

432 528 640 579 rentur,
687 516 734 571 si
760 515 1003 572 accusari
1034 517 1367 586 potuissent,
1403 517 1522 573 sine
1551 516 1713 572 dubio
1752 517 2026 584 dicerent,

429 625 490 665 se
519 610 650 665 nihil
674 608 904 677 amplius
933 607 1125 666 feclsse
1153 624 1180 661 a
1210 607 1396 680 Moyse
1429 607 1754 679 lcgislatore,
1785 609 2030 682 quamvis

435 719 540 758 non
570 702 669 758 sibi
701 699 961 765 similent,
1005 700 1100 758 sed
1133 700 1273 758 inter
1315 716 1376 762 se
1404 711 1704 776 repugnent
1734 701 2031 760 necessitas

435 809 490 853 et
519 799 790 862 voluntas,
819 811 942 856 cum
970 795 1162 856 eodem
1195 797 1417 852 nomine
1443 796 1578 867 legis
1609 804 1888 868 parentum
1914 811 2031 850 ves-

435 903 640 949 trorum
673 901 726 948 et
751 891 918 964 Moysi
952 907 1057 948 una
1085 891 1247 947 fuerit
1275 907 1460 948 causa.
1489 892 1716 949 Possent
1735 891 1914 948 dicere
1940 907 2032 965 pa-

431 994 614 1040 rentes
651 984 816 1040 vestri
866 983 1000 1039 illud
1037 999 1095 1039 se
1137 983 1205 1039 de
1248 985 1571 1040 necessitate
1614 983 1839 1054 fecisse,
1887 985 2033 1056 quod

431 1079 644 1152 Moyses
675 1078 823 1148 prior
855 1076 1044 1140 fecerit
1080 1075 1149 1147 de
1185 1078 1481 1134 voluntate.
1533 1077 1635 1147 Qui
1676 1093 1798 1136 cum
1832 1078 2033 1150 popqu

431 1171 827 1244 indignaretur,
861 1185 966 1226 non
1000 1169 1365 1230 consideravit
1392 1170 1517 1244 quia
1549 1171 1690 1230 Deus
1734 1170 1905 1243 digito
1935 1185 2034 1228 suo

434 1265 728 1334 scripserat
766 1279 778 1316 :
823 1270 876 1317 et
908 1261 1028 1336 plus
1055 1261 1304 1334 estquod
1347 1262 1611 1338 scriptum
1657 1263 1819 1322 estin
1867 1263 2034 1330 coelo,

432 1371 594 1428 quam
623 1354 766 1427 quod
793 1355 844 1409 in
877 1364 1016 1410 terra
1053 1373 1065 1407 :
1097 1365 1150 1412 et
1177 1370 1284 1410 non
1311 1365 1394 1412 est
1420 1341 1585 1414 unum
1615 1356 1759 1426 quod
1789 1355 1915 1413 iecit
1940 1357 2035 1414 Dei

435 1449 674 1522 digitus,
719 1457 776 1514 et
830 1447 974 1519 quod
1027 1447 1251 1519 scripsit
1303 1449 1543 1514 calamus
1597 1449 1828 1510 humana
1875 1465 2036 1506 manu

435 1541 790 1612 compositus.
827 1542 1039 1614 Moyses
1069 1539 1274 1598 ferebat
1321 1541 1462 1614 quod
1493 1557 1588 1618 per
1640 1541 1836 1600 nubem
1879 1557 2038 1598 acce-

449 1646 623 1710 perat,
659 1647 709 1692 et
743 1646 994 1706 parentes
1032 1636 1199 1692 vestri
1235 1635 1571 1696 tradiderunt
1598 1636 1739 1710 quod
1767 1636 1887 1710 (40)
1915 1635 2038 1694 data

444 1729 694 1800 mercede
715 1731 1062 1786 confecerant
1095 1747 1107 1783 :
1143 1739 1289 1785 recte
1315 1745 1376 1786 se
1406 1739 1657 1800 parentes
1693 1731 1853 1806 108
1873 1730 2038 1786 vestri

2135 524 2190 572 et
2237 517 2470 572 inimicis
2501 526 2585 572 est
2633 518 2848 584 tradita,
2895 519 3022 575 dum
3071 521 3252 575 minus
3281 530 3365 576 est
3414 532 3716 591 reportata:

2137 608 2331 666 tradita
2376 609 2495 680 lege
2522 609 2612 680 qui
2650 609 2975 667 aﬂ'erendam
3006 613 3278 680 dixerant,
3314 614 3565 686 fugerunt
3589 615 3720 670 timi-

2135 702 2214 771 di,
2240 713 2292 764 et
2321 719 2427 760 non
2467 703 2717 775 leguntur
2745 716 2928 775 postea
2961 706 3013 760 in
3041 707 3272 762 vindicta
3317 708 3523 778 aliquid
3563 709 3717 778 passi.

2137 794 2195 852 Si
2241 812 2270 850 a
2313 796 2628 866 parentibus
2655 798 2850 854 vestris
2900 799 3017 855 hac
3060 801 3196 858 ratio
3244 799 3584 865 redderetur,
3614 801 3726 871 quis

2137 901 2230 944 eos
2253 904 2279 941 a
2311 887 2424 959 (45)
2453 889 2835 950 communione
2855 906 2950 946 sua
2978 893 3242 962 repellere
3268 893 3571 963 potuisset?
3593 894 3726 961 Quid

2137 983 2182 1040 si
2215 996 2314 1042 nec
2343 981 2430 1038 illa
2472 983 2717 1054 exempla
2753 984 3043 1040 tacuissent
3088 987 3360 1057 principes
3394 988 3595 1044 vestri?
3619 991 3727 1060 qui-

2141 1077 2242 1134 bus
2272 1077 2466 1148 legitur
2497 1077 2708 1136 Barucb
2754 1079 2950 1135 librum
2999 1080 3134 1152 legis
3168 1097 3327 1150 quem
3365 1098 3429 1136 ex
3462 1097 3558 1137 ore
3584 1082 3730 1138 Jere-

2141 1168 2263 1224 miac
2295 1171 2573 1239 prophetae
2622 1181 2928 1242 exceperat,
2972 1172 3261 1230 tradidisse
3304 1174 3502 1230 scribae
3553 1174 3728 1240 Judin,

2141 1273 2190 1320 et
2214 1276 2244 1320 a
2278 1262 2604 1332 principibus
2634 1265 2779 1335 regis
2807 1264 3016 1334 jussum
3060 1281 3181 1322 esse
3212 1275 3271 1322 ut
3295 1277 3350 1322 et
3381 1267 3497 1338 ipse
3526 1268 3730 1324 Barucb

2142 1355 2232 1426 qui
2263 1365 2568 1425 exceperat,
2609 1366 2664 1413 et
2701 1355 2966 1414 Jeremias
3013 1373 3106 1427 per
3139 1373 3297 1425 quem
3348 1357 3490 1413 Deus
3533 1359 3736 1416 locutus

2143 1455 2279 1512 erat,
2307 1445 2553 1517 fugerent
2581 1457 2634 1506 et
2657 1447 2902 1519 laterent.
2939 1447 3203 1506 Jeremias
3230 1448 3491 1515 dictabat,
3526 1449 3736 1506 Baruch

2146 1537 2382 1607 tradidit,
2418 1538 2666 1610 fugerant
2691 1541 2890 1606 ambo;
2924 1540 2989 1598 ad
3016 1540 3260 1601 Joachim
3287 1557 3472 1612 regem
3497 1542 3638 1597 liber
3664 1543 3736 1596 al-

2147 1630 2288 1690 latus
2318 1641 2424 1700 cst,
2454 1633 2544 1702 qui
2577 1632 2690 1688 Rex
2719 1649 2842 1692 cum
2873 1644 3001 1690 ante
3029 1650 3087 1692 se
3117 1649 3214 1706 pro
3239 1636 3496 1705 qualitate
3535 1625 3739 1706 tempe?

2149 1726 2225 1784 ris
2258 1725 2433 1799 frigidi
2464 1726 2670 1782 arulam
2715 1725 2990 1786 habuisset
3035 1727 3335 1792 ardentem,
3379 1739 3432 1784 et
3485 1729 3684 1786 librum
3713 1745 3738 1785 a

440 1824 815 1892 defenderent,
839 1823 1098 1879 docentes
1125 1822 1355 1898 capitale
1375 1823 1582 1880 crimen
1613 1837 1717 1880 non
1749 1837 1890 1890 esse,
1916 1823 1960 1876 si
1994 1820 2043 1878 id
2075 1823 2124 1896 Β
2151 1818 2308 1876 Judin
2329 1819 2503 1876 scriba
2528 1820 2809 1876 recitatum
2841 1837 2948 1876 non
2976 1820 3208 1880 libenter
3227 1821 3540 1888 audivisset,
3562 1824 3745 1878 subin-

434 1921 651 1980 fecisset
680 1918 1053 1996 unusquisque
1084 1933 1272 1973 eorum
1307 1931 1503 1989 magno
1531 1928 1674 1976 metu
1701 1915 2038 1987 perterritus,

433 2013 576 2086 quod
611 2014 824 2085 Moyses
867 2011 1086 2068 fecisset
1114 2012 1283 2072 iratus
1314 2025 1328 2064 :
1360 2017 1416 2064 et
1448 2024 1554 2063 non
1601 2008 1830 2082 legimus
1862 2007 2042 2064 Domi-

433 2125 560 2164 num
587 2107 920 2179 indignatum
950 2119 1071 2162 esse
1101 2102 1292 2174 Moysi,
1332 2115 1431 2157 nec
1463 2099 1765 2158 vindicasse
1792 2098 2042 2156 confrac-

441 2213 524 2256 tas
554 2200 762 2256 tabulas
793 2214 923 2270 quas
955 2211 1116 2252 manu
1147 2209 1242 2250 sna
1275 2195 1687 2268 perscripserat,
1720 2208 1818 2250 nec
1843 2208 2037 2266 pecca-

434 2301 518 2348 tor
547 2290 847 2362 appellatus
888 2300 992 2354 est,
1026 2304 1124 2344 nec
1161 2287 1397 2358 punitus.
1432 2287 1521 2342 Sic
1568 2286 1654 2344 lex
1690 2302 1721 2342 a
1753 2285 1864 2341 Deo
1909 2301 2039 2355 pro-

436 2385 571 2443 {ecta
614 2393 717 2453 est,
752 2393 808 2439 ut
834 2399 968 2456 aqua
1012 2382 1079 2437 de
1126 2383 1273 2438 fonte
1303 2381 1579 2452 dilabitur,
1607 2389 1698 2440 aut
1728 2393 1888 2450 poma
1919 2393 2040 2448 qua:

435 2479 502 2536 dc
530 2479 726 2534 arbore
765 2477 911 2532 salva
946 2475 1129 2540 radice
1175 2483 1514 2545 carpuntur:
1565 2487 1672 2532 non
1719 2473 1854 2543 perit
1896 2469 2042 2544 quod

433 2582 710 2644 erogatum
735 2579 837 2636 est,
879 2571 924 2625 si
955 2570 1006 2626 in
1048 2569 1258 2642 origine
1288 2582 1384 2622 sua
1413 2566 1622 2622 salvum
1658 2575 1760 2622 est.
1793 2564 1909 2638 (41)
1940 2564 2041 2620 De-

435 2666 599 2739 nique
624 2665 837 2737 Moyses
863 2673 984 2734 post
1015 2662 1221 2720 tabulas
1248 2675 1464 2732 sparsas
1496 2660 1628 2732 legis
1661 2669 1716 2718 et
1743 2657 2040 2716 comminu-

435 2767 519 2816 tas
567 2775 672 2813 non
723 2757 970 2812 damnari
1014 2755 1246 2820 meruit,
1293 2762 1348 2808 et
1385 2751 1516 2810 Sina
1562 2762 1750 2822 postea
1800 2761 2038 2810 montem

434 2861 720 2912 revocatus
736 2848 1074 2918 adscendit,e
1098 2856 1116 2902 t
1139 2845 1283 2917 loqui
1311 2859 1432 2899 cum
1462 2844 1575 2898 Deo
1603 2843 1796 2898 iterum
1824 2842 2040 2912 meruit,

435 2959 491 3006 et
522 2947 816 3008 secundum
863 2946 1035 3016 legem
1082 2943 1401 3002 innovatam
1443 2939 1684 3008 accepit,
1719 2952 1879 3008 quam
1912 2951 2038 3009 pro-

438 3043 540 3099 diit
580 3041 768 3096 titulus
799 3039 920 3095 libri
967 3036 1055 3108 qui
1102 3035 1294 3092 Grmco
1325 3032 1586 3094 vocabulo
1619 3031 2044 3090 Deuteronomos

437 3135 693 3193 scribitur
728 3149 741 3188 :
771 3144 899 3186 ecce
932 3144 1040 3183 non
1082 3126 1219 3198 perit
1247 3127 1298 3181 in
1331 3125 1470 3197 lege,
1512 3125 1655 3198 quod
1687 3123 1898 3180 solrum
1928 3123 2041 3178 fuc-

2149 1913 2215 1968 de
2245 1915 2520 1972 concisum
2557 1914 2861 1972 minutatim
2913 1914 3123 1984 ignibus
3166 1915 3500 1987 imponebat.
3525 1917 3601 1972 Et
3647 1934 3742 1973 non

2149 2005 2313 2062 iratns
2341 2015 2426 2062 est
2457 2006 2598 2064 Deus
2628 2006 2711 2062 vel
2731 2005 2982 2064 Jeremia:
3023 2007 3114 2077 qui
3147 2006 3382 2077 fugerat,
3423 2009 3506 2063 vel
3531 2008 3738 2065 Baruch

2148 2097 2375 2168 quicum
2406 2113 2473 2153 eo
2503 2097 2711 2171 fugiens
2740 2098 3033 2154 tradiderat
3061 2117 3075 2156 :
3112 2100 3308 2170 quibus
3333 2101 3379 2156 si
3410 2101 3551 2157 Deus
3581 2104 3744 2158 iratus

2147 2201 2315 2262 esset,
2345 2193 2410 2248 ad
2459 2192 2785 2266 Prophetam
2831 2192 3068 2263 aliquem
3113 2192 3344 2256 alterum
3392 2193 3744 2264 loqueretur:

2149 2300 2259 2344 non
2310 2284 2376 2342 ad
2419 2285 2674 2350 alterum,
2723 2285 2818 2342 sed
2868 2283 2938 2344 ad
2989 2285 3165 2356 ipsum
3210 2283 3503 2346 Jeremiam
3535 2287 3746 2344 locutus

2149 2389 2233 2438 est
2266 2396 2279 2433 :
2329 2379 2408 2438 sic
2455 2378 2600 2434 enim
2630 2378 2824 2448 legitur
2856 2395 2870 2432 :
2903 2376 2970 2438 Et
3001 2380 3170 2450 [artus
3211 2386 3284 2438 est
3331 2395 3498 2438 mmo
3541 2377 3747 2438 Domini

2145 2473 2214 2538 ad
2237 2472 2516 2530 Jeremiam
2551 2481 2821 2544 postquam
2846 2471 3119 2530 combussit
3161 2470 3271 2528 Rea;
3300 2471 3587 2542 capitulum
3615 2472 3746 2538 libri,

2145 2579 2192 2621 et
2239 2583 2497 2624 sermones
2551 2581 2677 2640 quos
2725 2564 2935 2636 scripsit
2989 2563 3200 2622 Barac]:
3240 2578 3303 2620 ιε
3340 2580 3430 2626 ore
3475 2563 3747 2627 les-emitr;

2147 2659 2276 2714 dixit
2305 2657 2446 2722 Deus
2473 2659 2543 2716 ad
2571 2657 3072 2728 Jeremiutnmccipe
3093 2659 3182 2712 tibi
3210 2658 3443 2718 chartam
3465 2660 3684 2718 atterunt
3707 2670 3747 2718 et

2145 2750 2307 2810 scribe
2338 2767 2510 2810 omnes
2539 2765 2795 2806 sermones
2822 2758 2938 2811 tuos
2965 2750 3050 2818 qui
3075 2758 3194 2803 tunc
3216 2759 3362 2810 erant
3392 2751 3576 2820 scripti
3609 2752 3660 2806 in
3687 2752 3744 2806 fi-

2144 2842 2234 2898 bro
2262 2859 2411 2916 quem
2441 2843 2714 2898 combussit
2743 2839 2981 2900 Joachirn
3004 2838 3117 2896 Rea:
3134 2838 3290 2896 ludar
3319 2841 3538 2913 (lerant.
3564 2857 3744 2912 xxxvi,

2142 2937 2257 3008 27).
2303 2939 2440 2992 Ειοιι
2470 2951 2568 2990 ncc
2607 2935 2745 2992 Deus
2779 2935 2944 2990 iratus
2971 2943 3074 2999 est.
3109 2948 3208 2990 nec
3229 2934 3319 3004 qui
3349 2945 3557 2994 arserat
3587 2935 3741 3006 perit,

2147 3045 2248 3088 nec
2282 3029 2487 3092 Barucli
2521 3027 2737 3106 punitus
2780 3035 2892 3094 est,
2940 3041 3045 3094 nec
3087 3026 3352 3100 Jeremias
3393 3043 3424 3084 a
3472 3028 3583 3084 Deo
3627 3043 3747 3090 con-

2147 3134 2379 3195 temptus
2426 3133 2543 3190 est;
2595 3120 2734 3180 unde
2763 3131 3018 3196 apparet,
3064 3120 3211 3198 quod
3241 3121 3295 3180 in
3343 3119 3447 3186 bac
3477 3136 3538 3177 re
3571 3121 3746 3193 gravis

436 3238 522 3285 rat
549 3228 600 3282 in
628 3223 860 3296 origine.
891 3220 1000 3278 Sed
1030 3236 1096 3274 ne
1126 3219 1213 3273 cui
1252 3217 1500 3272 videatur
1529 3216 1738 3290 Moyses
1781 3215 2034 3269 habuisse
2063 3223 2109 3300 ρ
2143 3233 2430 3288 numquam
2477 3217 2639 3272 fuerit
2667 3216 2823 3292 culpa
2854 3231 3012 3286 quam
3046 3231 3343 3286 numquam
3371 3217 3548 3291 potuit
3590 3217 3740 3289 sequi

439 3318 715 3383 meritum,
741 3326 798 3369 ut
822 3314 890 3369 de
911 3311 1185 3381 colloquio
1214 3308 1502 3380 quamdam
1531 3307 1670 3380 apud
1706 3307 1868 3362 Deum
1905 3305 2040 3360 fidu-

413 3400 601 3479 .ciam,
633 3419 688 3470 et
719 3408 840 3468 ideo
886 3407 1055 3462 Deum
1111 3419 1216 3459 non
1247 3403 1439 3458 iratum
1487 3415 1628 3468 esse,
1655 3411 1710 3455 et
1757 3403 1860 3455 hoc
1888 3400 1932 3455 si
1968 3400 2038 3453 ita

437 3521 607 3577 esset,
631 3524 847 3580 semper
867 3505 1104 3574 atpieitia
1129 3504 1382 3560 meritum
1407 3514 1562 3556 suum
1593 3508 1648 3552 ct
1673 3496 1901 3550 fructum
1930 3492 2043 3548 exi-

442 3621 572 3677 gere
602 3603 833 3660 debebat
862 3620 874 3656 :
905 3615 1073 3672 quare
1103 3599 1154 3653 in
1195 3603 1534 3664 eum-postea
1577 3590 1904 3646 vindicatum
1935 3600 2039 3648 est,

440 3696 584 3769 quod
613 3693 867 3754 olIendit?
899 3708 1076 3760 nonne
1117 3702 1173 3748 ut
1200 3687 1578 3745 ostenderetur
1618 3685 1735 3740 leve
1767 3682 1932 3740 fuisse
1973 3682 2040 3736 il-

443 3791 556 3858 Iud,
585 3788 726 3861 quod
757 3789 923 3842 iratus
949 3786 1258 3840 admiserat.
1279 3782 1394 3853 (42)
1418 3781 1526 3836 Lex
1549 3780 1602 3834 in
1634 3778 1746 3832 Deo
1773 3791 1901 3830 sana
1921 3775 2038 3840 fuit;

445 3898 500 3942 et
540 3892 823 3956 postquam
853 3881 920 3935 ab
948 3878 1164 3935 homine
1193 3893 1314 3932 cum
1361 3875 1560 3930 tabulis
1607 3871 1832 3942 lapideis
1867 3869 2042 3924 fracta

443 3990 527 4038 est
553 3997 566 4032 :
599 3975 820 4035 derotio
855 3989 978 4044 qua:
1004 3973 1072 4028 ab
1099 3969 1321 4026 homine
1353 3967 1653 4024 debebatur
1683 3964 1772 4022 ubi
1801 3962 2043 4020 exhibita

444 4088 551 4128 non
579 4081 682 4137 est,
701 4069 917 4141 Moyses
957 4065 1104 4124 illam
1133 4061 1250 4136 (4'5)
1277 4076 1494 4134 pinnam
1527 4057 1746 4124 meruit,
1775 4070 1830 4110 ιιι
1861 4053 2043 4110 medio

389 4195 392 4199 -
443 4166 638 4222 itinere
665 4171 989 4224 moreretur,
1023 4173 1091 4212 ne
1125 4167 1324 4211 terram
1357 4152 1732 4223 promissionis
1764 4148 1991 4202 intraret
2027 4163 2039 4198 :

447 4259 589 4315 unde
617 4264 830 4313 constat
875 4269 980 4306 non
1029 4265 1280 4320 magnum
1314 4255 1592 4318 peccatum
1625 4258 1783 4313 posse
1815 4257 2042 4311 compu-

445 4352 568 4417 tari,
596 4346 711 4423 (Η)
739 4344 879 4418 quod
907 4345 960 4400 in
1001 4340 1266 4413 praesenti
1311 4337 1558 4412 exemplo
1605 4337 1778 4408 potuit
1827 4334 2044 4403 impune

447 4443 732 4503 committi.
783 4441 908 4498 Haec
927 4439 978 4498 si
1025 4455 1058 4494 .a
1104 4435 1420 4507 parentibus
1472 4433 1668 4492 vestris
1705 4430 2036 4494 dicerentur,

447 4539 572 4610 quis
593 4538 673 4591 eis
710 4533 1145 4591 communionem
1176 4544 1374 4601 negare
1402 4525 1704 4598 potuisset?
1745 4523 1872 4595 quid
1904 4525 1946 4578 si
1991 4534 2044 4578 et

2145 3313 2400 3368 vindicta.
2433 3312 2489 3370 Si
2522 3311 2638 3370 haec
2667 3317 2918 3380 parentes
2939 3311 3100 3374 vestri
3130 3311 3447 3381 allegarent,
3468 3312 3593 3384 quis
3618 3311 3736 3378 illos

2143 3421 2173 3460 a
2202 3404 2580 3460 communione
2608 3417 2864 3460 revocare
2896 3402 3208 3475 potuisset?
3240 3402 3483 3476 Denique
3514 3420 3636 3463 cum
3668 3405 3741 3476 rio

2144 3497 2297 3555 deret
2331 3499 2470 3553 Deus
2499 3505 2552 3553 et
2573 3513 2598 3552 a
2635 3495 2817 3572 Moyse
2834 3497 2965 3568 legis
2987 3497 3197 3554 tabulas
3220 3496 3442 3562 fractas,
3470 3508 3526 3556 et
3553 3514 3731 3566 arcam

2146 3591 2392 3646 hostibus
2423 3586 2761 3654 dereliCIatn,
2806 3599 2861 3644 et
2889 3598 3009 3659 post
3047 3588 3396 3644 traditionem
3430 3590 3641 3646 Baruclt
3681 3592 3736 3645 li~

2146 3684 2302 3740 brum
2334 3683 2464 3754 legis
2491 3693 2544 3737 et
2572 3683 2799 3738 incisum
2838 3697 2961 3739 esse
2987 3691 3042 3738 et
3065 3682 3408 3744 combustum
3433 3725 3447 3749 ,
3495 3685 3744 3756 indicarit

2146 3775 2540 3848 providentiam
2571 3791 2746 3843 suam,
2781 3787 2836 3830 et
2859 3777 3105 3846 promisit
3133 3792 3192 3832 se
3225 3777 3397 3846 legem
3423 3778 3537 3848 jam
3567 3780 3741 3833 nonin

2143 3869 2342 3925 tabulis
2370 3870 2632 3933 scribere,
2665 3884 2765 3925 nec
2798 3870 2848 3922 in
2884 3869 3033 3924 libris
3060 3911 3074 3932 ,
3103 3869 3198 3924 sed
3242 3871 3294 3924 in
3340 3870 3458 3938 ipso
3502 3872 3734 3926 interiori

2148 3963 2388 4026 homine,
2422 3963 2523 4018 hoc
2551 3973 2656 4029 est,
2688 3963 2739 4018 in
2767 3972 2947 4020 mente
2969 3964 3103 4020 etin
3135 3964 3302 4020 corde
3324 3965 3744 4042 uniuscujusque

2146 4057 2452 4122 credentis;
2485 4058 2756 4128 quomodo
2786 4059 3078 4130 scripserat
3112 4059 3164 4116 in
3210 4059 3373 4118 corde
3399 4059 3545 4132 Noe,
3577 4061 3740 4126 Abra-

2147 4151 2252 4218 hae,
2277 4151 2446 4219 Isaac,
2461 4161 2512 4208 et
2534 4151 2722 4216 Jacob,
2738 4160 2794 4206 et
2815 4160 3136 4216 exterarum
3157 4153 3581 4222 patriarcharum
3613 4169 3742 4225 quos

2143 4254 2356 4304 constat
2389 4245 2625 4315 legitime
2657 4246 2774 4300 sine
2807 4246 2926 4315 lege
2977 4245 3196 4300 vixisse.
3244 4247 3418 4312 Quam
3467 4262 3579 4303 rem
3630 4263 3743 4317 pro~

2147 4339 2239 4398 bat
2283 4349 2335 4392 ct
2379 4339 2572 4396 beatus
2600 4337 2878 4410 apostolus
2901 4337 3103 4396 Paulus
3130 4337 3318 4394 dicens
3352 4357 3368 4395 :
3410 4338 3622 4410 Scripta
3649 4356 3743 4394 non

2145 4441 2452 4498 atramento,
2485 4430 2576 4486 sed
2602 4430 2804 4501 Spiritu
2839 4430 2931 4485 Dei
2959 4432 3080 4496 vivi;
3103 4447 3204 4486 non
3228 4431 3283 4485 in
3303 4433 3495 4502 tabulis
3515 4433 3740 4505 lapideis,

2147 4525 2237 4579 sed
2281 4526 2335 4604 in
2374 4525 2561 4578 tubulis
2605 4526 2775 4578 cordis
2817 4524 3200 4599 carnalibusﬂl
3227 4523 3346 4581 Cor.
3388 4543 3487 4596 ιιι,
3520 4526 3593 4600 3).
3626 4527 3745 4586 Post

448 4633 548 4690 ma.
569 4629 953 4700 consequentia
976 4625 1218 4698 exempla
1243 4629 1631 4695 proponerent,
1655 4621 1709 4684 in
1735 4619 1933 4690 quibus
1964 4620 2044 4674 lc-
2072 4621 2123 4681 D
2152 4617 2322 4688 legem
2356 4632 2385 4671 a
2419 4617 2601 4689 Moyse
2634 4614 2856 4673 fractam
2885 4625 2939 4678 et
2969 4632 3002 4672 a
3029 4616 3156 4672 ﬁliis
3185 4618 3349 4674 Israel
3383 4619 3626 4682 hostibus
3647 4619 3739 4674 de-

449 4729 614 4800 gitur,
658 4726 905 4782 innovata
938 4723 1022 4776 lex
1049 4736 1172 4774 cum
1204 4718 1492 4776 haberetur
1521 4717 1573 4772 in
1601 4731 1750 4781 arca,
1784 4725 1839 4770 et
1870 4730 2042 4784 popu-

451 4823 535 4876 lus
557 4816 724 4874 Israel
749 4816 800 4870 in
825 4812 1009 4884 praclio
1037 4814 1365 4866 vinceretur.
1398 4809 1504 4864 Lex
1533 4825 1654 4878 quae
1683 4807 1734 4861 in
1767 4823 1890 4863 arca
1913 4821 2046 4862 con-

452 4915 572 4971 silio
618 4909 936 4984 populorum
988 4904 1039 4959 in
1075 4903 1258 4958 hostes
1303 4903 1462 4956 allata
1507 4910 1612 4965 est,
1660 4914 1778 4970 quin
1817 4899 1885 4954 ab
1916 4899 2044 4969 ipsis

2154 4712 2419 4777 relictam,
2450 4720 2505 4766 et
2527 4710 2790 4769 offerente
2817 4711 3024 4768 Barucb
3065 4711 3135 4767 ad
3163 4712 3412 4767 Joaehim
3443 4728 3652 4783 regem,
3689 4721 3742 4767 et

2153 4806 2425 4861 concisam
2468 4818 2521 4861 et
2554 4808 2831 4863 incensam
2862 4817 2990 4864 ante
3024 4819 3262 4880 tempora
3293 4809 3617 4875 christiana,
3659 4808 3738 4862 ubi

2155 4907 2340 4970 postea
2378 4900 2568 4956 melius
2610 4900 2909 4973 scripturus
2938 4909 3075 4968 erat,
3115 4901 3292 4973 legem
3323 4901 3579 4958 indicavit
3611 4902 3740 4958 Deus

1778 5001 2033 5058 VARIOR
2043 5001 2138 5061 UM
2189 4999 2424 5057 ΝΟΤᾹΞ.

517 5105 643 5176 (40)
699 5104 834 5158 Data
861 5100 1106 5156 mercede.
1169 5095 1325 5166 Quod
1351 5096 1518 5152 scribi
1541 5107 1892 5222 curati/{33:82

451 5275 481 5344 ’ί
527 5271 646 5344 (tl)
698 5265 931 5344 Denique
977 5263 1183 5344 Moyses
1211 5271 1327 5344 post
1369 5260 1586 5344 tabulas.
1635 5272 1744 5344 .etc.
1805 5262 2043 5344 Scribo;

454 5333 687 5411 Denique
719 5333 920 5412 Moyses
945 5333 1285 5412 postjtabulas
1313 5349 1518 5402 sparsas
1549 5333 1672 5403 legis
1693 5344 1738 5388 et
1763 5335 2047 5412 comminu-

455 5427 532 5468 tas
561 5405 673 5476 cunt
698 5405 1085 5469 non'dmnnari,
1111 5415 1250 5470 ctc.;
1280 5420 1399 5458 mox
1427 5419 1658 5473 quoque,
1689 5405 1897 5472 prodiit,
1933 5405 2047 5473 lege

457 5487 706 5559 prodidit.
756 5481 825 5540 M.
855 5479 1086 5538 Casaun.

531 5602 646 5673 (ιε’.)
688 5599 795 5673 Lea;
837 5595 1042 5673 in_Deo
1080 5610 1206 5673 anno
1245 5592 1527 5673 fuituetc.
1587 5591 1659 5645 lta
1686 5589 2045 5673 leni-reximus

458 5661 577 5744 qua:
599 5661 752 5744 antea
782 5670 1094 5744 legebantur
1125 5686 1134 5716 :
1161 5661 1272 5744 Lee}
1295 5663 1349 5744 in
1382 5661 1644 5744 lien-rana
1678 5663 1805 5744 fuit,
1826 5673 1874 5744 et
1899 5673 2041 5742 post-

459 5730 610 5814 quam
636 5743 698 5796 ab
726 5730 1063 5814 bonumeam
1102 5734 1285 5792 tabulis
1315 5734 1532 5814 lapideis
1559 5735 1697 5802 facta
1733 5741 1806 5786 est
1841 5730 2040 5786 devotio

460 5805 560 5881 qua
589 5815 651 5867 ab
682 5813 884 5866 homine
908 5811 1201 5876 debebatur,
1229 5816 1334 5862 etc.
1390 5805 1457 5860 Μ.
1492 5805 1722 5861 Canus.

2223 5094 2345 5167 (4'5)
2387 5096 2488 5150 Aut
2536 5112 2702 5168 pinna.
2756 5095 2906 5153 Alios
2935 5095 3160 5153 Codices
3195 5100 3460 5170 poteratis
3491 5099 3730 5161 scribere.

3374 5173 3602 5230 ALBASP.

2229 5239 2342 5310 (44)
2386 5238 2539 5304 Quod
2570 5240 2624 5293 in
2654 5241 2920 5310 prrrceptis
2973 5243 3203 5307 exerttplo
3245 5245 3442 5312 potuit,
3495 5255 3595 5300 etc.
3642 5242 3735 5302 Pro

2155 5313 2419 5400 prarct’p‘lis
2438 5313 2610 5400 “malit
2651 5312 2843 5394 aliquis
2875 5312 3011 5400 fonte
3059 5315 3301 5397 prtrsenti
3330 5315 3410 5370 vel
3450 5313 3734 5400 pra'cedmti

2153 5383 2409 5460 exeritplo.
2438 5382 2543 5438 Sed
2571 5397 2670 5453 ego
2700 5385 2874 5452 potius
2903 5383 3010 5460 illis
3039 5386 3345 5460 assentior,
3375 5382 3465 5455 qui
3503 5396 3732 5460 pmcepta

2157 5454 2362 5508 labulas
2389 5470 2442 5518 χ,
2477 5465 2744 5525 prmcepta
2768 5457 3113 5512 Continenlcs
3139 5500 3153 5524 ,
3179 5454 3506 5585 intﬁlligunt.

3304 5571 3315 5582 .
3377 5547 3506 5585 .ASAI

3247 5527 3315 5582 M.
3345 5527 3570 5593 Casam.

2177 5665 2189 5676 _
2226 5596 2357 5678 Ibid.
2396 5595 2456 5649 In
2485 5600 2770 5678 prleceptis.
2821 5597 2876 5652 In
2907 5598 3140 5674 tabulis,
3169 5618 3290 5672 qum
3313 5612 3578 5678 Iprgeeepta
3606 5617 3725 5658 con-

2149 5670 2417 5722 tinebant.
2480 5674 2707 5725 ALBASP.
3121 5670 3124 5674 ’
3190 5670 3198 5672 ⁷
3313 5671 3316 5678 ’

2221 5738 2338 5807 (45)
2395 5741 2763 5797 (Ionmmnione
2788 5759 2900 5796 sua.
2951 5742 3080 5811 Quis
3132 5745 3391 5804 viiluissct
3443 5761 3533 5804 eos
3569 5743 3720 5813 δίψα

2149 5813 2313 5864 nere?
2372 5815 2597 5868 ALBASP.
