3974 6324
216 308 332 365 1101

947 302 1036 358 DE
1077 299 1465 360 SCHISMATE
1505 293 2048 367 DONATISTARUM
2106 292 2307 354 LIBER
2351 292 2708 354 SEPTIMUS.

3335 295 3479 364 “0‘2.

211 447 294 503 per
321 425 628 498 PrOpheiam
652 422 841 480 dicens
873 441 888 479 :
917 422 1173 489 Quoniam
1202 422 1298 479 hoc
1327 433 1398 480 est
1417 431 1770 480 testamentum
1796 419 1846 484 Α
1874 411 1954 483 9);
2003 413 2123 483 quia
2150 414 2496 482 unusquisque
2515 414 2688 484 iusius
2716 411 2824 484 ἱρεε
2850 409 2948 466 Sibi
2977 411 3062 467 (ex
3101 419 3176 472 est
3204 411 3382 486 (Rom.
3416 431 3476 470 ιι.

208 542 372 590 meum,
403 522 534 594 quod
563 520 832 591 disponam
861 520 1035 572 domui
1076 516 1242 574 Israel
1277 527 1323 572 et
1372 506 1548 574 domui
1585 515 1773 583 Judte,

207 629 248 671 rt
270 627 374 687 post
407 615 511 668 dies
551 614 666 670 illos
706 613 834 666 dicit
880 611 1131 670 Dominus
1161 611 1333 667 :dans
1365 612 1501 683 leges
1544 627 1682 665 meas
1721 611 1777 668 in

207 714 340 765 corde
366 725 535 765 eorum
555 719 600 764 et
627 709 680 762 in
715 708 965 763 mentibus
986 723 1163 763 eorum
1193 705 1412 761 scribam
1442 722 1529 760 eas
1551 703 1770 777 (larem.

209 819 350 867 sul,
382 803 490 868 iii).
525 800 776 857 Promisit.
808 801 908 854 hoc
945 798 1261 869 jamdudum
1302 805 1358 851 et
1388 796 1501 867 (46)
1532 797 1778 866 proxime

204 894 417 952 reddidit
463 893 797 964 temporibus
830 891 1175 948 Christianis.
1223 892 1366 962 Ergo
1391 890 1502 960 jam
1536 889 1777 947 secundo

205 989 307 1042 loco
332 995 411 1042 est
446 985 654 1050 charta,
683 985 924 1044 secundo
952 985 1071 1040 loco
1112 984 1467 1040 membranze.
1516 984 1572 1040 Si
1603 998 1634 1038 a
1663 983 1777 1038 Deo

207 1080 274 1142 les
289 1078 352 1134 ibi
377 1078 529 1150 109
539 1079 736 1147 scripta
751 1086 833 1132 est
852 1078 993 1133 unde
1010 1078 1146 1133 tradi
1168 1091 1272 1132 non
1302 1078 1490 1146 possit,
1507 1087 1562 1131 ut
1585 1090 1779 1146 paren-

204 1183 275 1232 tes
303 1172 458 1228 vestri
485 1172 590 1241 qui:
607 1172 718 1240 jam
759 1171 811 1226 in
845 1171 1106 1228 'l‘rinitate
1132 1171 1496 1234 crediderant.
1529 1171 1778 1242 quamvis

205 1265 348 1322 libros
378 1263 726 1330 tradiderint,
760 1280 860 1320 nec
879 1263 1046 1326 corda
1078 1280 1177 1321 nec
1217 1274 1426 1322 mentes
1458 1264 1778 1320 tradiderint

202 1371 310 1416 suas
336 1357 387 1410 in
425 1355 618 1426 quibus
651 1356 793 1416 Deus
839 1357 1012 1425 legem
1043 1371 1194 1412 suam
1225 1356 1466 1426 scripsit,
1509 1355 1671 1416 sicuti
1717 1371 1780 1412 se

201 1449 500 1518 scripturum
552 1461 675 1512 esse
726 1448 1066 1518 promiserat.
1118 1447 1219 1506 Ubi
1281 1458 1367 1504 est
1407 1463 1561 1518 ergo,
1607 1449 1778 1503 frater

203 1542 548 1612 Parmeniane,
577 1541 723 1612 quod
754 1539 939 1609 dixisti
965 1542 1184 1612 penitus
1212 1550 1458 1597 exustam
1489 1557 1519 1596 a
1554 1542 1778 1597 tradito-

201 1634 330 1692 ribus
349 1634 550 1704 legem?
582 1648 710 1692 ecce
734 1648 835 1698 nec
860 1634 1075 1704 penitus
1097 1643 1285 1690 exusta
1317 1644 1420 1700 est,
1448 1649 1548 1689 nec
1570 1649 1635 1690 ex
1666 1642 1780 1688 toto

201 1728 407 1792 sublata,
437 1727 569 1790 dum
618 1737 673 1786 et
714 1728 768 1784 in
813 1726 1072 1784 cordibus
1101 1727 1438 1796 credentium
1480 1735 1680 1791 manet,
1723 1735 1781 1784 et

1881 504 1948 560 14
1977 514 2023 559 et
2059 505 2170 576 15);
2201 517 2253 559 et
2281 507 2387 561 alio
2425 505 2544 562 loco
2576 505 2718 562 idem
2752 505 2943 561 beatus
2963 506 3243 576 apostolus
3277 506 3477 562 Paulus

1879 599 2048 655 dicit:
2086 601 2206 668 quia
2244 601 2327 655 lca:
2368 617 2468 654 non
2497 601 2622 671 facit
2638 603 2835 673 justas,
2867 600 2957 654 sed
2985 601 3101 670 ipsa
3142 610 3282 654 autat
3313 601 3478 673 justi-

1880 694 2021 750 tiam.
2053 691 2283 762 Semper
2327 693 2380 747 in
2411 693 2660 748 omnibus
2703 693 2864 748 rebus
2889 692 3255 750 efﬁcientibus
3282 691 3477 749 eﬁ‘ecta

1879 796 2195 856 quaeruntur
2220 801 2232 837 :
2262 793 2414 840 vacat
2441 785 2525 839 lex
2553 799 2672 854 quae
2692 785 2874 850 ellicit,
2907 786 2951 841 si
2981 800 3076 857 per
3094 785 3477 856 compendium

1883 887 2126 950 paratum
2175 890 2258 934 est
2293 878 2438 950 quod
2491 878 2744 934 efﬁcitur.
2808 879 3049 950 Denique
3078 878 3312 936 Abrahae
3366 895 3477 935 non

1879 972 2085 1030 dictum
2127 981 2212 1029 est
2246 989 2258 1026 :
2301 975 2470 1038 crede,
2504 971 2603 1028 sed
2633 973 2770 1028 ultro
2821 973 3080 1028 credidit:
3123 974 3176 1028 in
3207 989 3315 1045 quo
3360 973 3480 1029 sine

1881 1065 2019 1136 lege,
2052 1066 2188 1135 legis
2215 1067 2440 1122 allectus
2462 1066 2717 1137 impletus
2747 1075 2832 1122 est
2864 1083 2877 1119 :
2911 1083 3018 1120 non
3048 1067 3280 1137 legitur:
3321 1067 3474 1122 audi-

1879 1160 1948 1214 vit
1975 1159 2237 1214 Abraham
2276 1161 2435 1231 legem
2465 1170 2513 1216 et
2553 1160 2791 1226 credidit,
2840 1159 2935 1215 sed
2965 1160 3158 1230 legitur
3192 1178 3204 1214 :
3261 1161 3479 1216 credidit

1879 1252 2137 1307 Abraham
2165 1251 2276 1310 Deo
2299 1264 2345 1308 et
2372 1264 2663 1323 reputatum
2693 1262 2766 1308 est
2797 1254 2875 1308 illi
2909 1255 2976 1308 ad
2991 1255 3252 1327 justitiam
3285 1255 3474 1327 (Rom.

1880 1344 2058 1417 1ν,5).
2111 1346 2178 1402 Et
2227 1347 2416 1418 primis
2470 1348 2805 1420 temporibus
2842 1346 2954 1404 Noe
2986 1347 3302 1404 Patriarcha
3345 1349 3482 1406 nihil

1879 1441 1992 1510 egit
2040 1440 2185 1498 unde
2225 1441 2404 1510 justus
2447 1441 2620 1507 ﬁeret,
2657 1450 2710 1496 et
2752 1441 2932 1512 justus
2980 1441 3185 1498 electus
3227 1451 3332 1508 est,
3388 1441 3480 1512 qui

1881 1533 2138 1592 fabricata
2169 1551 2296 1592 arca
2322 1535 2553 1592 feliciter
2584 1538 2636 1592 in
2658 1535 2865 1592 diluvio
2894 1539 3190 1608 navigaret.
3233 1537 3477 1608 Longum

1879 1638 1964 1684 est
1994 1629 2072 1686 ire
2101 1645 2196 1702 per
2229 1631 2471 1704 singulos
2514 1630 2604 1702 qui
2636 1631 2756 1686 sine
2787 1631 2904 1704 lege
2933 1632 3141 1688 inventi
3169 1642 3295 1687 sunt
3319 1633 3471 1703 justi.

1881 1720 2009 1776 Haec
2029 1723 2071 1788 si
2101 1738 2132 1778 a
2166 1724 2356 1780 vestris
2387 1724 2700 1795 parentibus
2743 1739 2842 1780 suo
2874 1737 3116 1795 tempore
3146 1726 3478 1792 dicerentur,
3535 1759 3540 1762 -

202 1821 435 1880 librorum
457 1822 627 1880 millia
651 1821 851 1892 ubique
874 1822 1172 1878 recitantur
1199 1839 1213 1876 :
1239 1819 1356 1892 (47)
1384 1820 1530 1876 unde
1554 1827 1780 1890 apparet
1807 1820 1857 1882 B
1885 1815 2006 1884 quis
2035 1832 2130 1872 eos
2149 1834 2179 1871 a
2209 1818 2596 1874 communione
2621 1833 2716 1874 sua
2745 1817 3075 1890 repelleret?
3105 1819 3234 1890 quid
3255 1820 3302 1875 si
3332 1819 3481 1876 dice-

201 1924 502 1986 teparentes
529 1925 672 1980 tuos,
705 1914 955 1987 quamvis
999 1929 1094 1984 per
1132 1913 1514 1984 ignorantiam,
1569 1911 1775 1970 frustra

199 2022 424 2062 accusare
448 2007 706 2062 voluisse.
736 2006 901 2077 Igitur
951 2007 996 2060 si
1028 2015 1283 2076 parentes
1316 2006 1480 2062 vestri
1523 2007 1589 2059 ad
1633 2014 1773 2062 tem-

201 2117 311 2172 pora
337 2101 556 2158 unitatis
582 2108 932 2157 occurrerent
976 2107 1056 2156 tot
1077 2100 1343 2172 exemplis
1380 2099 1775 2156 rationabiliter

199 2194 417 2256 redditis,
446 2202 502 2249 et
538 2194 642 2264 ipsi
671 2209 700 2248 a
742 2193 1120 2258 communione
1168 2191 1358 2262 repelli
1399 2207 1510 2248 non
1549 2200 1776 2263 possent

199 2285 388 2355 quando
411 2301 502 2342 vos
524 2301 664 2356 quos
693 2295 900 2348 constat
929 2285 1216 2341 traditores
1244 2300 1349 2340 non
1391 2300 1534 2350 esse,
1576 2283 1672 2340 sed
1713 2285 1775 2339 ﬁ-

201 2382 284 2434 lios
312 2380 644 2446 traditurum,
674 2395 799 2436 cum
830 2388 1040 2449 patrum
1079 2388 1133 2434 et
1177 2379 1410 2434 ﬁliorum
1436 2388 1491 2436 et
1527 2391 1774 2446 persona:

197 2472 545 2530 discernantur
571 2484 624 2534 et
666 2473 905 2538 nomina,
955 2472 1092 2528 inter
1119 2487 1256 2543 quas
1284 2485 1540 2542 personas
1569 2469 1616 2526 si
1667 2486 1776 2526 non

198 2568 255 2627 sit
281 2569 575 2624 communis
621 2567 822 2638 culpa,
854 2582 960 2622 non
996 2577 1174 2636 potest
1224 2581 1330 2622 una
1380 2580 1503 2622 esse
1553 2575 1773 2622 senten-

200 2661 275 2718 tia.
318 2661 425 2734 (i8)
472 2662 810 2734 Quamquam
863 2671 917 2718 et
959 2661 1006 2716 si
1049 2661 1268 2716 illorum
1295 2661 1470 2714 unitas
1497 2660 1664 2726 ﬁeret,
1703 2658 1774 2715 ad

198 2754 460 2810 Ecclesiam
491 2755 816 2810 catholicam
841 2765 1034 2822 Sponte
1061 2752 1324 2808 venirent.
1358 2753 1553 2808 Cretera
1580 2752 1773 2808 haben-

198 2857 265 2902 tur
293 2850 341 2904 in
368 2859 539 2906 nostra
581 2850 803 2907 editione
834 2849 1156 2920 (Dupiniana
1187 2847 1438 2919 scilicet),
1491 2865 1608 2919 pag.
1647 2847 1768 2902 100.

259 2941 371 2997 Post
399 2943 506 3000 haec
531 2943 687 3006 verba
718 2961 836 3016 pag.
859 2941 960 3004 100
989 2957 1158 2996 uersus
1189 2939 1448 2994 medium:
1472 2958 1490 2991 ι
1511 2939 1566 2995 Si
1593 2938 1719 3009 quid
1741 2954 1771 2992 a

197 3035 306 3094 ﬁliis
331 3038 552 3094 forsitan
589 3037 954 3109 delinquatur,
987 3055 1006 3090 ι
1035 3035 1298 3104 sequentia
1329 3025 1615 3088 habentur:
1635 3033 1770 3089 Cum

196 3143 237 3182 et
265 3131 588 3202 temporibus
605 3131 773 3202 Moysi
789 3129 906 3184 sine
929 3128 1244 3198 cujusquam
1270 3140 1434 3197 paena
1457 3125 1541 3180 lex
1574 3127 1765 3180 iterata

1883 1917 2004 1963 rent
2060 1924 2168 1964 non
2200 1909 2403 1965 debere
2443 1909 2661 1968 silentio
2701 1911 2966 1981 praeteriri
3007 1911 3151 1981 quod
3186 1912 3481 1982 Apostolus

1878 1999 1950 2058 de
1976 2002 2394 2073 extralcgalibus
2425 2005 2500 2058 ait
2525 2021 2538 2057 :
2574 2003 2761 2059 Gentes
2789 2020 2903 2073 qua:
2933 2005 3094 2076 legem
3133 2006 3390 2073 nesciunt,
3420 2023 3482 2061 ea

1878 2110 1993 2164 qua:
2014 2095 2142 2166 legis
2171 2106 2310 2162 sinit,
2336 2096 2534 2168 faciunt
2558 2114 2577 2151 :
2600 2097 2786 2152 habent
2808 2099 2946 2152 enim
2967 2099 3127 2170 legem
3152 2101 3397 2169 scriptam
3428 2103 3482 2156 in

1881 2188 2120 2244 cordibus
2167 2190 2300 2246 suis.
2346 2188 2482 2252 Nam
2532 2200 2588 2247 et
2614 2190 2773 2246 multi
2800 2191 3096 2262 probantur
3124 2192 3178 2248 in
3201 2193 3319 2264 lege
3359 2210 3483 2264 pec—

1880 2296 2056 2348 casse,
2079 2292 2137 2338 et
2162 2284 2315 2340 multi
2348 2284 2488 2344 bene
2512 2285 2632 2342 sine
2663 2284 2780 2357 lege
2800 2285 3020 2342 vixisse.
3054 2284 3166 2341 Lex
3212 2295 3268 2341 et
3313 2285 3477 2344 homo

1879 2374 2004 2432 duae
2019 2390 2109 2431 res
2135 2386 2282 2444 sunt,
2313 2378 2410 2434 sed
2439 2393 2594 2448 pares
2618 2393 2741 2436 esse
2765 2395 2871 2434 non
2898 2391 3125 2451 possunt
3157 2398 3171 2434 :
3203 2397 3310 2437 non
3339 2385 3481 2440 enim

1881 2467 2044 2526 bomo
2083 2471 2254 2526 lactus
2307 2481 2392 2526 est
2428 2481 2651 2542 propter
2685 2473 2898 2544 legem,
2932 2473 3026 2528 sed
3081 2474 3169 2530 lex
3228 2475 3350 2531 data
3400 2488 3484 2534 est

1881 2572 2102 2633 propter
2141 2563 2411 2620 homines.
2457 2564 2732 2636 Nusquam
2767 2565 2929 2622 video
2972 2565 3228 2624 damnum
3271 2568 3482 2622 illatum

1881 2655 2014 2722 Deo,
2045 2655 2174 2714 dum
2214 2665 2272 2714 et
2298 2658 2450 2732 origo
2478 2657 2613 2729 legis
2645 2659 2787 2730 apud
2830 2674 2956 2718 eum
2982 2669 3163 2717 manet
3193 2677 3206 2714 :
3252 2669 3309 2716 et
3334 2670 3485 2732 post-

1879 2764 2040 2820 quam
2079 2749 2343 2819 scriptura
2377 2750 2570 2806 vestris
2601 2753 2913 2822 parentibus
2940 2755 3142 2809 tradita
3189 2769 3312 2810 esse
3343 2756 3478 2811 dici-

1882 2851 1989 2905 tur,
2024 2841 2158 2896 nihil
2179 2842 2354 2909 deest,
2383 2843 2562 2898 omnia
2586 2845 2829 2905 membra
2855 2846 2991 2918 legis
3011 2862 3142 2902 sana
3171 2849 3482 2913 sunt,salva

1878 2944 2022 3000 sunt,
2061 2936 2397 2992 recitantur:
2429 2937 2559 2992 nihil
2585 2940 2762 2994 minus
2806 2949 2889 2996 est
2917 2940 2987 2997 de
3015 2941 3134 3012 lege
3159 2948 3214 2998 et
3251 2941 3474 3012 docere,

1878 3037 1933 3082 et
1957 3027 2144 3084 doceri
2171 3030 2536 3099 cupientibus.
2579 3031 2661 3087 An
2686 3032 2820 3088 illud
2849 3043 2969 3090 erat
3008 3036 3179 3106 magis
3223 3051 3480 3095 necessa-

1880 3119 2020 3174 rium
2047 3130 2104 3175 ut
2123 3122 2465 3179 occideretur
2494 3125 2677 3190 homo,
2703 3141 2773 3182 ne
2801 3128 3069 3198 scriptura
3099 3130 3278 3203 aliqua
3305 3131 3488 3188 trade-

194 3225 328 3292 sit,et
351 3242 468 3283 arca
497 3227 836 3284 Testamenti
860 3225 928 3280 ab
956 3224 1200 3280 hostibus
1223 3225 1366 3280 ultro
1381 3224 1448 3278 sit
1472 3222 1773 3286 reddita,ct
1799 3216 1846 3280 C
1879 3214 2071 3269 retur?
2101 3215 2229 3286 quid
2259 3218 2402 3288 quod
2435 3233 2536 3274 nec
2575 3217 2823 3275 homines
2850 3222 3015 3278 occisi
3039 3234 3184 3292 sunt.
3206 3235 3260 3280 et
3290 3240 3484 3282 omnes

195 3320 253 3375 ab
273 3320 492 3377 Jercmia
519 3323 636 3377 Deo
665 3321 1014 3391 prrecipiente
1043 3319 1228 3375 charta
1259 3319 1329 3373 sit
1347 3319 1518 3372 altera
1547 3318 1767 3386 scripta:

196 3427 340 3478 quare
367 3423 587 3484 putatur
637 3411 778 3481 apud
829 3412 1064 3480 majores
1104 3419 1313 3466 vestros
1355 3409 1502 3464 solos
1541 3409 1772 3478 capitale

197 3503 338 3560 fuisse
369 3514 674 3576 peccatum,
707 3505 757 3558 in
789 3519 896 3574 quo
928 3519 1022 3572 per
1051 3511 1127 3556 tot
1152 3501 1401 3571 exempla
1432 3515 1590 3555 nemo
1617 3499 1771 3554 dam-

196 3600 456 3655 natusest‘l
481 3598 623 3656 Nam
643 3598 688 3653 si
715 3597 798 3654 lex
830 3596 955 3653 ideo
980 3595 1106 3654 data
1131 3605 1238 3659 est,
1266 3593 1589 3649 utbomines
1610 3591 1772 3647 doce-

194 3701 376 3755 rentur,
402 3708 508 3748 non
531 3702 595 3748 ut
622 3694 734 3761 ipsa
765 3693 848 3745 lex
873 3690 1023 3759 quasi
1055 3704 1154 3760 pro
1187 3688 1296 3741 Deo
1315 3687 1608 3748 coleretur,
1643 3692 1767 3754 post

195 3780 370 3840 factum
393 3796 608 3856 patrum
636 3794 939 3838 vestrorum
977 3781 1186 3836 nullum
1217 3781 1471 3835 damnum
1501 3791 1661 3847 passa
1689 3783 1772 3832 est

195 3877 328 3930 turba
371 3877 748 3942 credentium;
799 3875 1170 3946 unusquisque
1226 3888 1418 3930 eorum
1467 3871 1567 3926 sub
1623 3879 1768 3930 metu

191 3968 382 4026 codices
410 3985 541 4025 suos
563 3968 818 4040 perdidit.
850 3967 980 4022 Nam
1016 3968 1097 4023 lex
1146 3985 1266 4036 «pne
1317 3965 1624 4022 necessaria
1655 3962 1770 4020 fue-

195 4072 286 4129 rat,
313 4065 448 4120 valet
470 4063 616 4136 apud
643 4063 896 4120 doctores
927 4063 1247 4133 populorum
1298 4071 1352 4115 et
1387 4061 1628 4116 cultores
1652 4059 1767 4114 Dei.

191 4153 516 4217 Bibliotheca:
541 4157 760 4215 refertas
785 4167 914 4214 sunt
944 4157 1118 4222 libris;
1141 4157 1276 4212 nihil
1297 4156 1453 4213 deest
1480 4154 1766 4219 Ecclesia};

193 4262 277 4316 per
294 4249 406 4310 loca
442 4253 660 4324 singula
696 4251 932 4307 divinum
969 4259 1127 4306 sonat
1155 4251 1351 4320 ubique
1397 4249 1766 4319 praeconium;

190 4356 286 4402 non
319 4346 476 4405 silent
505 4362 604 4402 ora
639 4347 926 4410 lectorum;
960 4359 1154 4400 manus
1198 4344 1440 4400 omnium
1493 4343 1772 4398 codicibus

191 4437 352 4502 plenae
371 4453 530 4506 sunt;
567 4441 702 4496 nihil
735 4439 894 4496 deest
938 4438 1150 4510 populis
1178 4437 1364 4498 doceri
1403 4437 1768 4504 cupientibus,

188 4533 411 4598 quamvis
440 4534 530 4592 lex
557 4550 666 4588 non
689 4532 862 4603 magis
880 4549 976 4602 pro
998 4531 1246 4588 doctrina
1273 4545 1434 4600 quam
1460 4544 1561 4600 pro
1590 4529 1770 4584 tuturo

1878 3309 2161 3377 scriptura:
2191 3326 2296 3366 non
2325 3312 2556 3368 desunt?
2588 3329 2693 3370 non
2724 3323 2811 3370 est
2833 3331 2996 3372 unum
3028 3316 3115 3373 lex
3145 3327 3201 3376 et
3233 3319 3395 3376 Deus.
3423 3319 3484 3376 Si

1877 3415 1975 3470 pro
2001 3402 2116 3457 Deo
2143 3403 2485 3460 moriendum
2533 3404 2727 3473 fuerat,
2757 3407 2850 3477 qui
2878 3415 2936 3462 et
2962 3410 3288 3465 resuscitare
3329 3427 3482 3466 mor-

1879 3506 2019 3558 tuos.
2062 3506 2117 3552 et
2144 3497 2373 3554 reddere
2403 3501 2682 3568 praemium
2717 3511 2914 3570 potest,
2948 3503 3081 3558 liber
3109 3519 3216 3559 non
3249 3505 3477 3562 traditus

1874 3587 1942 3646 de
1967 3589 2180 3648 duobus
2205 3591 2289 3648 his
2316 3607 2416 3650 nec
2435 3593 2664 3648 alterum
2694 3604 2890 3665 potest.
2919 3597 3035 3669 (49)
3054 3597 3282 3669 Impedit
3310 3601 3476 3672 igitur

1876 3691 2174 3746 necessitas
2201 3691 2340 3746 vires
2381 3707 2526 3747 suas.
2556 3691 2673 3748 Non
2700 3693 2877 3748 minus
2905 3693 3155 3751 videmus
3185 3698 3473 3769 negligen-

1878 3782 2006 3837 tiam
2030 3783 2340 3854 frequenter
2360 3787 2600 3856 operari,
2624 3803 2786 3856 quam
2809 3789 3116 3844 necessitas
3132 3801 3352 3860 operata
3371 3802 3474 3848 est.

1875 3874 2014 3936 Nam
2059 3877 2102 3932 si
2137 3880 2468 3934 membrana:
2499 3888 2594 3934 aut
2635 3879 2783 3948 libri,
2811 3882 3010 3952 quibus
3048 3883 3322 3954 scriptura
3349 3885 3478 3956 legi-

1876 3971 2005 4024 tima
2048 3974 2381 4040 continetur,
2433 3973 2485 4027 in
2543 3982 2710 4028 totmn
2766 3975 2966 4031 debent
3019 3977 3188 4032 illaesa
3243 3983 3473 4046 servari,

1875 4063 2027 4133 quasi
2069 4079 2175 4117 non
2231 4063 2557 4121 damnantur
2610 4067 2775 4136 aliqui
2827 4069 3192 4140 negligentes;
3228 4087 3333 4126 non
3390 4084 3474 4128 est

1876 4155 2036 4226 longe
2059 4158 2274 4213 tradere
2305 4173 2336 4212 a
2368 4160 2508 4214 male
2541 4175 2767 4230 ponere,
2811 4173 2904 4216 aut
2955 4163 3100 4219 male
3130 4163 3310 4221 ferre:
3337 4166 3477 4222 alter

1877 4249 1932 4303 in
1962 4250 2124 4306 domo
2149 4251 2344 4307 librum
2369 4254 2572 4322 posuit,
2603 4270 2724 4326 qua:
2761 4255 2956 4312 domus
2985 4259 3234 4315 incendio
3257 4277 3476 4318 concrc-

1876 4357 2022 4401 mata
2051 4358 2140 4403 est
2163 4367 2177 4403 :
2203 4348 2489 4404 damnetur
2524 4353 2615 4421 qui
2648 4353 2988 4424 negligenter
3031 4356 3227 4425 posuit,
3255 4359 3298 4412 si
3326 4359 3478 4413 dam-

1877 4439 2088 4494 nandus
2117 4449 2204 4496 est
2251 4443 2340 4508 qui
2375 4443 2763 4512 postulandum
2799 4444 2992 4500 librum
3025 4448 3248 4503 territus
3276 4449 3425 4505 dedit
3461 4469 3474 4505 :

1877 4530 2204 4587 damnentur
2232 4533 2397 4588 etiam
2428 4533 2504 4589 illi
2560 4535 2651 4604 qui
2704 4535 2980 4606 neglectas
3012 4539 3355 4595 membranas
3387 4550 3482 4598 aut

395 4628 600 4698 scripta
636 4641 759 4684 esse
782 4625 1050 4691 videatur,
1081 4635 1146 4681 ut
1171 4624 1310 4682 sciat
1341 4636 1610 4692 peccator,
1640 4621 1772 4690 quid
1799 4619 1852 4681 D
1876 4625 2044 4682 libros
2069 4625 2142 4681 ita
2170 4637 2488 4696 posuerunt,
2514 4636 2574 4682 ut
2599 4643 2695 4682 eos
2721 4628 3037 4685 domestica:
3069 4630 3336 4698 bestiolae,
3372 4635 3476 4689 hoc

189 4717 280 4782 pati
304 4720 489 4788 possit,
523 4720 570 4776 si
604 4719 783 4774 minus
802 4719 946 4788 juste
976 4717 1191 4773 vixerit.
1229 4717 1478 4788 Denique
1505 4715 1771 4786 scriptum

187 4819 258 4862 est
283 4822 339 4866 et
355 4811 553 4885 legitur
579 4831 592 4869 :
621 4813 760 4884 quod
786 4814 938 4880 iustis
966 4812 1050 4867 lea:
1069 4812 1193 4866 data
1220 4829 1321 4866 non
1352 4813 1417 4866 sit
1446 4810 1520 4883 (Ι.
1555 4811 1696 4865 Tim.
1733 4827 1773 4879 ι,

1882 4727 1985 4787 est,
2019 4733 2201 4774 mures
2226 4720 2294 4773 ita
2325 4721 2678 4783 corroserint,
2708 4722 2884 4791 utlegi
2912 4737 3019 4778 non
3049 4728 3295 4794 possint:
3322 4726 3476 4781 dam-

1883 4820 2040 4868 netur
2066 4819 2122 4866 et
2148 4811 2238 4866 ille
2268 4811 2360 4882 qui
2384 4812 2454 4866 ita
2487 4812 2542 4867 in
2567 4810 2736 4869 domo
2761 4814 2942 4884 posuit
2971 4825 3028 4871 ut
3059 4816 3340 4873 nimietate
3361 4818 3478 4887 plu-

1555 4948 1915 5005 VARIORUM
1954 4949 2182 5006 ΝΟΤΕ.

250 5045 360 5117 (46)
413 5047 662 5106 Proxime
705 5047 951 5102 reddidit.
1013 5045 1138 5101 Haec
1191 5052 1250 5100 et
1299 5061 1418 5116 quae
1469 5054 1768 5114 sequuntur

187 5114 396 5184 innuere
419 5122 696 5182 videntur,
738 5122 855 5184 sine
887 5119 1196 5187 Scriptura,
1226 5114 1346 5189 qua:
1391 5117 1545 5171 nobis
1571 5117 1768 5172 tradita

185 5200 326 5262 sunt,
352 5193 603 5247 sufﬁcere
630 5208 811 5262 posse.
875 5190 1102 5245 ALBASP.

249 5260 360 5330 (47)
401 5264 550 5319 Unde
577 5258 790 5334 apparet
817 5273 863 5316 te
888 5272 1120 5335 parentes
1145 5269 1280 5326 tuos,
1301 5270 1410 5335 etc.
1447 5258 1558 5315 Nisi
1611 5259 1776 5330 Opta-

189 5338 287 5386 tum
319 5337 586 5392 interdum
631 5351 815 5404 parum
841 5333 1000 5389 caute
1031 5334 1186 5404 loqui
1209 5342 1264 5386 et
1292 5333 1400 5404 alia
1423 5341 1771 5404 testarentur,

187 5405 257 5456 vel
284 5420 346 5459 eo
382 5401 724 5473 potissimum
760 5407 978 5460 nomine
1007 5401 1426 5473 abjudicandum
1457 5402 1524 5458 ab
1558 5402 1650 5457 illo
1680 5420 1775 5468 pu-

186 5475 327 5530 tarim
373 5479 660 5550 septimum
721 5476 861 5550 hunc
914 5477 1127 5550 librum.
1165 5476 1360 5550 Parum
1404 5475 1548 5550 enim
1591 5474 1763 5550 solida

185 5554 259 5617 est
286 5556 392 5604 tota
442 5546 562 5604 llaec
611 5549 922 5616 disputatio,
962 5548 1065 5603 nisi
1105 5546 1392 5608 commoda
1439 5556 1493 5601 et
1535 5546 1764 5617 benigna

186 5615 618 5682 interpretatione
651 5615 1001 5676 leniatur.lil.
1035 5619 1264 5674 CASAUB.

251 5687 360 5762 (48)
391 5693 735 5761 Quamquam.
773 5692 978 5748 Sensus
1029 5701 1147 5746 est:
1181 5691 1281 5745 ctsi
1321 5691 1561 5762 majores
1601 5689 1766 5744 vestri

188 5761 394 5829 propter
446 5766 542 5816 has
586 5766 824 5820 rationes
859 5779 892 5818 a
947 5763 1330 5818 communione
1378 5777 1484 5818 non
1539 5761 1770 5817 fuissent

188 5833 488 5895 revocandi.
519 5843 694 5894 tatnen
726 5835 848 5907 quia
897 5842 1210 5906 peccaram,
1249 5849 1370 5894 eam
1426 5849 1668 5905 quaerere
1715 5844 1770 5892 et

1875 5044 2119 5115 ﬂagitare
2148 5044 2450 5110 debebant;
2483 5063 2578 5103 vos
2608 5062 2736 5103 vero
2768 5048 2916 5103 ultro
2956 5048 3022 5110 ad
3054 5049 3315 5116 unitatem
3344 5055 3478 5110 estis

1875 5115 2158 5180 invitandi,
2193 5119 2316 5187 quia
2349 5117 2482 5173 nihil
2514 5121 2794 5188 peccastis.
2829 5120 3061 5186 Annus».

1951 5189 2082 5242 Ibid.
2116 5188 2439 5259 Quamquam
2458 5193 2551 5244 etsi
2580 5191 2791 5245 illorum
2821 5195 2992 5246 unitas
3015 5195 3176 5261 ﬁeret,
3207 5204 3309 5249 etc.
3330 5197 3478 5252 Scri-

1877 5261 1988 5320 bo;
2024 5261 2346 5334 Quamquam
2377 5264 2472 5315 etsi
2497 5264 2703 5317 illorum
2735 5264 2905 5318 unitas
2933 5265 3094 5334 ﬁeret,
3121 5273 3167 5318 et
3194 5268 3262 5318 ad
3293 5266 3474 5323 Eccle-

1877 5334 2008 5386 siam
2036 5331 2354 5386 Catholicam
2381 5345 2560 5398 sponte
2588 5335 2831 5397 renirent,
2863 5331 2967 5389 etc.
2999 5336 3067 5389 Μ.
3099 5337 3324 5391 (Insano.

1955 5403 2069 5476 (49)
2102 5404 2331 5470 Impedit
2370 5405 2529 5475 igitur
2573 5407 2842 5460 necessitas
2889 5410 3018 5461 vires
3065 5424 3203 5461 suas.
3238 5408 3468 5464 Scribe:

1872 5473 2129 5546 Impendit
2159 5476 2338 5546 igitur,
2386 5473 2516 5541 etc.,
2542 5477 2593 5531 id
2624 5487 2725 5544 est,
2759 5477 2900 5547 quod
2949 5487 3001 5530 et
3031 5493 3154 5532 mox
3206 5485 3470 5550 sequitur,

1871 5551 2144 5603 necessitas
2172 5559 2386 5615 onerata
2415 5560 2510 5608 est.
2540 5551 2805 5618 sequitur,
2834 5549 2984 5619 quasi
3027 5565 3130 5604 non
3162 5549 3474 5606 damnantur

1870 5620 2030 5694 aliqui
2053 5621 2381 5691 negligentes.
2415 5620 2622 5694 Scribe,
2651 5636 2809 5690 quare
2837 5637 2937 5694 non
2975 5620 3286 5694 damnantur
3311 5625 3473 5694 aliqui

1872 5690 2219 5762 negligentes?
2268 5708 2370 5745 non
2417 5702 2487 5746 est
2533 5691 2703 5761 longe,
2752 5700 2855 5744 etc.
2906 5690 3014 5745 Sed
3063 5693 3326 5761 ejusmodi
3363 5690 3470 5750 non

1873 5777 2042 5833 pauca
2088 5763 2472 5833 sequebantur,
2506 5778 2626 5835 quinf
2674 5778 2740 5835 tre
2779 5763 3080 5831 putidiores
3121 5779 3388 5835 essemus,
3417 5767 3472 5824 in

1875 5832 1994 5905 ipso
2025 5832 2180 5892 textu
2196 5835 2556 5891 correximus.
2583 5833 2651 5889 Μ.
2676 5832 2906 5893 Csswn.
