3974 6324
475 331 615 389 1103

1688 315 2198 378 I’RIEFATIONES
2236 314 2561 375 BALDUINI

3600 309 3758 368 'llM

470 447 677 499 viarum
705 443 862 516 ιιο
889 440 965 496 sic
993 449 1128 497 tecta
1162 440 1341 510 aliqua
1389 437 1660 494 stillicidia
1703 438 2064 508 deliquarent,
2097 441 2146 499 Α
2175 451 2498 506 quemquam
2553 433 2800 489 Judaaum
2849 441 2933 489 est
2976 432 3081 488 ulla
3113 431 3258 487 dicta
3302 428 3595 495 sententia,
3643 430 3759 496 quia

473 547 535 592 ut
560 538 739 591 omnia
787 538 1014 589 humore
1053 534 1338 589 obliterata
1366 533 1471 602 legi
1504 547 1608 588 non
1644 531 1886 602 possint:
1920 529 2074 584 dam-

471 638 669 684 nentur
694 637 744 682 et
794 627 867 682 illi
910 627 1000 697 qui
1049 625 1290 682 ferentes
1320 625 1486 679 libros
1519 625 1651 694 legis
1688 621 1964 678 temerarii
2015 635 2075 674 sc

471 723 758 794 rapacibus
809 721 970 776 undis
1027 721 1307 775 [luminum
1341 718 1709 780 crediderunt,
1745 727 1800 771 et
1851 731 1910 770 se
1939 713 2076 768 libe-

472 817 581 872 rari
622 816 905 886 cupientes
955 815 1253 885 scripturas
1304 815 1356 868 in
1415 812 1572 867 undis
1605 812 1774 867 csuis
1828 808 2074 863 manibus

471 907 811 964 dimiserunt.
847 908 992 978 Ergo
1044 909 1088 961 si
1133 908 1396 976 scriptura
1425 921 1527 960 una
1585 915 1688 971 est,
1719 912 1775 958 et
1807 903 1944 956 hanc
1982 901 2074 970 qui

468 1019 688 1058 servare
719 1019 829 1057 non
855 1003 1030 1074 potuit
1062 1016 1189 1057 reus
1211 1010 1315 1066 est;
1342 1001 1479 1055 alter
1502 997 1913 1062 undistradidit,
1937 996 2076 1051 alter

465 1097 750 1152 rosoribus
782 1095 969 1152 bestiis
991 1095 1301 1166 dereliquit,
1334 1095 1472 1149 alius
1515 1092 1792 1148 stillicidio
1820 1107 2073 1147 corrum-

467 1189 644 1259 penda
676 1188 947 1258 neglexit,
972 1187 1110 1243 alter
1135 1196 1281 1242 metu
1329 1186 1519 1241 mortis
1543 1185 1766 1240 territus
1788 1183 1950 1238 homo
1978 1182 2076 1238 ho-

471 1282 604 1337 mini
630 1281 779 1336 dedit
810 1301 823 1335 :
856 1282 901 1336 si
935 1298 1100 1336 mmm
1147 1290 1248 1346 est,
1281 1279 1422 1348 quod
1460 1280 1528 1334 ab
1555 1278 1805 1334 omnibus
1834 1276 2074 1330 admitti-

470 1383 581 1441 tur,
609 1392 777 1448 quare
825 1376 1062 1447 eligitur,
1096 1376 1186 1445 qui
1211 1374 1522 1440 damnetur,
1550 1389 1672 1427 cum
1721 1371 1890 1426 levior
1919 1371 2073 1440 culpa

469 1467 544 1523 sit
575 1469 850 1524 traditoris
889 1484 1048 1536 quam
1078 1468 1398 1540 negligentis
1429 1484 1442 1522 :
1474 1467 1565 1537 qui
1597 1475 1722 1521 ante
1761 1480 1943 1520 mures
1971 1478 2072 1534 po-

477 1563 588 1618 suit
615 1573 711 1618 aut
750 1561 851 1617 sub
881 1561 1156 1616 stillicidio
1189 1561 1439 1631 reliquit,
1468 1561 1744 1614 voluntate
1798 1559 2073 1628 negligens

467 1657 592 1722 fuit;
617 1666 672 1713 et
702 1658 790 1728 qui
816 1659 868 1711 in
898 1655 1061 1712 ﬂuvio
1086 1656 1342 1726 perdidit,
1375 1655 1443 1710 de
1467 1656 1777 1709 temeritate
1808 1653 2072 1724 peccavit:

465 1752 555 1820 qui
587 1761 730 1806 metu
756 1754 945 1805 mortis
974 1749 1176 1820 aliquid
1201 1747 1444 1813 tradidit,
1472 1748 1633 1804 homo
1661 1746 1864 1800 homini
1898 1744 2066 1809 dedit;

468 1848 737 1916 integrum
760 1854 878 1900 erat
903 1844 1042 1914 apud
1075 1843 1316 1902 dantem.
1344 1841 1610 1912 integrum
1631 1839 1770 1910 apud
1794 1837 2067 1908 accipien-
2101 1841 2147 1902 B
2176 1851 2495 1910 peccaverat
2549 1842 2866 1908 necessitas,
2920 1857 3027 1896 non
3079 1840 3333 1896 voluntas
3375 1857 3388 1908 ξ

467 1945 598 1993 tem.
633 1939 689 1994 Si
715 1938 804 2007 qui
828 1937 1044 2008 accipit,
1073 1934 1304 1990 ﬂammis
1331 1933 1574 1999 tradidit,
1596 1943 1874 2002 peccatum
1903 1931 2075 2001 magis

467 2030 816 2086 accendentis
840 2039 924 2085 est
979 2043 1086 2084 non
1116 2027 1396 2082 tradentis.
1430 2026 1556 2082 Haec
1603 2025 1650 2080 si
1691 2040 1721 2078 a
1773 2023 2074 2093 majoribus

465 2127 664 2180 vestris
699 2123 1044 2187 dicerentur,
1089 2121 1306 2192 quando
1339 2121 1460 2174 illos
1509 2118 1773 2190 repellere
1804 2133 1831 2170 a
1887 2127 2070 2172 n05tra

467 2218 853 2272 communione
877 2215 1198 2287 possemus?
1222 2216 1277 2271 Si
1305 2215 1466 2270 etiam
1488 2212 1737 2268 Antiochi
1770 2211 1912 2283 regis
1936 2221 2071 2267 tem-

466 2323 607 2380 pora
638 2324 1069 2366 commemorare
1094 2308 1414 2371 voluissent,
1448 2307 1643 2378 quibus
1683 2321 1870 2360 omnes
1895 2304 2068 2360 Judei

473 2405 647 2460 coacti
675 2413 802 2460 sunt
831 2413 889 2458 ut
915 2404 1080 2458 libros
1101 2404 1154 2458 in
1186 2403 1493 2458 incendium
1521 2401 1734 2466 darent,
1765 2409 1820 2455 et
1850 2400 1921 2453 ita
1948 2398 2070 2453 ιιιιὶ-

473 2514 630 2554 versa
660 2500 924 2570 scriptura
957 2498 1080 2552 data
1115 2509 1215 2561 est,
1250 2505 1308 2552 ut
1333 2513 1468 2568 apex
1495 2512 1632 2551 unus
1658 2497 1708 2550 in
1733 2495 2068 2566 aliquolibro

468 2594 696 2650 minime
745 2594 1116 2650 remansisset.
1160 2593 1236 2648 De
1266 2591 1467 2647 Judmis
1498 2591 1590 2646 illo
1625 2599 1866 2660 tempore
1907 2603 2068 2644 nemo

464 2684 752 2742 damnatus
807 2695 916 2753 est,
950 2701 1048 2742 nec
1096 2701 1125 2740 a
1160 2686 1271 2741 Deo
1316 2685 1399 2740 vel
1444 2684 1513 2740 ab
1557 2685 1737 2755 aliquo
1769 2684 1975 2756 Angelo
2011 2685 2065 2739 in

2179 541 2458 601 peccatum
2503 529 2674 585 fuerat
2699 529 3016 598 imperantis
3059 539 3112 583 et
3142 527 3422 590 minantis,
3455 541 3560 580 non
3589 525 3761 594 populi

2179 638 2301 678 cum
2331 633 2569 680 tremore
2591 633 2645 678 et
2673 623 2865 678 dolore
2888 623 3170 677 tradentis.
3208 617 3329 693 (50)
3356 619 3457 688 Qui
3482 617 3763 673 Antiochus

2180 733 2247 773 ne
2268 717 2466 788 aliquid
2498 719 2772 788 primitivo
2817 718 3014 787 pupulo
3041 717 3293 772 nocuisse
3320 716 3618 779 videretur,
3664 723 3764 766 sta-

2179 811 2273 864 tim
2299 811 2532 881 providit
2557 811 2738 878 Deus,
2771 820 2827 866 ut
2870 827 2966 882 per
2992 827 3155 866 unum
3203 810 3482 866 hominem
3532 807 3765 876 Esdram,

2179 907 2269 975 qui
2298 905 2469 961 lector
2515 906 2706 961 eodem
2745 916 3004 976 tempore
3044 905 3348 972 dicebatur,
3376 912 3488 960 tota
3520 902 3606 957 lex
3644 903 3768 958 sicut

2179 1010 2338 1057 antea
2370 999 2544 1056 fuerat
2569 1001 2635 1055 ad
2667 1001 2875 1069 apicem
2920 1001 3234 1058 dictaretur.
3258 999 3352 1056 Sic
3383 1009 3646 1072 tyrannus
3670 1000 3769 1054 An-

2181 1093 2394 1148 tiochus
2412 1093 2643 1148 fructum
2676 1087 3023 1165 malignitatis
3052 1109 3165 1149 sua:
3215 1093 3416 1148 habere
3444 1107 3551 1147 non
3585 1092 3765 1162 potuit,

2178 1186 2305 1242 dum
2328 1198 2525 1258 ιιι-λιιιοι
2539 1196 2744 1258 septem
2776 1189 2968 1243 fratres
2995 1198 3050 1244 et
3078 1204 3242 1243 unum
3269 1187 3540 1243 seniorem
3562 1201 3768 1242 carnem

2178 1279 2391 1335 suillam
2411 1278 2737 1336 manducare
2754 1278 3175 1346 detrectanctes,
3192 1278 3401 1334 nullum
3417 1277 3661 1334 Judaeum
3689 1292 3771 1333 oc-

2177 1371 2344 1438 cidit,
2369 1382 2424 1428 et
2457 1373 2541 1428 lex
2563 1373 2743 1443 perire
2777 1389 2881 1428 non
2907 1375 3096 1442 potuit.
3126 1373 3216 1428 Sic
3255 1381 3311 1428 et
3344 1381 3603 1443 parentes
3621 1371 3771 1427 vestri

2178 1477 2425 1540 tempore
2447 1484 2546 1523 suo
2569 1483 2670 1524 nec
2701 1468 2802 1539 ipsi
2831 1469 2996 1524 occisi
3033 1478 3179 1533 sunt,
3211 1478 3265 1523 et
3283 1466 3407 1522 libri
3433 1466 3568 1537 legis
3601 1465 3771 1521 Domi-

2177 1561 2315 1616 nicze
2361 1561 2456 1616 toti
2514 1562 2708 1630 ubique
2755 1561 3064 1616 recitantur.
3108 1558 3166 1616 Si
3196 1569 3448 1630 parentes
3488 1559 3653 1614 vestri
3689 1558 3774 1630 (ut

2177 1669 2337 1725 supra
2359 1654 2468 1710 dixi
2497 1655 2514 1725 )
2540 1655 2655 1710 haec
2683 1654 2948 1721 dicerent,
2973 1654 3091 1724 quis
3115 1653 3240 1708 illos
3268 1651 3322 1707 in
3352 1666 3508 1708 suam
3535 1666 3772 1707 commu-

2176 1748 2392 1804 nionem
2426 1764 2531 1802 non
2559 1747 2828 1820 intrepide
2857 1748 3175 1818 accepisset,
3207 1747 3319 1811 ubi,
3345 1757 3402 1802 ut
3428 1745 3633 1802 dictum
3663 1753 3768 1808 est,

3447 1849 3553 1894 tem
3563 1839 3773 1909 poribus

2185 1933 2406 1989 unitatis
2432 1934 2712 2004 Principes
2737 1934 2928 2001 vestri,
2953 1944 3136 1990 cwtera
3165 1944 3240 2001 ut,
3269 1951 3392 2006 pag.
3417 1934 3520 1990 100
3540 1934 3774 1989 editionis

2184 2037 2373 2082 nostra
2400 2024 2792 2098 (Dupinianze).

2256 2119 2384 2174 Post
2411 2120 2519 2175 lucc
2544 2120 2714 2187 verba,
2739 2121 2916 2175 eadem
2939 2122 3148 2192 pagina,
3183 2121 3340 2191 paulo
3369 2132 3482 2193 post
3509 2122 3771 2177 medium:

2183 2233 2205 2266 si
2245 2215 2351 2272 Sed
2399 2215 2681 2287 Principes
2721 2216 2908 2283 vestri,
2950 2235 2969 2269 s
3013 2218 3276 2286 sequentia
3310 2216 3562 2270 habentur
3595 2233 3609 2270 :
3648 2217 3769 2272 Nam

2179 2320 2431 2380 peccator
2460 2311 2583 2364 talis
2611 2310 2797 2380 quales
2820 2309 3035 2364 fuerunt
3051 2310 3221 2364 vestri
3247 2310 3500 2379 majores,
3522 2309 3567 2363 si
3587 2309 3654 2364 ad
3677 2308 3768 2364 Ec-

2178 2404 2396 2459 clesiam
2438 2405 2616 2460 veniat
2644 2415 2698 2460 et
2739 2405 3077 2461 necessitatis
3127 2419 3239 2460 sua:
3283 2406 3545 2460 rationem
3595 2414 3770 2461 osten-

2176 2497 2290 2567 dat,
2309 2498 2422 2571 (51)
2449 2501 2621 2571 primo
2652 2499 2992 2570 recipiendus
3020 2499 3333 2563 cst,deinde
3365 2498 3483 2571 (52)
3506 2500 3768 2557 sustinenc

2176 2591 2280 2647 dus
2310 2593 2398 2662 pio
2423 2595 2543 2647 sinu
2569 2593 2755 2649 matris
2782 2595 3057 2650 Ecclesiae.
3089 2594 3198 2651 Nec
3228 2596 3380 2665 quasi
3403 2611 3472 2651 ex
3502 2605 3620 2651 toto
3660 2611 3768 2651 sau-

2175 2695 2316 2754 ctus,
2337 2696 2520 2742 eadem
2538 2698 2590 2740 ut
2615 2688 2666 2741 in
2689 2698 2864 2742 nostra
2881 2689 3100 2743 editione
3128 2687 3494 2760 (Dupiniana),
3510 2707 3630 2761 pag.
3655 2687 3762 2744 100.

1778 2800 2140 2857 VARIORUM
2179 2801 2411 2858 NUTIE'.

535 2900 652 2974 (50)
685 2900 784 2968 Qui
801 2898 1084 2974 Antiochus
1107 2916 1168 2953 ne
1185 2899 1382 2967 aliquid
1421 2897 1693 2966 primitive,
1708 2903 1812 2952 etc.
1846 2895 1928 2950 An
1962 2897 2070 2965 pri-

463 2972 857 3048 mitivapoputo
889 2981 1041 3048 vocat
1085 2974 1654 3048 τοὺςηὰρχοιίουςηειιι
1709 2983 1887 3048 quem_
1915 2983 2067 3048 sacra

463 3040 690 3099 historia
738 3040 1135 3111 primogenitum
1183 3040 1512 3112 aliquoties"
1544 3041 1648 3097 Sed
1694 3049 1757 3112 et
1805 3040 2066 3112 primitiva

464 3132 565 3187 pro
591 3115 946 3187 primogenitis
976 3115 1101 3168 alibi
1124 3111 1336 3187 quoque
1364 3111 1862 3187 usurpatvulgatus
1887 3111 2063 3166 Inter-

471 3183 622 3268 pres.
648 3185 928 3268 .Cafterum
959 3201 1116 3268 quam
1151 3185 1315 3266 multa
1365 3185 1416 3267 in
1453 3185 1634 3251 paucis
1682 3183 1818 3268 citra
1845 3197 2063 3268 oniiiem

467 3254 710 3314 historia:
735 3257 893 3312 fidem
924 3254 1058 3311 miro
1105 3256 1205 3309 inc«
1228 3257 1467 3325 gitantia:
1497 3255 1746 3324 exemplo
1771 3255 1838 3308 ab
1867 3254 2063 3321 Optato

461 3339 653 3385 nostro
680 3329 767 3384 hic
791 3331 1056 3387 dicantur.
1091 3343 1251 3381 nemo
1285 3336 1390 3382 tam
1425 3331 1662 3380 oscitans
1707 3337 1798 3380 aut
1849 3326 2064 3396 ignarus

461 3410 526 3456 ut
554 3418 658 3455 non
691 3399 876 3456 statim
907 3399 1318 3454 animadvertat.
1371 3399 1443 3452 Ea
1480 3399 1722 3468 pluribus
1768 3398 2065 3468 exagitare,

462 3487 640 3542 neque
685 3471 856 3526 nostri
900 3470 1082 3526 officii.
1121 3486 1293 3539 neque
1323 3471 1446 3524 boui
1485 3468 1714 3525 fortasse
1747 3468 2066 3542 morisfue—

460 3540 710 3599 rit.‘lllud
741 3543 932 3596 saltem
968 3545 1244 3607 lectorem,
1279 3554 1334 3596 ut
1365 3543 1616 3596 observet
1646 3556 1868 3595 monere
1889 3540 2062 3594 vi~um

463 3624 589 3678 est,
644 3613 784 3684 qttod
831 3613 873 3667 Il
920 3615 1158 3670 Maccah.
1210 3629 1322 3678 vui,
1363 3613 1454 3674 25,
1502 3613 1552 3666 in
1608 3611 1804 3684 Latina
1838 3611 2064 3682 Vulgata

461 3683 669 3741 Esdras
699 3685 906 3755 legatur
935 3700 1031 3756 pro
1073 3685 1315 3752 Eleazar,
1368 3685 1510 3755 quod
1551 3694 1635 3740 est
1673 3685 1726 3738 in
1775 3683 1968 3740 Graeco
2012 3694 2067 3738 et

2178 2914 2301 2952 cum
2344 2899 2691 2969 sequentibus
2729 2900 2911 2955 verbis
2939 2941 2954 2966 ,
2986 2915 3144 2956 secus
3164 2915 3324 2970 quam
3367 2899 3422 2955 in
3469 2899 3674 2956 Griecis
3721 2908 3767 2956 et

2179 2971 2294 3038 ipsa
2319 2973 2457 3026 ratio
2487 2971 2695 3034 suadet,
2729 2971 3107 3039 coniungatur.
3159 2972 3272 3027 Non
3304 2971 3353 3026 id
3380 2972 3540 3026 hodie
3570 2983 3626 3026 ct
3662 2971 3766 3026 beri

2175 3043 2428 3109 cmpissc,
2459 3052 2550 3096 ant
2591 3043 2954 3098 recentiorum
3007 3043 3350 3098 librariorum
3403 3043 3605 3098 incuria
3637 3045 3766 3098 acri-

2175 3113 2340 3185 disse,
2386 3123 2445 3168 ut
2483 3115 2685 3183 Opinati
2722 3123 2849 3169 sunt
2878 3116 2978 3170 viri
3026 3115 3203 3179 docti;
3237 3115 3331 3170 sed
3375 3115 3486 3185 jam
3525 3115 3652 3169 olim
3705 3115 3767 3170 ita

2174 3184 2370 3257 lectum
2401 3201 2520 3240 esse
2550 3197 2605 3241 et
2637 3187 3049 3257 antiquissimm,
3078 3197 3138 3240 ut
3169 3189 3235 3241 ita
3261 3184 3458 3253 dicam,
3486 3185 3763 3255 antiquita-

2174 3256 2240 3310 tis
2269 3272 2511 3312 errnrem
2545 3272 2669 3312 eum
2698 3256 2840 3312 csSe.
2890 3256 3007 3312 Non
3049 3259 3192 3312 enim
3236 3259 3457 3313 dubium
3498 3258 3626 3327 quin
3659 3257 3766 3311 huic

2170 3338 2356 3382 nostro
2397 3338 2491 3400 tot
2527 3330 3048 3396 hallucinationum,
3111 3331 3164 3383 in
3214 3344 3347 3400 quas
3389 3334 3572 3400 paucis
3623 3329 3766 3384 lineis

2173 3400 2440 3468 impingit.
2473 3399 2592 3455 fons
2621 3401 2769 3454 illinc
2800 3411 2855 3456 et
2886 3402 3039 3469 origo
3071 3399 3251 3454 fuerit.
3284 3402 3354 3456 M.
3387 3399 3620 3456 Casam.
3685 3433 3692 3438 ο

2242 3473 2356 3544 (51)
2384 3469 2562 3544 Primo
2592 3473 2936 3544 recipiendus.
2959 3471 3140 3528 Primo
3171 3488 3274 3528 non
3305 3482 3387 3527 est
3409 3471 3764 3528 excommuni-

2170 3543 2400 3598 candus.
2426 3543 2655 3599 ΛιιιΑδρ.

2243 3614 2361 3687 (5‘2)
2407 3614 2772 3672 Sustinendus.
2833 3616 2963 3688 Ejus
3029 3617 3362 3744 ptenitentiaA
3422 3618 3760 3742 eipcctanda.

3368 3704 3466 3744 LBA
3499 3705 3550 3744 ι).

3368 3703 3530 3744 ιιιλει)
3538 3731 3550 3742 .

3076 3831 3238 3846 ψ

578 3916 733 3987 lll
819 3918 963 3990 DE
1029 3916 1782 4003 SEQUENTIBUS
1852 3915 2830 3994 ANNOTATIONIBUS
2895 3920 3439 3995 MONITUM.

538 4160 652 4215 Etsi
681 4171 794 4232 post
819 4161 1165 4216 restitutiones
1205 4179 1237 4214 a
1267 4161 1436 4225 nobis,
1469 4176 1566 4228 ope
1597 4159 2064 4231 manuscriptorum

463 4255 721 4320 codicum,
752 4256 916 4324 {actas
940 4256 994 4309 in
1019 4254 1193 4327 Optnti
1220 4255 1384 4320 libris,
1414 4254 1810 4324 quampfurimw
1832 4252 2067 4324 difﬁcul—

466 4357 596 4403 tates
633 4349 816 4414 quibus
847 4348 1130 4402 enodandis
1157 4348 1460 4403 insudarant
1491 4350 1586 4403 viri
1622 4349 1940 4412 doctissimi,
1973 4364 2064 4418 pe-

462 4439 601 4493 nitus
629 4438 844 4494 sublatae
871 4441 974 4494 sint
992 4457 1011 4502 ;
1043 4449 1237 4494 cwterw
1268 4457 1384 4495 vero
1426 4442 1838 4496 annotationibus
1878 4442 2066 4495 nostris

2174 4163 2352 4232 [annm
2377 4165 2716 4221 eruditionem
2746 4169 3085 4240 spectantium
3110 4169 3404 4224 varietatem
3437 4171 3717 4226 continuat
3741 4183 3758 4220 :

2175 4273 2237 4312 ne
2261 4258 2384 4327 quid
2414 4258 2534 4312 huic
2560 4259 2774 4314 editioni
2798 4261 2990 4316 deesset
3009 4263 3147 4333 quod
3169 4265 3222 4316 in
3247 4263 3366 4317 aliis
3387 4263 3669 4327 haberetur,
3699 4261 3758 4314 ad

2174 4350 2329 4419 ﬁnem
2349 4350 2432 4405 hic
2452 4352 2684 4428 adjicere
2707 4355 2871 4409 visum
2894 4365 2968 4410 est
2989 4357 3221 4428 prolixus
3244 4355 3493 4412 Balduini
3518 4367 3564 4411 et
3592 4356 3759 4412 Αιιω-

2173 4443 2330 4514 pinaai
2359 4444 2756 4514 observationes,
2807 4458 2914 4502 tum
2955 4453 3108 4504 etiam
3156 4452 3456 4505 earumdem
3485 4468 3544 4505 ac
3591 4449 3759 4504 Herici

459 4533 590 4588 satis
617 4544 666 4589 et
711 4534 914 4589 abunde
949 4536 1200 4605 expedita:
1229 4552 1335 4590 esse
1363 4535 1632 4590 videantur
1677 4555 1691 4592 :
1737 4535 2067 4590 nihilominus
2092 4576 2146 4638 Β
2174 4533 2463 4592 Casauboni
2495 4538 2821 4612 aliorumque
2859 4543 3109 4598 breviores
3146 4545 3538 4612 annotationes,
3587 4544 3756 4616 pra'sio

463 4635 635 4682 tamen
673 4643 786 4681 cum
827 4630 881 4682 in
924 4630 1145 4684 aliorum
1173 4631 1715 4686 annotationibusnon
1746 4647 1911 4702 pauca
1939 4631 2062 4697 sint,

459 4738 578 4787 qua:
603 4721 994 4778 Donatistarum
1019 4724 1287 4780 historiam
1314 4736 1359 4779 et
1389 4727 1654 4796 antiquam
1679 4724 1926 4780 Ecclesia:
1955 4725 2066 4779 dis-

459 4816 706 4887 ciplinam
729 4815 1011 4882 illustrem,
1041 4835 1100 4871 ac
1132 4821 1313 4875 miram
1345 4837 1515 4875 rerum
1543 4823 1613 4875 ad
1636 4838 1836 4876 sacram
1867 4833 1914 4876 et
1941 4837 2065 4892 pro-

2169 4631 2340 4702 gnatis
2366 4632 2591 4702 paginis,
2637 4633 2691 4688 in
2733 4635 2918 4706 quibus
2959 4652 3018 4690 ea
3055 4639 3284 4708 reperire
3327 4645 3399 4693 est
3437 4638 3506 4692 ad
3531 4635 3756 4709 quasin-

2169 4725 2294 4797 guta
2314 4729 2626 4798 referuntur.

458 4947 3739 4979 Μ

497 5066 2080 5277 ρ)ΡΗΑΕΡΑΤΙΟΝΕΞ
2229 5073 2503 5201 FB.
2641 5075 3596 5277 EALDUINI

1123 5288 1282 5370 AD
1359 5289 1836 5376 PRIMAM
1909 5293 2067 5376 ΕΙ)

2180 5295 2581 5378 ἸΟΝΕΜ
2655 5258 3125 5383 ὀΡΤΑΤΙ.

461 5581 552 5622 FB.
587 5580 876 5624 BALDUINUS
898 5578 1214 5621 REVERENDO
1235 5579 1359 5622 νιιιο
1380 5583 1432 5622 Ι).
1461 5581 1642 5622 ΙΟΛΝΝΙ
1668 5584 2056 5639 ιεΝτΛιιΕιιιο,

854 5675 1123 5716 Ακτιετιτι
1153 5677 1604 5727 AQUISCINCTENSI,
1627 5677 1674 5718 s.

529 5751 664 5805 Cum
698 5750 845 5806 hisce
871 5750 1062 5807 diebus
1091 5755 1143 5806 in
1175 5753 1276 5808 hac
1311 5753 1444 5809 urbe
1487 5754 1746 5822 lrenaaus,
1787 5755 1960 5824 qualis
1991 5756 2058 5811 ab

462 5837 692 5896 Erasmo
715 5843 944 5911 primum
977 5844 1154 5899 editus
1182 5845 1302 5914 fuit,
1334 5861 1554 5905 recusus
1581 5858 1744 5916 esset,
1777 5849 1924 5905 dolui
1948 5865 2054 5906 nou

2165 5572 2545 5642 prmmonitum
2578 5573 2746 5631 fuisse
2786 5575 3110 5645 Librarium,
3145 5588 3202 5635 ut
3254 5580 3395 5637 bona
3444 5582 3531 5638 illa
3579 5575 3743 5635 lreuzi

2163 5664 2341 5722 Grazci
2373 5683 2520 5736 pars,
2551 5685 2673 5739 quae
2719 5668 2772 5725 in
2813 5669 2967 5726 libris
2996 5672 3283 5744 Epiphanii
3317 5676 3520 5749 integra
3564 5680 3738 5732 exstat,

2162 5761 2321 5816 simul
2351 5761 2624 5818 ederetur.
2652 5762 2743 5820 Sic
2763 5765 2908 5821 enim
2942 5767 3113 5823 multo
3149 5769 3344 5826 melior
3365 5769 3739 5842 antiquissimus

2165 5853 2250 5909 hic
2277 5855 2532 5912 Ecclesia:
2555 5857 2874 5916 Christiana:
2905 5858 3153 5933 Scriptor
3185 5864 3238 5919 in
3264 5863 3539 5920 hominum
3568 5873 3734 5916 manus
