3974 6324
223 297 354 361 “05

1302 297 1393 353 AD
1444 295 1707 355 PRIMAM
1759 294 2134 354 EDITlONEM
2171 253 2446 352 0PTATI.

3370 302 3516 363 “06

222 417 462 480 venisset,
493 410 714 469 tametsi
740 411 943 481 reliqua
968 426 1092 482 pars
1113 409 1356 482 ejusdem
1379 415 1593 483 generis
1615 412 1806 468 etiam-
1831 419 1886 480 Α
1911 423 1964 468 et
1991 413 2324 484 Augustinus
2352 413 2404 468 in
2436 412 2588 469 libris
2610 421 2802 470 contra
2834 413 3274 485 Parmenianum,
3308 427 3368 474 ut
3398 437 3514 480 me-

233 523 350 564 num
381 504 796 562 desideraretur.
827 503 946 559 Jam
987 511 1168 559 autem
1209 504 1289 575 (ut
1321 503 1425 560 hoc
1457 517 1698 576 tempore
1737 506 1803 561 ad

240 601 509 658 lectionem
530 609 689 671 atque
709 598 1133 670 recognitionem
1156 599 1422 669 religiosae
1465 599 1803 671 antiquitatis

228 694 610 753 Ecclesiasticac
642 693 934 750 multorum
956 694 1133 749 studia
1165 703 1506 761 revocantur,
1535 709 1621 761 ac,
1645 695 1690 750 si
1717 710 1804 750 sa-

229 800 403 862 perent
443 788 619 854 multi,
657 789 842 860 plures
869 789 1276 860 revocarentur)
1306 804 1426 845 cum
1464 798 1714 859 ageretur
1736 788 1803 846 de

227 883 524 942 recudendo
555 899 768 954 quoque
807 884 1003 954 Optato
1032 883 1184 951 Afro,
1216 885 1306 956 qui
1347 886 1473 940 olim
1504 886 1803 941 mendosis-

225 981 378 1035 simus
406 980 458 1035 in
480 977 772 1036 Germania
797 979 975 1035 editus
1003 978 1121 1044 fuit,
1153 981 1253 1035 etsi
1288 995 1374 1036 me
1404 979 1680 1035 Librarius
1709 996 1801 1050 ap-

227 1071 438 1143 pellarit,
493 1071 587 1142 qui
632 1071 1006 1142 suspicabatur
1053 1088 1139 1126 me
1185 1071 1433 1127 lubenter
1476 1071 1606 1128 dare
1655 1073 1801 1128 hisce

224 1164 576 1236 Scriptoribus
630 1164 1027 1221 Ecclesiasticis
1073 1165 1624 1236 quantulumcumque
1665 1175 1802 1221 tem—

220 1257 354 1328 poris
379 1272 596 1328 possum
625 1258 874 1314 civilibus
911 1258 1090 1329 legum
1121 1257 1314 1314 studiis
1360 1257 1676 1325 detrahere;
1723 1268 1802 1313 ta-

220 1367 329 1408 men
356 1351 864 1423 magis-festinabat,
894 1366 1055 1422 quam
1086 1359 1143 1406 ttt
1185 1351 1430 1422 conquiri
1480 1351 1660 1406 ontuia
1703 1366 1800 1406 au-

222 1446 338 1501 xilia
360 1456 602 1517 possent,
631 1462 752 1518 quae
772 1447 1024 1518 Optatum
1057 1446 1109 1503 in
1131 1447 1399 1517 integrum
1427 1446 1793 1503 restituerent.

218 1537 382 1610 Itaque
420 1538 709 1609 respondi,
751 1539 891 1594 hunc
919 1538 1250 1609 Scriptoreut
1278 1537 1495 1610 quidem
1543 1539 1796 1610 dignissi-

216 1646 346 1686 mum
375 1645 511 1696 esse,
558 1632 648 1702 qui
675 1631 990 1702 diligentius
1037 1642 1538 1704 recognosceretur,
1569 1633 1664 1688 sed
1705 1647 1794 1688 me

215 1723 306 1779 hoc
333 1734 574 1794 tempore
615 1734 820 1779 tantum
867 1723 1118 1780 conferre
1148 1741 1305 1793 posse
1329 1732 1708 1781 sexcentorum
1739 1725 1792 1782 in

1909 508 2068 563 minit
2104 509 2274 562 nostri
2327 507 2530 580 Optati,
2586 511 2664 563 sic
2709 517 2763 564 et
2811 509 3034 564 alterius
3081 510 3383 581 cujusdam,
3415 516 3512 586 qui

1908 601 2175 656 Donatum
2209 601 2536 672 sequebatur
2567 618 2580 655 :
2614 611 2777 672 utque
2808 601 2860 656 in
2907 601 3188 674 Bagaiensi
3234 615 3509 661 conventu

1909 693 2331 760 Donatistarum,
2366 695 2505 749 inter
2533 709 2718 749 eorum
2750 696 3022 752 antistites
3050 698 3362 754 nominatur
3382 701 3506 772 qui-

1906 787 2030 843 dam
2059 786 2290 858 Optatus
2323 805 2335 842 :
2369 788 2444 842 sic
2477 789 2528 842 in
2574 786 2812 843 Cirtensi
2862 788 3070 861 synodo
3097 788 3504 848 Catholicorum

1906 896 2028 936 cum
2060 882 2178 950 ipso
2205 895 2420 951 quoque
2449 878 2750 950 Augustino
2777 881 3087 936 celebratur
3112 883 3250 938 alius
3276 881 3505 954 Optatus

1903 975 2172 1030 bonarum
2224 974 2453 1044 partium
2503 983 2778 1044 patronus.
2812 975 2878 1028 Et
2910 989 3038 1030 vero
3067 977 3402 1046 Augustinus
3435 977 3505 1031 li-

1905 1067 2060 1124 brum
2082 1067 2150 1122 de
2163 1067 2377 1122 Uuitate
2394 1067 2670 1122 Trinitatis
2689 1078 2874 1122 contra
2897 1067 3228 1125 Felicianum
3243 1071 3504 1126 Arianum

1905 1163 2127 1232 scripsit
2153 1162 2220 1217 ad
2252 1162 2531 1232 Optatum,
2564 1177 2723 1234 quem
2751 1162 2913 1218 etiam
2945 1171 3102 1220 vocat
3126 1164 3296 1220 filium
3338 1163 3507 1221 dilec-

1905 1255 2193 1311 tissitnunt.

1973 1444 2128 1500 Alius
2148 1457 2278 1514 ergo
2303 1442 2402 1499 fuit
2423 1442 2617 1500 Noster
2633 1486 2647 1510 ,
2672 1453 2727 1500 et
2754 1445 2926 1500 multo
2949 1445 3153 1502 senior.
3185 1445 3293 1502 Sed
3318 1460 3496 1517 neque

1899 1538 2189 1610 quidquam
2220 1535 2407 1592 habuit
2447 1552 2736 1592 commune
2775 1552 2898 1592 cum
2950 1537 3045 1592 illo
3086 1537 3286 1608 Optato
3313 1535 3499 1594 Gildo-

1898 1636 2082 1702 niano,
2125 1633 2280 1704 cujus
2310 1633 2621 1704 frequenter
2649 1635 2896 1689 meminit
2939 1633 3292 1704 Augustinus.
3327 1633 3405 1688 Ac
3433 1648 3501 1688 ne

1896 1727 2114 1798 quidem
2145 1728 2393 1783 eumdem
2421 1726 2587 1782 fuisse
2618 1726 2767 1781 illum
2795 1736 2946 1797 puto,
2980 1741 3141 1796 quem
3174 1724 3501 1779 Athanasius

213 1833 270 1872 eo
289 1818 520 1873 locorum
551 1805 984 1876 emendationem
1017 1837 1029 1874 :
1064 1820 1217 1889 cujus
1247 1821 1459 1892 quidem
1504 1823 1791 1877 maximam
1825 1826 1872 1886 B
1900 1821 2103 1887 laudat,
2134 1831 2186 1876 et
2228 1819 2279 1874 in
2325 1820 2486 1892 Tyria
2516 1819 2726 1891 synodo
2767 1819 3106 1873 defensorem
3135 1833 3292 1872 suum
3327 1818 3498 1872 fuisse

214 1922 398 1982 partem
428 1912 622 1984 repetii
649 1929 712 1969 ex
743 1914 1111 1984 ntanuscripto
1136 1915 1454 1984 exemplari,
1486 1916 1628 1984 quod
1657 1916 1789 1972 mihi

213 2005 444 2061 utendum
491 2006 788 2077 aliquando
838 2006 1096 2062 deditvir
1137 2007 1487 2064 doctissimus
1534 2008 1792 2065 Claudius

211 2101 517 2172 Espencazus
569 2101 849 2172 theologus
903 2102 1242 2158 Parisieusis.
1292 2103 1409 2160 Etsi
1455 2113 1633 2160 autem
1681 2120 1790 2161 non

211 2196 457 2251 nescirem
509 2211 619 2252 non
653 2196 822 2252 multo
850 2197 1139 2266 pauciores
1183 2212 1471 2268 superesse
1502 2197 1672 2263 locos,
1699 2197 1791 2268 qui

211 2303 383 2359 magna
411 2287 597 2343 mendi
628 2287 937 2358 suspicione
967 2288 1247 2353 laborant,
1300 2287 1397 2344 sed
1445 2288 1624 2344 sanari
1674 2289 1792 2346 sine

211 2381 392 2436 auxilio
416 2382 618 2438 veteris
651 2382 804 2447 libri,
838 2382 924 2438 vix
946 2397 1010 2438 ac
1041 2398 1111 2440 ne
1137 2383 1222 2438 vix
1255 2383 1470 2454 quidem
1517 2393 1742 2454 possent
1775 2401 1788 2440 :

212 2483 257 2530 et
273 2485 542 2546 propterea
574 2473 828 2548 Optatum
853 2477 1111 2548 optimum
1137 2478 1429 2533 maximum
1458 2478 1606 2546 dare,
1634 2479 1792 2535 sicuti

212 2567 462 2636 optabam,
515 2585 627 2625 non
663 2586 914 2640 possem:
947 2579 1125 2626 tamen
1155 2572 1363 2628 interea
1397 2589 1501 2628 non
1550 2577 1792 2632 recusavi

212 2661 362 2717 multo
403 2662 712 2729 meliorem,
761 2679 921 2735 quam
972 2665 1234 2720 hactenus
1278 2664 1396 2731 fuit,
1444 2665 1568 2734 edi,
1612 2668 1792 2738 potius

211 2768 372 2823 quam,
403 2757 582 2826 qualis
628 2764 785 2813 antea
839 2757 1000 2828 plane
1049 2758 1355 2827 inquinatus
1402 2759 1601 2829 fuerat,
1646 2763 1791 2817 idem

211 2849 559 2906 recuderetur.
611 2849 967 2922 Speraveram
1015 2851 1233 2922 quidem
1259 2863 1405 2909 certe
1445 2870 1790 2912 accessurum

211 2945 416 3000 alterum
447 2947 850 3003 emendationis
897 2947 1208 3019 prmsidium
1239 2965 1302 3006 ex
1337 2952 1524 3006 codice
1569 2949 1792 3006 Joannis

212 3036 316 3093 Tilii
337 3039 577 3112 episcopi
603 3039 914 3096 Briocensis
936 3050 993 3095 ut
1019 3052 1262 3097 veterum
1290 3042 1566 3109 librorum,
1593 3043 1672 3098 sic
1694 3059 1791 3098 an-

212 3130 492 3201 tiquitatum
536 3133 1042 3190 Ecclesiasticarum
1076 3135 1479 3192 studiosissimi.
1509 3137 1614 3194 Sed
1646 3139 1790 3210 quod

1895 1913 2194 1985 significat;
2225 1929 2346 1967 nam
2371 1911 2684 1985 Egyptium
2712 1913 3024 1982 episcopum
3051 1910 3218 1965 fuisse
3249 1911 3343 1964 ait.
3377 1909 3497 1978 Qun

1895 2017 2142 2078 tempore
2169 2017 2355 2063 uoster
2380 2007 2642 2075 floruerit,
2681 2007 2871 2078 liquet,
2929 2021 3051 2062 cum
3091 2004 3344 2062 Siricium
3384 2005 3500 2076 epi-

1895 2115 2119 2169 sc0pum
2138 2100 2434 2156 Romanum
2451 2100 2684 2170 appellat
2707 2115 2865 2154 suum
2888 2098 3116 2154 socium.
3133 2096 3498 2169 Hieronymus

1897 2195 2050 2250 testis
2076 2203 2160 2250 est
2183 2194 2282 2250 hos
2311 2209 2433 2250 eum
2465 2195 2634 2250 libros
2651 2194 2937 2264 scripsisse
2966 2191 3360 2264 imperantibus
3390 2191 3498 2246 Va-

1896 2287 2040 2343 lente
2069 2297 2124 2342 et
2156 2287 2555 2342 Valentiniano.
2609 2288 2879 2343 Potuisset
2908 2285 3111 2352 dicere,
3142 2283 3454 2341 Theodosio
3482 2303 3495 2338 :

1897 2381 2124 2439 multum
2155 2391 2336 2437 autem
2366 2383 2594 2437 interest
2621 2382 2784 2448 scire,
2815 2397 2921 2452 quo
2954 2381 3074 2451 quis
3125 2387 3373 2451 tempore
3401 2379 3500 2434 ali-

1895 2474 2022 2545 quid
2049 2475 2348 2546 scripserit,
2382 2475 2684 2544 praesertim
2715 2475 2800 2530 ubi
2823 2475 2891 2530 de
2910 2473 3298 2530 controversiis
3319 2473 3499 2530 eccle-

1895 2569 2128 2624 siasticis
2169 2569 2445 2640 quaeritur.
2498 2569 2955 2635 Parmenianum,
3006 2585 3168 2639 quem
3226 2575 3500 2638 oppugnat

1895 2662 2144 2733 Optatus,
2181 2663 2345 2719 fuisse
2374 2678 2772 2731 successorem,
2829 2679 2936 2717 non
2970 2663 3116 2717 illius
3164 2661 3354 2716 Donati
3395 2661 3498 2716 Ca-

1897 2757 2091 2824 sensis,
2123 2759 2213 2828 qui
2254 2757 2604 2813 Caecilianum
2637 2773 2839 2813 vexare
2887 2757 3074 2827 coepit,
3133 2754 3230 2810 scd
3271 2754 3498 2810 alterius

1898 2867 2006 2907 non
2031 2854 2210 2908 minus
2235 2853 2409 2908 insani
2434 2853 2628 2908 Donati
2659 2851 3126 2923 Carthaginensis,
3155 2850 3245 2921 qui
3278 2863 3498 2904 succes-

1895 2956 2043 3001 serat
2069 2946 2143 3000 illi
2167 2947 2452 3016 Majorino,
2496 2962 2655 3018 quem
2683 2948 2830 3018 prior
2859 2946 3122 3012 Donatus,
3152 2957 3212 2999 ut
3239 2941 3489 3000 Cecilia-

1896 3061 2022 3100 num
2056 3045 2396 3116 percelleret,
2422 3046 2764 3101 ordinaverat
2788 3045 3103 3116 episcopum
3129 3042 3494 3113 Cathaginen-

1894 3154 2031 3204 sem,
2091 3157 2154 3197 ex
2205 3139 2504 3210 Augustino
2545 3137 2852 3194 didicimus.
2905 3137 3248 3194 Parmenioni
3301 3145 3489 3192 autem

206 3223 300 3294 jam
327 3237 547 3298 propter
579 3227 880 3284 absentiam
912 3229 1212 3285 doctissimi
1241 3230 1515 3287 Antistitis
1545 3231 1787 3302 praestari
1815 3227 1860 3290 C
1893 3233 2200 3302 epistolam,
2233 3233 2318 3288 cui
2351 3230 2914 3303 reSpondetOptatus,
2941 3231 3198 3300 scriptam
3231 3229 3399 3286 fuisse
3426 3228 3495 3284 ad

210 3329 301 3371 non
331 3320 519 3389 pntuit,
554 3319 729 3375 altera
759 3319 899 3376 forte
929 3321 1095 3377 editio
1119 3330 1300 3392 postea
1327 3325 1620 3394 prmsmbit.

271 3411 517 3481 Equidem
571 3412 914 3469 dissimulare
940 3430 1040 3470 nec
1071 3430 1286 3485 possum
1330 3433 1430 3473 nec
1457 3418 1582 3473 volo
1602 3419 1786 3491 singu-

210 3499 294 3557 lari
316 3504 542 3574 quadam
576 3505 916 3562 observantia
940 3523 1027 3562 me
1054 3507 1195 3564 affici
1227 3525 1351 3580 erga
1383 3510 1667 3567 Africanos
1692 3527 1787 3567 ve.

213 3597 328 3653 teris
351 3599 612 3658 Ecclesiae
632 3600 1047 3672 doctores,quos
1073 3603 1142 3659 de
1167 3619 1229 3659 ea
1254 3613 1362 3660 tam
1390 3607 1652 3675 prazclare
1680 3621 1789 3662 me-

209 3689 356 3759 ritos,
380 3703 433 3748 et
471 3694 718 3766 quidem,
750 3695 872 3749 aliis
895 3695 1061 3750 veluti
1091 3695 1466 3752 deficientibus
1498 3699 1788 3770 Scriptori.

209 3779 294 3836 bus
319 3783 543 3853 Latinis,
598 3795 704 3841 tam
753 3787 831 3841 illi
862 3785 1093 3843 ﬁdeliter
1137 3786 1457 3860 fortiterque
1505 3802 1790 3846 succentu-

211 3875 360 3934 riatos
388 3894 508 3936 esse
552 3881 749 3936 sentio.
790 3880 1006 3935 Memini
1053 3897 1174 3936 cuiu
1213 3893 1341 3937 ante
1376 3884 1577 3954 aliquot
1616 3901 1787 3943 annos

209 3969 475 4030 Minucium
505 3973 750 4039 ederem,
779 3991 939 4046 quem
961 3992 1083 4030 cum
1107 3975 1462 4045 Tertulliano,
1492 3978 1785 4052 Cypriauo,

209 4067 430 4126 Arnobio
455 4071 829 4139 conferebam,
859 4073 1109 4128 laudaSse
1141 4090 1224 4130 me
1257 4084 1563 4146 propterea,
1600 4078 1786 4132 fecun-

211 4159 318 4216 dam
368 4163 510 4219 illaut
545 4165 867 4237 felicemque
895 4167 1151 4232 AfriCant,
1200 4183 1318 4238 qua:
1365 4179 1421 4223 ut
1451 4183 1663 4239 semper
1689 4172 1790 4241 (sic

208 4254 336 4308 enim
363 4272 426 4311 eo
457 4268 704 4327 tempore
732 4258 946 4331 scripsi)
982 4260 1181 4331 aliquid
1212 4261 1332 4314 novi
1363 4265 1518 4335 112
1548 4264 1789 4332 proferre

208 4347 322 4401 olim
366 4350 672 4416 dicebatur,
706 4353 786 4407 sic
811 4353 972 4407 etiam
1018 4353 1294 4424 religionis
1326 4367 1526 4410 nostrae
1551 4357 1788 4413 vindices

207 4449 253 4493 et
277 4450 522 4508 patronos
557 4442 906 4500 doctissimos
938 4446 1339 4518 acerrimosquc
1379 4449 1622 4517 protulit.
1653 4450 1789 4504 Nam

208 4541 253 4585 et
275 4549 336 4588 ex
361 4550 420 4588 ea
453 4535 738 4606 prodibant
771 4536 954 4594 hostes
1000 4538 1218 4593 minime
1247 4539 1443 4610 ignavi.
1488 4540 1658 4607 Quale
1690 4542 1791 4596 Ec-

1895 3328 2178 3384 Ticonium
2205 3326 2479 3382 hominem
2507 3325 2776 3381 eruditum
2805 3332 2860 3378 ct
2879 3325 3242 3396 eloquentem,
3275 3322 3364 3393 qui
3387 3336 3496 3378 non

1895 3423 2024 3478 satis
2037 3421 2236 3492 alioqui
2257 3421 2528 3476 Donatista
2545 3434 2667 3475 esse
2684 3419 2984 3482 videbatur,
3002 3417 3144 3473 idem
3161 3418 3495 3486 Augustinus

1893 3517 2157 3587 significat
2179 3537 2192 3570 :
2216 3515 2307 3586 qui
2331 3528 2383 3571 et
2402 3525 2588 3587 postea
2611 3514 2869 3568 adversus
2887 3528 3004 3567 eam
3021 3511 3362 3566 Parmeniani
3378 3509 3494 3582 epi-

1893 3608 2086 3661 stolam
2104 3605 2272 3661 libros
2289 3616 2398 3660 tres
2410 3601 2912 3674 scripsit.0ptatum
2937 3615 3068 3656 vero
3092 3608 3335 3654 nostrum
3361 3598 3497 3654 scri-

1895 3698 2067 3769 psisse
2096 3698 2264 3752 libros
2305 3713 2398 3752 sex
2432 3698 2508 3751 ait
2557 3695 2919 3765 Hieronymus
2951 3710 2964 3746 :
2995 3692 3112 3747 scio
3152 3689 3494 3746 circumferri

1890 3789 2178 3861 quemdam
2219 3791 2546 3860 septimum;
2579 3787 2672 3843 sed
2705 3789 2820 3857 ipse
2844 3784 3070 3855 Optatus
3108 3799 3214 3839 non
3262 3782 3496 3838 obscure

1893 3885 2175 3955 profitetur
2197 3899 2302 3937 non
2327 3883 2428 3936 nisi
2452 3897 2545 3935 sex
2567 3881 2666 3935 abs
2688 3895 2746 3934 se
2766 3893 2888 3935 esse
2909 3879 3145 3948 scriptos
3166 3893 3181 3929 :
3202 3875 3292 3930 ubi
3312 3885 3364 3928 et
3382 3873 3494 3928 sin-

1890 3976 2138 4047 gulorum
2179 3983 2553 4046 argumentum
2586 3989 2692 4026 non
2722 3972 3054 4042 ineleganter
3086 3974 3487 4040 prtemonstrat.

1891 4072 2182 4128 Pollicetur
2210 4085 2332 4126 sese
2367 4069 2700 4139 adjecturum
2727 4067 2971 4136 quaedam
3003 4076 3154 4129 acta;
3205 4061 3302 4117 sed
3352 4060 3494 4114 hanc

1891 4165 2249 4237 appendicem
2287 4179 2394 4217 non
2423 4162 2659 4215 invenio.
2695 4159 2840 4214 Libri
2875 4157 3030 4226 primi
3064 4153 3336 4225 prmcipua
3357 4163 3492 4222 quo-

1892 4277 1997 4332 que
2027 4259 2203 4330 capita
2239 4257 2566 4328 Augustinus
2590 4251 2904 4324 perstrinxit
2926 4251 3066 4306 libro
3094 4249 3268 4319 primo
3295 4254 3488 4302 contra

1892 4351 2330 4410 Parntenianum.
2383 4348 2589 4418 Legant
2625 4346 2714 4414 qui
2746 4346 2935 4398 volunt
2963 4341 3183 4412 (inquit)
3209 4354 3328 4409 qua:
3357 4352 3481 4392 nar-

1892 4456 1997 4509 rat,
2043 4455 2096 4499 et
2136 4444 2333 4512 quibus
2370 4439 2709 4495 documentis
2739 4453 2897 4508 quam
2929 4435 3097 4490 ntulta
3143 4429 3490 4503 persuadeat,

1892 4536 2216 4592 venerabilis
2239 4533 2516 4589 memorite
2533 4532 2653 4586 Mite
2663 4531 2876 4584 vitanus
2894 4528 3182 4598 episcopus
3198 4523 3494 4580 Catholicze

208 4628 372 4684 clesite
400 4632 600 4686 bellum
624 4631 1297 4702 indixerit,quantumque
1346 4634 1652 4688 incendium
1699 4649 1790 4690 ac-
1817 4621 1868 4684 Ι)
1894 4627 2291 4687 communionis
2312 4625 2541 4695 Optatus
2583 4625 2697 4678 sive
2725 4622 2793 4676 de
2819 4621 3018 4676 anilla
3043 4617 3494 4690 pecuniosissima

208 4721 434 4779 cenderit
487 4739 626 4780 unus
656 4724 895 4782 Donatus
918 4723 1168 4792 Numida,
1211 4733 1378 4781 testes
1403 4735 1529 4780 sunt
1558 4724 1789 4782 flamma:

208 4811 438 4870 factionis
496 4818 829 4873 Donatianze.
875 4817 1015 4885 Quid
1065 4817 1304 4891 futurum
1345 4829 1482 4886 erat,
1510 4821 1554 4874 si
1587 4819 1653 4874 ad
1697 4836 1790 4878 eas

208 4907 618 4980 exstinguendas
647 4910 838 4967 eadem
871 4911 1020 4982 regio
1051 4925 1156 4964 non
1196 4911 1468 4966 emisisset
1513 4912 1597 4966 vel
1624 4911 1790 4981 Opta-

210 5007 307 5055 tum
332 5007 573 5059 nostrum
629 5005 681 5058 in
723 5003 968 5059 Numidia
1015 5003 1379 5059 Milevitauum
1438 5005 1788 5076 Episcopum,

209 5093 284 5148 vel
315 5095 484 5166 ipsum
517 5097 676 5168 paulo
703 5106 823 5166 post
861 5095 1217 5167 Augustinum
1253 5115 1264 5150 :
1301 5097 1390 5151 illa
1421 5096 1544 5152 dico
1569 5097 1680 5152 duo
1708 5097 1790 5152 lu-

210 5188 339 5241 mina
368 5188 649 5257 Ecclesim,
679 5199 734 5244 et
773 5188 1039 5244 adversus
1091 5189 1276 5244 hostes
1304 5189 1520 5259 pietatis
1556 5190 1666 5246 duo
1692 5190 1795 5246 ful-

211 5281 338 5334 mina
369 5283 691 5339 sanctissimi
733 5283 892 5338 belli?
934 5283 1180 5354 Magnum
1232 5283 1477 5353 profecto
1509 5285 1792 5355 religionis

211 5377 503 5443 praesidium
531 5377 629 5432 fuit
657 5377 1026 5434 Milevitanum
1051 5377 1372 5441 Concilium,
1395 5381 1482 5434 cui
1508 5389 1563 5434 et
1586 5381 1796 5451 Augus-

211 5465 342 5525 tinus
373 5471 628 5526 interfuit.
659 5471 765 5528 Sed
808 5471 970 5541 paulo
1026 5482 1154 5527 ante
1205 5471 1451 5527 Ecclesia
1486 5473 1790 5529 Milevitana

211 5559 422 5618 dederat
453 5565 713 5620 Ecclesia:
734 5563 1029 5620 Catholica:
1051 5581 1300 5638 magnum
1331 5567 1650 5632 subsidium,
1667 5585 1789 5624 cum

209 5653 453 5712 adversus
481 5657 588 5712 vim
638 5667 694 5714 et
737 5657 960 5712 insidias
992 5657 1390 5714 Donatistarum
1440 5676 1594 5715 suum
1627 5659 1791 5732 Opta-

209 5754 312 5802 tum
334 5749 497 5806 dedit.
523 5755 596 5807 Ac
620 5753 818 5808 multos
841 5751 1058 5822 quidem
1083 5753 1150 5807 iis
1175 5753 1504 5823 temporibus
1532 5753 1583 5807 in
1610 5752 1790 5810 Africa

209 5835 364 5897 fuisse
383 5842 606 5914 Optatos
634 5845 886 5918 legimus,
911 5845 1069 5904 valde
1095 5845 1295 5917 alioqui
1317 5845 1630 5906 dissimiles.
1657 5847 1790 5905 Nam

1899 4732 2026 4778 tunc
2064 4733 2118 4777 et
2150 4719 2529 4776 factiosissima
2579 4715 2821 4780 fmmina,
2875 4729 3035 4783 quam
3086 4727 3184 4782 pro
3235 4709 3494 4766 Ecclesia:

1896 4815 2182 4885 disciplina
2234 4814 2292 4870 S.
2342 4811 2664 4866 Caecilianus
2711 4807 2890 4862 adhuc
2919 4807 3180 4862 diaconus
3233 4804 3491 4858 laeserat:

1897 4911 1979 4966 vel
2009 4910 2077 4966 de
2097 4908 2306 4965 Cameris
2334 4905 2584 4960 factionis
2613 4905 2730 4972 ejus
2757 4900 3120 4965 consortibus,
3153 4897 3267 4952 sive
3289 4894 3500 4949 furibus

1897 5001 2253 5058 ecclesiastici
2277 4997 2506 5068 argenti;
2536 4996 2652 5051 sive
2676 4995 2742 5050 ad
2764 4995 3134 5063 episcopatum
3161 5004 3220 5045 se
3244 5003 3352 5042 non
3377 5002 3497 5056 per-

1899 5097 2112 5153 venisse
2142 5085 2470 5155 dolentibus,
2501 5099 2556 5147 et
2580 5090 2680 5146 sibi
2713 5088 2992 5159 praelatum
3039 5083 3390 5141 Caecilianum
3413 5082 3498 5137 itt-

1899 5191 2072 5254 sidiis,
2101 5187 2296 5259 quibus
2325 5193 2597 5258 poterant,
2630 5180 3050 5245 insectantibus;
3075 5177 3190 5234 sive
3217 5176 3286 5233 de
3305 5175 3495 5231 Numi-

1900 5284 1984 5340 dis
2006 5281 2300 5352 episcopis,
2328 5293 2464 5350 quos
2492 5277 2592 5332 ista
2615 5277 2776 5332 factio
2798 5281 3190 5329 convocaverat
3215 5269 3283 5325 ad
3314 5268 3494 5339 perni-

1898 5377 2041 5431 ciem
2060 5372 2352 5439 Cmciliani,
2381 5381 2437 5426 ut
2454 5385 2521 5426 eo
2542 5369 2790 5439 deposito
2815 5366 2951 5421 alter
2977 5363 3340 5420 ordinaretur.
3368 5359 3497 5415 Haec

1898 5469 2011 5524 ille.
2044 5467 2175 5536 Quae
2205 5455 2350 5522 tanto
2392 5465 2666 5519 lubentius
2716 5474 2860 5516 nunc
2899 5458 3139 5521 recitavi,
3173 5457 3299 5524 quia
3342 5455 3397 5510 in
3431 5454 3496 5509 iis

1899 5562 2112 5618 dicatur
2134 5569 2320 5616 noster
2340 5559 2569 5628 Optatus
2589 5550 2983 5610 communionis
3000 5549 3316 5606 Catholicae.
3353 5548 3494 5618 Ergo

1898 5656 2024 5712 licet
2077 5654 2144 5709 ad
2201 5652 2454 5725 Cypriani
2510 5660 2564 5704 et
2617 5663 2830 5712 eorum,
2872 5647 2961 5717 qui
2993 5645 3067 5700 illi
3094 5641 3366 5711 suﬁ'ragati
3395 5641 3496 5696 ali-

1900 5751 2118 5824 quando
2145 5759 2307 5814 sunt,
2354 5745 2674 5801 sententiam
2720 5743 2788 5798 de
2817 5740 3083 5812 baptismo
3113 5736 3494 5793 hmreticorum

1905 5847 2152 5903 videatur
2182 5843 2500 5905 accessisse,
2531 5853 2690 5910 quam
2715 5844 2896 5910 postea
2921 5833 3251 5905 Augustinus
3271 5838 3326 5887 et
3350 5829 3498 5885 dam—
