3974 6324
493 295 632 360 ili)?

1707 275 2212 348 etiamnam
2254 271 2570 345 BALiibiiu

3618 277 3730 340 illis

492 419 662 484 navit,
697 425 749 471 et
777 411 1134 469 damnandam
1171 413 1292 466 esse
1319 405 1557 465 ostendit
1589 426 1602 462 :
1633 406 1810 463 tanien
1838 408 2088 478 pérman—
2116 403 2170 470 Α
2192 405 2292 460 hac
2343 409 2659 474 tempestate
2701 401 2964 472 imprimis
3001 408 3184 469 optare
3213 400 3496 456 debeamus
3521 416 3547 455 a
3575 404 3727 458 multis

491 511 565 565 sit
594 513 645 566 in
667 505 967 570 Catholica,
1015 508 1067 562 in
1097 521 1198 576 qua
1231 507 1285 559 et
1315 504 1637 577 Cyprianus,
1672 502 1935 558 Ecclesia.
1971 502 2088 556 Non

493 604 635 661 enim
660 601 886 658 Veteres
916 596 1006 656 aut
1036 600 1225 656 leviter
1251 605 1343 653 aut
1372 597 1529 653 facile
1558 595 1724 669 (quod
1757 610 1899 650 nunc
1930 595 2089 651 niitiis

492 701 700 752 temere
722 701 777 748 et
798 707 1017 748 morose
1041 703 1201 762 atque
1215 690 1424 756 odiose,
1448 702 1517 744 ne
1539 687 1712 743 dicam
1736 687 2088 752 calumninse,

492 788 813 858 plerumque
841 785 921 854 fit)
945 781 1104 839 alieni
1134 789 1227 838 aut
1253 781 1542 836 inurebant
1561 821 1574 845 ,
1615 789 1704 833 aut
1733 778 2092 862 aspergebant

493 880 773 935 haereseos
800 880 971 934 atram
999 889 1052 933 et
1081 891 1299 949 gravem
1333 885 1538 941 notam,
1571 880 1629 927 ttt
1653 873 1885 942 aliquem
1910 872 2089 927 statim

493 974 810 1030 abdicarent
839 971 1095 1027 Ecclesiae
1119 967 1524 1025 communione.

566 1067 683 1121 Non
735 1065 912 1120 dicam
967 1066 1220 1134 Optatum
1271 1062 1421 1116 locus
1468 1075 1638 1116 sacra:
1679 1058 1976 1129 Scriptura:
2003 1063 2095 1112 aut

497 1142 652 1216 valde
680 1157 927 1229 apposite
954 1165 1169 1227 semper
1191 1155 1441 1226 allegare,
1470 1161 1562 1209 attt
1588 1163 1878 1221 numquam
1903 1151 2090 1207 inflec-

493 1260 608 1306 tere
637 1251 722 1307 vel
746 1251 1094 1320 detorquere.
1126 1247 1358 1303 Fatebor
1378 1247 1558 1318 potius
1585 1247 1648 1300 iis
1672 1260 1916 1316 persaepe
1946 1242 2094 1299 abuti

495 1343 768 1413 imperite.
800 1342 964 1397 Vetus
991 1351 1073 1396 est
1100 1341 1232 1394 illud
1263 1357 1277 1393 :
1314 1339 1453 1395 bene
1493 1337 1644 1402 dicit,
1686 1337 1781 1392 sed
1813 1351 1919 1391 non
1958 1336 2095 1391 bene

497 1437 711 1507 probat.
757 1435 850 1491 Sic
879 1435 1144 1490 sententia
1177 1447 1297 1488 vera
1342 1432 1601 1498 manebit,
1633 1433 1851 1487 tametsi
1881 1429 1946 1485 ad
1974 1445 2092 1484 eam

497 1527 923 1583 conﬁrmandam
979 1527 1108 1582 falsa
1156 1525 1425 1582 interdum
1473 1525 1796 1580 adhibeatur
1826 1522 2094 1592 probatio.

496 1620 642 1676 Nihil
671 1631 762 1675 aut
785 1621 1022 1691 putidius
1042 1629 1134 1675 aut
1157 1621 1392 1690 ineptius
1411 1619 1515 1674 dici
1545 1618 1737 1690 potuit,
1763 1629 1922 1688 quam
1952 1616 2094 1686 quod

497 1713 890 1769 Parmenianus
917 1713 984 1768 ad
1029 1709 1431 1782 reprobandum
1463 1710 1862 1766 Catholicorum
1893 1707 2098 1777 baptis-

2196 498 2294 568 legi
2319 505 2477 567 atque
2500 495 2654 568 113
2681 491 2954 565 cognosci,
2974 493 3087 549 hzec
3108 494 3341 564 proiecto
3356 508 3452 547 una
3474 503 3569 562 est,
3588 497 3730 567 inqua

2194 605 2246 652 et
2269 595 2427 666 hujus
2450 595 2709 664 temporis
2732 592 3104 664 intemperiem
3123 597 3283 662 prope
3297 591 3572 662 depictam,
3602 603 3645 648 et
3657 610 3728 648 co-

2197 701 2317 742 rum
2352 688 2731 749 eertaminnm,
2790 685 2984 756 quibus
3037 685 3186 740 orbis
3233 693 3413 740 noster
3459 687 3733 753 concutitur,

2196 783 2427 854 efﬁgiem
2461 780 2600 835 vivis
2625 781 2899 835 coloribus
2923 791 3231 848 eXpressam
3257 793 3379 833 esse
3406 777 3609 833 dixeris.
3631 780 3737 835 Nolo

2195 889 2340 931 nunc
2365 875 2826 944 comp-irationem
2852 884 3137 944 pertexere
3171 889 3184 927 :
3219 871 3359 943 quod
3386 887 3487 926 non
3510 872 3650 927 modo
3676 873 3737 927 fa-

2196 984 2322 1026 cere
2353 985 2457 1024 non
2492 983 2702 1039 possem
2733 968 2852 1024 sine
2881 967 3065 1022 odiosa
3099 966 3318 1031 invidia,
3352 966 3445 1021 sed
3469 973 3532 1021 ne
3556 969 3735 1035 quidem

2197 1063 2316 1119 sine
2349 1063 2703 1118 acerbissimo
2731 1061 2944 1116 dolore.
2989 1061 3053 1114 Et
3099 1059 3328 1114 fortasse
3357 1058 3570 1113 interest
3607 1061 3742 1116 nomi-

2196 1160 2281 1214 nis
2328 1156 2609 1213 christiani
2642 1155 2784 1211 foeda
2837 1155 2925 1210 illa
2959 1153 3270 1224 opprobria,
3303 1153 3477 1221 qualia
3520 1152 3620 1207 haec
3641 1163 3741 1207 tetas

2196 1251 2363 1317 videt,
2396 1249 2723 1319 sempiterna
2754 1247 3028 1302 oblivione
3078 1247 3254 1315 potius
3285 1246 3501 1315 sepeliri
3530 1253 3666 1316 quam
3691 1247 3741 1300 ad

2199 1341 2533 1416 posteritatis
2563 1341 2878 1397 memoriam
2901 1340 3216 1395 tranSmitti.
3251 1337 3361 1395 Sed
3389 1326 3475 1392 Illa
3500 1337 3610 1394 licet
3635 1345 3744 1394 nunc

2197 1435 2618 1506 supprimantur,
2636 1441 2814 1488 tamen
2835 1429 3303 1502 nescioquoniodo
3317 1440 3374 1487 et
3393 1437 3647 1486 exstareet
3665 1430 3744 1500 legi

2196 1528 2449 1583 videntur
2480 1526 2530 1581 in
2561 1526 2695 1581 actis
2726 1519 3151 1591 Donatistarum,
3179 1531 3401 1593 mleque
3421 1531 3593 1577 eorum
3619 1526 3744 1578 ιρι-τὶ-

2199 1623 2291 1680 bili
2324 1621 2601 1692 tragoedia,
2622 1635 2741 1691 quae
2770 1620 2867 1675 abs
2889 1618 3124 1674 scintilla
3152 1617 3239 1672 vel
3266 1615 3411 1671 fumo
3439 1617 3606 1672 nescio
3627 1616 3746 1687 cujus

2199 1714 2500 1769 ambitiosa:
2525 1711 2910 1777 contentionis,
2945 1712 2998 1765 in
3023 1723 3114 1765 eas
3147 1710 3397 1764 ﬂammas
3424 1708 3628 1770 exarsit,
3654 1723 3745 1777 qua:

495 1819 644 1862 mum
693 1808 966 1877 allegabat
1009 1807 1139 1863 illud
1180 1807 1397 1861 Davidis
1431 1824 1444 1862 :
1475 1809 1645 1860 oleum
1682 1804 1964 1876 peccatoris
1995 1819 2097 1856 non
2127 1801 2174 1862 Β
2204 1821 2309 1862 non
2336 1806 2496 1860 modo
2529 1806 2761 1860 Africani
2795 1806 3098 1858 universam
3130 1811 3504 1869 pervaserunt,
3527 1809 3576 1856 et
3601 1803 3742 1855 fuites-

495 1913 650 1973 smget
673 1911 825 1973 caput
855 1913 1044 1956 Meum.
1071 1901 1213 1956 Nihil
1246 1909 1362 1956 erat
1397 1899 1627 1966 facilius,
1658 1909 1818 1969 quam
1860 1898 1978 1952 loco
2009 1898 2093 1951 i'n-

495 2001 682 2065 specto
709 2001 764 2049 et
791 1993 996 2063 prolata
1045 1993 1491 2063 interpretatione
1519 2005 1648 2046 vera
1684 2000 1790 2045 tam
1835 1989 2096 2044 insulsam

498 2085 702 2148 indocti
718 2083 998 2157 nugatoris
1018 2085 1318 2140 fatuitatem
1335 2083 1611 2140 irridendo
1635 2083 1908 2139 refellere.
1935 2082 2097 2150 Quasi

500 2188 682 2232 tamen
732 2177 800 2232 ad
853 2189 965 2232 rem
1020 2177 1221 2247 aliquid
1253 2176 1504 2243 dixisset,
1554 2176 1711 2230 sudat
1752 2175 1997 2246 Optatos,
2046 2179 2100 2229 et

499 2270 698 2324 frustra
723 2283 785 2325 se
828 2263 1074 2341 torquet,
1108 2280 1167 2323 ut
1209 2269 1440 2325 excutiat
1484 2268 1701 2339 aliquod
1732 2280 2050 2337 responsum
2084 2282 2097 2319 :

503 2362 665 2432 idque
687 2361 778 2416 dat
809 2361 956 2432 quod
980 2370 1035 2417 et
1057 2375 1161 2416 non
1189 2361 1365 2416 minus
1387 2363 1484 2416 abs
1513 2361 1710 2416 Davide
1731 2369 1815 2416 est
1838 2360 2096 2416 alienum.

502 2455 691 2510 Fuerit
719 2471 849 2510 sane
877 2455 968 2510 illa
997 2454 1295 2511 infelicium
1326 2465 1630 2526 temporum
1660 2455 1856 2510 misera
1884 2453 2056 2524 caligo
2087 2471 2099 2507 :

504 2557 559 2603 et
595 2558 797 2604 nostrae
827 2550 994 2612 aetati,
1047 2550 1090 2604 si
1121 2550 1241 2619 plus
1271 2548 1348 2603 illi
1391 2547 1662 2604 aﬁulserit
1693 2548 1844 2612 lucis,
1869 2547 2105 2619 gratule-

503 2653 644 2696 mur.
672 2641 878 2696 lnterea
909 2644 1114 2708 tamen,
1142 2642 1234 2712 qui
1267 2641 1397 2696 recti
1421 2641 1608 2711 judicii
1637 2643 1786 2706 sunt,
1811 2655 2105 2711 agnoscere

497 2734 550 2788 in
585 2735 686 2788 hoe
703 2735 971 2804 scriptore
999 2744 1245 2804 possunt,
1268 2735 1410 2804 quod
1440 2746 1496 2790 et
1521 2733 1576 2789 in
1601 2734 1721 2788 aliis
1747 2732 1893 2789 Afris
1923 2733 2106 2804 Scrip-

504 2827 711 2881 toribus
740 2826 1096 2893 admiramur,
1129 2826 1446 2892 vehemens,
1477 2833 1623 2892 aere,
1650 2826 1877 2881 densum
1899 2835 1954 2882 et
1982 2842 2106 2880 ner-

502 2934 692 2974 vosum
726 2920 842 2974 sive
864 2919 1078 2975 dicendi
1106 2919 1219 2975 sive
1243 2920 1550 2990 disputandi
1575 2936 1767 2992 genus,
1805 2923 2102 2990 prwsertim

503 3013 548 3067 si
596 3013 648 3066 in
711 3024 1000 3082 personam
1055 3010 1321 3083 agendum
1370 3014 1459 3067 sit.
1505 3013 1839 3083 Scriptorem
1886 3012 2102 3082 quidem

503 3113 653 3160 certe
682 3103 824 3160 hunc
853 3113 1070 3174 Oportet
1116 3115 1335 3176 propter
1380 3105 1534 3160 bona:
1561 3116 1614 3160 et
1641 3106 1869 3160 sincera:
1893 3107 1942 3159 in
1973 3121 2100 3160 nar-

2203 1903 2414 1958 tiSsimo
2432 1901 2723 1956 schismate
2752 1899 3208 1970 permiscuerunt,
3224 1897 3318 1951 sed
3347 1904 3400 1951 et
3417 1897 3587 1952 orbem
3607 1896 3744 1950 chris-

2203 1995 2413 2050 tianum
2458 1991 2707 2049 incendio
2737 1991 2952 2063 longius
2976 2000 3258 2062 grassante
3297 1983 3652 2059 implicuerunt
3673 1999 3745 2040 an-

2204 2089 2290 2142 nis
2315 2088 2594 2158 pluStiuttm
2621 2086 2880 2141 trecentis
2907 2101 2919 2137 :
2955 2095 3078 2138 nam
3109 2091 3164 2138 et
3193 2081 3522 2152 temporibus
3548 2080 3745 2150 Gregorii

2204 2180 2472 2251 pontiﬁcis
2521 2179 2747 2234 Romani
2801 2177 3122 2248 perdurasse
3147 2177 3523 2248 cognoscimus
3556 2185 3611 2229 ex
3638 2174 3747 2228 illius

2205 2273 2471 2344 epistolis.
2510 2272 2605 2328 Vix
2635 2277 2815 2327 autem
2864 2271 2915 2326 in
2959 2269 3134 2326 Africa
3185 2277 3480 2340 utcumque
3521 2268 3748 2338 quieverat

2209 2367 2611 2424 Deitatistarum
2665 2365 2846 2420 rabies
2891 2383 2904 2418 :
2951 2373 3005 2419 et
3059 2358 3188 2419 ecce
3235 2363 3410 2418 altera
3441 2359 3746 2417 Vandalorum

2207 2461 2531 2516 Arianorum
2577 2456 2876 2522 inundavit,
2901 2456 3121 2526 qualem
3160 2454 3456 2526 descripsit
3479 2453 3642 2510 Victor
3665 2452 3748 2508 Uli-

2207 2554 2406 2608 censis.
2453 2550 2569 2606 Non
2614 2549 2768 2605 fuero
2797 2560 2969 2616 vates,
2999 2549 3046 2603 si
3074 2564 3193 2619 qua:
3223 2549 3428 2603 nostris
3472 2542 3746 2617 temporibus

2210 2643 2584 2716 impendeant,
2630 2639 2838 2698 dixero.
2871 2643 2989 2698 Jam
3019 2642 3164 2697 enim
3195 2654 3247 2697 et
3282 2641 3455 2698 oculis
3481 2647 3743 2698 cernuntur,

2209 2749 2263 2794 et
2292 2737 2541 2792 manibus
2573 2745 2844 2791 tenentur.
2880 2734 2990 2791 Sed
3023 2734 3148 2804 quid
3183 2736 3428 2805 ingratus
3453 2733 3587 2788 orbis
3613 2741 3744 2785 tem-

2208 2846 2328 2886 rum
2355 2831 2518 2885 etiam
2545 2837 2838 2894 mereatur,
2866 2841 2970 2881 non
2997 2827 3235 2898 ignoras.
3259 2826 3445 2896 Itaque
3470 2834 3521 2879 et
3544 2832 3609 2888 te,
3631 2822 3746 2889 cuius

2211 2923 2328 2994 pios
2353 2924 2585 2993 gemitus
2613 2937 2789 2992 nuper
2818 2919 3019 2986 audivi,
3049 2921 3100 2974 in
3133 2919 3235 2974 hac
3261 2920 3503 2974 editione
3528 2917 3747 2989 appellare

2207 3016 2376 3082 volui,
2400 3024 2454 3069 et
2481 3014 2545 3068 ad
2572 3025 2623 3068 te
2647 3013 2850 3068 referre
2895 3013 2996 3066 hoc
3031 3011 3406 3066 testiinonium
3439 3025 3562 3066 mea:
3587 3024 3688 3080 erga
3711 3017 3746 3064 te

2208 3107 2590 3165 observantiae.
2639 3103 2855 3161 Memini
2883 3105 3050 3165 enim,
3077 3109 3176 3158 nec
3209 3117 3461 3173 umquam
3492 3101 3745 3159 obliviscar,

505 3199 812 3254 rationibus
851 3197 974 3254 iidei
1001 3199 1335 3269 opinionem,
1385 3215 1596 3269 magnae
1628 3200 1962 3255 auctoritatis
1990 3210 2102 3256 sta-
2132 3200 2176 3265 C
2211 3220 2334 3259 cum
2383 3200 2750 3273 superioribus
2782 3198 2994 3264 diebus,
3048 3207 3273 3253 auctore
3331 3209 3407 3264 te,
3451 3196 3675 3252 dixissem
3699 3193 3748 3248 de

508 3291 605 3346 tim
636 3291 828 3358 fuisse,
866 3308 987 3347 cum
1018 3293 1184 3348 etiam
1235 3293 1336 3364 ipsi
1385 3293 1698 3357 Donatistaa,
1738 3307 1875 3364 quos
1905 3292 2105 3364 alioqui

504 3385 772 3440 acet-time
795 3385 1111 3451 insectatur,
1139 3387 1334 3441 vicisse
1351 3401 1412 3440 se
1442 3394 1709 3455 putarent,
1745 3387 1790 3441 si
1818 3387 1934 3457 ejus
1958 3388 2106 3442 testi-

505 3476 689 3531 monio
721 3476 796 3531 uti
847 3476 1136 3547 aliquando
1188 3489 1425 3547 possent.
1472 3477 1562 3534 Sic
1593 3480 1736 3532 enim
1765 3479 1906 3549 qttod
1940 3479 2108 3549 ﬁnge-

507 3570 640 3622 bant
665 3577 828 3638 atque
858 3569 1235 3626 fabulabantur
1274 3570 1344 3626 de
1385 3583 1484 3624 suo
1529 3571 1735 3625 Donato
1776 3571 2028 3626 absoluto
2055 3581 2108 3626 et

508 3659 798 3716 Caeciliano
823 3662 1096 3725 damnato,
1129 3665 1308 3720 conati
1336 3675 1459 3720 sunt
1485 3665 1723 3736 (tametsi
1768 3665 1821 3721 id
1866 3665 2110 3722 facerent

508 3770 616 3808 non
646 3755 826 3810 minus
882 3756 1204 3825 impttdenti,
1254 3772 1414 3827 quam
1474 3757 1760 3829 perfidiose
1815 3758 2108 3830 calumnia)

512 3847 688 3916 Optati
716 3850 885 3903 nostri
916 3850 1096 3905 verbis
1121 3852 1362 3919 captiose
1387 3853 1731 3908 continuare.
1783 3853 1963 3924 Itaque
1995 3854 2106 3927 (in-

511 3942 629 4011 quit
658 3939 992 4012 Augustinus
1019 3943 1071 3997 in
1105 3944 1383 4000 breviculo
1403 3946 1752 4002 collationum
1785 3963 1908 4002 cum
1932 3947 2110 4002 Dona-

513 4031 680 4104 tisliS)
712 4034 1076 4105 velutaliquid
1105 4036 1495 4092 validissimum
1529 4040 1809 4107 prolaturi,
1841 4040 2113 4110 petierunt

514 4125 768 4196 Optatum
793 4126 894 4198 legi
923 4146 936 4181 :
969 4129 1112 4199 quod
1142 4139 1195 4184 et
1226 4141 1383 4184 antea
1409 4131 1675 4200 petierant
1707 4149 1721 4185 :
1758 4143 1812 4189 et
1833 4134 2002 4189 lectus
2030 4144 2114 4191 est

515 4217 670 4272 locus
695 4217 895 4288 Optati,
932 4231 1090 4289 quem
1117 4221 1412 4278 Donatistae
1435 4224 1824 4293 praetexebant.
1879 4226 1952 4282 De
1995 4228 2112 4296 ejus

516 4309 784 4364 sententia
808 4311 1034 4380 quaestio
1055 4310 1171 4366 fuit.
1204 4313 1466 4369 Catholici
1495 4330 1605 4370 non
1631 4325 1736 4370 tam
1760 4316 2111 4387 admirantes,

514 4409 674 4470 quam
707 4399 995 4458 irridentes
1043 4405 1304 4460 insaniant
1335 4407 1794 4475 adversariorum,
1851 4421 2115 4481 rogarunt

515 4501 575 4546 ut
607 4493 815 4564 integer
838 4494 1063 4566 Optatos
1094 4498 1383 4570 legeretur,
1417 4501 1506 4571 qui
1540 4515 1680 4557 unus
1713 4502 2110 4558 Donatistarum

2205 3297 2327 3367 jure
2357 3294 2511 3350 civili
2553 3295 2605 3348 in
2655 3307 2793 3348 nova
2829 3290 3026 3347 Scitula
3058 3291 3295 3361 Belgica,
3321 3303 3621 3346 conversum
3644 3288 3749 3341 inter

2211 3405 2312 3445 nos
2338 3404 2459 3444 esse
2490 3402 2797 3442 sermonem
2835 3385 2902 3439 ad
2933 3383 3368 3440 recordationem
3408 3384 3591 3440 veteris
3624 3383 3750 3436 histo-

2209 3484 2306 3538 rite
2362 3480 2778 3545 Ecclesiasticze,
2838 3479 3012 3548 deque
3067 3477 3216 3532 hisce
3267 3478 3462 3534 litteris
3505 3476 3749 3542 studiisque

2213 3576 2355 3630 idem
2387 3574 2504 3639 tibi,
2557 3572 2701 3645 quod
2732 3574 2884 3641 tnihi,
2924 3572 3094 3628 visunt
3133 3573 3324 3628 fuiSse.
3363 3572 3507 3628 Fecit
3552 3573 3638 3626 hoc
3662 3583 3749 3638 tiro-

2213 3672 2352 3726 fectn
2397 3679 2502 3725 neti
2533 3679 2642 3724 tam
2689 3671 2771 3724 vel
2821 3670 3012 3739 patria,
3043 3669 3124 3725 vel
3159 3669 3434 3732 educatio,
3466 3667 3543 3722 vel
3570 3663 3749 3719 amicitia

2211 3762 2537 3827 communis,
2569 3775 2730 3832 quam
2783 3760 2976 3815 similis
3017 3761 3265 3830 quaedam
3311 3773 3440 3817 cura
3480 3754 3747 3828 reipublicze.

2219 3854 2368 3909 Vale.

2290 3945 2518 4011 Lutetite,
2555 3944 2814 4002 Kalendis
2836 3944 3178 4017 Septembris.

2763 4069 2954 4137 30mm
2995 4091 3244 4136 Lucanto.

2817 4194 2894 4250 in.
2939 4195 3198 4250 CALVKNO.

2296 4307 2428 4369 Cum
2463 4298 2560 4368 hes
2591 4310 2770 4381 Oplati
2797 4308 3096 4379 librosjam
3128 4308 3434 4364 emissurus
3453 4313 3586 4362 esset
3611 4299 3756 4357 Libra—

2217 4409 2359 4477 rius,
2399 4405 2796 4462 admonueruut
2838 4417 2925 4456 me
2954 4401 3112 4456 amici
3154 4409 3208 4455 et
3256 4399 3546 4454 familiares
3584 4392 3754 4465 quidam

2219 4503 2324 4558 mei
2357 4515 2465 4556 non
2490 4513 2650 4570 posse
2684 4511 2769 4552 me
2803 4494 2920 4550 sine
2951 4493 3380 4564 reprehensione
3407 4487 3756 4563 praetermittere

516 4585 797 4640 mendacia
853 4591 1197 4660 apertissime
1253 4591 1501 4649 refellere
1533 4603 1765 4664 poterat.
1820 4594 1911 4651 Sic
1951 4596 2114 4666 hujus
2140 4598 2194 4660 D
2219 4596 2361 4668 quod
2398 4595 2574 4651 obiter
2599 4593 2651 4648 in
2681 4589 2916 4647 secunda
2963 4604 3087 4644 mea
3129 4589 3196 4644 ad
3221 4599 3274 4644 te
3300 4587 3634 4657 responsione
3651 4590 3756 4633 anno

518 4678 679 4732 unius
703 4677 993 4748 Scriptoris
1015 4686 1324 4740 testimonio
1347 4687 1566 4742 definita
1597 4688 1663 4744 lis
1685 4689 1774 4743 illa
1800 4689 1916 4744 fuit.
1941 4691 2114 4759 Opor-

521 4778 595 4824 tet
621 4769 840 4841 (iterum
867 4770 1011 4844 dieo)
1040 4789 1290 4844 magnum
1313 4787 1368 4832 et
1391 4779 1638 4834 maximae
1667 4782 2006 4836 auctoritatis
2026 4782 2114 4837 di-

518 4862 848 4932 gnitatiSque
874 4872 1064 4919 testem
1095 4865 1286 4934 fuisse,
1313 4884 1474 4938 quem
1516 4871 1808 4928 Donatista:
1839 4870 1951 4947 (qui
1981 4875 2116 4931 nihil

521 4968 626 5006 non
653 4954 854 5025 alioqui
899 4955 1193 5028 audebant)
1225 4974 1334 5013 non
1365 4961 1476 5015 ausi
1506 4973 1635 5018 sunt
1682 4979 1957 5033 recusare,
1988 4982 2113 5021 cum

522 5057 701 5100 tamen
733 5048 802 5102 ab
831 5065 896 5102 eo
919 5049 1149 5120 iugulari
1182 5067 1241 5107 se
1268 5054 1530 5109 sentirent
1557 5073 1569 5108 :
1602 5056 1710 5110 imo
1752 5073 1883 5112 vero
1908 5059 2115 5115 calum-

524 5138 630 5192 nia:
661 5147 716 5194 et
744 5139 862 5193 falsi
901 5141 1145 5197 damnari
1174 5144 1504 5211 maluerunt,
1547 5163 1706 5216 qnam
1734 5149 1783 5204 ei
1817 5150 1975 5204 fidem
2007 5143 2114 5206 non

520 5231 724 5286 habere
751 5231 942 5287 videri.
985 5232 1250 5303 Equidem
1284 5253 1387 5289 non
1421 5239 1643 5293 instituo
1677 5240 1918 5308 pluribus
1941 5243 2119 5298 verbis

519 5337 796 5393 exponere
824 5333 1081 5394 quantum
1109 5327 1356 5382 utilitatis
1380 5344 1448 5384 ex
1487 5329 1636 5386 hisce
1657 5331 1836 5402 Optati
1869 5333 2022 5390 libris
2047 5336 2116 5391 ad

521 5421 817 5476 Ecclesiam
864 5421 1044 5478 redire
1074 5424 1262 5491 possit.
1319 5424 1423 5480 Sed
1473 5425 1600 5480 illud
1633 5427 1793 5481 modo
1824 5428 1983 5483 dico:
2031 5439 2113 5485 ta-

525 5515 682 5567 ntetsi
713 5515 829 5569 sola
873 5515 922 5567 in
954 5515 1018 5569 iis
1045 5514 1271 5571 historia
1301 5519 1571 5588 surgentis
1598 5529 1759 5588 atque
1785 5519 2119 5577 invalescen-

527 5606 593 5660 tis
624 5607 932 5662 Domitiana:
963 5619 1126 5665 secta:
1155 5607 1516 5681 factionisque
1554 5621 1814 5680 exstaret,
1841 5613 1999 5670 valde
2024 5631 2119 5671 eos

529 5712 633 5748 non
664 5697 825 5751 modo
851 5701 979 5753 olim
1009 5699 1197 5767 fuisse,
1222 5702 1317 5757 sed
1346 5704 1642 5759 etiamnum
1667 5719 1788 5760 csse
1830 5707 1988 5761 utiles
2019 5709 2123 5763 rei-

529 5787 756 5854 publicae
778 5789 1112 5851 christianos.
1147 5794 1214 5852 Et
1240 5811 1369 5854 vero
1390 5798 1435 5856 si
1459 5813 1566 5871 qua
1586 5807 1668 5857 est
1689 5798 1938 5873 historia,
1964 5817 2125 5873 quam

2220 4689 2487 4760 superiori
2531 4683 2799 4755 pollicitus
2831 4697 2954 4737 esse
2980 4681 3187 4746 videor,
3221 4680 3490 4736 dicturum
3518 4677 3634 4730 alias
3666 4682 3757 4726 esse

2221 4797 2331 4848 tne,
2356 4797 2462 4835 non
2489 4794 2647 4850 posse
2673 4793 2738 4833 ex
2774 4775 3000 4831 historia
3037 4776 3250 4842 judicii,
3274 4791 3384 4845 quo
3413 4771 3698 4829 Czccilianus
3718 4770 3757 4816 ei

2221 4875 2461 4929 Donatus
2486 4869 2782 4926 conflictati
2809 4878 2958 4933 sunt,
2984 4867 3114 4922 illud
3141 4868 3282 4932 elici,
3312 4866 3452 4936 quod
3483 4875 3534 4918 tu
3555 4866 3663 4935 (qut
3678 4870 3756 4912 non

2222 4967 2423 5038 Optima
2463 4965 2567 5021 fide
2601 4980 2717 5019 rem
2747 4971 2946 5018 tantam
2980 4963 3211 5017 recitare
3239 4961 3440 5016 videris
3465 4962 3482 5029 )
3511 4967 3640 5012 tanta
3661 4967 3758 5007 catt-

2225 5057 2444 5114 fidentia
2471 5057 2680 5127 colligis
2705 5097 2719 5121 ,
2750 5065 2804 5109 ct
2827 5071 2928 5126 ego
2969 5054 3260 5125 aliquando
3304 5059 3568 5108 errantem
3606 5046 3753 5102 ducent

2223 5154 2416 5225 puerili
2450 5151 2681 5222 quadam
2721 5150 3041 5206 credulitate
3072 5160 3290 5205 secutus
3322 5148 3374 5202 in
3402 5161 3545 5202 meos
3567 5143 3624 5197 de
3648 5137 3755 5225 Conf

2225 5224 2464 5302 Stantino
2508 5242 2936 5298 commentarios
2968 5241 3149 5298 retuli.
3173 5239 3334 5296 Certe
3366 5254 3485 5295 cum
3513 5247 3663 5296 error,
3689 5224 3753 5295 qui

2224 5343 2375 5408 latet,
2403 5339 2612 5410 longius
2636 5349 2818 5408 serpat
2853 5345 2911 5392 et
2944 5338 3207 5392 increscat
3233 5353 3246 5389 :
3272 5335 3493 5390 nimium
3523 5323 3753 5399 perﬁdiosa

2225 5436 2295 5488 sit
2323 5431 2688 5488 dissimulatio
2712 5472 2726 5496 ,
2760 5444 2881 5500 qua:
2912 5445 3036 5484 eum
3065 5429 3149 5484 vel
3185 5429 3276 5483 alit
3297 5427 3384 5482 vel
3407 5425 3548 5496 tegit,
3572 5427 3752 5491 preser-

2222 5530 2318 5583 titn
2369 5528 2420 5582 in
2453 5525 2849 5592 quaestionibus
2893 5522 3311 5580 licclesiasticis.
3345 5521 3433 5578 Sic
3467 5513 3658 5575 memini
3681 5508 3754 5563 Pe-

2225 5631 2365 5676 trum
2397 5628 2716 5690 martyrem,
2762 5619 3035 5674 hominem
3072 5627 3128 5674 et
3159 5618 3375 5674 doctum
3405 5624 3456 5670 et
3474 5612 3750 5682 diligentem.

2225 5715 2347 5784 quia
2379 5713 2688 5768 admonitus
2717 5727 2822 5767 non
2865 5710 2986 5778 fuit,
3024 5712 3215 5767 eodem
3259 5721 3348 5765 tuo
3376 5721 3551 5766 errore
3598 5695 3752 5766 ἱιιινιιιο

2233 5821 2375 5875 sum,
2406 5821 2471 5862 ex
2502 5804 2610 5874 illa,
2636 5803 2706 5861 de
2734 5821 2840 5877 qua
2871 5808 3084 5878 loquor,
3118 5805 3360 5871 historia,
3385 5802 3556 5860 dicere
3579 5797 3751 5868 ντωιετ·
