3974 6324
255 260 395 331 Ηυξ)

1418 272 1511 341 Al)
1558 266 1820 345 PRIMAM
1884 268 2257 351 confossa
2298 292 2570 356 OP'lATl.

3414 300 3551 370 liti)

250 403 314 443 ea
345 387 613 457 voluisse,
658 389 936 484 Principes
962 406 1084 450 esse
1108 395 1386 467 religionis
1408 397 1677 469 legitimos
1702 399 1848 471 judi-
1878 399 1926 462 Α
1957 401 2088 472 fori,
2139 410 2235 463 aut
2268 410 2378 465 suai
2403 396 2797 482 jurisdictioiiis
2824 434 2835 469 :
2889 416 3049 476 sicut]
3094 414 3281 479 'rul‘s'iis
3325 422 3452 482 fecit
3494 429 3545 484 in

245 493 341 535 ces
374 482 583 554 :quia(
606 482 810 555 inquit)
838 485 1226 542 Constantinus
1270 490 1367 544 abs
1408 500 1467 544 se
1519 500 1624 545 n‘on
1666 492 1852 561 rejecit

251 575 701 643 provocationem
732 575 1134 634 Donatistarum
1166 579 1444 636 aMiItiade
1461 582 1716 653 episeopo
1746 584 1854 639 Ro-

249 674 415 720 mano
462 664 883 725 damnatorum:
932 671 1029 727 sed
1076 674 1350 743 negotium
1396 674 1699 731 Arelatensi
1739 675 1854 744 epi-

250 774 419 829 scopo
445 761 741 817 commisit.
772 758 932 817 Eram
948 765 1287 836 Argentorati
1312 767 1366 821 in
1386 766 1505 837 eius
1531 767 1852 834 domo,cnm

251 850 381 907 talia
413 851 680 908 scriberet
733 853 788 908 in
841 854 1035 912 librum
1088 855 1357 913 iudicum.
1388 857 1495 915 Sed
1528 872 1635 913 non
1668 859 1853 914 aderat

255 942 508 1014 Optatos,
536 946 626 1015 qni
658 958 756 1001 suo
781 950 1093 1005 testimonio
1114 960 1168 1006 et
1198 951 1522 1008 auctoritate
1552 953 1854 1024 depelleret

250 1036 483 1094 nebulas
516 1038 664 1094 falsae
690 1040 983 1112 opinionis,
1020 1043 1093 1098 illi
1126 1044 1367 1099 historia:
1395 1046 1558 1101 veluti
1592 1046 1852 1102 incuban-

246 1141 351 1186 tes.
383 1132 463 1187 Ac
485 1133 749 1204 principio
776 1135 993 1206 quidem
1015 1138 1128 1191 scio
1156 1138 1339 1192 mirari
1370 1139 1592 1204 inultos,
1621 1142 1709 1211 qui
1736 1142 1849 1209 iiat,

246 1238 307 1280 ut
350 1242 476 1282 cum
522 1228 751 1299 Optatos
779 1238 834 1285 et
862 1231 1191 1301 Augustinus
1225 1232 1364 1287 hanc
1393 1230 1674 1288 historiam
1708 1236 1849 1291 reci-

246 1327 426 1375 tantes
452 1319 798 1377 nihilominus
818 1323 1064 1377 attollant
1088 1326 1341 1396 πρεσϐεῖα
1364 1326 1563 1381 veteris
1589 1325 1851 1383 Ecclesia:

245 1411 543 1479 Romanae;
579 1422 757 1469 tamen
784 1413 887 1469 hoc
919 1424 1165 1486 tempore
1199 1428 1249 1472 te
1278 1428 1333 1472 et
1380 1427 1500 1473 tuos
1550 1433 1615 1473 ex
1661 1418 1849 1476 eadem

246 1506 474 1563 historia
514 1508 653 1564 velle
681 1508 767 1564 illa
799 1509 1126 1579 deprimere,
1157 1512 1239 1567 vel
1272 1513 1436 1566 etiam
1470 1523 1718 1568 evertere
1752 1531 1764 1567 :
1794 1522 1851 1569 et

242 1599 465 1670 quidem
488 1609 543 1656 te
566 1602 617 1655 in
647 1600 797 1657 illius
820 1602 1139 1658 recitatione
1158 1643 1173 1671 ,
1206 1602 1448 1674 potuisse
1478 1604 1699 1660 laudare
1728 1606 1848 1676 epi-

243 1692 440 1747 stolam
488 1692 774 1764 Augustini
829 1695 1181 1749 centesimam
1213 1696 1604 1766 sexagesimam
1652 1710 1849 1751 secun-

1953 495 2175 567 Syn‘odo
2199 498 2434 572 Nicaeus,
2464 504 2583 561 cum
2605 509 2843 580 episcopi
2874 508 3015 567 inter
3032 520 3092 569 se
3112 512 3384 586 litigantes
3416 532 3549 576 suos

1953 587 2031 641 illi
2056 590 2378 649 obtulissent
2421 595 2654 654 libellos.
2696 600 2839 673 Ergo
2893 603 3112 661 causam
3170 604 3443 666 Caie'lliiani
3493 623 3548 669 ct

1956 681 2145 740 Donati
2192 687 2366 757 rejicit
2405 690 2469 745 ad
2518 692 2778 761 judicium
2826 696 3283 769 Ecclesiastieum,
3312 706 3398 761 “cui
3427 704 3548 775 jure

1953 789 2053 830 suo
2095 788 2354 848 prtee‘sset
2406 782 2673 841 Miltiades
2713 788 3001 860 episcopus
3041 791 3334 861 Romanus,
3389 806 3546 868 quem

1954 880 2133 961 tamen
2183 882 2239 927 tu
2297 886 2401 931 non
2446 878 2549 934 nisi
2583 890 2647 935 ex
2682 883 2937 939 mandato
2980 884 3271 960 prinCipis,
3308 890 3545 961 judic'chi

1953 960 2122 1018 fuisse
2148 974 2358 1021 narras.
2400 970 2479 1023 An
2514 969 2677 1040 igitur
2700 980 2822 1028 eum
2851 973 3096 1033 dicemus
3126 980 3243 1036 vice
3280 960 3432 1038 saera
3457 984 3547 1056 jn-

1952 1056 2185 1143 dicasse,
2230 1067 2288 1113 ut
2328 1060 2475 1131 leges
2518 1066 2582 1118 eti
2634 1066 2877 1136 tempore
2929 1068 3330 1139 lnquebaiitur?
3358 1074 3547 1144 Addis,

1952 1138 2173 1206 Iudices
2200 1151 2296 1208 abs
2325 1154 2685 1212 Constantino
2728 1157 2883 1215 datos
2932 1138 3038 1217 non
3088 1165 3248 1219 modo
3291 1179 3356 1222 ex
3393 1138 3548 1224 italia

1953 1248 2008 1295 et
2053 1240 2266 1307 Gallia,
2309 1245 2402 1299 sed
2448 1246 2610 1302 etiam
2663 1256 2725 1304 ex
2778 1249 3056 1323 HiSpania.
3102 1254 3211 1311 Cur
3257 1257 3433 1325 addis,
3482 1268 3547 1315 ex

1955 1332 2249 1405 Hispania?
2282 1353 2403 1393 nam
2431 1348 2535 1396 non
2565 1344 2785 1399 memini
2840 1344 2976 1403 alios
3007 1348 3171 1406 fuisse
3199 1365 3356 1419 quam
3384 1350 3551 1411 Italia:

1955 1436 2009 1483 et
2063 1428 2248 1485 Galliae
2293 1433 2595 1504 episcOpos.
2652 1436 2765 1494 Etsi
2825 1442 2968 1496 enim
3031 1438 3361 1516 Augustinus
3409 1449 3549 1505 refe-

1954 1529 2058 1587 rat,
2097 1523 2242 1593 quod
2284 1525 2498 1582 dicebat
2551 1528 2982 1602 Parmenianus,
3040 1530 3139 1606 per
3186 1538 3370 1595 Osium
3428 1540 3550 1598 liis-

1954 1628 2175 1683 pannm,
2222 1617 2548 1689 adjutorium
2591 1621 2684 1695 (ut
2722 1624 3160 1696 aitlp‘i'aastitum
3207 1640 3329 1687 esse
3381 1631 3548 1690 (Ζωοῦ-

1954 1705 2342 1766 lianoztamen
2392 1710 2541 1768 illum
2598 1715 2757 1787 hujus
2797 1717 3035 1788 judicent
3100 1722 3266 1781 fuisse
3316 1734 3421 1783 non
3468 1726 3549 1783 di-

242 1785 393 1852 dam,
423 1800 547 1857 qute
579 1797 637 1840 ut
663 1802 790 1842 vere
834 1797 1040 1854 narrat.
1073 1787 1220 1858 quod
1250 1788 1567 1859 quaerimus.
1598 1788 1678 1845 sic
1698 1788 1847 1845 addit
1877 1793 1924 1854 Β
1952 1800 2047 1856 cit.
2096 1802 2214 1858 Non
2286 1805 2634 1863 dubitabatur
2671 1785 2759 1867 de
2799 1785 3063 1872 iMiitiade
3118 1818 3373 1892 episcopo
3440 1818 3548 1879 lio-

242 1879 313 1934 de
370 1879 611 1935 Ecclesia
666 1880 905 1936 Romana
930 1922 945 1947 ,
976 1881 1119 1951 quod
1160 1895 1347 1952 negas.
1377 1880 1602 1953 Oportet
1640 1891 1841 1951 autem,

243 1974 425 2044 magni
463 1972 744 2043 cujusdam
770 1978 862 2043 (ut
900 1974 973 2028 ita
1016 1973 1239 2046 loquar)
1271 1974 1564 2045 prmjudicii
1592 1974 1758 2032 fuisse
1783 1977 1844 2031 il-

242 2066 334 2120 lud
362 2066 646 2137 judicium,
688 2068 757 2122 de
793 2067 948 2137 cujus
992 2068 1127 2122 actis
1153 2083 1451 2137 eorumque
1480 2068 1705 2125 veritate
1735 2080 1841 2124 tam

240 2159 402 2214 valde
428 2159 626 2215 deinde
648 2159 916 2230 litigatum
945 2167 1047 2215 est.
1079 2160 1135 2215 ln
1162 2176 1228 2216 ea
1260 2160 1481 2231 quidem
1514 2173 1663 2217 certe
1695 2174 1842 2217 asse-

241 2252 414 2307 renda
462 2262 621 2321 atque
666 2252 927 2307 adversus
968 2252 1373 2307 Donatistarum
1409 2254 1710 2309 calumnias
1748 2254 1845 2309 de-

239 2343 512 2400 fendenda
549 2345 886 2415 potissimum
910 2345 1263 2402 elaborarunt
1291 2346 1520 2416 Optatos
1552 2355 1608 2403 et
1632 2351 1844 2419 Augus-

243 2440 394 2494 tinus
425 2457 438 2493 :
475 2454 579 2509 quo
609 2440 779 2510 magis
812 2439 1032 2511 indigne
1069 2441 1351 2496 ferendum
1379 2450 1523 2497 esset
1554 2456 1694 2497 nunc
1721 2457 1841 2497 eam

240 2547 435 2589 rursus
475 2532 763 2603 depravari
795 2552 807 2587 :
843 2536 1057 2590 tametsi
1104 2534 1157 2588 in
1208 2548 1269 2591 ea
1299 2536 1572 2591 recitanda
1605 2535 1715 2590 tolli
1745 2535 1845 2590 ali-

238 2645 430 2700 quem,
462 2630 641 2685 minus
667 2632 926 2697 mirabor,
960 2632 1083 2701 quia
1116 2630 1457 2687 meminerim
1498 2633 1666 2701 ipsius
1702 2648 1842 2705 quo-

237 2739 349 2795 que
379 2724 681 2794 Augustini,
723 2740 845 2780 eum
878 2724 1071 2781 ederet
1108 2726 1529 2781 commentarios
1571 2728 1844 2797 probatio-

238 2832 372 2872 num
430 2827 486 2873 et
542 2818 974 2873 testimoniorum
1029 2828 1216 2873 contra
1266 2820 1615 2886 Donatistas,
1677 2819 1843 2875 fuisse

236 2910 461 2981 aliquod
490 2912 787 2984 μνημονικὸν
816 2910 1123 2989 ἁμάρτημα,
1154 2911 1295 2980 quod
1327 2920 1382 2966 et
1407 2912 1460 2966 in
1482 2912 1596 2967 suis
1620 2910 1844 2966 Retrac-

238 3005 507 3058 tationum
541 3004 689 3060 libris
715 3004 996 3059 confessus
1034 3010 1138 3060 est.
1186 3004 1368 3057 Dicam
1404 3004 1667 3071 breviter,
1698 3005 1841 3074 quod

236 3099 424 3154 verius
454 3112 577 3154 esse
616 3099 892 3165 existimo,
922 3113 1027 3153 non
1068 3109 1127 3152 ut
1166 3105 1221 3153 te
1266 3098 1515 3162 doceam,
1550 3098 1670 3170 (qui
1696 3099 1838 3153 enim

1951 1908 2131 1950 mano.
2180 1896 2286 1952 Sed
2352 1898 2644 1957 Donatistae
2686 1904 2897 1974 judices
2945 1906 3146 1966 habere
3186 1911 3442 1970 volebant
3482 1934 3546 1972 ex

1948 1986 2142 2043 Gallia.
2199 1990 2424 2062 Optatos
2470 2006 2657 2052 narrat
2699 1998 2856 2055 datos
2896 2012 3019 2057 esse
3075 2010 3188 2060 tres
3231 2011 3297 2063 es
3349 2008 3545 2079 Gallia,

1948 2082 2256 2153 quindecim
2311 2102 2377 2142 ex
2427 2084 2576 2144 [talia
2642 2098 2841 2161 printer
2890 2090 3224 2167 Miltiadem,
3280 2102 3371 2171 qui
3422 2104 3549 2159 Afer

1948 2187 2084 2241 erat.
2111 2178 2206 2234 sed
2229 2188 2348 2236 erat
2373 2181 2647 2239 Romanus
2673 2188 2921 2243 antistes.
2944 2188 3063 2245 iam
3087 2197 3217 2248 vero
3244 2196 3403 2250 tertio
3428 2197 3547 2253 loco

1955 2269 2115 2342 114
2141 2271 2426 2342 diligenter
2453 2278 2601 2343 iiota,
2628 2280 2771 2349 quod
2790 2280 3018 2352 Optatos
3046 2284 3188 2340 inter
3219 2286 3340 2342 illos
3361 2288 3547 2346 Gallos

1947 2374 2199 2420 numerat
2252 2366 2515 2423 Morinum
2579 2370 2956 2430 Arelatensem
3007 2378 3354 2449 episcopum;
3398 2396 3549 2437 enm.

1947 2475 2051 2529 que
2095 2461 2367 2530 significat
2391 2464 2611 2522 venisse
2641 2467 2892 2537 Romam,
2938 2477 2997 2525 nt
3035 2470 3261 2529 Miltiadi
3308 2476 3545 2533 adesset.

1950 2553 2061 2608 Hoc
2100 2553 2244 2609 enim
2293 2556 2425 2611 illud
2467 2558 2805 2628 potissimum
2849 2568 2963 2630 est,-
3026 2560 3169 2636 quod
3218 2576 3271 2624 te
3314 2562 3545 2629 fefeliil:

1950 2650 2079 2715 parte
2105 2652 2192 2703 tua
2219 2658 2274 2704 et
2295 2650 2433 2706 bona
2472 2652 2644 2722 gratia
2677 2654 2747 2710 ita
2789 2656 2999 2727 loquar,
3023 2659 3150 2728 quia
3183 2661 3352 2719 libere
3374 2670 3429 2720 et
3459 2664 3544 2719 fa-

1946 2736 2230 2794 miliariter
2288 2752 2465 2797 tecum
2516 2743 2658 2814 loqui
2716 2746 2910 2801 solitus
2953 2763 3091 2803 sum;
3142 2748 3438 2809 Cbntendls
3490 2757 3545 2812 in

1950 2831 2050 2885 hac
2089 2845 2248 2886 causa
2290 2834 2665 2891 ArelatenSem
2712 2836 2874 2894 fuisse
2906 2839 3151 2898 Romano
3180 2845 3541 2915 sttperlorem.

1948 2920 2183 2977 Primum
2238 2925 2340 2979 hoc
2396 2926 2633 2982 intolens
2664 2939 2719 2985 et
2758 2930 3054 2987 inauditum
3100 2942 3203 2990 est.
3237 2936 3397 2994 Certe
3437 2938 3544 3011 Gy-

1948 3013 2167 3082 prianus
2195 3013 2344 3082 Afer,
2377 3019 2622 3087 quamvis
2653 3020 2875 3077 minime
2912 3023 3220 3081 blandiatur
3261 3027 3540 3101 Stephano

1948 3106 2203 3177 episcopo
2234 3108 2479 3165 Romano
2504 3155 2517 3175 ,
2554 3121 2732 3169 tamen
2761 3114 2905 3172 illitis
2941 3126 3065 3174 esse
3105 3121 3181 3175 ait
3220 3132 3541 3191 potestatem

237 3199 425 3261 posset
452 3207 543 3247 sus
571 3191 940 3263 Minervam?)
991 3192 1085 3246 sed
1128 3200 1185 3245 nt
1220 3206 1287 3247 ex
1314 3191 1531 3262 Optato,
1566 3206 1628 3247 ea
1675 3194 1728 3246 in
1784 3208 1841 3248 re
1870 3177 1915 3238 Ο
1948 3201 2244 3272 castigandi
2277 3203 2673 3275 abdicandique
2718 3206 2968 3264 Martiani
3024 3177 3392 3270 Arelatensis”

234 3286 444 3357 aliquid
476 3286 729 3343 didicisse
759 3301 845 3342 me
876 3286 1069 3353 fatear,
1092 3287 1237 3357 quod
1268 3287 1322 3341 in
1356 3297 1447 3341 tua
1492 3286 1689 3344 Sebola
1746 3297 1839 3351 τῆς

234 3382 605 3458 ἀνιστορησίας
643 3395 751 3435 non
794 3386 1096 3449 potueram.
1126 3378 1204 3435 Ac
1235 3380 1500 3450 imprimis
1525 3379 1741 3451 quidem
1775 3382 1840 3455 li:

233 3491 409 3545 qnere
437 3475 674 3531 arbitror
699 3474 1049 3530 Caecilianum
1098 3476 1150 3530 in
1198 3476 1410 3547 synodo
1437 3475 1666 3546 quadam
1706 3475 1838 3530 Car-

236 3570 549 3640 thaginiensi
584 3570 765 3640 inique
792 3570 1126 3636 damnatum,
1165 3584 1285 3623 cum
1313 3569 1509 3625 absens
1537 3578 1704 3634 esset,
1730 3584 1834 3625 non

236 3675 422 3721 tamen
460 3665 765 3735 appellasse
807 3662 1240 3718 Constantinum.
1276 3662 1389 3717 lmo
1418 3677 1549 3718 vero
1588 3662 1835 3717 Donatis-

235 3771 323 3815 tas
370 3774 465 3829 per
498 3760 849 3815 Annullinum
883 3758 1207 3830 quemdam,
1266 3758 1540 3813 hominem
1588 3758 1830 3827 impium,

233 3862 462 3908 curasse
487 3894 501 3917 ,
530 3862 587 3908 ut
616 3864 775 3908 causa
807 3851 922 3906 haec
951 3850 1017 3906 ad
1049 3849 1461 3905 Constantinum
1490 3889 1504 3913 ,
1534 3850 1626 3920 qni
1673 3850 1834 3919 paulo

231 3953 369 3999 ante
429 3946 481 3999 in
533 3943 684 3998 Italia
732 3942 1062 3998 Maxentium
1118 3949 1484 4012 oppresserat,
1518 3939 1830 3996 referretur.

229 4038 415 4097 Credo
472 4036 786 4094 diffidentes
840 4037 1045 4108 judicio
1107 4038 1486 4108 episcoporum
1553 4037 1831 4105 Afrorum,

231 4130 382 4204 quod
413 4134 465 4187 in
496 4134 774 4187 absentem
822 4134 999 4201 potius
1041 4145 1201 4202 quam
1232 4139 1608 4189 contumacem
1652 4133 1836 4203 inique

232 4228 511 4299 prolatum
539 4226 679 4291 erat,
710 4224 947 4280 voluisse
975 4225 1318 4296 imperatoris
1340 4226 1603 4282 sententia
1626 4264 1642 4292 ,
1673 4240 1832 4293 quain

230 4337 344 4377 non
375 4320 555 4375 minus
576 4320 734 4375 facile
764 4320 965 4374 elicere
994 4333 1055 4374 se
1095 4334 1258 4389 posse
1303 4318 1669 4385 confidebant,
1701 4319 1832 4374 illud

228 4413 574 4472 confirmari.
609 4411 717 4469 Sed
745 4426 867 4467 cum
904 4412 1151 4467 odiosum
1186 4424 1241 4467 et
1271 4413 1322 4465 in
1355 4413 1536 4467 causis
1567 4410 1835 4466 Ecclesia-

228 4508 388 4564 sticis
436 4505 675 4562 insolens
710 4505 813 4559 hoc
857 4505 1188 4575 exemplum,
1216 4520 1323 4575 quo
1345 4504 1681 4576 principibus
1710 4505 1831 4559 talis

1943 3296 2115 3365 scapi.
2143 3295 2300 3351 Nunc
2327 3296 2491 3351 homo
2515 3296 2704 3354 Gallus
2749 3301 2978 3370 probare
3029 3304 3145 3359 vult
3167 3302 3540 3363 Arelatensem

1942 3401 2062 3443 esse
2088 3388 2324 3458 judicem
2354 3390 2523 3460 ipsius
2570 3391 2823 3448 Romani.
2869 3393 2973 3450 Sed
3022 3398 3396 3467 probationem
3442 3412 3541 3457 au-

1942 3480 2173 3536 diamus.
2234 3484 2331 3539 Ais
2391 3484 2656 3541 Donatum
2714 3501 2744 3541 a
2782 3487 3019 3544 Miltiade
3057 3490 3369 3547 damnatum
3417 3508 3543 3564 pro-

1943 3588 2197 3639 vocasse,
2250 3576 2773 3649 Coustantanmque
2820 3579 2981 3650 hujus
3027 3583 3410 3653 appellationis
3453 3588 3542 3659 ju-

1941 3666 2139 3722 dicium
2191 3666 2554 3726 demandasse
2608 3672 2867 3743 episcopo
2913 3674 3258 3744 Arelatensi,
3310 3677 3397 3749 qui
3454 3694 3540 3737 se-

1940 3759 2065 3815 deat
2106 3760 2312 3828 Judex,
2363 3776 2423 3817 ut
2462 3774 2585 3833 post
2630 3763 2933 3822 Romanum
2994 3768 3307 3838 puntliicem
3335 3813 3348 3837 ,
3394 3770 3536 3843 quod

1942 3854 2114 3908 visum
2144 3852 2338 3921 fuerit,
2374 3858 2688 3924 pronuntiet
2718 3877 2729 3911 :
2761 3859 2913 3914 itane
2945 3862 3124 3916 vero?
3163 3862 3302 3930 Quid
3350 3864 3539 3934 super-

1938 3955 2042 4010 est,
2072 3961 2231 4015 quam
2262 3956 2321 4002 ut
2345 3946 2723 4006 ArelatenSem
2760 3952 2997 4008 colloces
3036 3968 3197 4024 supra
3241 3956 3435 4010 solium
3467 3957 3539 4026 ip-

1938 4039 2054 4092 sius
2086 4055 2302 4110 quoque
2331 4041 2698 4108 Conatantini,
2729 4044 2817 4113 qui
2850 4044 2901 4100 in
2943 4046 3182 4116 antiquis
3232 4046 3541 4118 inscriptio-

1940 4131 2097 4187 nibus
2123 4134 2427 4204 appellatur
2455 4136 2617 4191 etiam
2650 4140 2892 4207 pontifex
2926 4143 3241 4199 maximus?
3271 4140 3432 4214 Atqui
3482 4142 3540 4200 ut

1940 4231 1992 4278 te
2047 4224 2242 4281 refellit
2270 4226 2516 4297 Optatos,
2548 4244 2675 4285 cum
2714 4230 2950 4288 affirmat
3004 4232 3374 4292 Arelatensem
3417 4236 3542 4308 Epi-

1938 4330 2162 4388 scopum
2211 4320 2263 4374 in
2301 4321 2465 4389 priori
2489 4322 2695 4393 jddicio
2741 4325 2979 4383 adfuisse
3002 4364 3018 4395 ,
3062 4338 3225 4399 atque
3258 4329 3539 4387 adsedisse

1937 4411 2161 4468 Miltiadi
2193 4432 2205 4468 :
2237 4415 2317 4470 sic
2369 4429 2558 4472 rursus
2632 4417 2865 4475 alterum
2935 4421 3249 4491 figmentum
3319 4428 3533 4492 evertit,

1939 4518 2062 4560 cum
2090 4517 2311 4570 narrat,
2343 4510 2759 4566 Constantinum
2810 4514 3142 4584 appellatum
3193 4518 3389 4573 iterum
3437 4518 3535 4575 abs

223 4597 540 4673 jurisdictio
587 4598 948 4662 deferebatur,
999 4574 1120 4653 esse
1163 4574 1448 4663 sentirent,
1493 4574 1833 4666 impudenter
1860 4574 1912 4635 D
1939 4612 1997 4652 se
2054 4598 2307 4668 rejecisse
2359 4602 2720 4672 cognitibnem
2761 4574 2919 4676 hujus
2962 4614 3141 4663 causa;
3182 4625 3195 4661 :
3234 4606 3530 4681 etquidem

225 4694 474 4752 cavillati
511 4702 635 4748 sunt
682 4692 879 4747 factum
927 4706 1050 4747 esse
1079 4692 1147 4747 ab
1187 4692 1306 4761 ipso
1350 4690 1658 4757 Caeciliano,
1688 4692 1830 4759 quod

224 4790 334 4858 ipsi
367 4787 628 4843 fecerant.
664 4788 842 4857 Atque
888 4787 1004 4840 ha-c
1040 4800 1145 4841 una
1176 4785 1303 4841 facii
1330 4788 1557 4857 quaestio
1582 4796 1666 4841 est
1692 4788 1832 4841 inter

226 4884 491 4951 Optatum
534 4890 780 4935 nostrum
816 4888 870 4934 et
909 4879 1351 4934 Parmenianum.
1386 4876 1493 4933 Sed
1522 4878 1831 4935 Donatistas

226 4974 576 5031 commisisse
618 4973 761 5044 quod
804 4973 1096 5028 Caeciliano
1126 4972 1393 5028 invidiose
1420 4972 1825 5038 adscribebant,

228 5068 339 5123 hoe
387 5076 494 5131 est,
540 5066 640 5122 abs
692 5065 1051 5122 Constantino
1080 5067 1304 5136 petiisse
1341 5066 1572 5136 iudices.
1629 5065 1830 5135 liquide

229 5160 431 5230 probat
457 5159 709 5231 Optatos,
755 5176 877 5215 cum
933 5159 1136 5230 profert
1179 5174 1366 5215 eorum
1408 5160 1647 5215 libellutn
1676 5161 1828 5216 obla-
1862 5176 1869 5181 '

229 5265 348 5309 tum
372 5253 745 5309 Constantino.
783 5253 956 5309 Simul
994 5264 1174 5308 autem
1205 5253 1353 5307 addit
1381 5252 1559 5322 (quod
1588 5253 1830 5309 secundo

226 5352 353 5405 loco
378 5363 611 5411 mecum,
654 5347 848 5414 velim,
891 5346 1568 5417 observes)Constantini,
1593 5347 1825 5418 quodam

230 5440 400 5497 veluti
426 5439 650 5510 pudore,
686 5440 755 5494 ah
792 5439 951 5509 hujus
977 5454 1157 5494 causae
1187 5439 1495 5510 cognitione
1520 5439 1824 5495 abhorren-

229 5536 324 5599 tis,
355 5544 407 5589 ‘et
437 5548 580 5598 eam,
606 5542 866 5602 quantum
898 5542 1102 5603 potest,
1136 5532 1438 5589 recusantis
1462 5574 1477 5599 ,
1501 5543 1663 5603 atque
1702 5533 1828 5603 reji—

229 5628 429 5684 cientis
460 5641 780 5695 responsum
817 5643 831 5681 :
875 5627 1045 5696 petitis
1070 5642 1103 5680 a
1130 5641 1210 5679 me
1240 5627 1293 5680 in
1315 5626 1505 5680 swculo
1542 5627 1826 5691 judicium,

1938 4695 2301 4750 detestantem
2333 4695 2437 4751 hoc
2462 4708 2632 4767 genus
2660 4697 2883 4754 furiosae
2904 4702 3325 4770 provocationii,
3348 4705 3532 4758 excla—

1938 4802 2156 4843 masse:
2191 4806 2220 4844 ο
2247 4789 2426 4844 rabida
2466 4792 2662 4862 furoris
2708 4793 2973 4848 audacia!
3015 4806 3121 4852 etc.
3163 4798 3241 4853 sic
3281 4798 3423 4853 enim
3477 4808 3535 4853 et

1938 4881 1990 4935 in
2032 4882 2396 4953 manuscripta
2452 4883 2680 4954 epistola
2710 4886 3087 4957 Constantini,
3119 4891 3170 4945 in
3200 4905 3302 4961 qua
3343 4904 3532 4947 rursus

1938 4975 2052 5030 haec
2084 4976 2306 5031 historia
2340 4988 2608 5045 narratur,
2638 4967 2900 5051 scriptum
2931 4994 3014 5038 est
3047 5000 3061 5038 :
3088 4994 3142 5038 et
3174 4983 3241 5041 ad
3266 4986 3530 5054 majorem

1937 5070 2351 5127 detestationem
2380 5073 2650 5142 adjicitur,
2683 5076 2780 5130 abs
2810 5076 3017 5132 caelesti
3059 5077 3268 5147 judicio
3314 5078 3382 5135 ad
3428 5090 3535 5136 ter-

1939 5177 2129 5217 renum
2204 5164 2621 5233 appellationem
2696 5166 2835 5222 lianc
2904 5169 3278 5240 Interpositam
3335 5171 3527 5227 videri.

1935 5255 2122 5325 Itaque
2151 5263 2206 5309 et
2232 5272 2296 5311 ex
2320 5272 2383 5311 ea
2410 5260 2750 5327 potissimum
2783 5261 3014 5331 epistola
3047 5264 3254 5318 restitui
3284 5274 3339 5319 et
3368 5266 3532 5318 casti-

1936 5354 2061 5419 gavi
2119 5349 2261 5405 hunc
2316 5350 2500 5422 Optati
2540 5354 2736 5412 locum.
2767 5356 2858 5426 qui
2889 5366 3177 5427 corruptus
3233 5357 3434 5428 alioqui
3476 5366 3532 5413 et

1938 5442 2231 5498 mendosus
2257 5453 2404 5510 erat;
2437 5448 2771 5518 eog'novique
2793 5448 3179 5518 repudiandam
3200 5464 3324 5505 esse
3345 5465 3533 5507 emen-

1936 5536 2207 5591 dationem
2270 5539 2464 5593 eruditi
2510 5550 2566 5595 et
2626 5541 2889 5611 ingeniosi
2955 5541 3380 5610 Iurisconsulti,
3436 5545 3527 5616 qui

1932 5644 2057 5684 cum
2103 5646 2200 5701 pro
2249 5647 2281 5684 α
2324 5631 2546 5695 rabida,
2608 5632 2659 5685 in
2701 5633 3022 5702 quibusdam
3052 5635 3205 5691 libris
3240 5636 3424 5704 orbita,
3476 5636 3530 5693 lh

225 5737 347 5775 cum
370 5735 462 5789 ego
489 5720 597 5790 ipse
618 5716 809 5774 Christi
822 5718 1080 5787 judicium
1103 5729 1406 5787 exspectem.
1435 5720 1572 5789 Ergo
1594 5723 1829 5789 optimus
1932 5725 2054 5779 aliis
2122 5726 2319 5790 arbita,
2373 5727 2473 5794 legi
2522 5725 3026 5795 animadvertisset,
3082 5737 3241 5785 acute
3297 5732 3534 5802 conjeeit

234 5814 539 5885 imperator
571 5821 922 5886 protestatur,
953 5828 1059 5869 non
1083 5828 1203 5869 esse
1235 5813 1371 5870 hanc
1393 5829 1611 5871 causam
1632 5821 1723 5871 aut
1744 5816 1826 5872 sui

1939 5827 2094 5875 notas
2122 5833 2242 5875 esse
2265 5821 2498 5890 antiqua:
2528 5817 2774 5876 formulae
2797 5862 2810 5887 ,
2845 5836 2966 5891 qua
2994 5821 3391 5894 significarent,
3420 5840 3451 5879 η
3480 5838 3536 5882 rs
