3974 6324
460 255 477 312 l
500 257 513 309 l
534 255 586 310 ll
1659 251 2172 312 PBEFATIONES
2204 253 2525 314 BALDUINI
2666 270 2671 271 '
3602 259 3748 318 1H9.

450 373 573 429 bene
592 376 830 449 jadicata
856 387 1044 433 temere
1066 377 1363 449 appellasti.
1400 376 1507 433 Sed
1531 376 1578 432 si
1596 375 1777 431 dicere
1801 390 1907 431 non
1931 388 2047 446 pos-
2074 380 2129 440 Α
2151 390 2253 431 nus
2294 376 2363 430 ah
2394 376 2460 431 iis
2487 390 2671 432 rursus
2702 376 2980 433 absolutus
3024 376 3208 445 fuerit,
3238 391 3348 433 non
3375 384 3558 434 tamen
3585 378 3745 449 quieo

456 486 645 527 sumus
700 480 823 527 tunc
871 472 1281 528 Constantinum
1310 469 1379 526 de
1413 470 1513 526 hac
1560 469 1923 541 appellatione
1960 483 2055 523 co-
2156 470 2302 525 visse
2343 471 2681 537 Donatistas,
2730 472 2821 543 qui
2869 487 2974 528 non
3026 472 3189 527 alium
3236 487 3400 544 quam
3446 470 3753 527 Constanti-

455 565 889 639 gnovissejatque
912 566 1220 638 iudicasse,
1254 582 1512 638 quorsum
1538 567 1587 623 ei
1617 565 2054 621 adscriberemus
2158 578 2286 617 num
2340 563 2589 633 accipere
2632 563 2871 634 judicem
2913 563 3166 621 volebant
3201 565 3312 620 :ita
3371 564 3633 635 quidem,
3698 573 3753 620 ut

453 646 743 716 formulam
775 664 1081 730 sententiae,
1124 662 1235 733 qua
1279 660 1642 733 pronuntiarit
1693 661 1892 730 injuste
1929 674 2054 715 esse
2158 656 2568 722 Constantinus,
2597 658 2690 729 qui
2717 658 2983 715 hactenus
3012 658 3114 714 hoc
3138 657 3406 730 judicium
3444 658 3541 715 abs
3568 672 3630 715 se
3662 674 3752 715 re-

455 754 828 825 appellatum?
869 757 1028 812 Certe
1075 772 1197 812 cum
1248 766 1434 828 postea
1478 755 1692 811 tandem
1722 762 1944 810 coactus
1971 763 2055 811 est

452 848 720 916 judicare,
749 848 907 921 longe
942 850 1063 905 aliis
1091 865 1213 905 eum
1243 850 1422 905 verbis
1450 864 1607 905 usum
1639 862 1761 905 esse
1792 847 2054 919 Augusti-

460 955 562 995 nus
591 941 746 996 testis
776 951 879 997 est.
922 941 1154 1013 Optatus
1196 942 1415 1012 quidem
1467 958 1573 997 non
1630 941 1878 998 meminit
1922 942 2058 996 alio-

460 1047 580 1087 rum
642 1032 885 1102 judicum
948 1034 1145 1089 iterum
1209 1034 1495 1099 datorum;
1547 1033 1642 1088 sed
1703 1032 2057 1088 nihilominus

460 1126 718 1191 exsultas,
753 1127 875 1197 quia
920 1126 1018 1197 (ut
1046 1126 1163 1198 ais)
1189 1125 1902 1197 ConstantinusjArclatensi
1943 1125 2059 1197 epi-

458 1235 627 1290 scopo
692 1220 1041 1276 demandavit
1103 1221 1362 1291 judicium
1436 1220 1595 1291 hujus
1655 1220 2053 1290 appellationis.

462 1312 613 1369 Itane
641 1314 811 1370 vero?
852 1316 1010 1385 Atqui
1044 1315 1131 1371 hic
1160 1316 1494 1371 Arelatensis
1535 1315 1647 1385 jam
1688 1322 1845 1369 antea
1892 1313 2057 1384 judex

462 1404 639 1460 fuerat
680 1423 803 1461 cum
854 1408 1135 1463 Miltiade?
1164 1423 1232 1463 an
1276 1409 1344 1463 ab
1398 1408 1588 1465 eodem
1636 1407 1778 1463 idem
1818 1408 2059 1478 appella—

464 1502 593 1557 tur?
621 1518 688 1557 an
726 1504 817 1574 qui
847 1504 1133 1573 judicavit,
1167 1506 1363 1561 iterum
1394 1507 1501 1562 erit
1529 1505 1693 1575 judex
1742 1505 2060 1576 appellatio-

464 1594 586 1649 nis?
612 1594 751 1661 Quid
783 1606 998 1652 nostras
1023 1598 1171 1669 leges
1199 1600 1510 1670 opponam?
1539 1599 1653 1668 ipse
1693 1613 1885 1654 sensus
1911 1613 2061 1653 com-

462 1688 642 1743 munis
690 1690 795 1744 tale
843 1699 1153 1761 portentum
1204 1692 1421 1747 refellit.
1456 1692 1525 1747 At
1569 1692 1929 1762 Augustinum
1980 1700 2061 1747 te-

2152 748 2361 819 jecerat
2415 749 2483 803 ad
2530 749 2851 820 episcopos,
2899 750 3112 806 tandem
3164 751 3214 805 id
3266 750 3588 820 susceperit.
3643 749 3754 805 Sed

2159 841 2645 897 extraordinariqu
2670 841 2773 897 hoc
2795 842 3102 913 exemplum
3130 842 3293 897 fuisse
3318 885 3335 909 ,
3368 841 3511 913 quod
3538 847 3629 911 (ut
3659 857 3758 896 no-

2159 936 2259 990 stri
2299 935 2631 1009 loquuntur)
2660 937 2728 991 ad
2766 940 3206 1008 consequentiam
3236 936 3376 992 trahi
3407 954 3513 993 non
3556 938 3755 1008 possit,

2161 1046 2362 1097 negare
2401 1045 2505 1085 non
2554 1046 2741 1102 posses
2777 1049 2791 1086 :
2827 1048 3000 1103 neque
3044 1032 3299 1088 ferendus
3345 1033 3435 1098 sit,
3491 1033 3584 1104 qui
3629 1046 3759 1101 pro-

2162 1132 2344 1194 pterea
2378 1125 2585 1180 diceret
2610 1125 3022 1181 Constantinum
3069 1128 3120 1181 in
3162 1127 3341 1182 causis
3370 1126 3762 1183 ecclesiasticis

2161 1217 2497 1287 superiorem
2532 1217 2697 1275 fuisse
2723 1228 2776 1275 et
2800 1220 3073 1289 episcopis
3099 1229 3155 1275 ct
3182 1220 3447 1276 conciliis.
3477 1220 3593 1276 lmo
3621 1236 3760 1276 vero

2164 1309 2281 1379 ipse
2309 1310 2539 1381 ingenue
2571 1320 2901 1382 protestatus
2931 1322 3016 1367 est
3054 1327 3177 1369 sese
3219 1313 3271 1367 in
3320 1314 3385 1368 iis
3439 1313 3609 1368 multo
3632 1328 3762 1368 esse

2164 1402 2501 1470 inferiorem,
2534 1415 2588 1459 et
2618 1404 2757 1461 hanc
2802 1422 2831 1459 a
2881 1406 3147 1477 principio
3174 1406 3474 1461 detestatus
3527 1415 3613 1461 est
3670 1421 3764 1477 ap-

2164 1498 2551 1568 pellationem,
2595 1509 2650 1556 et
2700 1501 2903 1557 interea
2961 1503 3006 1557 si
3056 1502 3419 1573 cognitionem
3478 1501 3765 1571 suscipere

2163 1594 2379 1649 tandem
2415 1605 2637 1651 coactus
2662 1604 2767 1663 est,
2800 1598 2871 1651 ita
2907 1597 3167 1667 suscepit,
3196 1608 3255 1651 ut
3284 1605 3466 1667 postea
3489 1611 3521 1650 a
3553 1598 3766 1651 sanctis

2163 1688 2496 1743 antistitibus
2522 1688 2733 1744 veniam
2761 1689 3049 1760 petiturus,
3092 1690 3249 1746 sicuti
3294 1690 3623 1761 Augustinus
3668 1693 3765 1745 ait.

464 1792 602 1839 stem
652 1784 806 1839 citas.
853 1786 1112 1856 Accipio:
1143 1786 1271 1856 quid
1321 1786 1454 1841 ille?
1480 1786 1535 1840 in
1578 1785 1670 1840 illa
1717 1785 1854 1857 ipsa.
1899 1799 2058 1854 quam
2092 1783 2137 1844 Β
2165 1779 2348 1850 Neque
2391 1791 2565 1837 tamen
2619 1798 2815 1838 novum
2864 1782 3075 1849 fuisset,
3104 1784 3148 1840 si
3179 1800 3284 1838 non
3325 1792 3636 1839 recusasset
3677 1796 3768 1837 co-

459 1876 672 1945 laudas,
712 1878 977 1948 epistola,
1018 1886 1226 1935 tantum
1267 1880 1340 1933 ait
1393 1878 1807 1935 Constantinum
1834 1892 2059 1941 curasse

462 1978 605 2048 apud
637 1979 916 2035 Arelatum
966 1979 1214 2035 eamdem
1256 1993 1472 2033 causam
1523 1977 1939 2033 examinandam
1980 1986 2061 2031 at-

463 2088 569 2141 quc
603 2072 1038 2129 terminandam:
1075 2083 1134 2129 et
1172 2072 1391 2128 dedisse
1436 2072 1551 2143 (sic
1597 2072 1740 2128 enim
1784 2070 2060 2144 loquitur)

466 2165 611 2219 aliud
658 2165 921 2236 judicium
976 2165 1318 2233 Arelatense,
1364 2165 1597 2222 aliorum
1639 2166 2057 2236 episcoporum:

464 2273 572 2312 non
604 2258 728 2326 quia
752 2258 864 2329 jam
898 2272 1122 2314 necesse
1164 2267 1319 2326 erat,
1354 2258 1448 2313 sed
1498 2258 1895 2313 Donatistarum
1940 2272 2063 2328 per-

466 2352 817 2407 vcrsitatibus
868 2352 1181 2419 cedentem;
1248 2361 1305 2409 et
1366 2352 1680 2408 omnimodo
1753 2352 2061 2422 cupientem

468 2455 669 2501 tantam
715 2447 1103 2518 impudentiam
1143 2448 1419 2505 cohibere.
1450 2449 1530 2505 Ex
1580 2449 1667 2505 his
1699 2458 1852 2505 certe
1880 2449 2063 2504 verbis

468 2541 751 2611 Augustini
788 2541 1029 2613 intelligo
1077 2543 1495 2598 Constantinum
1536 2542 1927 2611 impnrtunitati
1958 2541 2065 2596 Do-

465 2636 783 2693 natistarum
826 2646 976 2693 extra
1023 2638 1271 2694 ordinem
1312 2638 1682 2704 concessisse,
1730 2637 1875 2707 quod
1924 2637 2064 2708 juris

465 2731 728 2787 ordinarii
778 2729 945 2787 fuisse
974 2730 1149 2787 videri
1181 2731 1306 2785 vis:
1348 2740 1404 2785 et
1443 2740 1622 2785 tamen
1663 2744 1786 2786 cum
1830 2730 2063 2785 aliorum

462 2827 839 2896 episcoporum
863 2826 1125 2896 judicium
1156 2840 1279 2881 esse
1320 2824 1497 2889 audis,
1554 2824 1684 2879 illud
1742 2840 1849 2880 non
1898 2823 2064 2879 fuisse

463 2920 703 2990 episcopi
759 2918 1097 2975 Arelatensis
1138 2918 1395 2988 colligere
1431 2916 1718 2973 debueras.
1772 2916 1909 2986 Quid
1966 2916 2065 2987 igi-

466 3012 953 3067 tur?convenerat
1002 3010 1207 3066 Arelati
1255 3010 1493 3082 synodus
1535 3010 1896 3081 complurium
1944 3010 2061 3080 epi-

466 3120 757 3176 scaporum
778 3147 792 3171 ,
828 3114 885 3160 ut
912 3104 981 3160 de
1008 3106 1194 3159 multis
1233 3105 1411 3159 causis
1440 3104 1825 3161 ecclesiasticis
1848 3103 2061 3173 judica-

2165 1887 2428 1943 gnoscere
2474 1874 2543 1929 de
2580 1890 2642 1930 ea
2688 1876 2881 1931 saltem
2924 1878 3222 1947 quzcstinne
3269 1876 3413 1943 facti,
3444 1891 3570 1947 qua:
3608 1879 3672 1932 in
3708 1891 3765 1933 ea

2165 1983 2380 2039 quoque
2425 1984 2586 2024 causa
2632 1972 2874 2028 suberat.
2922 1970 3057 2027 Nam
3102 1982 3157 2028 et
3186 1988 3345 2043 quam
3390 1972 3611 2029 Eliano
3636 1988 3770 2044 pro-

2164 2062 2374 2116 consuli
2404 2062 2699 2132 mandavit,
2722 2065 2842 2134 jure
2867 2081 2966 2121 suo
2995 2077 3206 2137 poterat
3233 2068 3528 2138 suscipere.
3546 2067 3770 2137 Quaere-

2167 2153 2322 2208 batur
2369 2171 2436 2209 an
2488 2154 2671 2223 Felix,
2718 2159 2807 2228 qui
2856 2158 3205 2215 ordinaverat
3256 2160 3641 2225 Carcilianum,
3691 2161 3768 2216 vel

2167 2244 2282 2315 ipse
2312 2261 2529 2319 quoque
2556 2248 2899 2315 Caecilianus,
2930 2253 3120 2309 fuisset
3157 2250 3408 2319 traditur,
3435 2265 3489 2308 ut
3518 2265 3654 2309 tunc
3698 2255 3769 2310 lo-

2165 2340 2427 2409 quebatur
2454 2358 2467 2394 :
2500 2342 2603 2398 hoc
2631 2352 2735 2408 est,
2770 2360 2839 2399 an
2866 2343 3185 2402 Diocletiani
3204 2349 3332 2419 ,‘qui
3359 2347 3606 2404 edixerat
3633 2348 3769 2405 abo-

2166 2430 2353 2487 lendas
2381 2447 2504 2489 esse
2532 2448 2714 2490 sacras
2757 2435 2968 2492 litteras
3015 2436 3445 2495 Christianorum
3469 2484 3483 2505 ,
3511 2442 3770 2497 satelliti-

2168 2524 2269 2579 bus
2308 2534 2472 2597 atque
2514 2528 2930 2600 inquisitoribus
2970 2533 3282 2589 tradidisset
3326 2549 3513 2590 earum
3547 2536 3768 2591 codices

2167 2629 2566 2677 sacrosanctos.
2618 2622 2955 2693 Quicumque
3016 2625 3231 2681 tandem
3299 2628 3372 2682 sit
3429 2627 3599 2697 judex
3648 2629 3767 2700 ejus

2166 2716 2508 2783 quaestionis.
2535 2716 2668 2772 nihil
2693 2718 2932 2774 detrahit
2952 2720 3320 2790 jurisdictioni
3347 2724 3763 2780 ecclesiasticae.

2239 2806 2376 2873 Quia
2425 2807 2707 2865 historiam
2748 2826 2853 2867 non
2908 2811 3091 2868 scribo
3115 2854 3130 2879 ,
3162 2814 3256 2869 sed
3285 2815 3525 2872 breviter
3558 2826 3763 2873 tantum

2169 2900 2302 2957 illud
2336 2902 2550 2969 indico,
2575 2905 2718 2977 quod
2753 2922 2861 2962 non
2892 2907 3025 2963 satis
3061 2908 3333 2966 videbaris
3357 2910 3685 2967 observasse
3713 2913 3764 2968 in

2168 2992 2271 3049 hac
2302 2992 2565 3063 historia,
2602 3013 2743 3053 nunc
2786 3014 2893 3054 non
2942 3002 3219 3056 immorer.
3271 3000 3406 3057 Nam
3454 3011 3509 3058 et
3560 3002 3633 3059 de
3675 3019 3763 3075 ap-

2170 3088 2547 3157 pellationibus
2605 3092 3031 3161 ecclesiasticis,
3096 3111 3164 3149 an
3224 3095 3368 3167 quod
3422 3096 3763 3155 Sardicensis

466 3207 571 3254 ret.
607 3199 752 3254 Inter
780 3214 915 3267 quos
943 3199 1188 3269 plerique
1214 3198 1373 3253 etiam
1403 3206 1595 3264 erant,
1624 3198 1715 3269 qui
1743 3206 1899 3252 antea
1938 3212 2056 3252 cum

2170 3182 2423 3255 Synodus
2470 3184 2741 3251 decrevit,
2773 3186 3077 3244 decreverit
3105 3197 3262 3245 antea
3301 3205 3517 3263 quoque
3547 3190 3759 3249 Nicena

464 3290 705 3346 Miltiade
758 3290 945 3346 Roma:
1002 3290 1311 3360 judicarant
1368 3289 1434 3345 de
1501 3290 1731 3345 Donato.
1792 3288 2063 3345 Constan-

464 3384 611 3438 tinus
653 3386 753 3439 hac
799 3384 1089 3439 occasione
1141 3398 1293 3448 usus,
1343 3392 1403 3437 ut
1454 3381 1590 3437 nihil
1632 3397 1737 3437 non
1767 3381 1975 3439 faceret
1993 3382 2061 3439 ad

468 3474 906 3532 contundendam
952 3476 1351 3531 Donatistarum
1384 3475 1741 3545 pervicaciam
1766 3520 1781 3543 ,
1822 3490 1933 3531 non
1976 3492 2063 3532 re-

461 3568 672 3622 cusavit
698 3582 793 3621 eos
822 3567 1015 3622 iterum
1049 3566 1220 3622 audiri
1246 3568 1297 3621 iu
1328 3568 1418 3622 tali
1449 3567 1690 3639 Synodo.
1739 3568 1849 3623 Cur
1900 3568 2062 3624 mira-

466 3660 544 3714 ris
578 3659 873 3715 Miltiadem
900 3660 1001 3717 hoc
1032 3678 1137 3716 nou
1184 3660 1368 3716 nolle?
1398 3662 1507 3716 imo
1539 3677 1669 3717 vero
1698 3677 1799 3717 cur
1823 3662 2061 3718 afﬁrmas

463 3750 775 3822 episcopum
818 3751 1188 3808 Arelatensem
1212 3794 1226 3819 ,
1255 3754 1343 3823 qui
1368 3754 1478 3822 jam
1504 3751 1575 3809 de
1595 3769 1655 3807 ea
1679 3768 1844 3809 causa
1875 3754 2061 3809 Bonm

458 3845 771 3915 judicarat,
822 3860 944 3901 esse
996 3846 1234 3915 judicem
1307 3848 1720 3917 appellationis?
1785 3865 1883 3904 cur
1952 3865 2059 3905 non

464 3939 645 4009 potius
689 3939 937 4009 agnoscis
994 3940 1158 3994 talem
1202 3940 1570 4009 cognitionem
1622 3942 1867 3997 relictam
1939 3944 2060 3998 aliis
2110 4004 2113 4007 λ

461 4032 731 4103 episc0pis
759 4031 951 4097 fuisse,
983 4032 1074 4103 qui
1106 4032 1295 4087 Roma:
1329 4046 1452 4087 cum
1499 4033 1737 4089 Miltiade
1764 4046 1919 4089 antea
1953 4051 2058 4090 non

462 4124 801 4194 judicarant,
834 4123 997 4179 sicuti
1024 4134 1241 4180 constat
1293 4125 1554 4193 plurimos
1596 4126 1731 4180 alios
1779 4126 2057 4181 Arelatum

459 4216 787 4271 convenisse
817 4220 869 4271 ἐκ
898 4216 1144 4293 διαφόρων
1164 4221 1253 4271 καὶ
1280 4218 1551 4289 ἀμυθήτων
1580 4218 1771 4285 τόπων,
1801 4228 1859 4272 ιιι
1887 4220 2061 4289 inquit

462 4308 580 4377 ipse
612 4304 999 4363 Constantinus
1036 4310 1087 4364 in
1116 4324 1211 4363 sua
1244 4309 1473 4379 epistola
1513 4310 1581 4364 ad
1622 4308 1910 4365 Chrestum
1944 4311 2062 4382 epi-

459 4416 684 4471 scopum
716 4402 1151 4473 Syracusanum,
1180 4418 1288 4475 qua
1317 4420 1440 4459 eum
1472 4419 1540 4459 ex
1567 4404 1751 4462 Sicilia
1778 4414 1970 4462 evocat
1988 4405 2057 4462 ad

460 4496 605 4549 hunc
635 4506 985 4551 conventum.
1017 4497 1130 4553 Mea
1160 4497 1377 4569 quidem
1406 4508 1577 4566 certe,
1617 4508 1676 4554 ut
1710 4500 1838 4567 scis,
1875 4503 2057 4572 priva-

2169 3276 2342 3348 (quod
2402 3276 2531 3333 olim
2580 3279 2881 3337 dubitatum
2928 3281 2982 3338 in
3040 3282 3221 3339 Africa
3265 3282 3405 3350 fuit,
3452 3294 3508 3341 et
3561 3296 3621 3341 tu
3665 3303 3760 3343 ne-

2165 3386 2280 3441 gas,
2304 3370 2636 3429 Athanasius
2659 3390 2791 3432 vero
2825 3377 3107 3451 afﬁrmat),
3137 3385 3191 3430 et
3218 3390 3759 3451 quaenam-transma-

2166 3466 2300 3521 rinae
2355 3469 2773 3536 provocationes
2841 3471 3151 3529 Milevitana
3223 3472 3457 3528 concilio
3518 3472 3759 3528 inhibita

2164 3557 2307 3626 sint,
2340 3574 2649 3629 quaeremus
2688 3563 2843 3629 alias,
2876 3578 2998 3619 cum
3030 3566 3201 3622 voles.
3247 3566 3388 3622 Sunt
3433 3566 3580 3621 enim
3628 3566 3756 3622 tales

2165 3652 2493 3720 quaestiones
2548 3653 2821 3709 historica:
2850 3665 2906 3712 et
2945 3673 3053 3712 non
3080 3657 3309 3725 odiostn,
3339 3668 3394 3714 et
3421 3657 3520 3713 abs
3538 3660 3665 3728 jure
3684 3658 3756 3714 ci-

2164 3743 2254 3798 vili
2284 3758 2389 3799 non
2423 3744 2739 3814 abhorrent,
2768 3764 2872 3802 non
2922 3764 3079 3805 secus
3110 3760 3272 3822 atque
3294 3750 3642 3807 sidicendum
3666 3752 3750 3817 sit,

2163 3835 2291 3890 olim
2323 3836 2541 3909 quidem
2574 3854 2638 3893 ex
2682 3840 2859 3896 Africa
2912 3843 2965 3897 in
3006 3845 3187 3898 causis
3229 3844 3478 3899 civilibus
3520 3844 3755 3915 appella-

2165 3942 2275 3988 tum
2338 3934 2651 4004 prmfectum
2708 3938 2963 4007 praetorio
3007 3938 3174 3994 Italia:
3238 3938 3405 3995 fuisse
3449 3958 3462 3994 :
3514 3949 3752 3996 nostrum

2164 4042 2293 4083 vero
2313 4028 2673 4085 Iustinianum
2705 4032 2946 4088 Africam
2983 4034 3054 4089 ab
3094 4033 3194 4090 hac
3224 4035 3541 4106 praefectura
3572 4047 3755 4108 praeto-

2163 4120 2311 4174 riana
2366 4121 2532 4176 Italia:
2582 4124 2885 4191 exemisse,
2940 4126 3102 4196 eique
3144 4127 3414 4197 propriam
3473 4128 3750 4198 pra-fectu-

2162 4228 2277 4267 ram
2320 4214 2557 4277 dedisse,
2590 4217 2691 4271 Sttb
2728 4218 2882 4287 cujus
2927 4218 3284 4290 dispositione
3321 4219 3421 4275 fuit
3464 4223 3627 4277 etiam
3654 4221 3751 4276 Nu-

2163 4308 2325 4363 midia
2384 4311 2540 4382 115
2590 4319 2645 4365 et
2685 4310 2972 4383 Byzacium
3004 4330 3017 4367 :
3053 4312 3337 4385 Byzacium
3365 4314 3508 4380 dico,
3532 4315 3669 4386 quod
3695 4324 3750 4370 et

2162 4398 2367 4456 Plinius
2395 4402 2449 4455 iu
2482 4401 2678 4457 Africae
2703 4404 3013 4472 regionibus
3037 4416 3301 4474 numerat,
3328 4416 3382 4463 et
3400 4423 3430 4463 a
3467 4408 3748 4464 Donatistis

2162 4492 2499 4565 inquinatum
2550 4496 2715 4553 fuisse
2763 4498 2966 4553 iudicat
3013 4502 3503 4571 Augustinus,qui
3537 4502 3746 4557 Donati-

460 4587 553 4642 tim
601 4588 734 4643 nihil
784 4589 1034 4654 iuterest,
1069 4590 1347 4646 Romanus
1377 4590 1724 4657 Arelatensi,
1762 4610 1831 4647 au
1862 4594 2055 4650 Arcla-
2080 4573 2135 4635 D
2160 4596 2363 4643 Slarum
2403 4589 2802 4661 Byzacenorum
2844 4593 3091 4648 meminit
3133 4594 3185 4648 in
3223 4594 3319 4649 lib.
3347 4594 3417 4650 de
3456 4594 3604 4651 Unit.
3647 4594 3748 4650 Et:-

460 4682 629 4737 tensis
661 4681 906 4739 Romano
932 4685 1106 4755 major
1133 4686 1231 4750 sit,
1268 4686 1353 4742 vel
1379 4687 1509 4741 olim
1541 4686 1723 4743 fuerit.
1755 4687 1952 4744 Verum
1986 4705 2054 4746 ne

458 4776 710 4846 profanas
744 4778 960 4851 quidem
995 4778 1246 4836 historias
1278 4782 1516 4852 aspersis
1545 4784 1842 4838 mendaciis
1874 4784 2053 4854 inqui-

459 4871 573 4925 nari
610 4870 775 4926 homo
806 4872 1070 4943 ingenuus
1100 4888 1255 4943 aequo
1283 4876 1467 4929 animo
1511 4875 1669 4931 ferat.
1717 4875 1923 4931 Saltem
1975 4878 2051 4932 le-

458 4963 661 5031 gisses,
691 4980 812 5035 qua:
865 4981 1036 5035 nuper
1082 4976 1275 5021 nactus
1324 4982 1465 5032 sum,
1508 4976 1625 5022 acta
1672 4968 1816 5022 illius
1845 4970 2049 5040 Synodi

458 5056 810 5112 Arelatensis.
842 5056 971 5111 Nam
1003 5058 1057 5113 in
1088 5058 1153 5113 iis
1185 5058 1412 5129 legisses
1434 5061 1811 5129 episcOporum
1844 5064 2048 5133 cpisto-

453 5150 563 5204 lam
586 5150 650 5204 ad
680 5151 1019 5223 SylveSIrum
1046 5152 1301 5207 Miltiadis
1331 5154 1536 5210 interea
1562 5155 1802 5212 defuncti
1834 5172 2052 5213 succes-

453 5257 634 5297 sorem
666 5260 679 5297 :
704 5257 771 5299 ex
797 5258 900 5313 qua
926 5243 1079 5300 facile
1108 5244 1490 5313 intellexisses,
1514 5262 1671 5317 quam
1698 5247 1774 5302 illi
1800 5263 1921 5305 sese
1943 5264 2048 5306 non

450 5337 709 5394 efferrent
737 5352 903 5408 supra
926 5339 1223 5395 antistitem
1265 5339 1415 5396 urbis
1442 5357 1455 5395 :
1485 5341 1593 5397 imo
1621 5358 1750 5398 vero
1775 5360 1934 5414 quam
1963 5345 2049 5400 ni-

451 5430 527 5485 hil
558 5447 663 5485 non
697 5431 776 5485 illi
801 5431 1080 5487 deferrent
1128 5449 1141 5487 :
1182 5432 1541 5489 simul-etiam
1578 5451 1741 5506 quam
1767 5437 1923 5493 valde
1949 5452 2047 5493 vo-

448 5523 719 5590 luissent,
756 5524 843 5579 ille
873 5533 931 5579 ut
958 5525 1025 5579 iis
1071 5525 1278 5582 Arelati
1325 5525 1620 5595 praesidere
1662 5528 1946 5596 potuisset,
1998 5531 2045 5585 si

445 5613 620 5668 Roma
646 5614 925 5672 discedere
953 5632 1019 5672 eo
1042 5627 1288 5688 tempore
1308 5617 1589 5687 potuisset.
1622 5617 1862 5683 Denique
1884 5620 2045 5676 intel-

438 5706 668 5762 lexisscs
704 5708 825 5763 illos
860 5710 1182 5764 convenisse
1232 5724 1340 5763 non
1381 5717 1604 5779 prepter
1652 5725 1817 5764 unum
1865 5711 2041 5766 Doua-

449 5808 581 5854 tnm.
624 5801 813 5858 Mirum
861 5810 1039 5859 autem
1068 5841 1081 5867 ,
1112 5810 1163 5859 te
1195 5816 1300 5858 non
1331 5801 1628 5871 addidisse,
1662 5804 1763 5860 etsi
1790 5801 2037 5861 Czecilia-

2160 4680 2293 4735 cles.
2326 4690 2383 4737 et
2410 4682 2743 4752 Epiphanius
2768 4703 2781 4739 :
2808 4700 3133 4755 quamquam
3178 4686 3319 4759 apud
3348 4686 3495 4744 hunc
3521 4703 3618 4743 vox
3657 4688 3743 4741 illa

2160 4781 2414 4841 corrupta
2440 4774 2510 4829 sit
2544 4792 2558 4828 :
2596 4783 2654 4829 ut
2676 4783 2734 4830 et
2761 4791 2934 4845 nuper
2955 4775 3235 4833 Librarius
3263 4777 3485 4850 quidam
3530 4789 3643 4836 tuus
3674 4795 3741 4835 ex

2161 4866 2265 4921 isto
2295 4867 2527 4939 Byzacio
2555 4867 2733 4924 effecit
2762 4869 3102 4941 Byzantium.

2231 4968 2346 5025 Non
2376 4971 2714 5026 institueram
2746 4971 2901 5042 plura
2930 5014 2946 5039 ,
2977 4988 3080 5030 uec
3102 4983 3210 5029 tam
3264 4976 3431 5031 multa
3486 4976 3687 5048 quidem
3720 5018 3735 5042 ,

2158 5078 2303 5118 nunc
2328 5062 2396 5118 ad
2424 5073 2476 5119 te
2509 5064 2769 5131 scribere,
2803 5066 2888 5121 vir
2911 5065 3261 5134 doctissime;
3314 5068 3412 5125 sed
3448 5079 3554 5125 tam
3572 5084 3627 5125 es
3645 5084 3739 5124 nu-

2154 5173 2251 5228 per
2276 5157 2346 5213 de
2372 5173 2459 5213 me
2485 5159 2710 5215 meritus
2738 5159 2896 5228 bene,
2931 5169 2989 5215 ut
3014 5177 3122 5216 non
3155 5164 3359 5232 possim
3391 5178 3499 5220 non
3521 5164 3738 5233 aliquam

2153 5249 2382 5320 gratiam
2412 5248 2651 5305 referre:
2685 5266 2862 5321 neque
2892 5262 3069 5309 tamen
3107 5254 3270 5309 aliam
3320 5270 3462 5312 nunc
3497 5270 3694 5327 possum
3716 5295 3734 5319 ,

2154 5360 2316 5413 quam
2344 5346 2391 5399 si
2415 5345 2544 5414 quid
2569 5345 2705 5401 tales
2734 5344 2992 5403 historias
3022 5350 3272 5420 relegens
3314 5361 3569 5420 prazterea
3606 5349 3735 5404 forte

2151 5439 2486 5494 observarim
2520 5439 2665 5509 quod
2711 5456 2817 5495 non
2847 5443 3092 5507 nescire,
3126 5454 3215 5498 tua
3248 5444 3484 5509 intersit,
3513 5447 3559 5499 id
3589 5444 3731 5498 fami-

2154 5531 2361 5587 liariter
2388 5530 2455 5586 ad
2484 5540 2535 5587 te
2563 5531 2819 5589 referam.
2843 5533 2956 5591 Nec
2986 5534 3144 5607 longe
3164 5538 3372 5593 abiero.
3408 5540 3518 5595 Etsi
3544 5537 3728 5594 Νίσαιιί

2151 5626 2367 5681 concilii
2398 5627 2568 5697 magis
2597 5642 2758 5699 quam
2790 5628 2937 5685 illius
2960 5632 3299 5687 Arelatensis
3329 5644 3445 5689 acta
3472 5633 3648 5704 legisse
3670 5642 3725 5685 te

2150 5718 2350 5784 sciam;
2382 5727 2562 5774 tamen
2593 5721 2762 5775 miror
2790 5729 2943 5777 tanto
2967 5725 3140 5795 magis
3182 5735 3235 5780 te
3258 5726 3495 5782 scribere
3522 5767 3535 5791 ,
3576 5723 3729 5794 idque

2148 5809 2201 5868 in
2232 5821 2320 5868 tua
2344 5812 2641 5871 etiamnum
2667 5813 3031 5888 institutione,
3061 5816 3418 5878 Athanasium
3444 5820 3496 5876 iu
3514 5830 3573 5876 eo
3594 5830 3722 5874 con-
