3974 6324
214 278 359 335 HI?»

1297 275 1388 332 AD
1416 272 1680 333 PRIMAM
1705 271 2082 333 EDITIONEM
2120 273 2397 332 ΟΡΤΑΤΙ.

3380 274 3517 332 HN

212 395 345 449 eilio
378 395 723 466 praesedisse,
758 402 919 465 teque
944 402 1253 465 propterea,
1299 394 1461 448 etiam
1520 406 1705 448 rursus
1735 392 1817 446 in-
1842 391 1895 452 Λ
1920 391 2102 447 cilium
2132 390 2431 447 Niemnum.
2456 391 2645 447 Testes
2676 391 2853 462 magni
2883 400 3009 447 sunt
3046 390 3399 459 Athanasius,
3427 392 3517 448 lli-

215 488 433 545 sultare
462 490 721 559 episcopo
745 488 1014 544 Romano.
1043 486 1163 545 Scis
1207 501 1329 543 mea
1358 501 1465 543 non
1504 486 1769 542 interesse
1804 527 1817 550 ,

211 596 407 639 verum
448 582 520 637 sit
560 589 653 637 aut
680 595 789 639 non
831 581 903 638 sit
923 580 1063 653 quod
1093 595 1302 636 narras.
1328 578 1435 637 Sed
1462 576 1817 635 Athanasium

215 682 347 731 tunc
379 674 538 731 valde
566 674 966 731 adolescentem
997 684 1052 731 et
1080 682 1282 729 tantum
1325 672 1493 729 fuisse
1530 672 1817 728 diaconum

216 784 416 825 omnes
441 769 683 825 historiae
705 780 947 825 narrant.
976 768 1143 838 Quale
1184 782 1315 824 vero
1360 767 1575 823 tandem
1632 775 1686 821 tu
1718 780 1817 820 no-

216 861 303 919 bis
324 862 613 917 concilium
636 863 938 932 componis,
972 865 1025 917 in
1060 878 1168 932 quo
1219 870 1346 917 ante
1385 874 1576 915 omnes
1604 858 1818 930 episco-

220 970 323 1025 pos
350 965 406 1010 et
431 954 874 1027 archiepisc0pos
894 954 1106 1021 sedeat,
1125 957 1322 1025 cuique
1343 954 1506 1009 ctiam
1532 952 1822 1023 prmsideat

221 1047 551 1105 adolescens
580 1044 880 1105 diaconus?
912 1059 968 1105 et
1015 1064 1112 1104 cur
1139 1064 1261 1104 eum
1289 1047 1564 1119 prmponis
1578 1061 1680 1102 suo
1706 1046 1823 1117 epi-

216 1158 390 1214 scopo
420 1143 979 1201 Alexandrino?Non
1021 1142 1202 1198 minus
1230 1139 1473 1196 insolens
1522 1146 1628 1206 est,
1676 1136 1819 1209 quod

217 1236 418 1294 eodem
442 1236 561 1292 loco
590 1252 780 1293 narras
810 1278 824 1303 ,
868 1235 987 1307 ejus
1034 1233 1249 1305 quidem
1296 1231 1514 1289 concilii
1556 1230 1818 1297 decreto,

218 1328 458 1401 primum
484 1328 627 1384 inter
654 1322 993 1399 patriarchas
1048 1326 1226 1381 locum
1271 1323 1526 1395 episcopo
1574 1321 1821 1378 Romano

220 1422 487 1477 tributum
514 1436 638 1477 esse
674 1463 690 1488 ,
720 1420 816 1476 sed
857 1420 976 1491 ejus
1002 1428 1184 1474 tamen
1213 1418 1418 1486 legatos
1461 1415 1514 1471 in
1560 1428 1820 1471 consessu

216 1529 345 1571 esse
366 1513 603 1586 rejectos
630 1515 681 1570 in
699 1526 946 1585 quartum
990 1514 1187 1569 locum.
1214 1510 1319 1567 Sed
1348 1519 1403 1565 et
1449 1522 1646 1563 novum
1690 1507 1821 1565 illud

216 1617 326 1673 est,
381 1607 527 1679 quod
560 1608 674 1678 ipsa
701 1606 952 1680 Synodus
980 1606 1055 1660 ait
1096 1604 1262 1660 fuisse
1306 1605 1530 1683 ἀρχαῖον
1574 1600 1685 1663 ἔθος
1736 1606 1822 1658 καὶ

218 1702 460 1767 ωνηθές,
516 1700 613 1755 abs
643 1709 694 1755 te
720 1700 827 1754 dici
862 1740 877 1764 ,
928 1698 1140 1755 nonnisi
1173 1696 1241 1753 ab
1268 1712 1330 1753 ea
1364 1697 1643 1752 decretum
1676 1710 1817 1751 esse.

1923 484 2109 552 larius,
2134 484 2491 557 Epiphanius,
2510 485 2903 553 Nazianzenus,
2932 485 3187 553 Basilius,
3217 486 3518 544 Theodori-

1923 589 2031 648 tus,
2054 580 2307 638 Socrates
2342 623 2358 649 ,
2395 581 2487 654 qui
2538 582 2768 639 recitant
2807 580 2948 637 hanc
2982 580 3268 637 formulam
3319 596 3385 639 ex
3426 581 3522 638 illo

1920 674 2186 731 concilio:
2215 675 2409 746 quibus
2429 689 2527 731 cur
2544 690 2653 731 non
2686 674 2898 741 credas,
2946 676 3152 732 nescio.
3208 675 3397 732 Dicere
3422 689 3520 731 au-

1924 779 2034 827 tem
2060 769 2435 839 baltologicam
2459 784 2580 825 esse
2610 778 2665 825 et
2695 768 2955 824 ludicram
2983 768 3325 835 cantilenam,
3356 782 3517 840 quam

1924 863 2175 936 religiosa
2203 863 2609 934 illaantiquitas
2633 862 2893 934 judicavit
2939 879 3157 934 gravem
3184 872 3239 919 et
3274 862 3514 920 divinam

1922 974 2048 1015 esse
2075 958 2364 1013 formulam
2394 956 2463 1013 de
2488 968 2637 1013 tanto
2663 958 2924 1030 mysterio
2944 1000 2958 1024 ,
2988 972 3056 1013 an
3080 973 3188 1013 non
3210 956 3352 1028 ipse,
3380 956 3427 1011 si
3450 956 3518 1012 de

1922 1054 2030 1109 alio
2048 1052 2346 1124 judicares,
2386 1052 2597 1109 diceres
2623 1067 2744 1108 esse
2773 1051 3207 1123 blasphemiam?
3252 1051 3397 1107 Bene
3419 1050 3519 1105 ha-

1924 1148 2034 1205 bet.
2067 1148 2225 1204 Edita
2252 1148 2374 1204 istic
2403 1163 2509 1203 ttott
2534 1148 2653 1203 sine
2683 1156 2773 1201 tuo
2825 1148 2909 1218 (ut
2935 1147 3189 1217 arbitror)
3236 1146 3520 1218 privilegio

1921 1242 2030 1314 jam
2059 1242 2259 1312 smpius
2288 1250 2373 1297 est
2394 1241 2581 1297 nescio
2603 1258 2721 1312 qua:
2741 1239 2954 1312 farrago
2976 1241 3046 1296 de
3066 1249 3207 1296 statu
3235 1239 3517 1306 Ecclesiae,

1923 1350 2083 1406 quam
2108 1344 2228 1389 tuus
2256 1333 2506 1389 librarius
2536 1334 2763 1389 mirilice
2810 1332 3090 1404 praedicat,
3122 1348 3291 1406 prope
3316 1342 3374 1388 ut
3420 1333 3521 1388 llo-

1922 1443 2037 1483 rem
2064 1427 2461 1483 Ecclesiasticaa
2484 1426 2746 1482 hiStorize.
2792 1426 2905 1481 Etsi
2961 1436 3187 1482 consuta
3218 1426 3291 1481 sit
3317 1423 3520 1496 alioqui

1924 1535 1993 1575 ex
2020 1519 2218 1591 putidis
2240 1519 2436 1574 fabulis
2457 1529 2513 1575 et
2542 1518 2731 1590 nugis:
2771 1526 2951 1573 tamen
2994 1516 3126 1573 illud
3155 1518 3293 1572 bona
3322 1516 3516 1572 saltem

1925 1613 2032 1670 fide
2060 1615 2207 1682 facit,
2240 1613 2382 1683 quod
2409 1614 2715 1679 formulam,
2739 1630 2898 1683 quam
2950 1611 3061 1668 dixi
3087 1606 3113 1679 ,’
3145 1610 3348 1667 referat
3380 1611 3523 1666 inter

1924 1717 2043 1763 acta
2071 1706 2274 1762 Nicmni
2300 1707 2535 1763 concilii.
2585 1704 2784 1762 Verum
2818 1705 2976 1761 talem
3007 1704 3210 1777 alioqui
3261 1704 3525 1760 admiscet

216 1790 499 1847 Praetereo
521 1790 665 1864 quod
692 1806 797 1846 non
824 1790 1033 1846 meliori
1064 1789 1170 1845 fide
1214 1803 1406 1845 narras
1452 1788 1733 1843 decretum
1765 1787 1817 1841 in

1932 1800 2096 1856 fecem
2125 1798 2532 1855 mendaciorum
2561 1814 2625 1854 ex
2656 1798 2839 1854 nescio
2877 1797 3073 1867 quibus
3116 1797 3325 1852 lacunis
3353 1795 3519 1851 haus-

216 1900 285 1941 ea
308 1884 478 1941 fuisse
498 1901 565 1940 ex
587 1885 857 1941 sententia
889 1883 1174 1954 l’apltnutii
1209 1882 1276 1937 de
1312 1881 1563 1952 conjugio
1593 1881 1678 1936 vel
1707 1894 1817 1936 cce-

216 1979 392 2037 libatu
425 1979 817 2050 ministrorum.
850 1978 957 2035 Sed
1005 1978 1349 2034 dissimulare
1390 1992 1496 2032 non
1545 1990 1764 2046 possum
1799 2016 1815 2042 ,

218 2072 373 2145 quod
405 2082 585 2130 tacere
613 2089 718 2129 non
743 2074 937 2129 debeo.
962 2072 1102 2140 Quid
1125 2072 1191 2129 de
1216 2072 1346 2128 Ario
1362 2072 1472 2142 jam
1502 2072 1630 2127 olim
1657 2070 1820 2140 serip-

216 2171 388 2226 serim
420 2170 474 2225 itt
502 2184 625 2225 meo
652 2169 1031 2233 Constantino,
1063 2182 1169 2223 non
1217 2168 1436 2238 ignoras
1463 2207 1477 2230 ,
1525 2176 1581 2222 et
1637 2174 1818 2220 tamen

216 2264 461 2319 alienum
485 2264 728 2321 libellum
757 2264 1038 2335 exagitans
1081 2277 1186 2318 non
1236 2261 1496 2317 erubuisti
1548 2258 1679 2315 mihi
1714 2259 1816 2315 im-

218 2356 395 2429 probe
408 2356 722 2413 adscribere
741 2365 902 2427 atque
926 2354 1188 2425 afllngere
1209 2353 1394 2410 nescio
1420 2352 1564 2425 quod
1589 2352 1822 2423 patroci-

219 2452 375 2507 nium
407 2451 522 2522 ejus
548 2452 859 2522 impietatis.
888 2451 960 2508 Ut
988 2460 1167 2506 autem
1194 2450 1419 2515 sentias,
1441 2461 1491 2503 te
1521 2463 1661 2503 cmca
1689 2464 1824 2518 qua-

216 2545 349 2600 dam
374 2546 637 2617 vertigine
666 2556 880 2618 raptum
912 2556 1038 2600 tunc
1058 2559 1209 2609 esse,
1243 2543 1455 2613 relege,
1480 2541 1624 2612 quod
1662 2541 1822 2596 simul

216 2637 443 2709 affingis
472 2638 675 2693 dictum
698 2653 843 2703 esse,
872 2637 1105 2693 Arianos
1126 2650 1351 2708 negasse
1372 2638 1457 2692 τὸν
1503 2634 1649 2709 λόγον
1681 2633 1822 2705 apud

216 2731 489 2788 Joannem
524 2732 831 2803 significare
862 2731 1197 2803 hypostasim
1239 2729 1324 2785 vel
1356 2742 1671 2798 personam:
1704 2726 1824 2796 quis

218 2825 330 2882 hoc
389 2841 639 2898 umquam
710 2834 906 2895 praeter
966 2835 1017 2881 te
1078 2823 1253 2880 dixit?
1317 2821 1478 2878 Certe
1536 2821 1825 2891 episc0pus

218 2920 628 2977 Alexandrinus
650 2920 844 2977 Nicmaz
868 2920 1080 2975 Arianis
1108 2910 1307 2989 objecit
1329 2916 1559 2987 primum
1586 2913 1718 2971 illttd
1740 2928 1827 2969 ca-

220 3025 320 3088 put
344 3016 590 3082 Joannis,
624 3032 747 3072 cum
781 3024 1115 3087 qumreretur
1143 3030 1248 3069 non
1279 3014 1496 3085 quidem
1525 3010 1653 3082 quid
1677 3011 1825 3085 λόγος

217 3111 578 3183 signiftcaret,
606 3111 701 3167 sed
726 3110 857 3182 quid
884 3111 985 3167 sibi
1016 3109 1217 3166 vellent
1246 3108 1363 3163 lucc
1390 3106 1551 3163 verba
1580 3110 1631 3162 ἐν
1653 3108 1821 3182 ἀρχῇ.

1924 1903 2056 1959 tam,
2089 1902 2147 1948 ut
2170 1892 2358 1947 mirari
2389 1892 2521 1947 satis
2572 1907 2682 1947 non
2712 1891 2915 1962 possim
2954 1889 3048 1944 tibi
3095 1888 3419 1961 jampridem
3443 1896 3523 1943 ta-

1925 1989 2029 2045 lem
2061 1990 2329 2045 sentinam
2354 1988 2494 2043 male
2537 2003 2643 2043 non
2687 1987 2855 2042 olere.
2911 1986 2964 2043 Si
2992 1985 3209 2041 aliunde
3260 1983 3520 2055 prodiret,

1922 2083 2102 2140 minus
2126 2081 2353 2137 fortasse
2370 2080 2623 2145 mirarer,
2638 2089 2693 2136 et
2706 2086 2927 2135 noceret
2945 2078 3179 2134 fortasse
3197 2076 3395 2133 minus.
3415 2074 3522 2132 Sed

1923 2178 2066 2248 quod
2100 2176 2257 2231 istinc
2275 2175 2496 2245 prodiit,
2520 2173 2644 2245 quia
2672 2189 2777 2228 non
2800 2172 2900 2227 nisi
2929 2180 3149 2227 auctore
3197 2178 3250 2225 te
3307 2167 3523 2239 prodire

1924 2269 2185 2335 creditur,
2210 2280 2261 2325 et
2289 2268 2458 2323 miror
2488 2276 2544 2322 et
2570 2266 2729 2323 doleo
2755 2274 2863 2321 tam
2907 2264 3137 2334 impuris
3179 2262 3372 2318 nmniis
3398 2276 3522 2317 esse

1926 2361 2208 2419 refertum.
2226 2360 2398 2429 Quid?
2424 2360 2746 2431 perquirens
2772 2372 2834 2413 ea
2858 2372 2981 2428 qua:
3002 2356 3069 2411 ad
3090 2354 3272 2427 Optati
3298 2352 3366 2410 de
3394 2353 3523 2423 bap-

1927 2456 2093 2509 tismo
2118 2454 2534 2524 disputationem
2569 2452 2881 2521 pertinent,
2921 2448 3151 2504 miratus
3196 2448 3357 2503 etiam
3400 2461 3521 2502 sum

1925 2548 2204 2604 audaciam
2229 2547 2370 2602 illius
2404 2546 2706 2616 farraginis,
2742 2559 2863 2615 qua:
2910 2541 3248 2598 confidenter
3285 2555 3525 2613 pronun-

1928 2643 2025 2698 tiat
2044 2640 2385 2697 manifestum
2413 2654 2535 2694 esse
2564 2653 2807 2693 errorem
2855 2636 3069 2691 concilii
3098 2634 3303 2690 Nicaeni
3333 2633 3524 2689 decer-

1930 2734 2112 2791 nentis
2139 2734 2501 2790 Paulianistas
2525 2748 2651 2787 esse
2688 2730 3123 2802 rebaptizandos.
3157 2729 3317 2800 Atqui
3366 2728 3527 2799 longe

1927 2832 2087 2887 aliter
2115 2830 2466 2902 Augustinus,
2491 2828 2580 2899 qui
2602 2828 2803 2898 alioqui
2824 2841 2963 2882 unus
2984 2826 3246 2881 acerrime
3268 2824 3335 2880 de
3362 2823 3525 2879 unico

1929 2926 2197 2996 baptismo
2224 2924 2527 2980 dimicavit.
2563 2922 2617 2979 ln
2651 2924 2743 2978 lib.
2788 2922 2857 2978 de
2892 2922 3200 2977 llreresibus
3232 2919 3523 2975 Paulianos

1933 3018 2153 3092 (inquit)
2181 3017 2534 3088 baptizandus
2554 3032 2675 3073 esse
2708 3017 2761 3072 in
2812 3016 3053 3073 Ecclesia
3110 3015 3384 3071 Catholica
3431 3012 3526 3069 Ni-

1929 3128 2083 3168 caeno
2110 3112 2343 3169 concilio
2366 3112 2720 3168 constitutum
2751 3119 2851 3166 est.
2881 3110 3034 3167 Unde
3062 3108 3395 3166 credendum
3446 3116 3531 3163 est

222 3208 371 3278 Ergo
399 3222 504 3261 non
532 3214 649 3262 erat
681 3204 839 3275 hujus
882 3214 989 3260 tua:
1046 3214 1154 3260 tam
1195 3203 1514 3259 excellentis
1566 3201 1824 3256 doctrina:
1852 3191 1896 3255 C
1929 3222 2024 3262 eos
2058 3207 2297 3277 regulam
2326 3206 2665 3277 baptismatis
2696 3220 2802 3259 non
2850 3215 3033 3260 tenere
3066 3246 3080 3271 ,
3132 3219 3294 3274 quam
3343 3216 3529 3259 secum

220 3298 478 3369 imperite
529 3296 865 3354 confundere
924 3297 1119 3367 dogma
1169 3296 1319 3352 Pauli
1376 3293 1716 3351 Samosateni
1775 3302 1830 3348 et

223 3394 366 3452 Arii.
398 3394 504 3451 Sed
533 3394 686 3465 quid,
718 3409 849 3459 non,
878 3409 1001 3448 cum
1035 3393 1115 3447 vis
1141 3433 1156 3457 ,
1187 3390 1527 3461 permisces?
1557 3388 1673 3443 Non
1724 3386 1827 3442 du-

222 3488 371 3544 bitas
406 3487 458 3541 in
489 3497 576 3541 tua
634 3488 933 3542 etiamnum
986 3484 1327 3540 institutione
1382 3482 1662 3548 scribere,
1709 3489 1829 3551 post

222 3582 421 3640 Arium
448 3582 758 3637 surrexisse
804 3579 1118 3637 Sabellimn.
1165 3578 1317 3633 Adeo
1359 3578 1411 3631 in
1464 3575 1690 3653 historia
1726 3617 1741 3641 ,
1775 3574 1827 3630 in

218 3692 334 3744 qua
368 3677 622 3746 princeps
661 3673 833 3729 videri
888 3674 969 3729 vis
999 3714 1012 3737 ,
1058 3672 1256 3743 hospes
1291 3682 1344 3726 et
1376 3670 1695 3741 peregrinus
1745 3685 1825 3724 es.

224 3768 387 3823 Dices
410 3766 683 3823 indoctum
711 3781 831 3821 esse
863 3774 1108 3821 nostrum
1160 3764 1446 3835 Optatum;
1501 3772 1556 3817 at
1600 3762 1688 3817 ille
1717 3760 1829 3816 sal-

227 3874 342 3919 tem
369 3862 567 3918 docere
600 3873 653 3918 te
683 3872 886 3931 posset,
919 3859 1216 3916 Sabellium
1260 3858 1432 3913 multo
1470 3866 1596 3911 ante
1640 3856 1828 3911 Arium

226 3956 422 4021 fuisse;
453 3966 505 4011 et
534 3955 678 4026 quod
705 3955 774 4011 de
799 3954 1037 4010 Sabellio
1066 3953 1270 4018 dixisti,
1301 3950 1554 4008 debuisse
1583 3960 1633 4007 te
1656 3951 1831 4021 potius

224 4048 415 4105 dicere
435 4048 502 4104 de
525 4048 778 4113 Photino,
802 4063 967 4119 quem
992 4046 1076 4102 sui
1098 4046 1367 4116 temporis
1389 4043 1701 4100 ltzereticum
1729 4059 1830 4099 vo-

225 4156 341 4199 cat.
369 4144 491 4213 'Age
516 4156 677 4198 vero:
712 4151 837 4197 sunt
859 4144 974 4197 hac
997 4150 1209 4197 tantum
1257 4138 1645 4210 cltronologica
1670 4157 1682 4192 :
1712 4152 1833 4209 qua:

227 4247 585 4293 contemnere
642 4245 695 4292 te
740 4236 891 4291 dices
960 4243 1281 4304 occupatum
1334 4232 1703 4303 Theologicis.
1760 4233 1830 4286 At

228 4341 482 4387 nostrum
512 4344 617 4385 non
663 4338 746 4384 est
784 4338 836 4384 te
875 4328 997 4383 aliis
1031 4328 1100 4382 de
1148 4327 1310 4382 rebus
1351 4326 1665 4381 admonere.
1714 4324 1829 4379 Non

226 4440 457 4498 possum
481 4433 660 4501 tamc_n
682 4427 865 4480 omnia
888 4424 1248 4494 supprimere.
1272 4420 1429 4492 Saepe
1450 4422 1674 4475 miratus
1686 4436 1829 4488 sum,

224 4537 331 4577 cur
355 4520 659 4592 symbolum
704 4519 833 4574 illud
869 4560 884 4584 ,
934 4530 1155 4589 prapter
1203 4516 1347 4589 quod
1406 4516 1666 4571 hactenus
1723 4525 1831 4569 tam

224 4615 392 4673 valde
421 4614 631 4670 laudata
658 4622 743 4670 est
762 4612 979 4669 Nicaana
1009 4610 1253 4684 synodus
1276 4653 1291 4677 ,
1344 4620 1401 4666 et
1424 4610 1565 4681 quod
1610 4618 1833 4679 pr0pter

227 4709 382 4765 illam
413 4717 520 4762 tam
547 4707 705 4764 valde
724 4722 937 4779 quoque
992 4706 1266 4761 laudatum
1323 4716 1450 4773 est,
1498 4719 1664 4775 neges
1710 4719 1833 4760 esse

228 4805 535 4863 Nicmnum.
567 4803 890 4871 Meministi,
916 4802 1082 4859 credo
1107 4845 1121 4867 ,
1152 4816 1274 4857 cum
1329 4799 1702 4871 superioribus
1736 4814 1834 4853 an-

229 4901 320 4956 nis
344 4899 594 4955 ministro
636 4898 848 4953 cuidam
882 4906 972 4953 tuo
1003 4905 1060 4953 et
1078 4895 1299 4966 collega:
1327 4893 1565 4949 dictares
1612 4892 1833 4948 honoris

232 4994 311 5050 tui
341 4992 714 5047 defensionem
752 4991 1010 5046 adversus
1059 4989 1277 5046 Petrum
1329 4988 1581 5043 Carolum
1611 5028 1627 5055 ,
1680 4996 1830 5042 tuum

230 5083 508 5156 quondam
534 5085 798 5155 collegam
833 5126 849 5151 ,
904 5082 995 5152 qui
1029 5092 1080 5137 te
1106 5081 1399 5137 Arianismi
1449 5080 1829 5135 insimulabat:

231 5179 535 5236 meministi
570 5177 833 5253 (inquam)
885 5178 1099 5250 qualem
1145 5176 1383 5231 volueris
1421 5174 1508 5230 edi
1537 5174 1837 5229 confessio.-

232 5287 364 5328 nem
388 5279 558 5327 tuam.
582 5270 717 5326 Nam
747 5285 855 5325 non
879 5270 1055 5325 solum
1081 5266 1362 5323 confiteris
1403 5281 1631 5336 negasse
1667 5274 1723 5321 te
1766 5265 1835 5321 il-

230 5366 345 5422 tam
375 5364 660 5420 formulam
694 5364 791 5419 abs
821 5362 1044 5434 Synodo
1075 5362 1291 5417 Nicena
1325 5360 1624 5432 profectam
1664 5374 1786 5416 esse
1817 5402 1833 5428 ,

231 5458 333 5514 sed
361 5467 417 5513 et
444 5457 668 5521 dixisse,
697 5456 865 5511 videri
893 5454 1070 5526 potius
1117 5453 1505 5523 battologicum
1559 5466 1781 5507 carmen
1817 5492 1834 5519 ,

231 5551 382 5625 quod
416 5551 481 5605 ad
510 5551 899 5607 cantillandum
927 5559 1134 5605 tantum
1181 5549 1253 5604 sit
1293 5556 1503 5617 aptum.
1540 5546 1655 5601 Duo
1706 5560 1837 5618 pro-

232 5646 383 5701 fecto
413 5644 501 5701 hic
516 5652 642 5699 sunt
669 5659 861 5715 magna
892 5651 1110 5714 peccata
1137 5656 1347 5711 magna:
1376 5638 1635 5707 audaciae,
1660 5648 1715 5696 et
1742 5655 1836 5713 pe-

230 5738 461 5799 riculosi
506 5740 761 5812 exempli.
812 5740 948 5796 Esse
988 5737 1308 5811 Symbolum
1359 5736 1463 5793 hoc
1510 5737 1787 5793 Nicmnum
1820 5784 1835 5807 ,

234 5845 351 5892 tam
377 5842 584 5893 certum
608 5842 713 5903 est.
746 5849 907 5905 quam
928 5842 1012 5891 est
1031 5841 1241 5889 certum
1264 5832 1429 5889 fuisse
1454 5830 1670 5902 aliquod
1701 5846 1836 5889 con-

1932 3299 2085 3356 multi
2110 3298 2376 3365 h:eretici,
2405 3314 2527 3353 cum
2556 3299 2624 3354 de
2659 3296 2936 3354 Catholica
2969 3295 3316 3352 discederent
3351 3336 3365 3360 ,
3406 3294 3531 3351 abs-

1931 3394 2169 3449 tulerunt
2190 3403 2245 3449 et
2272 3395 2583 3450 observant.

2004 3487 2074 3543 Ut
2096 3486 2324 3557 Optatus
2366 3495 2551 3541 noster
2580 3484 2704 3540 fecit
2734 3526 2748 3548 ,
2779 3482 3091 3554 diligentius
3122 3488 3179 3536 ut
3230 3479 3526 3551 cogitarem

1930 3581 2000 3636 de
2032 3582 2251 3635 historia
2280 3580 2702 3647 Donatistarum,
2736 3578 2815 3633 sic
2844 3578 3009 3633 etiam
3044 3576 3228 3631 nescio
3249 3573 3527 3646 quomodo

1934 3689 2078 3730 nunc
2100 3673 2245 3739 facit,
2278 3683 2335 3729 ut
2364 3673 2480 3740 tibi,
2513 3674 2596 3728 vir
2623 3671 2993 3743 optatissime,
3045 3669 3255 3740 tuisque
3274 3667 3528 3723 crimina-

1933 3769 2169 3823 tionibus
2196 3767 2391 3822 iterum
2420 3766 2800 3837 reapondeam,
2830 3775 2885 3820 et
2914 3764 3105 3829 multa,
3138 3762 3385 3834 quamvis
3414 3761 3525 3815 for-

1935 3873 2078 3917 tasse
2108 3862 2201 3917 tibi
2226 3862 2474 3928 molesta,
2505 3861 2629 3932 quia
2657 3872 2836 3916 tamen
2863 3868 3150 3915 occurrunt
3185 3899 3200 3925 ,
3252 3871 3358 3911 non
3406 3871 3527 3911 om-

1933 3956 2064 4011 nino
2095 3956 2382 4025 negligam.
2433 3954 2509 4010 De
2554 3952 3034 4009 calumniatoribus
3077 3948 3526 4005 commentarium

1933 4067 2001 4106 ex
2040 4052 2251 4123 legibus
2278 4061 2333 4106 et
2371 4061 2557 4106 nostro
2610 4051 2732 4120 jure
2757 4049 2897 4105 civili
2959 4047 3202 4103 breviter
3240 4044 3525 4116 repetitum

1933 4145 2226 4213 aliquando
2267 4143 2333 4199 ad
2363 4152 2414 4199 te
2441 4152 2665 4214 repente
2723 4141 2852 4196 dare
2883 4182 2897 4205 ,
2940 4140 3241 4209 importuna
3295 4136 3527 4208 quadam

1937 4247 2022 4293 tua
2053 4247 2110 4294 et
2128 4238 2521 4293 contumeliosa
2547 4236 2813 4291 calumnia
2836 4241 3053 4290 coactus
3080 4233 3174 4287 fni.
3198 4229 3352 4299 Quod
3378 4229 3433 4285 itt
3459 4242 3528 4286 eo

1934 4334 2325 4389 commentario
2362 4348 2467 4387 non
2513 4332 2674 4387 modo
2726 4330 2801 4385 tni
2837 4371 2854 4397 ,
2906 4329 2999 4384 sed
3025 4339 3079 4384 et
3130 4328 3527 4408 Donatistarum

1934 4429 2266 4485 mentionem
2298 4427 2541 4493 fecerim,
2572 4425 2755 4489 credo,
2782 4424 3032 4494 agnoscis
3058 4438 3163 4476 non
3195 4431 3399 4476 temere
3419 4418 3531 4481 fac-

1939 4533 2051 4578 tum
2083 4538 2226 4578 esse.
2255 4522 2361 4577 Sed
2391 4520 2773 4575 satisfactionis
2811 4519 2930 4573 loco
2963 4557 2981 4583 ,
3032 4514 3361 4586 respondisti
3398 4512 3529 4569 illud

1941 4626 2184 4671 nostrum
2234 4628 2557 4685 responsum
2606 4611 2853 4683 frigidam
2904 4623 3027 4665 esse
3054 4607 3384 4677 rapsodiam.
3430 4604 3532 4659 Fa-

1940 4718 2058 4765 teor
2078 4709 2326 4780 asperius
2354 4705 2558 4776 aliquid
2609 4716 2663 4760 et
2703 4703 3078 4759 vehementius
3124 4700 3229 4755 dici
3268 4699 3529 4771 potuisse.

1940 4803 2047 4859 Sed
2082 4802 2328 4858 videbam
2358 4802 2411 4856 itt
2441 4799 2603 4856 simili
2627 4812 2789 4853 causa
2847 4796 2945 4852 tali
2994 4796 3365 4851 moderatione
3402 4805 3533 4846 con—

1942 4904 2121 4953 tentos
2151 4896 2313 4950 fuisse
2338 4894 2591 4966 Optatum
2634 4901 2690 4948 et
2731 4895 3115 4963 Augustinum.
3147 4887 3375 4957 Optatus
3402 4926 3418 4951 ,
3469 4882 3536 4937 li-

1942 5006 2070 5046 vore
2113 4988 2333 5062 (inquit)
2378 4987 2776 5043 interveniente
2806 4983 2962 5040 facile
3000 4992 3083 5037 est
3129 4980 3279 5036 iratis
3327 4978 3535 5048 jactare

1938 5083 2279 5139 convicium:
2310 5082 2406 5138 sed
2429 5096 2645 5150 semper
2674 5080 2800 5135 dum
2835 5076 3129 5134 intenditur
3150 5074 3357 5130 crimen
3382 5113 3398 5141 ,
3434 5088 3531 5128 ne-

1938 5179 2174 5235 cessaria
2197 5186 2282 5233 est
2308 5176 2592 5234 manifesta
2647 5175 2913 5246 probatio.
2963 5172 3301 5243 Augustinus
3340 5176 3530 5225 contra

1941 5272 2293 5329 Petilianum:
2326 5273 2443 5326 sine
2460 5279 2597 5326 teste
2618 5268 2838 5341 (inquit)
2862 5277 2917 5323 et
2938 5267 3055 5322 sine
3074 5265 3183 5321 ullo
3211 5264 3536 5318 documento

1940 5364 2147 5419 crimen
2176 5362 2459 5433 objiciens,
2482 5361 2775 5417 maledicus
2797 5360 2975 5431 potius
2998 5357 3347 5421 conviciator,
3372 5367 3531 5424 quam

1940 5454 2212 5511 veridicus
2241 5461 2527 5510 accusator
2554 5454 2781 5509 exsistit.
2818 5453 2882 5506 Et
2918 5450 2970 5505 in
3002 5448 3111 5504 alio
3154 5458 3341 5503 contra
3383 5461 3537 5501 eum-

1939 5545 2064 5602 dem
2088 5546 2227 5601 libro
2255 5565 2269 5600 :
2302 5546 2428 5616 quid
2461 5544 2680 5618 (inquit)
2711 5552 2841 5599 ante
2877 5542 3082 5598 clamas
3109 5555 3267 5611 quam
3298 5538 3536 5609 probas?

1940 5640 2022 5697 Tu
2050 5642 2103 5696 in
2158 5656 2351 5713 magna
2404 5639 2673 5695 sermonis
2722 5634 3002 5692 latitudine
3058 5646 3163 5688 uno
3221 5631 3539 5688 brevissimo

1940 5735 2129 5802 verbo,
2152 5735 2293 5806 quod
2321 5734 2519 5789 dicitur
2558 5731 2746 5801 proba,
2772 5728 2827 5783 in
2868 5726 3203 5783 arctissimas
3242 5724 3541 5781 coarctaris

1939 5829 2235 5903 angustias.
2272 5826 2535 5900 Equidem
2580 5825 2718 5880 hanc
2768 5836 2868 5895 ego
2912 5821 3130 5879 brevem
3181 5818 3544 5891 praescriptio-
