3974 6324
457 212 596 267 1115

1674 207 2183 272 PREFATIUNES
2223 209 2544 275 BALDUINI

3597 227 3711 284 1116

453 344 576 384 nem
608 328 742 385 satis
766 342 887 386 esse
914 339 1061 400 puto,
1095 337 1151 384 ut
1173 329 1410 386 refellam
1432 329 1692 402 quidquid
1708 330 2044 388 cainmniose
2073 333 2118 398 Α
2148 343 2359 388 constet
2403 335 2470 390 de
2533 335 2810 392 voluntate
2837 355 2848 390 :
2899 347 3072 408 neque
3124 335 3570 411 nntiCtipalioneni
3613 349 3714 401 sine

450 422 712 478 adversus
743 438 830 478 me
879 420 1151 477 ell‘utiisti:
1207 432 1262 478 et
1285 423 1464 478 nescio
1488 423 1576 494 qui
1623 423 1734 489 liat,
1764 431 1821 478 ut
1858 423 2042 495 legens

449 517 591 588 quod
619 531 937 588 rc5ponsum
957 517 1115 590 116
1137 517 1265 573 olim
1293 518 1583 574 Donatistis
1608 518 1726 583 fuit,
1753 519 1935 574 videar
1955 520 2045 574 ha-

450 611 580 667 bere
609 609 752 680 quod
783 608 1002 664 totidem
1030 609 1208 666 verbis
1229 611 1322 666 tibi
1365 610 1742 680 reSpondeam.
1784 609 1873 667 Sic
1901 625 2049 666 com-

453 703 778 758 mentarium
809 701 962 758 illum
999 717 1174 758 meum
1201 741 1215 768 ,
1243 703 1289 757 si
1320 703 1608 773 voluissem
1640 745 1654 769 ,
1688 702 1844 759 facile
1870 703 2050 758 auxis-

454 813 593 854 sem.
630 795 738 854 Sed
765 799 927 853 missa
975 797 1091 854 haec
1133 795 1432 863 faciamus,
1469 813 1591 869 quae
1637 797 1761 853 facti
1795 809 1951 866 sunt,
1997 807 2052 855 et

453 894 672 965 quidem
707 895 919 966 privati.
945 894 1076 950 Nam
1107 906 1160 950 et
1213 911 1398 965 parum
1430 894 1759 965 Reipublicae
1785 895 2049 962 interest,

453 987 582 1056 quid
614 988 682 1043 de
703 1003 792 1042 me
823 989 905 1044 vel
925 987 994 1044 de
1048 997 1099 1043 te
1123 997 1407 1044 statuatur.
1460 987 1568 1044 Sed
1617 1003 1790 1059 neque
1844 998 1936 1044 aut
1967 1003 2053 1043 me

453 1095 576 1135 cum
599 1080 924 1146 Caeciliano,
976 1090 1068 1136 aut
1100 1090 1151 1136 te
1201 1095 1324 1136 cum
1374 1080 1581 1136 Donato
1635 1095 1912 1152 comparo.
1961 1080 2056 1136 Ni-

456 1172 624 1227 mium
653 1186 829 1227 essem
857 1172 1092 1242 ineptus,
1124 1174 1167 1227 si
1196 1174 1280 1228 vel
1308 1173 1410 1229 hoc
1448 1173 1742 1245 cogitarem
1777 1214 1790 1240 ,
1826 1189 1924 1230 nec
1971 1188 2056 1230 es-

457 1281 572 1320 sem
605 1265 878 1321 ferendus.
910 1264 1180 1321 Caeterum
1226 1267 1386 1338 longe
1416 1267 1518 1323 alia
1547 1278 1602 1322 et
1645 1268 1815 1323 multo
1842 1269 2050 1338 major,

457 1368 515 1414 ut
543 1359 673 1416 olim
698 1369 815 1415 acta
837 1371 920 1416 est
947 1401 962 1425 ,
986 1360 1064 1414 sic
1088 1374 1229 1415 nunc
1253 1361 1456 1431 [agitur
1474 1403 1489 1429 ,
1537 1376 1730 1417 causa:
1763 1362 1816 1416 in
1871 1375 1972 1432 qua
2002 1370 2058 1417 et

454 1454 590 1524 juris
622 1455 852 1509 maxima
876 1457 1100 1526 qumstio
1125 1457 1214 1509 sit.
1235 1455 1378 1512 Sane
1404 1458 1738 1527 Augustinus
1764 1459 1814 1511 itt
1835 1457 2057 1513 Retrac-

458 1548 751 1604 tationibus
777 1549 987 1614 scribit,
1018 1549 1070 1603 in
1093 1550 1206 1603 suis
1227 1559 1413 1604 contra
1441 1549 1854 1606 Partnenianttm
1883 1551 2053 1616 libris,

457 1642 810 1710 quaestionem
835 1656 1084 1712 magnam
1119 1644 1319 1698 versari
1360 1654 1411 1699 et
1437 1644 1571 1698 solvi
1601 1673 1616 1710 ,~
1648 1655 1823 1698 utrum
1855 1645 1906 1699 iti
1934 1647 2054 1699 uui-

461 1741 570 1788 tate
593 1743 648 1788 et
675 1734 990 1788 eorumdem
1014 1735 1394 1790 communione
1421 1745 1904 1801 sacramentorum,
1933 1736 2058 1791 mali

2148 427 2436 496 scriptura,
2470 428 2512 482 si
2551 443 2658 484 non
2689 428 2866 486 desint
2897 435 3083 498 testes,
3129 433 3357 503 rejicere
3413 449 3712 504 possumus:

2149 527 2205 573 et
2235 519 2467 590 denique
2500 520 2626 578 fidei
2653 525 3062 580 connul'ssorum
3086 541 3242 580 suum
3263 541 3384 582 esse
3406 527 3493 598 jus
3519 529 3712 586 scimus.

2150 610 2418 680 Quorsum
2450 614 2563 669 haec
2592 614 2616 668 i
2641 616 2766 687 quia
2785 631 2905 671 cum
2939 617 3006 673 de
3035 619 3304 690 baptismo
3351 620 3582 691 diSputat
3625 623 3719 679 Au-

2151 706 2399 776 gostinus
2422 716 2610 762 contra
2638 708 2940 765 Donatistas
2961 749 2977 776 ,
3011 713 3286 768 contendit
3319 727 3386 769 ex
3418 729 3514 769 usu
3534 722 3583 770 et
3609 731 3722 770 cntr-

2153 812 2316 853 sensu
2341 808 2394 852 et
2423 801 2733 856 testimonio
2757 801 3010 858 Ecclesia:
3039 812 3186 860 recte
3211 806 3453 876 probari,
3503 807 3722 877 quardatn

2166 902 2288 945 esse
2315 891 2600 957 mandata,
2640 903 2907 966 praecepta
2932 937 2945 958 ,
2975 895 3215 952 instituta
3245 900 3537 968 apostolica
3567 944 3580 967 ,
3617 919 3725 972 qua:

2155 992 2334 1039 tamen
2365 985 2586 1054 abipsis
2609 989 2867 1056 apostolis
2918 989 3115 1059 scripta
3164 1005 3269 1045 non
3321 994 3449 1045 sint.
3486 991 3607 1048 Vide
3643 995 3727 1050 ob-

2154 1091 2334 1139 secro,
2367 1078 2438 1131 mi
2471 1079 2572 1143 vir,
2604 1079 2730 1150 quid
2763 1091 2941 1135 tantus
2984 1083 3209 1139 antistes
3241 1121 3255 1150 ,
3305 1086 3393 1140 cui
3444 1094 3496 1140 ct
3544 1097 3592 1141 tn
3638 1087 3728 1142 ali-

2157 1173 2376 1242 quando
2402 1179 2608 1228 tantum
2639 1175 2831 1230 tribuis
2853 1217 2865 1239 ,
2892 1177 3096 1231 scribat
3143 1177 3235 1232 lib.
3268 1185 3320 1231 iv
3361 1179 3430 1235 tle
3481 1179 3731 1251 BaptiSmo

2156 1275 2346 1320 contra
2373 1263 2696 1334 Donatistas,
2729 1277 2848 1337 cap.
2880 1283 2951 1336 vt,
2977 1277 3031 1323 ct
3051 1270 3227 1340 capite
3255 1287 3412 1338 xxrv,
3443 1281 3498 1327 et
3519 1272 3640 1328 librti
3668 1287 3727 1340 ν,

2157 1358 2336 1428 capite
2364 1373 2518 1426 unt,
2548 1368 2601 1414 et
2633 1359 2770 1415 libro
2793 1361 2969 1431 primo
2997 1372 3187 1416 contra
3233 1364 3579 1419 Cresconium
3621 1381 3730 1434 cap.

2159 1463 2349 1505 xxxttt.
2411 1451 2505 1505 llic
2549 1467 2678 1506 vero
2734 1459 2789 1506 tu
2848 1451 2979 1507 mihi
3035 1469 3206 1524 nuper
3241 1455 3538 1510 terribilem
3576 1457 3732 1512 dicam

2156 1544 2440 1618 scripsisti,
2475 1545 2730 1616 litemque
2762 1546 3037 1602 intendisti
3065 1552 3184 1624 περί
3225 1549 3564 1627 παραδόσεων
3590 1557 3736 1631 ἀγρά-

2159 1659 2278 1708 φων,
2338 1648 2393 1691 et
2436 1639 2578 1708 quod
2625 1641 2694 1693 de
2739 1637 2806 1694 iis
2845 1641 2965 1694 nun'
2998 1641 3318 1711 scripseram
3355 1683 3370 1708 ,
3425 1644 3740 1713 scripserunt

2159 1740 2338 1785 autem
2372 1733 2566 1786 Veteris
2591 1732 2848 1788 Ecclesia:
2874 1734 3064 1803 Optimi
3112 1735 3384 1790 antistites
3415 1775 3430 1803 ,
3465 1737 3541 1791 sic
3569 1741 3740 1809 exagi-

456 1829 826 1885 contamlnent
855 1829 1043 1885 bonus.
1076 1830 1183 1886 Sed
1214 1841 1270 1888 et
1290 1833 1456 1888 altera
1481 1848 1590 1888 non
1620 1833 1798 1888 minor
1829 1834 1926 1888 fttit
1945 1875 1958 1896 ,
1987 1849 2055 1888 an

2173 1826 2284 1879 lasti
2313 1867 2328 1890 ,
2363 1835 2419 1879 ιιι
2453 1835 2630 1879 tanien
2661 1825 2728 1880 iis
2767 1827 3054 1894 praeteritis
3079 1869 3092 1891 ,
3121 1843 3206 1882 me
3239 1841 3404 1883 unum
3455 1837 3632 1899 petere
3669 1831 3741 1886 vi-

457 1929 794 1976 sacramenta
830 1922 1126 1992 penderent
1177 1939 1244 1979 ex
1271 1925 1532 1995 dignitate
1587 1927 1859 1982 ministri?
1907 1938 1960 1982 et
1987 1942 2055 1982 au

459 2015 764 2085 baptismus
791 2017 863 2072 ab
890 2017 1122 2088 indignis
1148 2019 1550 2076 administratas
1569 2032 1714 2078 esset
1740 2023 1915 2078 nullus
1938 2022 1960 2076 i
1981 2033 2056 2090 et,

458 2125 526 2164 an
559 2121 779 2182 propter
804 2127 990 2167 eorum
1025 2113 1392 2184 indignitatem
1426 2115 1667 2171 Ecclesia
1716 2115 1916 2171 Christi
1940 2130 2061 2172 esse

460 2201 756 2269 desineret,
791 2220 912 2273 qua:
943 2203 1010 2260 iis
1041 2206 1324 2260 uteretur?
1349 2216 1424 2266 et.
1449 2221 1517 2261 an
1562 2207 1853 2262 Donatista:
1879 2207 2060 2278 aliquo

457 2295 579 2366 jure
604 2295 901 2352 Ecclesiam
945 2298 1058 2353 suis
1094 2298 1310 2354 demum
1362 2299 1725 2355 schismaticis
1774 2303 2062 2372 synagogis

463 2385 725 2443 inclusam
757 2403 879 2444 esse
905 2390 1335 2446 contenderent?
1357 2407 1475 2460 quzc
1503 2402 1681 2446 tamen
1711 2392 1980 2448 levissima
2008 2402 2064 2448 et

466 2494 634 2551 prope
661 2481 807 2535 nulla
833 2482 1122 2537 occasione
1162 2498 1282 2539 sese
1323 2483 1419 2539 abs
1470 2483 1678 2554 reliquo
1699 2500 1929 2556 corpore
1956 2485 2064 2540 dis-

464 2582 766 2629 traxerant.
796 2574 884 2630 Lis
927 2591 1058 2644 ergo
1110 2591 1302 2645 magna
1356 2587 1479 2643 est,
1515 2577 1663 2633 etde
1712 2593 1771 2634 re
1821 2578 2062 2634 omnium

463 2665 730 2721 maxima:
761 2676 817 2723 et
849 2669 1030 2723 nescio
1052 2683 1118 2724 an
1149 2685 1256 2724 non
1279 2669 1552 2726 difficilior
1593 2670 1664 2725 sit
1707 2670 2017 2726 schismatis
2045 2711 2061 2737 ,

463 2774 620 2829 quam
654 2759 928 2816 lucreseos
951 2762 1178 2818 curatio.
1232 2762 1462 2835 Scripsit
1503 2773 1691 2820 contra
1740 2765 2061 2821 Petilianum

463 2849 793 2922 Augustinus
815 2852 882 2908 de
909 2855 1111 2909 unitate
1137 2854 1393 2912 Ecclesiae
1422 2873 1435 2910 :
1483 2858 1774 2932 scripserat
1803 2867 1856 2913 et
1906 2866 2062 2912 antea

465 2943 790 3017 Cyprianus.
825 2947 960 3003 Nam
992 2950 1082 3019 qui
1113 2951 1229 3019 ejus
1265 2960 1527 3006 tractatus
1571 2951 1728 3021 vulgo
1758 2951 2067 3007 inscribitur

465 3037 531 3092 de
556 3038 884 3108 simplicitate
919 3039 1286 3108 Prwlatorum,
1334 3057 1474 3113 ego,
1511 3059 1632 3098 cum
1688 3043 1930 3099 Tridcuti
1978 3059 2068 3100 es-

465 3147 580 3187 sent
619 3172 633 3198 ,
669 3131 836 3188 didici
865 3150 984 3190 esse
1018 3135 1418 3190 inscribendum
1450 3138 1512 3192 de
1535 3138 1730 3192 unitate
1780 3136 2067 3193 Ecclesiaz:

2162 1916 2391 1971 dereris.
2420 1915 2602 1971 Liceat
2631 1917 2732 1971 hoc
2759 1929 2889 1972 sane
2920 1919 3013 1972 tibi
3059 1933 3197 1974 novo
3225 1921 3473 1989 tnojure.
3525 1915 3629 1978 Sed
3673 1923 3743 1978 ai-

2167 2023 2276 2066 tera
2310 2027 2494 2066 rursus
2521 2012 2714 2082 injuria
2748 2023 2850 2083 ρει,
2880 2015 3023 2084 quod
3051 2017 3117 2069 ita
3149 2016 3200 2069 in
3233 2032 3294 2072 ea
3321 2017 3618 2087 quastione
3640 2033 3741 2074 om.

2164 2107 2251 2158 nia
2283 2106 2532 2172 misceas,
2563 2116 2618 2159 ιιι
2645 2106 2800 2162 nobis
2835 2107 2944 2177 jam
2980 2108 3351 2165 dubitantibus
3404 2111 3532 2180 quid
3583 2112 3702 2167 velis
3727 2155 3739 2174 ,

2167 2215 2332 2270 prope
2360 2198 2565 2254 indicas
2582 2199 2856 2255 silentium
2877 2202 3028 2272 :quia
3051 2209 3109 2257 et
3135 2202 3236 2257 hoc
3269 2203 3361 2258 tibi
3389 2203 3551 2260 licete
3583 2212 3742 2275 putas,

2166 2302 2224 2346 ut
2252 2293 2414 2347 modo
2443 2294 2556 2348 aias
2585 2335 2599 2361 ,
2631 2294 2792 2348 modo
2839 2307 3025 2364 neges.
3080 2295 3195 2350 Non
3237 2301 3322 2351 est
3372 2297 3504 2352 mihi
3558 2305 3743 2352 tantum

2165 2387 2284 2453 otii,
2316 2394 2374 2440 ut
2401 2386 2580 2442 omnia
2614 2395 2700 2442 tua
2735 2388 3005 2443 volumina
3032 2391 3329 2454 revolvam,
3364 2392 3559 2460 quibus
3598 2393 3744 2446 multa

2169 2479 2403 2549 plaustra
2427 2494 2656 2536 onerare
2678 2495 2865 2550 posses
2889 2499 2902 2536 :
2933 2495 3106 2550 neque
3132 2483 3176 2536 si
3197 2493 3362 2541 esset.
3389 2491 3499 2538 tam
3529 2498 3594 2538 eo
3613 2485 3742 2536 abuti

2172 2574 2326 2629 valde
2357 2574 2572 2629 vellem.
2609 2575 2712 2630 Sed
2745 2590 2812 2629 ex
2853 2575 2917 2630 iis
2963 2576 3402 2646 quae'aliquando
3432 2576 3678 2643 delibari,
3707 2578 3745 2630 si

2168 2683 2255 2724 nte
2282 2686 2384 2724 non
2413 2669 2548 2724 fallit
2577 2669 2833 2725 memoria
2855 2712 2869 2736 ,
2921 2670 3122 2726 videris
3157 2670 3290 2726 mihi
3326 2672 3558 2741 primum
3598 2673 3747 2742 scrip-

2167 2762 2308 2817 sisse
2353 2777 2460 2818 non
2493 2777 2792 2833 repugnare
2820 2771 2872 2818 te
2903 2764 3062 2832 hujus
3091 2765 3304 2834 generis
3331 2764 3702 2820 traditionibus
3732 2807 3744 2830 ,

2167 2867 2291 2926 qua:
2311 2855 2819 2912 detnonstrarentur
2849 2872 2912 2912 ex
2940 2867 3092 2913 certo
3123 2866 3177 2912 et
3199 2867 3462 2928 perpetuo
3490 2858 3748 2914 Orthodu.

2171 2948 2363 3000 xortim
2386 2961 2679 3001 consensu.
2713 2947 2768 3002 ld
2794 2948 2939 3003 enim
2988 2948 3152 3020 Pygio
3178 2951 3465 3013 concedis,
3515 2965 3633 3005 cum
3661 2951 3746 3004 ad-

2172 3055 2360 3096 Vcrsns
2390 3055 2514 3096 cum
2546 3042 2663 3112 agis
2690 3043 2754 3096 de
2783 3042 2954 3098 libero
2983 3042 3232 3098 arbitrio.
3257 3043 3452 3100 Postea
3475 3060 3590 3099 cum
3625 3046 3748 3099 scri-

2171 3133 2323 3203 psisti
2359 3133 2409 3186 in
2442 3131 2722 3202 epistolam
2755 3133 2819 3187 ad
2840 3130 3168 3199 Corinthios,
3201 3133 3466 3206 scripsisti
3515 3151 3619 3191 non
3670 3151 3750 3190 ne-

467 3224 628 3296 ithue
668 3242 736 3282 ex
778 3227 916 3282 libro
943 3229 1316 3297 manuscripto
1338 3229 1389 3284 iu
1411 3228 1605 3298 Apulia
1631 3241 1873 3300 reperto,
1899 3231 2067 3286 Anto—
2093 3229 2138 3292 C
2169 3241 2299 3296 gare
2323 3235 2373 3280 te
2401 3225 2528 3295 quin
2564 3226 2760 3294 aliqua:
2807 3224 3010 3282 fuerint
3041 3227 3410 3296 apostolorum
3455 3229 3749 3284 traditiones

469 3319 542 3373 nii
567 3319 848 3390 Augustini
872 3321 1244 3391 jurisconsnlti
1273 3334 1325 3376 et
1354 3324 1614 3393 episc0pi.
1644 3323 1752 3380 Sed
1786 3341 1852 3379 ne
1881 3323 2069 3379 talium

467 3415 684 3486 quidem
713 3415 1040 3472 arbitrorum
1085 3417 1282 3488 judicia
1315 3417 1614 3475 consiliave
1651 3420 1933 3474 restituent
1974 3433 2072 3473 no.-

471 3506 574 3573 his,
606 3522 766 3577 quam
795 3518 1045 3580 optamus
1068 3511 1281 3570 ἑνότητα
1301 3551 1315 3576 ,
1349 3511 1450 3566 nisi
1485 3512 1527 3566 si
1555 3511 1696 3567 Deus
1719 3513 1833 3583 ipse
1860 3513 2072 3567 animos

472 3600 750 3655 hominum
781 3605 1060 3658 conciliet:
1092 3604 1144 3658 iii
1180 3605 1377 3676 ‘quibm
1408 3605 1585 3676 potius
1615 3621 1774 3676 quam
1827 3606 1878 3661 iu
1911 3607 2073 3661 rebus

469 3693 624 3765 ipsis,
654 3705 737 3750 est
761 3695 1058 3752 distractio.
1098 3699 1292 3755 Habuit
1322 3699 1501 3756 Africa
1530 3717 1684 3756 suum
1708 3700 2069 3766 Cathollcum,

471 3787 575 3842 hoc
603 3796 706 3853 est,
737 3798 1141 3858 prOcuratorem
1169 3789 1402 3849 Caesaris
1446 3795 1561 3848 sive
1593 3793 1734 3849 Fisci
1785 3794 1886 3866 (sic
1927 3795 2072 3850 enim

434 3914 436 3916 τ
469 3883 869 3954 appellabatur)
891 3895 1053 3955 atque
1074 3887 1153 3939 eis
1178 3886 1394 3956 quidem
1443 3887 1603 3941 etiam
1645 3887 1936 3958 aliquando
1967 3887 2074 3942 Do-

473 3977 701 4032 uatistas
730 3977 1024 4034 conciliare
1076 3994 1197 4033 cum
1240 3979 1478 4033 Ecclesia
1528 3979 1792 4034 catholica
1848 3990 2076 4034 conatus

471 4080 575 4126 est.
603 4070 708 4127 Sed
739 4072 874 4127 nihil
899 4074 1029 4144 egit.
1054 4073 1323 4142 Quaeritur
1341 4073 1635 4129 etiamnmn
1664 4073 2072 4144 idoneusjudex

473 4159 1060 4220 totiuscon'troversiic.
1111 4165 1307 4220 Verum
1358 4165 1498 4222 bene
1542 4165 1723 4222 habet.
1772 4166 1944 4236 Spero
1989 4181 2076 4222 me

475 4255 567 4309 tibi
597 4271 707 4310 rem
753 4257 1113 4327 gratissimam
1154 4257 1417 4313 facturum
1464 4273 1623 4324 esse,
1655 4273 1777 4314 cum
1828 4259 1879 4314 in
1928 4258 2078 4316 hisce

477 4348 658 4404 litibus
706 4348 864 4406 laudo
895 4351 1068 4423 legem
1096 4360 1151 4408 et
1179 4353 1463 4408 formulam
1489 4352 1704 4424 judicii,
1752 4354 1895 4425 quod
1950 4371 2078 4411 nos-

480 4451 562 4496 ter
591 4441 818 4512 Optatus
845 4445 956 4507 dat,
983 4448 1236 4517 exemplo
1266 4447 1498 4518 quodam
1536 4447 1687 4518 juris
1729 4448 1908 4503 civilis
1940 4488 1956 4514 ,
2007 4449 2076 4504 ad

478 4549 670 4592 causas
697 4537 1098 4596 ecclesiasticas
1129 4541 1530 4612 elegantissime
1577 4542 1864 4598 translato.
1921 4541 2075 4611 Quod

2175 3329 2280 3372 non
2305 3318 2555 3383 scripta);
2585 3317 2678 3372 sed
2713 3333 2818 3373 non
2843 3318 3144 3374 concedere
3164 3318 3333 3375 fuisse
3358 3319 3623 3375 doctrina:
3646 3335 3751 3390 par-

2177 3421 2292 3466 tes:
2325 3419 2530 3465 tantum
2569 3424 2747 3466 autem
2785 3411 3110 3480 pertinuisse
3134 3412 3200 3466 ad
3246 3412 3489 3468 ordinem
3535 3423 3588 3467 et
3627 3413 3748 3483 poli-

2177 3504 2338 3568 tiam;
2369 3503 2565 3572 quibus
2611 3502 2787 3557 verbis
2821 3543 2836 3568 ,
2895 3502 3100 3570 credo,
3141 3505 3277 3560 ritus
3329 3514 3384 3558 et
3433 3507 3749 3561 ceremottias

2176 3598 2340 3654 etiam
2369 3598 2768 3668 complecteris.
2799 3597 3086 3654 Postremo
3113 3613 3233 3653 cum
3271 3598 3533 3654 adversus
3562 3615 3646 3655 me
3671 3600 3751 3654 dc-

2173 3694 2444 3763 clantasti,
2472 3695 2618 3750 visus
2637 3708 2696 3752 es
2722 3694 2897 3751 nullas
2926 3696 3149 3752 omnino
3178 3711 3471 3768 agnoscere
3493 3699 3635 3756 velle
3659 3706 3750 3754 tra-

2177 3790 2431 3845 ditiones.
2817 3852 2822 3854 _

2272 3883 2378 3944 Quo
2402 3891 2598 3934 teneam
2620 3883 2783 3935 vultus
2801 3891 3072 3936 mutantem
3092 3885 3307 3935 Prothca
3329 3885 3454 3935 nodo
3469 3886 3494 3936 ‘l

2249 3977 2365 4032 Non
2411 3986 2515 4032 tam
2564 3977 2782 4033 fuerunt
2823 3979 2971 4048 (utor
3021 3980 3249 4035 libenter
3291 3988 3381 4035 tuo‘
3415 3979 3607 4054 verbo)
3653 3993 3757 4034 vcr-

2177 4073 2396 4143 sipelles
2427 4073 2717 4128 Donatista:
2747 4117 2761 4140 ,
2792 4088 2914 4128 cum
2957 4073 3026 4129 de
3069 4073 3295 4130 crimine
3339 4074 3642 4129 tradltionis
3689 4074 3757 4145 (ut

2179 4161 2467 4235 vocabant)
2531 4175 2793 4236 agerent,
2850 4181 3011 4236 quam
3061 4176 3118 4222 tu
3170 4179 3288 4221 cum
3340 4165 3409 4222 de
3471 4168 3756 4221 traditionis

2180 4255 2340 4328 longe
2369 4257 2474 4311 alio
2511 4272 2710 4328 genere
2739 4257 2934 4326 litigas.
2985 4258 3041 4313 lii
3085 4269 3313 4328 utraque
3340 4257 3432 4313 lite
3467 4267 3554 4313 est
3605 4258 3756 4327 prima

2180 4348 2406 4420 quaestio
2437 4348 2580 4404 facti.
2609 4349 2762 4416 Quod
2808 4351 2936 4405 ver’o
2991 4349 3325 4422 Augustinus
3378 4348 3432 4404 in
3481 4351 3757 4406 collatione

2181 4443 2261 4513 (ut
2294 4441 2608 4512 vocabatur)
2655 4444 2818 4498 toties
2847 4443 2942 4498 abs
2998 4444 3295 4499 Donatistis
3341 4445 3668 4514 postulavit,
3712 4451 3759 4496 ut

2179 4545 2363 4590 certus
2385 4534 2576 4604 aliquis
2601 4551 2780 4590 causa:
2801 4546 2976 4591 status
2993 4578 3006 4601 ,
3027 4546 3343 4607 certumque
3387 4537 3647 4608 judicium
3685 4552 3759 4591 es-

479 4628 642 4699 igitur
670 4629 736 4684 de
769 4641 1091 4690 testamento
1121 4635 1252 4691 dicit
1280 4636 1419 4691 libro
1450 4653 1504 4703 ν,
1544 4635 1640 4692 tibi
1679 4637 1945 4692 coniirmo
1981 4639 2076 4692 mi-
2105 4633 2160 4694 D
2184 4636 2288 4694 εει,
2321 4626 2374 4681 id
2403 4626 2670 4696 imprimis
2698 4634 2754 4681 θι
2772 4627 2988 4698 (“ﬁdem
3023 4627 3145 4694 iure
3175 4643 3341 4693 ιυθοι
3384 4629 3480 4683 abs
3519 4637 3580 4683 ιε
3624 4639 3755 4699 Pcw‘

476 4721 626 4777 rilice
652 4721 782 4778 mihi
820 4724 1065 4794 placere:
1098 4729 1310 4783 tametsi
1346 4729 1522 4784 locum
1567 4744 1724 4800 quem
1780 4745 1847 4785 ex
1896 4728 2077 4784 Evan-

477 4815 622 4885 gelio
642 4814 864 4871 Joannis
887 4818 1095 4886 recitat,
1122 4821 1359 4876 alienum
1383 4836 1505 4877 esse
1533 4837 1561 4875 a
1590 4822 1869 4893 proposita
1899 4837 2078 4893 quais-

482 4909 628 4964 tione
657 4909 726 4965 de
758 4909 1046 4981 baptismo,
1075 4911 1168 4968 tibi
1201 4914 1521 4970 concedam.
1559 4915 1665 4972 Sed
1693 4917 1834 4985 quod
1867 4915 1932 4970 ad
1958 4916 2079 4972 the-

482 5001 582 5056 sim
607 5002 820 5069 attinet,
852 5007 1063 5060 tametsi
1087 5021 1147 5061 ea
1175 5007 1286 5061 sola
1319 5008 1369 5061 in
1392 5007 1568 5077 Optati
1607 5009 1760 5063 libris
1785 5009 2076 5080 legeretur,

493 5095 628 5164 ligni
658 5104 939 5165 propterea
971 5097 1021 5151 hi
1054 5109 1267 5166 essent,
1299 5101 1389 5170 qui
1440 5099 1544 5154 hoc
1577 5111 1819 5170 tempore
1861 5102 1911 5156 in
1961 5118 2078 5157 om-

482 5187 630 5240 nium
653 5187 902 5243 manibus
925 5203 1293 5247 versarentur.
1310 5192 1494 5263 Neque
1512 5192 1698 5247 dubito
1723 5192 2081 5264 Augustinum

485 5280 588 5337 hac
612 5282 754 5350 juris
793 5283 965 5339 nostri
1009 5285 1362 5342 translatione
1401 5287 1768 5354 delectatum,
1820 5289 1886 5344 ad
1933 5288 2083 5343 illum

483 5374 660 5446 Optati
713 5377 892 5433 locum
958 5379 1248 5446 aliusisse,
1297 5397 1418 5436 cum
1475 5380 1733 5436 adversus
1779 5381 2089 5438 Donatistas

485 5485 592 5525 non
636 5481 996 5541 agnoscentes
1040 5473 1366 5531 catholicam
1423 5473 1719 5529 Ecclesiam
1768 5489 1863 5543 per
1914 5483 2085 5528 totum

481 5564 670 5620 orbem
697 5575 962 5623 terrarum
990 5567 1239 5625 diffusam
1271 5611 1285 5634 ,
1330 5587 1436 5625 non
1484 5568 1766 5624 dissimilia
1823 5567 1892 5624 de
1922 5577 2088 5624 testa-

482 5667 669 5713 mento
701 5659 968 5717 scriberet
1000 5663 1052 5717 in
1097 5665 1304 5733 psalmo
1343 5680 1451 5719 ut.
1504 5662 1610 5720 Sed
1657 5677 1818 5732 rogo,
1848 5677 1914 5715 an
1959 5661 2091 5718 inihi

485 5751 647 5804 etiam
684 5754 974 5818 concedes,
1005 5770 1161 5825 posse
1192 5756 1281 5811 hic
1310 5758 1416 5812 dici
1460 5757 1601 5827 quod
1650 5756 1802 5809 aiunt
1850 5755 1992 5822 leges
2024 5755 2094 5809 de

495 5852 822 5904 testamento
851 5848 1094 5921 militari,
1128 5852 1258 5910 satis
1298 5866 1422 5912 esse
1477 5851 1524 5909 si
1554 5862 1894 5922 quocumque
1932 5846 2097 5907 modo

2185 4717 2327 4790 quod
2371 4719 2640 4789 reliquum
2685 4730 2804 4783 est,
2860 4720 3147 4789 pra-stabo.
3194 4718 3303 4776 Sed
3348 4719 3606 4790 quamdiu
3660 4734 3761 4774 mu-

2185 4821 2287 4879 tas,
2321 4823 2372 4867 et
2401 4811 2548 4867 varie
2573 4812 2808 4883 loqueris
2832 4854 2848 4877 ,
2875 4829 3048 4883 neque
3078 4813 3170 4867 tibi
3222 4825 3442 4868 constas
3465 4855 3479 4877 ,
3541 4813 3671 4868 nihil
3692 4812 3760 4866 di-

2185 4920 2271 4961 co.
2305 4905 2396 4961 Sic
2424 4920 2545 4960 cum
2580 4905 2648 4960 de
2691 4905 2861 4960 sacris
2911 4905 3107 4962 litteris
3160 4907 3420 4976 quaeritur
3442 4939 3458 4972 ,-
3491 4907 3650 4961 modo
3687 4919 3761 4960 ea-

2187 5014 2304 5054 rnm
2338 4998 2417 5070 (ut
2447 4996 2689 5070 vocatur)
2732 5014 2940 5054 canone
2983 5000 3150 5056 uteris
3177 5038 3193 5064 ,
3233 4999 3395 5053 modo
3431 5015 3554 5054 eum
3603 5010 3658 5054 ut
3681 4991 3757 5051 ἰιι-

2187 5104 2392 5148 certum
2438 5102 2490 5148 et
2534 5095 2740 5164 varium
2793 5093 3067 5162 repudias.
3106 5092 3252 5148 Nihil
3307 5093 3430 5149 dico
3476 5093 3616 5164 quod
3667 5105 3757 5146 nou

2189 5192 2367 5240 exstet
2400 5184 2446 5237 in
2483 5184 2632 5238 libris
2655 5156 2796 5238 filis:
2829 5182 2909 5239 sic
2931 5184 3185 5254 antiquos
3209 5185 3462 5240 Ecclesia:
3491 5187 3760 5254 scriptotes

2192 5278 2352 5333 modo
2384 5278 2609 5343 laudas,
2664 5276 2824 5332 modo
2887 5278 3189 5346 proculcas.
3243 5276 3361 5331 lino
3413 5293 3541 5334 vero
3588 5278 3639 5331 iri
3689 5288 3759 5326 tua

2193 5380 2381 5426 contra
2402 5385 2488 5424 me
2515 5370 2907 5425 declamatione
2933 5370 3197 5438 scripsisti
3233 5370 3434 5424 nullam
3451 5385 3519 5424 ex
3547 5369 3608 5423 iis
3626 5378 3761 5436 posse

2195 5466 2316 5523 elici
2348 5465 2728 5520 certitudinem
2757 5464 3021 5519 doctrina:
3047 5461 3391 5518 Christiana).
3433 5463 3572 5516 Deus
3598 5462 3723 5516 bone
3747 5496 3758 5518 ι

2197 5561 2324 5632 quid
2353 5560 2512 5614 audio
2542 5575 2665 5630 cum
2692 5559 2830 5614 istud
2860 5557 3060 5614 audio?
3091 5568 3146 5614 et
3183 5557 3314 5628 quid
3359 5559 3432 5612 illi
3463 5557 3636 5613 dicent
3662 5595 3676 5621 ,
3725 5553 3760 5607 si

2201 5621 2303 5709 hoc
2335 5669 2476 5709 nunc
2515 5626 2618 5707 dici
2655 5651 2918 5708 audiant?
2969 5651 3088 5706 .Iam
3139 5621 3267 5720 quid
3317 5649 3595 5713 dicemus,
3639 5643 3765 5716 quod
3850 5705 3852 5708 ,
3920 5621 3921 5634 ‘

2202 5763 2321 5801 cum
2366 5746 2647 5799 laudamus
2699 5746 2926 5814 primam
2981 5744 3128 5821 illam
3171 5743 3466 5799 Ecclesium
3494 5784 3508 5807 ,
3565 5756 3680 5809 ιιιιιρ
3712 5738 3763 5791 al

2221 5839 2483 5912 apostolis
2503 5838 2692 5900 relicta
2711 5848 2988 5911 superstes
3017 5846 3131 5907 est;
3162 5851 3273 5895 non
3291 5836 3450 5895 modo
3470 5835 3534 5894 ab
3559 5833 3674 5889 aliis
3707 5831 3767 5888 ir-
