3974 6324
197 326 338 400 ιιιῖ

1297 347 1387 403 AD
1426 322 1687 403 palliati
1728 322 2106 402 Ebi‘i‘lONEii
2146 324 2420 405 perm.

3352 326 3490 399 ltts

190 452 401 543 ridetur
428 464 482 517 ui
513 466 647 517 anus
675 452 843 543 delira
872 473 926 519 et
952 456 1351 543 superstitiosa,
1378 462 1459 517 vel
1493 462 1635 517 fatua
1680 447 1782 516 ali-
1812 462 1859 526 Α
1888 460 1982 518 hct
2054 475 2161 519 non
2217 464 2396 521 oninia
2457 454 2634 520 tamen
2708 444 2996 519 eicidisse.
3049 446 3191 533 Ergo
3238 459 3385 518 renit
3438 460 3491 516 iu

190 535 295 628 qua
328 544 533 623 Fauna,
564 544 650 611 vel
693 539 893 610 larvata
940 538 1160 627 Lamia;
1190 554 1283 611 sed
1316 552 1478 610 etiam
1510 560 1793 609 accusatur

186 654 363 722 prope
388 658 444 704 ut
481 647 695 705 ofﬁcina
740 642 1023 717 falsitatis,
1056 644 1368 720 imposturaé
1392 689 1408 717 ,
1451 642 1504 703 et
1552 638 1789 702 fraudis:

189 749 315 799 cum
344 750 526 798 tamen
558 758 619 798 ea
667 742 780 814 ipsa
802 743 892 810 sit,
921 756 949 797 a
982 756 1085 813 qua
1119 742 1322 797 litteras
1368 752 1549 796 sacras
1571 738 1794 810 accepe-

188 834 403 901 rimus,
450 842 503 889 et
545 833 702 905 cujus
743 848 835 890 eas
880 833 1189 890 teStimOnio
1244 822 1588 904 consignatas
1631 838 1792 901 atque

185 928 558 986 Communitas
586 924 949 984 defendimus.
991 918 1177 997 Ecquo
1214 926 1324 999 jam
1380 924 1671 982 recidimus
1700 966 1714 992 ,
1746 920 1790 981 si

191 1020 363 1078 liceat
388 1036 507 1078 eam
536 1012 643 1076 doli
670 1019 797 1075 mali
831 1019 1187 1076 insimulare?
1218 1016 1332 1074 lmn
1351 1027 1406 1073 tu
1432 1035 1538 1091 quo
1561 1017 1673 1073 ruis
1703 1059 1717 1081 ,
1745 1014 1793 1072 si

187 1129 315 1171 eam
349 1113 482 1169 facis
507 1112 696 1169 ream?
720 1122 774 1167 et
803 1113 890 1184 qui
947 1106 1115 1168 stabis
1139 1154 1153 1178 ,
1187 1112 1231 1167 si
1267 1106 1427 1167 talem
1484 1106 1650 1166 habes
1696 1106 1792 1164 ad—

184 1205 528 1262 uersariam?
557 1200 613 1263 id
640 1218 760 1262 cum
789 1204 966 1274 audis,
988 1206 1181 1261 iterum
1208 1206 1437 1261 fortasse
1463 1198 1792 1261 exclamabis

187 1304 243 1357 et
271 1311 489 1370 repetes
520 1342 536 1367 ,
584 1290 726 1371 quod
786 1298 840 1355 in
881 1302 969 1355 tua
1008 1307 1195 1355 contra
1247 1314 1333 1355 me
1398 1298 1791 1355 declamatione

185 1397 481 1466 scripsisri,
512 1412 608 1451 nos
634 1406 907 1468 spectrum
940 1394 1274 1466 antiquitatis
1311 1384 1567 1465 objicerc,
1597 1408 1661 1449 ex
1684 1408 1790 1464 quo

187 1502 317 1544 mox
354 1488 661 1560 prodigiosa
716 1487 974 1544 scaturiat
1018 1496 1264 1543 errorum
1314 1486 1553 1543 omnium
1586 1498 1788 1559 conge-

185 1583 339 1639 ries:
371 1598 493 1637 nam
518 1583 602 1655 (ut
628 1581 732 1651 ais)
757 1583 800 1638 si
829 1592 1008 1653 roges,
1035 1594 1281 1651 quaenam
1310 1576 1381 1637 sit
1405 1588 1672 1646 vetustas,
1721 1578 1789 1636 de

184 1690 292 1747 qua
335 1674 631 1745 loquimur,
658 1690 757 1731 nos
781 1670 1081 1746 jactaturos
1119 1670 1351 1728 insulsas
1394 1672 1598 1727 nmnlas
1622 1714 1637 1738 ,
1670 1672 1789 1743 Qua:

186 1762 292 1823 sub
350 1765 542 1839 lgnatii
591 1776 646 1823 et
708 1762 966 1821 similium
1037 1760 1253 1821 nomine
1309 1756 1785 1820 circumferunlur.

1898 563 2157 623 mentem,
2189 556 2311 611 cum
2342 554 2393 612 in
2423 563 2485 613 ea
2532 555 3018 628 epistdlajactares'
3069 545 3119 610 te
3166 554 3298 609 nihil
3348 548 3491 610 aliud

1895 648 2107 714 Conari,
2138 660 2298 719 quam
2325 654 2381 703 ut
2406 648 2737 704 instauretur
2793 646 3085 719 aliquando
3140 638 3347 703 vetusta
3403 628 3493 701 illa

1895 740 2156 798 Ecclesia:
2174 741 2362 809 facies,
2386 741 2502 798 haec
2526 748 2577 797 te
2602 740 2865 813 adjecisse
2892 760 2905 798 :
2929 736 3106 821 statue
3134 734 3249 810 tibi,
3283 740 3490 812 qtiznso'.

1894 832 1966 889 ob
1991 834 2179 890 oculos
2201 838 2439 891 veterem
2488 828 2631 890 illam
2679 834 2936 890 Ecclesiae
2989 820 3182 890 faciem
3214 875 3231 903 ,
3276 820 3489 904 qualem

1894 926 2274 1002 Chrysostomi
2317 940 2371 986 et
2392 916 2574 987 Basilii
2605 934 2763 987 :etatc'
2798 928 2939 1004 apud
2987 930 3224 996 Graecos,
3270 929 3494 1003 Cypria-

1895 1020 1974 1090 ni,
2029 1016 2320 1090 Ambrosii,
2356 1023 2639 1095 Augustini
2686 1003 2886 1079 saeculo
2934 1003 3076 1095 apud
3118 1022 3342 1080 Latinos
3399 1040 3493 1079 ex-

1894 1113 2128 1182 stitisse,
2171 1113 2413 1186 ipsorum
2455 1124 2803 1171 monumenta
2848 1113 3003 1171 iidem
3035 1110 3255 1171 faciunt.
3300 1112 3389 1171 Sic
3434 1116 3491 1169 tu

1894 1202 2047 1260 'o‘lim.
2085 1204 2192 1276 Ego
2223 1206 2312 1283 qtii
2336 1202 2451 1263 haec
2479 1207 2578 1262 abs
2601 1216 2652 1264 te
2673 1208 2819 1263 set-io
2862 1202 2969 1263 di'ci
3025 1205 3275 1278 putabam
3305 1248 3320 1274 ,
3369 1212 3492 1278 pro-

1894 1294 2077 1369 pterea
2119 1297 2186 1354 ad
2218 1294 2307 1355 illa
2336 1300 2687 1355 monumenta
2712 1298 2946 1371 respexi,
2974 1297 3190 1370 quibus,
3226 1298 3283 1354 ut
3315 1288 3487 1367 vides,

1895 1396 2036 1449 nunc
2062 1394 2226 1450 etiam
2257 1386 2437 1464 Optati
2474 1392 2638 1451 libros
2662 1378 2821 1452 addo.
2866 1394 3001 1451 Cum
3046 1391 3099 1449 in‘
3146 1392 3342 1449 talibus
3371 1407 3493 1463 spe-

1892 1484 2032 1542 culis
2060 1483 2252 1543 iaciem
2285 1484 2434 1543 illam
2469 1482 2598 1543 mihi
2628 1492 2918 1559 utcumque
2946 1485 3130 1544 videre
3153 1484 3299 1542 visus
3328 1498 3445 1541 sum
3476 1500 3490 1539 :

1893 1578 2145 1649 equidem
2173 1578 2426 1636 cohorrui
2453 1623 2468 1648 ,
2527 1594 2649 1637 eum
2682 1588 2799 1636 eam
2832 1592 3013 1651 poetea
3051 1562 3302 1636 l‘mdaiam
3331 1586 3493 1649 atque

1893 1668 2227 1744 inquinatam
2273 1675 2530 1745 conSpexi
2573 1691 2588 1730 :
2641 1682 2697 1730 et
2746 1678 2806 1729 tit
2846 1672 3069 1744 Apelles
3121 1672 3167 1730 si
3225 1660 3489 1728 Venerem

1893 1764 2069 1831 suam,
2098 1760 2191 1821 aut
2217 1762 2262 1821 si
2291 1760 2630 1837 Protogenes
2658 1758 2899 1839 .lal'ysum
2930 1756 3080 1821 illu‘m
3123 1768 3304 1832 suum,
3334 1764 3492 1821 (ταξιιο

186 1860 343 1917 Bona
372 1861 535 1917 verba
562 1904 577 1927 ,
613 1850 764 1917 bere.
799 1859 913 1916 Etsi
945 1870 1049 1914 non
1081 1856 1373 1914 habeamus
1396 1858 1565 1913 salem
1612 1854 1703 1928 qui
1737 1856 1787 1913 in
1819 1870 1868 1933 Β
1893 1858 2116 1915 oblitum
2148 1856 2437 1930 aspiceret,
2464 1864 2716 1929 magnum
2747 1857 3021 1928 acciperet
3046 1844 3291 1911 delorem
3325 1871 3340 1908 :
3382 1868 3489 1910 non

184 1962 240 2011 te
268 1963 390 2021 est,
423 1962 601 2009 tamen
628 1955 736 2009 scis
765 1962 864 2009 nos
918 1950 1072 2008 valde
1117 1947 1410 2007 abhorrere
1442 1950 1510 2006 ab
1548 1944 1787 2014 insulsis,

184 2044 304 2102 sive
328 2040 547 2111 nimiis,
575 2040 688 2100 sive
738 2038 978 2116 ineptiis.
1009 2044 1127 2099 Scis
1172 2056 1271 2098 nos
1310 2052 1453 2113 sape
1496 2038 1792 2097 detestatos

185 2152 311 2197 esse
332 2136 756 2217 ψευδεπίγραφαε
783 2144 958 2209 neque
987 2130 1203 2208 ignoras
1230 2150 1390 2206 quam
1423 2132 1633 2191 fabulas
1659 2132 1791 2190 ode-

185 2231 329 2298 rim,
358 2226 688 2301 q'uiuosti-os
738 2224 904 2286 etiam
959 2220 1382 2286 commentarius
1426 2227 1496 2283 de
1547 2225 1793 2282 historim

186 2322 538 2380 institutione
560 2322 780 2394 legeris.
809 2314 916 2379 Sed
941 2320 999 2377 tit
1024 2321 1186 2378 breve
1214 2320 1430 2386 laciarii,
1460 2319 1601 2391 quod
1635 2317 1791 2393 117

180 2414 321 2472 Uliilt
355 2413 611 2472 Sadalelb
652 2410 1013 2487 respondisti,
1063 2415 1152 2486 qui
1205 2416 1258 2470 te
1303 2413 1515 2469 hostem
1555 2418 1793 2484 antiqua:

186 2502 452 2566 Ecciééidé
480 2510 602 2589 εειβο
632 2504 870 2573 dicebat,
900 2506 1127 2563 totidem
1160 2508 1212 2562 in
1249 2505 1413 2562 simili
1467 2496 1628 2561 causa
1673 2520 1790 2561 ver-

186 2603 275 2660 bis
303 2599 399 2659 tibi
431 2592 831 2657 modestissime
873 2592 1255 2671 respondebo:
1313 2598 1410 2655 Hic
1462 2600 1567 2653 non
1612 2598 1793 2671 retint—

186 2700 333 2762 ram,
371 2692 429 2750 ut
455 2694 582 2750 iere
607 2709 669 2748 ac
699 2686 928 2750 cabdide'
957 2691 1239 2748 ndbiscum
1291 2702 1420 2764 agas
1467 2689 1656 2765 (quod
1714 2696 1792 2746 ta-

179 2800 317 2845 men
364 2788 728 2861 philosopho,
781 2780 977 2843 itedtim
1031 2784 1367 2854 ebriatiano,
1412 2790 1608 2857 sponte
1654 2792 1794 2856 pra:-

189 2882 449 2939 standum
477 2880 620 2952 erat)
649 2894 663 2948 ;
692 2880 789 2936 sed
830 2879 1033 2951 rogabo
1057 2886 1265 2935 tantum
1296 2921 1310 2945 ,
1345 2890 1412 2935 ne
1456 2877 1525 2935 ad
1555 2878 1792 2935 illibera-

192 2977 301 3033 lem
348 2970 525 3046 ns‘que
572 2972 939 3031 calumniandi
982 2972 1260 3029 licentiam
1299 2971 1624 3040 descendas,
1672 2976 1791 3043 quae

188 3070 651 3128 existimationem
697 3064 839 3125 hiatu
878 3068 1020 3140 apud
1055 3070 1225 3124 bonos
1265 3054 1322 3124 ei
1372 3082 1568 3140 graves
1621 3068 1791 3135 virus,

190 3164 348 3220 nobis
388 3168 604 3234 queque
648 3160 977 3229 tacentibus,
1036 3161 1391 3217 vehementer
1446 3160 1641 3216 liesurd
1684 3169 1788 3217 est.

1897 1942 2139 2005 dubiiai'i
2175 1942 2430 2005 Ecclesite'
2472 1950 2673 2006 veteris
2699 1946 2841 2015 illos.
2871 1960 3007 2021 quos
3036 1934 3282 2015 laudasti,
3305 1946 3492 2003 doctu-

1896 2048 2006 2112 res,
2039 2045 2083 2099 si
2117 2037 2381 2110 virereht,
2410 2040 2594 2101 “videre
2621 2045 2739 2099 sine
2770 2050 2965 2115 magno
2987 2038 3177 2098 dolore
3195 2050 3299 2098 non
3330 2050 3491 2114 posse

1897 2134 2057 2192 talem
2087 2128 2509 2191 deformitatem.
2542 2130 2725 2207 Neque
2754 2134 2861 2190 hoii
2892 2133 2942 2190 in
2969 2136 3205 2211 trientem
3240 2136 3390 2189 venit
3436 2126 3488 2188 in

1897 2230 2036 2301 quo's
2061 2222 2164 2285 dici
2199 2241 2400 2302 posset,
2435 2229 2579 2301 quod
2617 2227 2800 2301 Scipio
2828 2220 3110 2285 Ali-lenitus
3146 2216 3373 2283 laudans
3402 2226 3491 2283 've-

1896 2312 2063 2379 terem
2085 2316 2231 2377 illum
2260 2316 2621 2379 versiculum:

1990 2414 2207 2465 moribus
2229 2412 2442 2479 antiquis
2464 2408 2550 2466 res
2568 2418 2665 2467 stat
2683 2412 2915 2477 Romana,
2948 2412 3179 2479 virisque.

1893 2506 1952 2565 ei
1978 2504 2266 2579 deplorans
2293 2502 2404 2563 Quae
2433 2502 2748 2579 reipublica:
2773 2500 2983 2562 riiiiialn
3015 2549 3030 2572 ,
3065 2506 3193 2562 olim
3226 2498 3446 2562 dicebat
3475 2522 3489 2560 :

1893 2592 2087 2658 Nostra
2120 2594 2338 2673 (inquit)
2374 2594 2504 2656 aetiis
2532 2602 2654 2656 cuin
2686 2594 3094 2670 Rehipnblicam
3141 2596 3280 2654 sic'ut
3321 2594 3493 2668 pictu-

1895 2696 2008 2748 rain
2032 2690 2333 2771 accepisset
2355 2691 2649 2764 egregiam,
2676 2688 2773 2748 sed
2795 2685 3212 2748 evanescentem
3252 2698 3487 2745 vetuera-

1895 2786 1985 2855 te;
2010 2792 2115 2842 non
2150 2782 2309 2842 "modo
2337 2788 2454 2842 eam
2483 2783 2755 2842 coldribus
2780 2780 2996 2852 iisdem,
3028 2782 3222 2856 quibus
3269 2778 3445 2841 fuerat
3472 2826 3489 2853 ,

1894 2884 2161 2938 renovare
2188 2876 2443 2952 neglexit,
2467 2879 2561 2936 Sed
2589 2896 2656 2935 ne
2697 2878 2748 2935 id
2777 2876 2992 2951 quidem
3030 2877 3260 2945 curavit,
3292 2878 3349 2933 ut
3378 2874 3491 2933 ior-

1897 2978 2038 3032 mam
2062 2975 2250 3031 saltem
2282 2975 2400 3047 ejus
2446 2984 2500 3030 et
2551 2982 2795 3031 extrema
2844 2983 3116 3046 tamquam
3162 2970 3490 3049 lineamenta

1895 3070 2159 3127 servaret.
2188 3068 2355 3142 Cujus
2386 3069 2518 3126 tanti
2551 3069 2676 3125 mali
2711 3070 2816 3125 llOli
2848 3068 3012 3123 modo
3043 3058 3319 3124 reddenda
3354 3065 3492 3122 ratio

1899 3161 2076 3228 nobis,
2101 3158 2197 3219 Sed
2226 3158 2390 3219 etiam
2425 3158 2695 3234 tamquam
2725 3159 2832 3217 reis
2866 3161 3059 3232 capitis
3090 3149 3494 3230 quodammodo

191 3259 312 3316 Scis
336 3258 459 3321 hoc,
489 3248 561 3313 mi
594 3256 865 3322 JOannes,‘
917 3267 968 3313 et
1000 3299 1015 3325 ,
1067 3255 1115 3312 Si
1163 3255 1389 3311 intlclari
1442 3246 1648 3327 pergis,
1709 3256 1789 3310 ias
1817 3256 1863 3322 Β
1895 3257 2124 3315 dicenda
2156 3273 2318 3314 causa
2349 3260 2451 3313 est.
2479 3252 2690 3312 Nostris
2713 3256 2855 3312 enim
2884 3252 3049 3322 vitiis,
3076 3256 3181 3308 non
3214 3252 3344 3307 easti
3387 3249 3460 3305 ali

188 3352 333 3407 ciam
385 3356 443 3406 ut
466 3356 517 3405 te
545 3350 792 3417 scivisse,
821 3354 877 3405 et
912 3347 1088 3405 calide
1112 3350 1368 3420 vari-eque
1410 3338 1787 3404 tlisslntulasse

190 3454 385 3501 omnes
411 3440 713 3514 intelligant
744 3458 757 3497 :
783 3446 888 3498 tius
919 3442 1059 3498 bona
1086 3442 1193 3498 ﬁde
1229 3450 1292 3497 es
1339 3441 1557 3512 optimis
1598 3448 1656 3497 et
1700 3450 1793 3497 ca-

188 3536 453 3593 stissimis
478 3530 844 3591 mon‘umedtis
876 3544 1127 3608 repetere
1163 3530 1482 3590 memoriam
1523 3533 1792 3605 religiosas

190 3632 477 3688 Vrlustaiis
522 3674 538 3699 ,
617 3632 775 3702 quam
837 3630 1302 3686 commendamus.
1372 3628 1538 3684 Miror
1608 3628 1789 3682 autem

189 3726 318 3798 quid
349 3725 444 3779 tibi
476 3724 528 3779 in
561 3728 799 3779 mentem
838 3725 1082 3789 venerit,
1128 3726 1189 3778 ιιι
1231 3730 1417 3776 centra
1467 3720 1610 3775 tuam
1654 3714 1786 3776 eon-

190 3819 479 3873 scientiam
502 3814 635 3872 mihi
664 3815 1003 3872 adscriberes
1031 3815 1177 3886 Quod
1197 3813 1277 3869 ais
1290 3813 1357 3869 de
1380 3813 1603 3884 lgnatio.
1631 3811 1792 3868 Certe

190 3910 441 3981 qua-dam
469 3909 588 3980 ejus
615 3907 912 3980 fragmenta
958 3908 1011 3963 ill
1048 3905 1204 3964 libris
1246 3902 1465 3964 Eusebii
1512 3915 1569 3963 et
1616 3906 1795 3962 Theo-

191 4004 360 4061 dorlti
423 4010 663 4076 agnasco
708 4013 763 4061 et
807 4004 1058 4060 veneror.
1102 4004 1185 4058 Ali
1227 4002 1391 4058 etiam
1433 4010 1496 4057 ea
1539 3999 1792 4073 repudia-

190 4096 315 4156 bis?
343 4094 526 4168 Nuper
548 4098 669 4152 cum
694 4096 857 4152 homo
882 4094 1232 4151 doctissimus
1258 4094 1353 4150 tibi
1401 4090 1467 4150 ex
1515 4093 1584 4150 lis
1635 4092 1795 4165 quip-

191 4194 339 4266 piam
364 4191 675 4263 obiecisset,
706 4190 849 4262 quod
870 4184 937 4246 ad
962 4187 1318 4245 Eucharistia:
1368 4176 1593 4244 causam
1628 4182 1795 4259 perti-

188 4287 400 4343 nebat:
429 4286 555 4356 quia
580 4283 634 4339 id
664 4291 717 4339 te
739 4284 1042 4355 premebat,
1075 4279 1391 4338 exclamasti
1431 4292 1552 4338 esse
1590 4278 1792 4349 repetis

190 4391 307 4436 tum
337 4388 405 4436 ex
435 4374 735 4450 nugatorlis
757 4420 772 4444 ,
802 4384 924 4450 qtae
975 4366 1433 4433 circumferuntur
1456 4417 1472 4443 ,
1519 4375 1789 4446 epistolis;

188 4473 358 4545 Atqui
387 4473 552 4527 falsus
577 4484 711 4539 es,o
734 4468 1008 4543 magister.
1066 4468 1207 4525 illud
1252 4470 1305 4524 in
1349 4467 1413 4524 iis
1446 4476 1555 4523 non
1590 4472 1788 4523 exstat.

189 4566 386 4621 Exstat
424 4572 603 4619 autem
634 4570 690 4621 et
711 4565 965 4620 recitatur
989 4556 1040 4618 in
1065 4559 1284 4634 optimis
1305 4561 1458 4619 libris
1488 4556 1793 4618 Theoderi-

1896 3366 2024 3423 quo,
2072 3346 2481 3429 Rempublicam
2530 3342 2694 3405 verbd
2741 3346 3084 3411 retinemus,
3133 3345 3308 3416 reipsa
3364 3344 3492 3399 vero

1891 3442 2214 3518 jampridem
2241 3446 2539 3503 amisimus.
2571 3444 2661 3503 Sic
2687 3440 2776 3501 ille
2821 3440 3118 3502 iiomauds.
3178 3438 3378 3497 Eodem
3442 3432 3494 3495 te

1895 3540 2075 3595 animo
2094 3534 2226 3610 puer
2245 3534 2499 3612 putabant
2524 3538 2781 3595 Ecclesim
2808 3534 3146 3594 Senescentis
3176 3526 3497 3591 deformita-

1897 3636 2026 3698 tem‘,
2061 3642 2239 3703 rugas,
2265 3631 2593 3704 squalorem,
2649 3629 2812 3688 sititm
2853 3620 3183 3702 deplorarei
3238 3637 3294 3685 et
3335 3624 3493 3683 simul

1897 3724 2233 3797 penicillum,
2280 3718 2339 3782 lit
2370 3724 2607 3798 priorem
2654 3726 2882 3780 ferinam
2932 3720 3260 3788 rettovares,
3315 3720 3496 3790 petitis

1895 3820 2054 3891 quam
2087 3816 2388 3890 spongiam,
2412 3817 2516 3891 dua
2535 3822 2774 3874 eatrema
2798 3818 3011 3888 quoque
3033 3816 3151 3887 ejus
3170 3812 3494 3870 lineamenta

1895 3912 2127 3983 deletes,
2159 3908 2458 3987 accepisse.
2486 3912 2621 3970 Nam
2653 3918 2708 3969 ct
2750 3910 2802 3968 iit
2836 3906 3021 3968 eadem
3054 3910 3280 3982 epistola
3307 3950 3323 3975 ,
3370 3923 3492 3964 cum

1897 4002 2113 4082 indigne
2161 4004 2334 4065 renes
2392 3998 2444 4065 le
2484 3998 2553 4064 ab
2597 4004 2913 4063 a‘dverSario
2957 3996 3200 4061 accusari
3254 4010 3311 4057 ut
3362 4006 3496 4056 cott-

1898 4100 2220 4176 tem‘ptorein
2252 4094 2517 4159 Ecclesiae
2546 4096 2766 4167 veteris,
2801 4097 3137 4162 exclamasti,
3160 4094 3343 4168 janinc
3370 4093 3491 4149 hos-

1897 4194 2007 4252 tem
2034 4190 2371 4265 antiquitatis
2400 4196 2522 4251 estse
2569 4188 2742 4260 dices,
2770 4191 2863 4264 qui
2893 4190 3127 4261 antiquae
3172 4186 3389 4265 pietatis
3432 4182 3495 4242 ac

1897 4285 2275 4345 sanctiumnite
2302 4280 2506 4353 studio,
2534 4282 2789 4359 praesenti
2809 4282 2990 4340 rerum
3009 4276 3360 4352 corruptione
3384 4274 3493 4334 ituri

1897 4383 2206 4450 cdntenttrs,
2231 4376 2355 4453 quae
2385 4374 2508 4436 sunt
2538 4378 2591 4435 in
2616 4377 2859 4435 Ecclesia
2887 4370 3143 4445 dissipata
3186 4370 3249 4429 se
3299 4371 3499 4443 depra-

1900 4474 2042 4543 va‘ia,
2073 4460 2425 4546 eorrigere'iii
2454 4470 2671 4541 melius,
2704 4476 2767 4527 a‘c
2800 4468 3087 4526 restititere
3116 4466 3170 4523 in
3210 4464 3495 4537 pristinum

1896 4569 2127 4628 nitorem
2159 4559 2456 4625 molietut‘i
2484 4568 2606 4621 cum
2636 4558 2780 4621 istti'd
2803 4564 2938 4636 pu’er
2983 4560 3184 4628 audivi,
3214 4557 3495 4628 exsiliens,

186 4659 252 4714 ti.
280 4658 500 4715 Utinam
528 4672 656 4714 vero
680 4650 824 4729 (ιιιόά
854 4656 1115 4729 lgnatium
1151 4656 1436 4729 scripsisse
1455 4656 1526 4713 de
1554 4657 1787 4730 Apestos
1817 4664 1873 4727 1)
1898 4654 2092 4730 fateor,
2123 4654 2448 4729 exclamavi,
2474 4670 2633 4731 euge,

188 4754 373 4808 terum
407 4740 806 4817 traditionibus,
838 4752 1065 4809 tesratu'r
1092 4750 1385 4820 Eusebius,
1411 4752 1571 4807 etiam
1604 4742 1789 4808 exsta-

188 4853 300 4902 ret.
333 4845 584 4916 Magnum
614 4844 875 4920 adversus
925 4852 1044 4900 ttias
1087 4834 1454 4901 iiiiiciationes
1481 4843 1789 4916 pra-sidiam

186 4938 421 5010 optimae
442 4937 746 4994 teatationis
770 4937 1117 4994 haberemus.
1149 4936 1256 4993 Sed
1284 4940 1402 4992 tltut
1436 4937 1602 4992 tnulta
1635 4936 1795 5007 hujus

184 5034 413 5104 generis
446 5039 795 5086 monumenta
820 5026 1234 5097 interciderit“,
1255 5031 1511 5102 reliquias
1537 5040 1645 5087 non
1675 5034 1795 5103 pes-

184 5123 456 5180 sundabis
483 5134 603 5196 qam
626 5132 678 5180 te
702 5132 920 5196 urgent.
956 5122 1137 5193 Quid?
1161 5128 1284 5180 utar
1323 5132 1415 5180 tuo
1439 5120 1686 5193 consilio,
1738 5128 1795 5183 ut

185 5210 479 5272 conﬁctam
511 5216 654 5287 quod
683 5218 828 5274 volo.
874 5216 1025 5273 Nttnc
1074 5217 1218 5273 enim
1268 5214 1400 5293 nillil
1453 5217 1507 5272 in
1556 5226 1792 5274 mentem

189 5313 374 5376 venit,
405 5308 547 5380 quod
592 5311 645 5364 in
674 5310 902 5377 eadem,
953 5302 1020 5366 ea
1061 5312 1164 5381 qua
1206 5308 1368 5382 paulo
1416 5312 1543 5366 ante
1591 5312 1797 5382 aliquot

186 5406 362 5461 verba
413 5406 624 5476 repetit,
658 5402 884 5476 epistola
933 5403 1224 5477 aliquando
1270 5404 1396 5477 legi.
1445 5398 1528 5462 Tu
1575 5406 1791 5477 quidem

189 5510 395 5568 nuper,
421 5504 477 5553 tit
504 5508 683 5555 meam
724 5487 1009 5555 stultitiam
1040 5500 1298 5556 irri‘dcres
1325 5542 1341 5568 ,
1384 5492 1651 5571 scripsisti
1707 5508 1794 5556 me

188 5584 433 5665 puerum
471 5591 786 5650 memoriter
819 5594 1104 5664 epistolam
1152 5593 1301 5649 utaut
1347 5594 1516 5649 totam
1565 5594 1796 5650 recitare

189 5687 459 5756 punisse.
491 5680 608 5741 Non
636 5685 861 5742 tuemini
888 5692 995 5740 tam
1022 5694 1111 5743 me
1135 5685 1427 5758 aliquando
1468 5684 1644 5745 felicis
1680 5692 1795 5744 rite-

187 5774 390 5836 niorize
418 5773 606 5847 fuisse,
640 5786 859 5853 tamque
915 5774 979 5836 ea
1032 5771 1311 5851 pueriliter
1352 5772 1501 5841 abuti
1530 5776 1787 5841 voluisse.

185 5871 303 5931 Sed
331 5870 431 5945 per
457 5883 673 5935 allatam
703 5876 832 5934 licet
851 5875 954 5934 sitit
985 5878 1157 5935 laetus
1185 5868 1503 5951 dbiiilo'sus,
1525 5877 1664 5938 bene
1692 5879 1791 5935 ba-

1993 4757 2151 4829 Verre
2171 4779 2519 4841 pavimentum,
2544 4770 2721 4841 nitidas
2742 4770 2953 4841 ostende
2967 4767 3244 4841 _columnas,

1993 4841 2141 4892 Arida
2163 4831 2273 4891 cum
2297 4844 2397 4890 tota
2417 4831 2688 4889 descendat
2705 4840 2885 4886 aranea
2909 4831 3030 4884 tela.

1971 4944 2090 5004 Jam
2146 4944 2276 5002 vero
2327 4958 2449 5001 cum
2505 4950 2562 5000 tu
2616 4940 2797 4998 rerum
2849 4937 3072 5011 potitus,
3113 4934 3258 4991 tuam
3311 4927 3497 4999 modo,

1902 5044 2069 5110 tua'm,
2102 5041 2171 5096 mi
2201 5038 2385 5105 Calve,
2414 5034 2643 5094 formam
2675 5034 2869 5091 novam
2896 5028 3140 5088 ostentus
3165 5071 3179 5094 ,
3214 5034 3269 5084 et
3300 5036 3356 5083 ut
3382 5026 3498 5082 Sola

1900 5146 2193 5210 Spectetur,
2225 5114 2376 5191 delos
2406 5131 2724 5204 inducisque
2750 5126 3012 5189 veterem,
3034 5133 3093 5181 et
3111 5122 3265 5180 nobis
3291 5121 3498 5178 irasce-

1899 5230 2001 5298 ris,
2034 5226 2125 5300 qui
2157 5229 2314 5284 bona:
2344 5223 2685 5296 antiquitatis
2718 5222 2875 5294 plane
2910 5216 3152 5276 oblivisci
3178 5232 3283 5272 non
3308 5228 3501 5285 possu-

1902 5338 2041 5390 mus,
2072 5322 2122 5378 ei
2154 5318 2221 5378 ad
2247 5320 2392 5378 illam
2424 5319 2684 5377 Ecclesiae
2707 5316 2921 5383 faciem,
2970 5329 3089 5384 qum.
3118 5312 3295 5367 fuerat
3338 5315 3499 5363 :etate

1900 5408 2109 5481 Basilii,
2142 5410 2549 5486 ChrysostOmi,
2594 5408 2798 5482 Optati,
2850 5403 3146 5475 Ambrosii,
3186 5394 3497 5471 Augustini,

1903 5513 1957 5563 te
1983 5503 2327 5572 revocamus,
2358 5508 2413 5560 ut
2443 5500 2509 5559 ad
2542 5518 2661 5558 eam
2697 5504 2750 5556 tu
2781 5502 2881 5555 nos
2906 5495 3196 5568 aliquando
3230 5510 3242 5547 :
3290 5490 3357 5547 'a'n
3397 5491 3501 5546 mi-

1900 5599 2061 5668 ητις,
2089 5600 2133 5654 si
2159 5600 2225 5665 is,
2258 5602 2421 5670 qiiem
2453 5606 2548 5651 sua
2581 5594 2650 5650 de
2679 5603 2731 5647 te
2761 5590 2955 5647 metior
2994 5588 3181 5660 opinio
3220 5584 3494 5652 icl‘ellel'it,

1901 5695 2048 5752 dolet
2072 5705 2131 5751 se
2162 5694 2451 5765 'de'ce'ptum
2477 5687 2984 5758 essetquamquam
3017 5688 3073 5737 ιιι
3099 5686 3310 5751 illecum
3334 5679 3497 5734 etiam

1903 5787 2074 5858 magis
2106 5794 2233 5857 agas
2263 5786 2402 5845 rutila
2434 5782 2563 5849 title,
2609 5778 2742 5849 ῌιιιιι
2777 5775 3106 5849 persuadere
3147 5770 3500 5829 nihilominus

1902 5880 2004 5951 vis,
2034 5885 2089 5937 te
2115 5878 2309 5938 eodem
2335 5876 2547 5937 scilicet
2576 5870 2912 5953 antiquitatis
2938 5869 3151 5938 studio,
3176 5866 3320 5939 quod
3353 5863 3501 5937 prius
