3974 6324
471 294 614 353 1119

1690 291 2198 352 PREFATIONES
2225 294 2550 354 BALDUINI

3622 300 3744 358 11ἒο

464 412 730 485 jactabas,
761 414 932 471 teneri
958 432 969 468 :
996 430 1082 471 me
1104 429 1236 471 vero
1264 414 1424 471 inane
1446 414 1608 471 modo
1642 424 1920 487 spectrum
1967 415 2065 471 ob-
2092 418 2145 481 Α
2170 417 2265 472 sed
2292 417 2421 473 dolo
2451 416 2695 489 peccabit
2721 434 2735 482 ;
2774 417 2900 474 vide
2929 417 3054 488 quid
3105 417 3343 474 futurum
3369 418 3463 485 sit,
3488 419 3531 475 si
3556 420 3746 488 quoties

467 506 657 577 jicere.
691 507 965 564 Mirabiles
987 516 1116 564 sunt
1144 508 1227 563 bte
1258 508 1566 579 pra-stigiaa;
1596 516 1653 563 ut
1680 507 2067 577 discutiantur,

470 598 748 671 inq‘uisitio
778 600 1013 671 legitima
1043 600 1374 657 instituatur.
1413 599 1519 656 Sed
1558 610 1611 655 tu
1645 615 1763 656 eam
1789 601 2071 672 perturbas

475 694 858 749 tumultuando
886 703 1049 765 atque
1078 694 1456 750 conviciando.

569 786 773 849 Projicis
794 787 1033 851 ampullas
1056 795 1109 838 et
1131 789 1351 852 sesquipt
1368 787 1493 837 dalia
1519 789 1689 840 verba.

547 877 640 933 Sic
693 878 813 933 solo
862 880 1073 949 crepitu
1101 878 1274 950 abigis
1318 878 1715 935 adversarium.
1758 878 1919 950 Atqui
1948 879 2076 935 licet

476 986 677 1043 pueros
702 981 931 1041 terreas,
966 972 1070 1028 hoc
1102 973 1186 1046 (ut
1209 984 1301 1029 tuo
1339 975 1508 1030 verbo
1543 974 1686 1047 utar)
1734 990 1931 1047 spuere
1968 986 2072 1045 est,

478 1082 584 1125 non
609 1068 779 1140 loqui.
809 1068 922 1123 Etsi
953 1068 1085 1124 nihil
1116 1069 1285 1139 magis
1314 1070 1552 1125 alienum
1606 1086 1635 1123 a
1688 1086 1808 1125 mea
1861 1070 2073 1141 proles-

478 1163 633 1218 sione
653 1172 759 1229 est,
792 1179 950 1235 quam
974 1162 1187 1235 litigare
1216 1173 1395 1221 tecum
1420 1208 1433 1230 ,
1462 1175 1639 1220 tamen
1666 1180 1765 1235 age
1796 1183 1807 1218 :
1835 1179 1957 1220 cum
1991 1180 2077 1221 me

481 1255 728 1321 lacessis,
762 1257 1013 1327 permitte
1043 1268 1102 1312 ut
1130 1274 1279 1328 aequa
1304 1257 1613 1314 conditione
1635 1257 1897 1329 judicium
1920 1258 2077 1314 bona:

482 1348 610 1404 fidei
634 1347 812 1404 detur.
840 1348 956 1405 Etsi
986 1351 1052 1404 ad
1097 1354 1550 1406 contestationem
1597 1350 1821 1407 minime
1862 1366 2080 1422 compa-

482 1451 600 1499 rata
627 1442 695 1497 sit
724 1442 1065 1499 imbecillitas
1112 1460 1252 1510 mea,
1279 1454 1459 1500 tamen
1493 1445 1617 1500 faxo
1667 1455 1724 1500 ut
1774 1445 2081 1517 intelligant

482 1538 575 1607 qui
602 1535 783 1592 volent
813 1546 866 1591 te
895 1538 993 1593 abs
1039 1539 1289 1609 religiosa
1316 1539 1639 1609 antiquitate
1666 1539 1881 1610 longius
1908 1538 2075 1593 abes-

485 1643 547 1685 se
579 1646 593 1683 :
626 1644 802 1699 neque
824 1644 1043 1699 semper
1068 1630 1205 1686 bona
1239 1630 1365 1698 fide,
1392 1630 1652 1701 quidquid
1690 1630 1759 1685 de
1800 1630 1890 1685 illa
1947 1631 2083 1685 reci—

487 1730 591 1788 tas,
630 1721 882 1788 recitare,
914 1722 1031 1778 sive
1054 1723 1400 1795 negligentia,
1450 1724 1566 1778 sive
1610 1722 1740 1778 dolo
1789 1722 1841 1778 id
1894 1722 2078 1779 facias.

2177 510 2343 578 voles,
2378 510 2646 581 religiOsm
2668 510 2973 581 antiquitati
3007 511 3164 566 fidem
3192 510 3479 567 detrahere
3505 512 3648 567 velis.
3676 512 3747 568 1ης

2178 610 2323 659 terea
2374 611 2556 672 patere
2590 610 2647 657 ut
2682 602 2827 672 quod
2876 612 3063 658 contra
3108 604 3439 659 Manichaeos
3486 604 3750 674 aliquando

2176 695 2392 764 scripsit
2415 694 2765 765 Augustinus,
2791 710 2933 750 nunc
2959 695 3051 749 tibi
3076 696 3128 749 in
3152 697 3474 751 memOriam
3498 712 3746 753 revocem.

2178 786 2561 857 Consequetur
2609 785 2843 858 (inquit)
2898 785 3140 841 omnium
3196 787 3506 843 litterarum
3562 802 3753 844 summa

2178 879 2476 950 perversio,
2510 887 2565 934 et
2595 880 2860 946 omnium,
2890 880 2979 946 qui
3010 880 3285 935 memoriae
3334 878 3573 934 mandati
3619 888 3751 947 sunt,

2179 972 2441 1028 librorum
2466 972 2710 1037 abolitio,
2742 976 2787 1027 si
2814 972 2957 1043 quod
2990 982 3134 1027 tanta
3166 973 3490 1043 populorum
3513 974 3756 1043 religione

2179 1067 2491 1122 roboratam
2520 1078 2623 1131 est,
2656 1075 2799 1121 tanta
2832 1067 3109 1121 hominum
3135 1074 3190 1121 et
3220 1077 3526 1138 temporum
3548 1080 3760 1122 consen-

2181 1158 2334 1213 sione
2362 1159 2655 1222 firmalum,
2690 1159 2739 1213 in
2774 1159 2912 1215 hanc
2938 1158 3329 1215 dubitationem
3381 1158 3678 1223 adducitur,
3709 1168 3763 1217 ut

2183 1269 2250 1307 tte
2298 1252 2537 1308 historia:
2579 1254 2796 1323 quidem
2847 1253 3089 1325 vulgaris
3137 1253 3295 1308 iidem
3328 1253 3503 1325 possit
3542 1253 3763 1325 gravita-

2184 1353 2401 1415 temque
2428 1345 2701 1400 obtinere.

2260 1437 2444 1493 Redeo
2470 1438 2534 1492 ad
2562 1454 2777 1493 causam
2811 1439 3234 1495 Donatistarum.
3278 1440 3358 1496 En
3383 1440 3673 1511 qumritur,
3702 1458 3766 1499 an

2188 1529 2436 1602 baptizati
2468 1530 2536 1585 ab
2564 1530 2858 1597 hmrcticis,
2882 1531 3074 1587 iterum
3107 1533 3160 1587 in
3188 1533 3433 1589 Ecclesia
3476 1533 3767 1603 baptizandi

2185 1624 2294 1678 sint
2322 1624 2345 1677 ?
2378 1624 2757 1694 reSpondebis,
2793 1640 2898 1679 non
2927 1640 3068 1681 esse.
3100 1626 3209 1680 Cur
3239 1626 3353 1680 ita?
3382 1626 3562 1681 locum
3595 1641 3772 1697 quem-

2190 1716 2313 1771 dam
2339 1717 2405 1772 de
2436 1719 2591 1773 unica
2620 1717 2826 1773 lotione
2873 1734 2936 1773 ex
2993 1718 3285 1788 Evangelio
3329 1718 3553 1774 Joannis
3609 1719 3775 1789 prole-

487 1812 635 1870 Faxo
661 1813 825 1871 etiam
855 1823 912 1869 ut
940 1813 1209 1883 intelligas
1251 1830 1375 1869 eum
1415 1831 1576 1885 quem
1606 1814 1752 1869 aliud
1781 1830 1941 1886 agere
1982 1814 2083 1869 im-
2114 1832 2162 1892 Β
2192 1811 2564 1884 runtOptatus
2592 1822 2645 1867 et
2673 1811 3044 1883 Augustinus;
3075 1814 3221 1868 dices
3246 1813 3311 1867 ad
3344 1829 3458 1868 rem
3506 1828 3611 1868 non
3654 1830 3771 1883 per-

486 1906 657 1977 probe
686 1906 863 1978 ﬁngis,
882 1916 938 1963 et
964 1909 1129 1974 serio,
1154 1918 1204 1963 et
1233 1908 1495 1975 studiose,
1525 1918 1580 1963 et
1598 1908 1849 1979 religiose
1872 1923 2085 1979 quaere-

486 2015 549 2057 re
575 2016 764 2057 verum
791 2020 805 2057 :
840 2016 1015 2073 neque
1046 2002 1158 2057 ullo
1181 2002 1308 2057 odio
1333 2003 1562 2071 partium
1594 2000 1822 2057 distrahi
1851 2020 1863 2056 :
1912 2017 2087 2073 neque

486 2110 610 2150 cum
634 2096 795 2151 unius
818 2096 1007 2151 vitium
1034 2106 1274 2161 accusat,
1301 2096 1523 2152 alterius
1545 2110 1805 2151 excusare
1829 2136 1846 2162 ,
1869 2094 1962 2150 sed
1993 2110 2087 2179 ne:

487 2203 595 2259 que
625 2188 843 2243 sonoris
873 2188 982 2243 tuis
1002 2188 1348 2259 crepitaculis
1390 2190 1606 2245 terreri.
1654 2190 1820 2245 Detur
1858 2188 2087 2245 audien-

490 2282 587 2347 tia,
618 2280 675 2337 in
702 2280 857 2353 cujus
882 2296 1027 2338 nunc
1080 2296 1235 2352 spem
1282 2282 1517 2353 aliquam
1577 2297 1741 2337 vocor
1772 2302 1785 2338 :
1818 2282 1976 2349 faxo,
2029 2292 2090 2337 ut

488 2375 572 2429 vel
602 2374 803 2431 invitus
828 2375 1013 2431 videas
1039 2391 1186 2444 eum,
1211 2376 1314 2432 etsi
1344 2376 1619 2433 hominem
1650 2377 1783 2432 nihil
1812 2392 1935 2433 esse
1977 2377 2088 2432 cla-

490 2467 674 2535 mites,
700 2478 879 2524 tamen
906 2480 960 2523 et
987 2479 1233 2525 extrema
1257 2485 1376 2541 quae
1401 2472 1593 2526 vitiosa
1626 2481 1769 2538 sunt,
1816 2470 2085 2542 refugere,

489 2570 545 2617 et
572 2562 807 2618 medium
836 2562 979 2633 quod
1012 2563 1227 2633 quidem
1268 2565 1535 2633 integrum
1563 2575 1618 2621 et
1648 2574 1855 2621 rectum
1880 2568 1973 2633 sit,
2004 2583 2090 2622 rc-

487 2656 745 2725 quirere:
777 2663 833 2711 et
855 2654 999 2727 quod
1033 2654 1403 2713 Nazianzenus
1440 2658 1492 2712 in
1526 2658 1609 2713 bis
1650 2659 2090 2716 contentionibus

488 2748 621 2805 dixit
662 2748 826 2806 rudes
857 2750 1123 2821 agricolas
1154 2752 1205 2805 in
1233 2751 1448 2819 arbore,
1498 2768 1619 2823 qua:
1669 2752 1897 2808 distorta
1946 2762 2087 2820 erat,

489 2844 768 2915 dirigenda
784 2860 887 2899 non
910 2846 1044 2900 satis
1065 2845 1470 2913 observavisse,
1496 2863 1693 2904 cavere
1716 2848 1855 2904 velle
1888 2867 1901 2902 :
1929 2857 1984 2904 et
2005 2850 2087 2905 nio

490 2939 810 3004 hilominus,
834 2955 956 3009 qua:
986 2941 1101 2995 haec
1125 2950 1257 2995 tetas
1296 2941 1601 2997 I'CCliSSinle
1636 2944 1899 3010 correxit,
1928 2944 2085 2998 tueri.

486 3030 660 3088 Nimis
686 3032 928 3104 ingratus
952 3042 1117 3101 esset,
1149 3033 1193 3087 si
1218 3049 1323 3088 non
1352 3046 1674 3105 agnosceret
1702 3046 1957 3107 quantam
1988 3036 2089 3093 hoc

493 3134 738 3194 tempore
771 3125 945 3180 lucem
978 3125 1122 3181 Deus
1151 3126 1483 3194 accenderit,
1535 3144 1805 3200 quamque
1853 3129 1922 3185 de
1964 3130 2092 3184 reli-

2193 1906 2385 1960 tinere.
2420 1904 2588 1974 Quem
2622 1905 2919 1961 Donatistae
2944 1906 3275 1977 objiciebant
3306 1907 3484 1963 locum
3522 1923 3587 1962 ex
3636 1907 3776 1963 Actis

2191 1999 2570 2071 Apostolorum
2600 2014 2704 2055 non
2730 2000 2931 2070 pateris
2959 2000 3247 2072 explicari,
3290 2000 3535 2055 adhibita
3565 2000 3777 2057 distinc-

2192 2095 2337 2148 tione
2360 2094 2500 2149 inter
2528 2094 2788 2164 baptisma
2812 2092 3011 2149 Christi
3043 2104 3097 2151 et
3123 2095 3349 2151 Joannis
3380 2114 3392 2148 :
3422 2096 3638 2166 qualem
3673 2096 3776 2151 dis—

2192 2191 2507 2247 tinctionem
2533 2191 2790 2247 adhibent
2816 2190 3044 2261 Optatus
3071 2202 3123 2246 et
3155 2191 3489 2263 Augustinus
3523 2210 3537 2246 :
3570 2202 3626 2247 tu
3654 2206 3771 2247 vero

2192 2299 2311 2339 eam
2338 2284 2653 2355 repudians,
2684 2285 2856 2339 mavis
2880 2284 3231 2356 singulariter
3254 2294 3309 2340 et
3332 2300 3470 2341 nove
3522 2289 3775 2356 interpre-

2195 2380 2293 2434 tari
2356 2382 2406 2435 in
2462 2380 2556 2435 illo
2610 2385 2865 2435 Actorum
2930 2379 3051 2435 loco
3092 2379 3422 2449 baptismum
3466 2396 3577 2435 non
3626 2380 3778 2451 signi-

2196 2472 2358 2529 ficare
2407 2473 2755 2544 baptismum.
2818 2472 3057 2527 Tandem
3084 2482 3260 2528 tamen
3299 2472 3448 2529 redis
3487 2473 3557 2527 ad
3584 2472 3780 2544 Augus-

2192 2568 2363 2623 tinum
2420 2566 2490 2623 de
2549 2568 2708 2622 unico
2766 2566 3074 2637 baptismo,
3144 2578 3197 2622 et
3256 2566 3528 2638 approbas
3565 2581 3781 2623 consue-

2195 2661 2435 2716 tudinem
2494 2672 2755 2724 veterem,
2801 2676 2961 2729 quam
3007 2660 3119 2725 ille,
3169 2659 3299 2714 licet
3356 2659 3654 2728 aliquando
3708 2658 3781 2713 in-

2194 2765 2491 2827 terruptam
2523 2798 2536 2822 ,
2587 2757 2873 2826 approbat.
2939 2754 3126 2809 Recte.
3184 2754 3291 2810 Sed
3338 2769 3449 2823 quo
3506 2770 3782 2827 argumen-

2193 2850 2293 2904 to?
2324 2867 2389 2903 an
2419 2865 2519 2919 qua
2549 2849 2661 2905 sive
2688 2849 3004 2918 conjectura
3032 2850 3145 2903 sive
3186 2847 3606 2904 ratiocinatione
3646 2848 3778 2903 anti-

2193 2943 2509 3012 quissimam
2536 2943 2683 2997 illam
2708 2941 3155 2997 consuetudinem
3204 2940 3371 2997 refert
3422 2942 3487 2997 ad
3549 2952 3780 3013 tempora

2196 3036 2620 3113 Apostolorum?
2649 3036 2769 3092 Jam
2804 3036 2899 3091 tibi
2931 3048 3142 3092 nonest
3172 3036 3442 3106 integrum
3468 3035 3777 3102 reclamare,

2194 3136 2294 3191 nisi
2334 3134 2429 3190 tibi
2460 3136 2558 3205 ipsi
2605 3149 2911 3206 repugnes;
2966 3132 3264 3205 przesertitn
3319 3148 3443 3187 cum
3495 3132 3776 3203 improbes,

488 3219 824 3290 gionemulti
855 3219 1119 3290 praeclare
1147 3220 1322 3274 meriti
1356 3221 1485 3275 sint.
1524 3221 1631 3277 Sed
1684 3237 1870 3277 rursus
1928 3222 2089 3278 nimis
2114 3242 2160 3305 ε
2193 3228 2338 3301 quod
2369 3230 2441 3284 illi
2471 3229 2773 3301 Cyprianus
2818 3228 3040 3299 objecit.
3081 3228 3177 3283 Hic
3226 3240 3406 3282 autem
3451 3228 3496 3283 si
3539 3228 3779 3282 concedis

487 3326 664 3366 caseus
687 3320 855 3377 esset,
882 3312 927 3365 si
952 3327 1060 3366 non
1090 3312 1302 3367 videret
1331 3328 1501 3383 ecquo
1534 3314 1738 3370 interea
1784 3316 1873 3371 alii
1904 3324 2084 3371 ruant.

488 3403 657 3460 Vetus
682 3413 768 3459 est
794 3404 949 3472 illud,
978 3405 1123 3476 quod
1150 3416 1205 3459 et
1229 3405 1356 3460 olim
1388 3416 1477 3461 tuo
1503 3407 1689 3477 gentili
1713 3408 1985 3475 obiectum
2014 3410 2091 3465 le-

488 3499 612 3571 pide
640 3499 810 3557 fuisse
841 3514 1023 3557 narrat
1048 3498 1263 3568 Cicero,
1296 3518 1417 3556 num
1448 3502 1711 3559 claudicat
1740 3505 1765 3559 ἔ)
1796 3504 1846 3559 id
1897 3505 1948 3558 in
1982 3506 2088 3561 tuis

488 3607 701 3661 quoque
729 3594 1127 3663 progressibus,
1176 3594 1471 3651 observare
1510 3611 1597 3651 me
1642 3612 1711 3652 ne
1759 3601 1985 3654 moleste
2010 3599 2088 3654 fe-

489 3699 600 3741 ras.
630 3684 698 3741 Ut
724 3685 1113 3752 Cassandrum,
1144 3690 1302 3759 cujus
1334 3692 1503 3762 magis
1550 3700 1707 3747 erant
1750 3692 1833 3747 ha:
1886 3703 2086 3764 partes,

490 3790 681 3848 passus
704 3794 821 3833 sum
853 3780 1089 3850 priorem
1115 3782 1182 3838 de
1210 3797 1277 3838 ea
1301 3798 1359 3838 re
1385 3783 1589 3847 dicere,
1622 3783 1689 3839 de
1734 3801 1838 3855 qua
1882 3796 1936 3841 tu
1968 3828 1983 3855 ,
2033 3796 2091 3843 ut

491 3884 579 3925 me
601 3878 655 3925 et
678 3871 827 3925 illum
852 3887 1102 3939 vexares,
1134 3874 1593 3945 impotentissime
1640 3878 1977 3944 declatnasti,
2011 3880 2091 3935 sic

484 3963 811 4035 jampridem
840 3976 1100 4035 exspecto
1124 4008 1138 4031 ,
1172 3967 1367 4036 ecquid
1394 3970 1537 4024 illius
1573 3985 1836 4040 reSponso
1870 3972 2088 4028 tandem

490 4075 856 4130 responsurus
883 4064 979 4118 sis.
1013 4062 1117 4118 Sed
1149 4064 1346 4119 iterum
1382 4066 1541 4137 118
1564 4065 1659 4120 tibi
1682 4066 1957 4136 spondeo,
1983 4084 2089 4123 non

489 4154 807 4210 defuturum
837 4154 994 4211 bona:
1025 4172 1202 4211 causa:
1231 4160 1590 4227 patrocinium
1621 4199 1638 4225 ,
1692 4161 1736 4213 si
1778 4175 1971 4231 pergas
1997 4176 2089 4216 ca-

489 4246 764 4303 lumniari.
794 4248 997 4304 Saltem
1029 4248 1162 4303 mihi
1189 4249 1479 4315 concedes,
1536 4260 1594 4306 ut
1627 4251 1865 4307 civiliter
1912 4262 2089 4308 tecum

490 4352 667 4409 agam,
695 4340 784 4395 ubi
816 4340 974 4397 video
995 4354 1120 4397 esse
1158 4344 1516 4414 quaestionem
1568 4343 1697 4400 facti
1726 4346 1903 4416 potius
1928 4362 2088 4417 quam

488 4430 627 4503 juris
661 4451 674 4487 :
705 4434 919 4505 qualem
944 4450 1068 4493 esse
1093 4436 1272 4493 sentio
1295 4437 1348 4492 in
1382 4438 1467 4503 iis,
1519 4438 1588 4495 de
1628 4440 1825 4510 quibus
1880 4456 2090 4498 mecum

490 4526 689 4599 litigas.
714 4528 804 4585 Sic
832 4529 885 4584 in
915 4531 1271 4601 conjecturali
1295 4543 1436 4589 statu
1484 4548 1666 4590 causa:
1698 4543 1909 4590 tantum
1959 4536 2091 4591 mihi

2193 3322 2335 3393 quod
2364 3324 2665 3393 Augustino
2694 3338 2795 3377 non
2824 3337 3023 3393 negas;
3061 3322 3273 3377 tametsi
3305 3338 3370 3375 eo
3394 3323 3649 3392 exemplo
3684 3337 3779 3376 non

2199 3426 2340 3483 utar,
2374 3417 2477 3471 nisi
2513 3416 2564 3471 itt
2595 3433 2655 3472 re
2685 3418 2862 3471 minus
2890 3416 3051 3470 dubia
3082 3434 3095 3470 :
3130 3427 3291 3471 teneo
3317 3416 3461 3486 quod
3490 3417 3611 3471 volo
3646 3434 3659 3468 :
3704 3415 3780 3469 di-

2194 3512 2477 3566 tuittanlur
2524 3510 2733 3579 judices
2782 3511 2833 3564 itt
2865 3508 3305 3565 consiliutn.Ubi
3351 3510 3418 3564 de
3477 3512 3615 3564 facto
3662 3525 3782 3564 conc

2193 3612 2322 3669 stat,
2346 3618 2565 3658 causam
2594 3602 2817 3673 peregi,
2846 3610 2901 3656 et
2930 3601 3062 3657 dixi.
3110 3600 3186 3657 Ne
3237 3609 3499 3671 przeterea
3540 3601 3673 3656 mihi
3717 3605 3782 3655 sis

2195 3699 2476 3751 molestus.
2536 3696 2666 3751 Nam
2696 3695 2893 3750 deinde
2924 3694 3185 3764 recipiam
3228 3709 3364 3765 quas
3411 3696 3592 3760 voles,
3625 3696 3781 3750 bonas

2194 3790 2476 3846 cautiones
2504 3808 2519 3856 ;
2547 3805 2614 3845 ne
2636 3790 2727 3858 qui
2762 3789 2864 3845 hoc
2912 3788 3162 3858 exemplo
3191 3788 3520 3854 abutantur;
3550 3804 3614 3844 ne
3649 3788 3782 3844 fraus

2196 3894 2248 3939 et
2279 3884 2648 3954 praejudicium
2683 3884 2775 3937 fiat
2798 3883 3031 3947 veritati;
3059 3898 3125 3938 ne
3154 3883 3356 3937 veritas
3388 3898 3567 3938 rerum
3592 3883 3785 3937 errori—

2195 3975 2294 4031 bus
2326 3987 2603 4047 gestorum
2654 3976 2912 4041 vitietur;
2952 3984 3007 4029 et
3053 3985 3111 4029 ut
3161 3984 3436 4044 spectetur
3472 3990 3575 4029 non
3613 3974 3783 4029 solum

2195 4069 2322 4139 quid
2354 4069 2543 4124 Romae
2569 4068 2767 4124 factum
2800 4068 2889 4133 sit,
2923 4067 3017 4123 sed
3050 4068 3212 4122 etiam
3243 4067 3369 4137 quid
3401 4067 3515 4123 fieri
3552 4068 3783 4134 debeat;

2194 4163 2430 4235 denique
2462 4179 2529 4219 ne
2573 4162 2695 4218 facti
2732 4171 2788 4219 et
2826 4165 2961 4233 juris
3012 4162 3303 4218 discrimen
3332 4176 3539 4219 temere
3564 4163 3786 4219 confun—

2194 4256 2373 4311 datur.
2408 4257 2547 4313 Sunt
2568 4258 2652 4311 hze
2677 4258 2959 4312 cautiones
2983 4258 3034 4312 in
3066 4258 3268 4311 nostris
3289 4272 3504 4327 quoque
3535 4257 3689 4314 libris
3714 4259 3786 4313 le-

2193 4366 2574 4421 gum,quarum
2590 4366 2676 4405 me
2689 4350 2913 4405 oblitum
2936 4365 3057 4406 esse
3079 4366 3369 4421 numquam
3384 4351 3542 4406 velim
3570 4352 3782 4408 credas.

2265 4444 2401 4511 Quia
2432 4444 2558 4499 licet
2594 4444 2879 4499 consulere
2906 4442 3070 4515 (quod
3096 4452 3250 4498 vetus
3271 4442 3785 4501 Jurisconsultorum

2195 4536 2422 4591 verbum
2450 4536 2555 4607 est)
2586 4545 2641 4591 et
2687 4535 2922 4608 antiqua!
2967 4535 3348 4591 familiaritatis
3387 4537 3506 4606 jure
3558 4537 3787 4607 quodam

489 4621 755 4691 agendum
782 4623 1503 4696 eritdeprobatiouibus,de
1527 4627 1876 4695 testimoniis,
1894 4627 1960 4683 de
1983 4628 2089 4684 ﬁde
2118 4642 2169 4703 ι)
2196 4642 2415 4697 possum
2447 4635 2625 4683 tecum
2651 4643 2810 4698 agere
2840 4628 3083 4695 liberius,
3133 4628 3267 4683 nihil
3299 4629 3677 4686 dissimulabo.
3724 4631 3790 4685 De

490 4712 998 4771 instrumentorum.
1029 4716 1143 4772 Non
1172 4726 1293 4774 utar
1325 4719 1430 4775 nisi
1456 4720 1675 4790 optimis
1715 4729 1771 4776 et
1814 4720 2089 4776 authenti-

489 4807 590 4862 cis.
620 4808 678 4865 Si
722 4816 776 4863 tu
828 4809 951 4863 falsi
990 4812 1366 4881 exceptionem
1423 4827 1691 4883 opponas,
1741 4812 1862 4868 vide
1914 4828 1983 4869 ne
2023 4829 2090 4870 eo

490 4902 722 4971 teipsum
754 4902 984 4959 crimine
1005 4904 1272 4975 implices,
1303 4906 1418 4961 sive
1451 4917 1658 4964 temere
1675 4909 1852 4977 jactes
1888 4907 2088 4963 falsum

493 5009 613 5050 esse
639 5014 833 5053 nomen
866 5000 1194 5070 optimorum
1238 5002 1480 5065 testium,
1512 5003 1604 5073 qui
1633 5006 1872 5059 citantur
1901 5044 1931 5069 ,.
1973 5004 2089 5059 sive

492 5086 643 5143 dicas
664 5105 759 5144 eos
788 5093 1026 5159 mentiri,
1058 5103 1115 5149 et
1146 5108 1266 5149 reos
1292 5094 1751 5173 ψευδομαρτυρίας
1795 5112 1931 5166 quos
1982 5113 2089 5152 non

492 5184 791 5251 cuuvineis,
829 5200 1087 5257 peragere
1114 5188 1232 5241 sine
1255 5188 1363 5242 ulla
1389 5189 1709 5258 probatione
1751 5192 1908 5246 velis.
1954 5192 2090 5249 Vide

492 5273 680 5336 etiam,
711 5290 779 5329 an
807 5275 899 5329 tibi
925 5276 1081 5331 liceat
1120 5287 1309 5332 contra
1352 5277 1565 5349 regulas
1591 5280 1731 5349 juris
1762 5284 1953 5347 nostri,
2002 5298 2088 5338 se-

494 5367 605 5422 mel
635 5369 737 5423 abs
771 5378 822 5424 te
853 5371 1181 5441 approbatos
1220 5381 1407 5441 postea
1456 5373 1768 5443 reprobarc,
1801 5386 1855 5430 et
1900 5392 2086 5432 rursus

497 5460 731 5530 probare
760 5462 1117 5535 improbatos.
1173 5465 1359 5523 Liceat
1400 5466 1503 5522 hoc
1532 5483 1684 5535 sane,
1711 5471 1801 5526 ubi
1830 5470 1898 5527 de
1926 5471 2091 5528 variis

496 5575 687 5617 eorum
744 5571 799 5616 et
847 5562 1073 5631 privatis
1116 5562 1465 5633 opinionibus
1529 5562 1735 5633 agitur;
1781 5564 1849 5619 de
1895 5567 2090 5637 quibus

499 5672 643 5712 nunc
669 5672 777 5712 non
808 5657 1037 5729 agimus.
1069 5657 1175 5714 Sed
1201 5672 1323 5713 cum
1351 5657 1417 5713 de
1448 5658 1767 5714 testimonio
1814 5658 1938 5713 facti
1986 5660 2088 5715 ali-

499 5748 653 5817 cujus
683 5749 881 5818 publici
912 5752 1173 5821 quaaritur
1201 5769 1215 5807 :
1246 5751 1390 5823 quod
1416 5751 1785 5809 tesdmonlum
1814 5752 1905 5824 qui
1937 5754 2089 5823 dicit,

499 5841 544 5896 si
577 5841 757 5901 sciens
785 5844 952 5914 fallat,
985 5845 1067 5901 vir
1097 5846 1272 5906 bonus
1303 5862 1408 5905 non
1455 5848 1591 5906 sciet
1622 5886 1638 5917 ,
1689 5863 1862 5920 neque
1910 5864 2096 5909 errore

2199 4719 2444 4775 Ecclesia
2471 4730 2745 4777 certamen
2777 4728 2861 4776 est
2887 4737 3008 4776 cum
3038 4722 3352 4777 Donatistis.
3400 4722 3477 4776 Tu
3523 4738 3669 4793 quas
3707 4738 3790 4779 so-

2199 4810 2315 4867 leas
2355 4812 2569 4868 tradere
2593 4824 2747 4868 notas
2770 4812 3031 4868 Ecclesia:
3054 4812 3453 4884 dignoscendaz,
3476 4816 3785 4871 meministi.

2198 4906 2457 4973 Obsecro,
2490 4910 2560 4963 mi
2588 4909 2830 4976 Censor,
2856 4924 2923 4963 an
2953 4924 3033 4964 eae
3078 4909 3212 4965 satis
3247 4919 3435 4964 notant
3475 4920 3527 4965 et
3584 4926 3787 4982 expuno

2199 5012 2329 5071 gunt
2356 5002 2751 5058 Donatistarum
2783 5002 3258 5075 Synagogas‘lcur
3294 5002 3450 5072 longe
3486 5003 3626 5059 alias
3667 5005 3788 5059 διιοο

2198 5104 2327 5164 gant
2354 5095 2580 5164 Optatus
2602 5104 2657 5149 et
2684 5094 3019 5166 Augustinus
3046 5096 3068 5149 ?
3092 5106 3144 5149 et
3166 5109 3296 5150 vero
3322 5094 3390 5150 de
3417 5096 3480 5150 iis
3505 5096 3634 5165 quid
3672 5112 3786 5151 sen-

2199 5189 2305 5243 tis?
2335 5188 2413 5242 Tu
2439 5202 2560 5242 cum
2589 5188 2657 5243 de
2672 5204 2903 5259 corpore
2924 5188 3155 5259 qumstio
3180 5198 3283 5253 est,
3309 5189 3388 5244 ais
3405 5188 3785 5259 inspiciendum

2195 5295 2317 5336 esse
2341 5291 2523 5351 caput.
2553 5284 2743 5339 Hecte.
2772 5281 2933 5352 Atqui
2970 5280 3300 5352 Augustinus
3319 5281 3395 5336 ait
3419 5281 3521 5336 sibi
3541 5283 3787 5353 quaestio—

2194 5389 2319 5429 netn
2340 5388 2461 5429 cum
2487 5375 2778 5431 Donatistis
2793 5389 2914 5431 esse
2930 5390 3034 5429 non
3052 5377 3117 5431 de
3133 5376 3330 5445 capite,
3353 5376 3447 5430 sed
3466 5375 3531 5430 de
3543 5364 3781 5446 comere,

2197 5467 2293 5523 lib.
2319 5465 2546 5525 deUnit.
2579 5469 2785 5526 Eccles.
2819 5484 2938 5538 cap.
2971 5485 3047 5535 tv;
3073 5484 3203 5539 ergo
3225 5469 3296 5525 de
3316 5470 3491 5540 capite
3518 5471 3781 5532 convenit,

2197 5573 2250 5619 et
2272 5573 2449 5619 tamen
2470 5564 2845 5620 controversia
2867 5563 2935 5619 de
2956 5578 3187 5633 corpore
3202 5573 3304 5619 est.
3324 5563 3547 5632 Quid,ut
3574 5564 3674 5619 hoc
3690 5564 3785 5619 sibi

2195 5669 2461 5726 asseram,
2492 5670 2752 5731 praeterea
2794 5659 2997 5715 dixisse
3035 5657 3290 5729 Optatum
3340 5667 3396 5714 et
3443 5660 3785 5729 Augustinum

2199 5754 2397 5827 putas?
2447 5766 2501 5811 et
2560 5753 2630 5811 de
2671 5753 2866 5809 talibus
2912 5752 3161 5809 vindiciis
3211 5752 3337 5825 quid
3391 5753 3616 5809 statuis?
3664 5751 3786 5824 quid

2204 5849 2476 5922 (inquam)
2501 5848 2733 5922 judicas,
2764 5864 2888 5906 cum
2920 5862 3016 5905 eos
3037 5848 3197 5905 audis
3219 5847 3451 5920 probare
3478 5847 3607 5907 velle
3636 5862 3783 5904 suam
