3974 6324
203 284 340 341 112i

1295 290 1385 346 AD
1432 286 1701 349 PRIMAM
1760 289 2140 354 EDITIONEM
2172 294 2445 357 0PTATI.

3367 305 3508 367 H22

198 411 320 453 esse
356 397 760 465 possessionem
808 399 1094 467 Ecclesim,
1139 414 1204 456 ex
1256 413 1515 474 perpetua
1566 405 1796 476 quadam

1913 411 2069 482 119
2086 412 2175 480 qui
2208 412 2260 467 in
2292 412 2497 480 Africa,
2528 429 2635 485 quo
2662 421 2907 484 tempore
2943 415 3054 474 illic
3084 418 3379 476 etiamnum
3408 421 3507 478 ﬁo-

196 494 550 548 successione
580 503 672 549 :et
697 493 915 565 quidem
952 494 1018 550 ad
1045 509 1163 548 cam
1205 494 1541 566 probandam
1578 506 1802 552 conten-

197 593 284 640 tos
307 600 433 642 esse
466 587 833 667 Romanorum
864 591 1057 645 saltem
1086 589 1427 656 Autistitum,
1459 606 1579 646 cum
1604 593 1801 663 quibus

197 683 717 750 communicabant,
747 684 859 753 jam
908 684 1034 740 inde
1071 684 1154 756 (ut
1181 684 1356 754 aiunt)
1410 686 1477 740 ab
1526 689 1803 757 Apostolis

196 772 650 832 descendentium
673 778 1057 844 consensione,
1088 780 1453 850 continuaque
1500 782 1799 838 successio-

197 881 299 932 ne,
336 868 493 938 cujus
530 870 727 925 seriem
769 887 836 926 ex
874 871 1122 943 catalogo
1162 874 1521 928 enumerant?
1565 875 1707 945 quod
1747 884 1805 932 et

195 975 307 1016 non
339 961 593 1017 dissimili
623 963 817 1019 ﬁducia
842 963 1086 1021 fecerant
1106 974 1266 1021 antea
1298 967 1556 1035 lrenacus,
1588 967 1803 1023 Tertul-

194 1054 378 1111 lianus
415 1066 472 1113 et
516 1057 650 1112 alii:
695 1074 819 1113 nam
860 1059 984 1130 quia
1026 1076 1132 1114 non
1178 1059 1525 1116 Inereditario
1567 1061 1802 1133 quodam

189 1146 320 1218 jure
342 1149 619 1220 sanguinis
642 1150 915 1206 nitebatur
945 1167 1007 1207 ea
1038 1152 1335 1219 successio,
1379 1168 1565 1208 verum
1613 1152 1805 1210 Eccle-

196 1239 422 1295 siastica
463 1241 735 1297 electione
774 1252 938 1313 atque
972 1243 1316 1298 ordinatione
1344 1285 1361 1309 ,
1414 1259 1519 1299 non
1552 1244 1805 1301 dubitant

197 1336 366 1392 talem
394 1338 798 1393 successionem
822 1338 915 1393 tali
953 1337 1269 1395 conditione
1319 1338 1603 1393 subnixam
1624 1383 1639 1407 ,
1682 1339 1802 1395 ido-

197 1448 365 1488 neam
387 1448 510 1489 esse
542 1442 735 1489 testem
768 1433 1031 1489 doctrina:
1058 1436 1170 1489 sua:
1201 1434 1526 1505 Apostolica:
1565 1450 1688 1490 cum
1713 1434 1802 1491 illa

198 1525 509 1597 conjuncta:
535 1536 697 1597 atque
722 1526 1071 1582 continuata).
1103 1526 1341 1583 Locutus
1391 1536 1476 1584 est
1509 1569 1523 1593 ,
1572 1537 1634 1583 ut
1673 1528 1803 1595 scis,

195 1618 455 1675 Christus
481 1620 550 1676 de
576 1621 645 1675 iis
671 1621 763 1692 qui
792 1621 987 1677 sedent
1012 1624 1064 1675 in
1095 1620 1364 1677 Catltedra
1405 1621 1570 1677 Mosis
1606 1638 1620 1674 :
1653 1630 1802 1677 vete-

198 1728 292 1769 res
321 1713 617 1769 Christiani
663 1715 730 1770 de
770 1715 855 1782 iis,
896 1716 986 1786 qui
1032 1715 1086 1770 in
1132 1715 1302 1771 Petri.
1344 1716 1517 1785 Mitto,
1569 1732 1689 1787 qua:
1737 1716 1805 1771 de

1904 502 2095 557 rehaut
2121 504 2412 562 Ecclesiae?
2435 522 2532 562 cur
2564 507 2617 563 hi
2637 508 2903 583 (inquam)
2928 511 3105 581 potius
3130 513 3501 570 Romanorum

1904 594 2284 667 episcoporum
2308 601 2705 657 successionem
2728 602 2900 659 citant
2927 613 2983 660 et
3013 604 3264 674 laudant,
3290 618 3344 663 et
3366 608 3418 663 in
3441 624 3505 664 ea

1904 701 2009 742 una
2039 686 2288 745 haerent?
2318 708 2636 763 responsum
2669 694 2755 751 hic
2781 711 2883 766 ego
2910 705 3058 753 tuum
3080 714 3269 754 rursus
3307 714 3507 771 exspe-

1903 780 2084 835 ctabo.
2115 781 2359 839 Tandem
2391 795 2512 853 post
2543 786 2757 857 longam
2783 789 3176 859 digressionem
3196 833 3211 857 ,
3257 807 3507 848 reversus

1904 871 1970 928 ad
2002 874 2054 928 id
2086 876 2230 945 quod
2259 879 2549 948 quaeritur,
2591 881 2786 937 scribis
2812 890 3030 939 sanctos
3058 883 3180 939 illos
3210 884 3465 941 doctores
3486 926 3501 952 ,

1904 981 2027 1022 cum
2081 977 2232 1025 extra
2299 975 2724 1029 controversiam
2777 983 2967 1039 esset,
3028 976 3160 1032 nihil
3181 957 3507 1050 ajprincipio

1904 1074 2078 1129 usque
2138 1062 2205 1116 ad
2265 1063 2411 1119 illam
2467 1075 2680 1122 aetatem
2736 1077 2997 1124 mutatum
3054 1069 3222 1128 fuisse
3274 1072 3324 1126 in
3379 1072 3509 1128 doc-

1904 1153 2067 1220 trina,
2101 1153 2184 1209 vel
2228 1155 2418 1211 Romae
2477 1159 2563 1214 vel
2608 1159 2729 1215 aliis
2760 1160 2815 1215 in
2846 1161 3067 1217 urbibus
3098 1162 3245 1235 (nam
3270 1163 3321 1219 id
3353 1164 3507 1220 addi-

1904 1246 2028 1301 disti
2056 1246 2112 1302 in
2158 1247 2364 1304 Gallica
2396 1251 2877 1322 translationeftua:
2906 1254 3323 1325 institutionis),
3363 1274 3511 1314 sum-

1904 1341 2109 1411 psisse,
2161 1343 2303 1414 quod
2348 1345 2601 1401 omnibus
2658 1349 2818 1403 novis
2861 1350 3143 1405 erroribus
3192 1350 3508 1407 refellendis

1903 1434 2198 1502 sufficeret,
2244 1436 2311 1492 ab
2359 1437 2690 1495 adversariis
2736 1442 3039 1514 Oppugnari
3086 1442 3392 1499 doctrinam
3431 1443 3502 1500 ab

1904 1527 2038 1599 ipsis
2064 1544 2235 1599 usque
2255 1532 2519 1602 apostolis
2539 1542 2855 1590 constanter
2879 1545 2934 1591 et
2966 1535 3209 1592 unanimi
3236 1552 3510 1594 consensu

1904 1631 2189 1679 retentam.
2225 1624 2412 1697 Atqui,
2463 1627 2534 1682 mi
2574 1628 2787 1696 doctor,
2842 1630 3138 1687 adversarii
3183 1631 3287 1689 hoc
3331 1633 3509 1704 ipsum

1906 1717 2197 1787 negabant,
2226 1730 2541 1776 constanter
2568 1721 2587 1791 (
2617 1722 2834 1793 inquam
2867 1722 3028 1795 )cam
3066 1740 3187 1782 esse
3215 1735 3507 1793 retentam,

201 1808 488 1877 utriusque
518 1808 634 1864 sive
655 1808 803 1865 sedis
824 1818 990 1875 statu,
1036 1811 1152 1866 sive
1196 1810 1470 1866 cathedrae
1522 1824 1807 1880 compara-
1836 1799 1886 1861 B
1912 1818 1967 1865 et
1993 1810 2123 1865 nihil
2152 1810 2204 1866 in
2232 1827 2294 1867 ea
2324 1811 2489 1870 fuisse
2516 1825 2813 1882 mutatum;
2853 1832 3026 1889 eaque
3051 1830 3169 1875 erat
3193 1828 3512 1877 controver-

200 1901 354 1956 tione
377 1901 661 1958 commode
687 1918 828 1957 nunc
850 1902 957 1958 dici
982 1912 1205 1974 possent
1225 1912 1281 1958 et
1305 1903 1567 1974 graviter,
1613 1903 1710 1959 abs
1752 1911 1806 1958 te

199 1995 513 2066 prmsertim
536 1995 583 2051 si
608 1996 796 2052 sedate
822 2012 1033 2067 ageres.
1074 1997 1184 2053 Sed
1214 1996 1342 2069 quid
1373 2005 1428 2052 tu
1469 1996 1539 2052 de
1581 2012 1645 2053 ea
1688 1998 1808 2068 lege

201 2091 623 2155 Theodosiana,
665 2107 829 2162 quam
863 2100 916 2147 et
947 2092 1183 2163 primum
1225 2090 1557 2163 promulgari
1598 2090 1808 2146 audivit

201 2186 459 2256 Optatus,
484 2195 539 2241 et
566 2200 686 2255 quae
715 2185 884 2255 prima
914 2186 966 2239 iu
998 2184 1148 2239 libris
1182 2184 1379 2241 nostris
1412 2194 1517 2249 est,
1555 2184 1809 2239 similiter

201 2289 448 2345 statuas,
480 2278 729 2333 lubenter
749 2278 962 2333 audiam
993 2295 1005 2331 :
1038 2277 1260 2332 Cunctos
1288 2275 1511 2351 (inquit)
1563 2276 1806 2348 papulas,

203 2391 336 2445 quos
360 2374 638 2429 dementire
661 2384 851 2428 nostra:
876 2374 1002 2445 regit
1032 2372 1329 2441 imperium,
1373 2372 1427 2425 in
1454 2371 1547 2424 tali
1573 2369 1808 2423 volumus

202 2470 462 2540 religione
501 2471 696 2525 versari
727 2512 742 2537 ,
793 2486 949 2541 quant
977 2469 1205 2523 divinum
1251 2465 1469 2522 Petrum
1509 2466 1810 2536 Apostolum

202 2565 488 2621 tradidisse
517 2564 764 2620 Romanis
792 2564 974 2635 religio
1004 2579 1161 2633 usque
1207 2561 1378 2616 adhuc
1417 2560 1480 2615 ab
1522 2561 1637 2630 ipso
1684 2560 1811 2614 insi-

204 2668 375 2713 nuata
424 2658 688 2726 declarat,
740 2673 990 2728 quamque
1032 2654 1337 2725 Pontiﬁcem
1366 2654 1644 2709 Damasum
1669 2653 1812 2723 sequi

204 2752 395 2819 claret,
424 2760 530 2807 etc.

284 2847 547 2903 Eamdem
592 2846 680 2903 hic
709 2844 927 2919 (credo)
973 2845 1230 2901 fateberis
1263 2843 1475 2901 laudari
1506 2844 1811 2901 successio-

205 2958 338 2999 nem
376 2960 389 2996 :
420 2942 671 3013 quamvis
714 2949 899 2995 uotum
932 2939 1002 2994 sit
1032 2948 1084 2993 ct
1111 2938 1240 3009 quid
1292 2938 1361 2994 de
1414 2937 1633 2993 Liberio
1659 2979 1675 3004 ,
1723 2938 1809 2992 cui

207 3037 480 3092 Damasus
507 3038 790 3103 successit,
821 3049 989 3105 prope
1018 3032 1308 3103 aliquando
1340 3031 1406 3085 ad
1440 3032 1809 3087 Arianismum

204 3129 495 3200 compulso
538 3129 789 3184 traditum
819 3129 911 3196 sit,
940 3136 998 3183 et
1026 3126 1153 3197 quid
1174 3126 1491 3181 Ammianus
1512 3126 1714 3182 scribat
1744 3125 1812 3180 de

1910 1905 1987 1960 sia
2029 1922 2187 1975 quam
2231 1908 2540 1966 movebant.
2588 1910 2765 1967 Nostri
2812 1928 2941 1970 vero
2999 1913 3334 1985 probationis
3391 1916 3511 1972 loco

1909 1998 2148 2070 allegant
2193 2003 2625 2072 successionem,
2670 2022 2792 2079 quae.
2832 2024 2937 2063 non
2990 2007 3149 2065 modo
3196 2008 3510 2066 includebat

1911 2092 2274 2151 conditionem
2304 2096 2546 2165 ejusdem
2570 2099 2834 2155 doctrina:
2866 2100 3161 2156 retinendae
3190 2110 3353 2171 atque
3379 2116 3513 2158 con-

1912 2187 2208 2254 tinuandae,
2248 2188 2343 2243 sed
2392 2200 2447 2245 et
2493 2206 2612 2247 eam
2660 2192 3026 2248 conditionem
3069 2192 3341 2263 impletam
3389 2209 3515 2251 esse

1912 2278 2194 2347 probabat.
2224 2279 2330 2335 Sed
2361 2280 2611 2349 obsecro,
2647 2297 2714 2336 an
2740 2282 2882 2339 serio
2914 2285 3177 2355 loqueris,
3213 2300 3337 2340 cum
3363 2285 3515 2341 vide-

1913 2369 1988 2425 ris
2033 2371 2376 2437 concedere,
2422 2389 2592 2446 usque
2630 2374 2698 2430 ad
2742 2385 2956 2432 aetatem
3002 2379 3328 2450 Augustini,
3381 2378 3515 2435 nihil

1916 2462 2223 2531 praesertim
2278 2462 2469 2519 Roma)
2508 2466 2677 2522 fuisse
2707 2477 2970 2524 mutatum
3013 2468 3065 2524 in
3094 2469 3340 2526 doctrina
3382 2485 3517 2542 apo-

1913 2556 2145 2612 stolica?
2172 2565 2228 2614 et
2255 2558 2400 2626 illos,
2445 2559 2535 2629 qui
2566 2571 2959 2617 enumerantur
2980 2562 3049 2618 ah
3071 2562 3269 2634 Optato
3290 2564 3375 2620 vel
3404 2567 3516 2620 Au-

1913 2651 2147 2719 gustino,
2193 2652 2482 2723 episcopos
2508 2653 2783 2711 Romanos
2807 2655 2973 2712 fuisse
3000 2656 3143 2712 illius
3170 2656 3428 2715 doctrina:
3459 2669 3515 2715 et

1913 2751 2226 2800 constantes
2264 2756 2315 2801 et
2359 2744 2548 2802 ﬁdeles
2595 2736 2888 2804 custodes?
2927 2749 2983 2806 Si
3026 2749 3173 2806 serio
3219 2750 3336 2808 haec
3377 2752 3514 2807 scri-

1917 2839 2091 2910 psisti,
2128 2855 2301 2909 neque
2324 2841 2646 2897 sententiam
2677 2852 2873 2907 mutas,
2918 2852 3246 2901 transactum
3275 2853 3376 2901 est.
3407 2844 3515 2902 Sed

1915 2947 2075 3003 quam
2107 2947 2301 2989 vereor
2342 2949 2411 2990 ne
2463 2949 2570 2991 non
2606 2944 2720 2993 stes
2746 2938 2919 3007 pactis
2948 2938 3260 2995 conventis!
3310 2938 3519 2996 scilicet

1916 3025 2013 3081 tibi
2042 3026 2265 3082 concedi
2294 3027 2392 3094 vis,
2428 3028 2569 3099 quod
2604 3030 2654 3084 in
2682 3029 2967 3087 duodecim
3005 3033 3225 3103 scriptis
3251 3032 3513 3100 solemus,

1917 3128 1976 3173 ut
2013 3119 2275 3174 calculum
2302 3122 2550 3186 reducas,
2576 3122 2621 3177 si
2656 3132 2707 3177 te
2729 3122 2956 3193 alicujus
2983 3123 3092 3179 dati
3124 3123 3351 3192 pmnitet
3372 3142 3387 3191 ;
3411 3126 3517 3182 sio-

204 3198 448 3281 ῃειηίθεο
474 3223 541 3279 ad
574 3222 713 3278 hanc
756 3221 940 3278 sedem
981 3229 1170 3276 εγεοιο
1204 3234 1311 3275 non
1350 3218 1468 3274 sine
1509 3218 1708 3275 sudore
1755 3229 1809 3273 ρι
1837 3198 1883 3264 C
1916 3214 1992 3268 uti
2022 3223 2106 3269 est
2164 3214 2215 3269 in
2260 3214 2550 3271 Hortensio
2585 3217 2890 3273 Ciceronis.
2944 3219 3084 3274 Dura
3124 3228 3207 3275 est
3237 3217 3353 3275 bznc
3384 3235 3517 3277 con-

203 3318 497 3389 Sauguine,
532 3332 642 3371 non
668 3317 784 3371 sine
809 3316 859 3369 vi
884 3324 939 3370 et
969 3314 1155 3379 armis,
1192 3329 1297 3367 non
1327 3314 1442 3368 sine
1480 3313 1711 3368 tumultu
1755 3323 1811 3369 et

202 3411 471 3467 cardihus.
501 3409 751 3465 Nondum
776 3410 942 3477 enim,
981 3420 1130 3478 puto,
1160 3406 1247 3461 hic
1277 3407 1629 3474 exclamabis,
1660 3407 1804 3479 quod

205 3505 436 3579 quidam
465 3505 584 3575 ejus
622 3504 830 3560 ordinis
868 3514 1051 3574 postea
1108 3500 1313 3558 dixisse
1365 3502 1534 3559 fertur
1564 3544 1579 3570 ,
1622 3503 1809 3573 plures

202 3600 507 3659 succedere
549 3599 779 3654 Romulo
828 3598 881 3653 in
933 3599 1239 3668 parricidiis
1306 3614 1467 3669 quam
1532 3598 1693 3653 Petro
1756 3597 1809 3651 in

202 3695 504 3770 pascendis
544 3696 755 3751 ovibus.
801 3694 938 3751 Nam
973 3711 1149 3767 neque
1189 3710 1335 3751 nunc
1366 3694 1577 3765 agimus
1611 3692 1678 3748 de
1713 3692 1809 3747 ho-

204 3793 421 3849 minum
457 3790 601 3845 vitiis
629 3832 644 3856 ,
678 3789 771 3845 sed
814 3789 883 3845 de
929 3790 1210 3860 religionis
1248 3788 1624 3853 confessione,
1649 3795 1812 3856 atque

203 3885 630 3942 conservatione
653 3884 936 3939 doctrinm.
964 3882 1080 3955 Age
1108 3898 1235 3941 vero
1265 3901 1278 3938 :
1320 3882 1444 3954 quia
1484 3882 1665 3954 Optati
1715 3896 1813 3937 no-

200 3978 308 4034 stri
355 3985 411 4033 et
438 3976 757 4047 Augusﬁni,
796 3975 883 4047 qui
929 3984 1015 4031 est
1057 3991 1180 4032 eum
1218 3984 1470 4041 secutus,
1514 3974 1813 4030 acerrimus

202 4071 478 4127 adversus
505 4070 814 4126 Donatistas
850 4070 993 4126 aries
1030 4080 1114 4126 est
1151 4070 1203 4125 in
1237 4068 1352 4137 illa,
1395 4084 1553 4141 quam
1582 4069 1806 4139 jactant,

201 4164 602 4223 successione:
635 4173 690 4220 et
726 4179 816 4219 res
854 4175 937 4219 est
961 4160 1202 4234 magna:
1257 4178 1412 4234 rogo,
1462 4164 1621 4218 liceat
1668 4173 1810 4218 tuam

204 4260 283 4315 de
314 4273 378 4314 ea
410 4257 735 4313 sententiam
762 4256 973 4312 audire.
1007 4255 1119 4310 lmo
1144 4271 1274 4311 vero
1305 4256 1416 4326 jam
1460 4255 1813 4326 resliondisse

203 4361 265 4407 te
305 4349 561 4405 iracunde
609 4348 780 4405 dices.
812 4347 947 4404 Nam
981 4357 1035 4403 et
1070 4351 1123 4403 in
1157 4356 1243 4403 tua
1280 4360 1473 4403 contra
1503 4363 1590 4403 me
1636 4347 1814 4403 decla-

206 4446 458 4505 matione
512 4444 801 4515 imperiose
826 4443 1038 4514 jussisti
1076 4451 1137 4497 ut
1174 4442 1224 4496 id
1267 4450 1547 4512 repetatur
1582 4455 1648 4496 ex
1681 4440 1814 4495 duo-

206 4539 340 4606 bus,
368 4552 506 4610 quos
528 4537 780 4603 laudasti,
827 4536 981 4591 libris
1020 4536 1148 4591 tuis.
1195 4534 1311 4590 Non
1353 4534 1497 4590 enim
1546 4547 1666 4590 esse
1707 4542 1813 4589 tua:

1912 3309 2067 3376 ditio,
2100 3311 2146 3366 si
2188 3321 2364 3367 tecum
2395 3313 2664 3384 agendum
2695 3313 2786 3369 sit.
2833 3314 2938 3371 Sed
2973 3315 3187 3387 quidvis
3218 3315 3312 3371 tibi
3350 3316 3514 3372 licere

1916 3414 2093 3473 putas.
2144 3404 2235 3459 Sic
2281 3420 2403 3461 cum
2456 3405 2609 3462 nobis
2647 3406 3089 3463 commendasses
3140 3407 3510 3463 Romanorum

1912 3497 2287 3567 episcoporum
2318 3498 2337 3569 (
2360 3498 2549 3554 saltem
2579 3514 2749 3571 usque
2769 3498 2836 3555 ad
2867 3500 3150 3572 Augustini
3173 3509 3387 3556 (etatem
3412 3498 3432 3573 )
3456 3510 3512 3557 et

1913 3586 2215 3645 doctrinam
2250 3599 2305 3646 et
2345 3592 2971 3659 successionempalibi,
3023 3607 3146 3650 cum
3192 3593 3364 3659 lubet,
3396 3606 3517 3650 eos-

1913 3680 2038 3736 dem
2067 3691 2122 3736 et
2161 3681 2484 3739 defectionis
2511 3694 2565 3739 et
2603 3684 2912 3755 depravatae
2949 3686 3230 3757 religionis
3270 3701 3513 3743 accusas.

1914 3772 2197 3844 Sicipsum
2229 3777 2552 3832 nominatim
2594 3777 2868 3844 Siricium,
2912 3794 3073 3849 quem
3106 3787 3384 3851 postremo
3405 3778 3520 3835 lau-

1914 3866 2010 3922 dat
2035 3865 2299 3938 Optatos,
2335 3868 2489 3925 miris
2517 3870 2861 3927 contumeliis
2904 3872 3242 3943 proscindis,
3282 3879 3337 3928 ct
3369 3881 3517 3927 atro-

1914 3963 2050 4019 citer
2066 3963 2314 4036 jugulas,
2341 3981 2465 4021 cum
2498 3966 2807 4023 caelibatum
2835 3967 3151 4039 oppugnas?
3190 3981 3513 4037 quamquam

1918 4058 1935 4130 (
1966 4066 2022 4112 ut
2041 4056 2145 4115 hoc
2168 4059 2343 4116 obiter
2367 4059 2587 4133 dicam)
2630 4060 2771 4133 quod
2798 4075 2986 4115 narras
3012 4075 3134 4115 eum
3163 4059 3235 4115 de
3260 4059 3517 4131 coojugio

1915 4150 2200 4221 scripsisse
2229 4151 2295 4207 ad
2324 4151 2610 4223 Hispanos,
2642 4167 2835 4209 vereor
2860 4167 2928 4209 ne
2956 4166 3061 4207 non
3092 4150 3169 4206 illi
3197 4150 3401 4222 aliquid
3440 4159 3520 4206 te-

1918 4261 2065 4301 mere
2106 4244 2355 4317 afﬁngas.
2386 4244 2579 4302 Exstat
2606 4247 2745 4302 inter
2772 4246 3045 4301 Ambrosii
3074 4244 3335 4316 epistolas
3387 4243 3522 4300 Siri-

1916 4338 1984 4392 cii
2013 4337 2264 4409 epistola.
2288 4353 2412 4408 quae
2439 4337 2573 4393 nihil
2602 4338 2763 4394 habet
2787 4337 2926 4403 tale;
2968 4352 3145 4408 neque
3184 4344 3261 4402 tu,
3300 4335 3391 4408 qui
3420 4335 3522 4391 mi-

1916 4433 2062 4489 nime
2117 4432 2319 4502 alioqui
2365 4433 2620 4490 credulus
2662 4448 2760 4501 es,
2808 4443 2915 4489 tam
2964 4432 3125 4489 facile
3163 4449 3228 4490 ex
3274 4432 3521 4490 Gratiani

1919 4525 2186 4597 farragine
2238 4525 2457 4582 haurire
2502 4525 2774 4594 debuisti,
2832 4526 2977 4596 quod
3038 4526 3115 4582 illi
3160 4527 3523 4597 ignominioso

206 4604 498 4705 gravitatis
522 4634 724 4702 saepius
753 4646 867 4687 rem
897 4629 1145 4687 eamdem
1164 4630 1367 4686 dicere.
1394 4626 1633 4695 Faciam,
1664 4627 1813 4695 here,
1842 4604 1896 4666 D
1921 4620 2241 4677 ascriberes-
2277 4620 2384 4677 Sed
2413 4635 2513 4692 386
2550 4620 2699 4686 dum,
2722 4619 2868 4676 εετίο
2915 4630 2971 4676 ει
3000 4620 3139 4677 bona
3183 4621 3291 4677 “de
3332 4621 3518 4690 ἀίοίῑο,

206 4727 365 4799 quod
383 4727 562 4798 jubes.

290 4820 348 4877 ln
394 4828 484 4875 tua
529 4820 868 4876 institutione
923 4817 1205 4889 disputans
1253 4815 1521 4872 adversus
1570 4813 1820 4885 Papistas

213 4916 383 4987 (quos
412 4928 597 4978 vocas,
632 4913 731 4967 nisi
750 4913 861 4982 jam
914 4910 1072 4966 malis
1120 4910 1389 4981 Papanos,
1442 4918 1500 4963 ut
1545 4924 1573 4961 a
1621 4906 1817 4974 Roma,

209 5010 498 5067 Romanos
526 5006 822 5076 dicimus),
866 5006 959 5076 qui
1018 5003 1372 5069 obtendunt,
1437 5002 1621 5074 quanti
1681 5000 1820 5056 hanc

210 5100 619 5158 successionem
647 5098 876 5155 fecerint
903 5097 1146 5153 Irenreus
1178 5138 1193 5161 ,
1247 5094 1616 5151 Tertullianus
1649 5135 1665 5161 ,
1696 5092 1818 5148 Ori-

211 5209 409 5268 genes,
439 5194 770 5264 Augustinus
801 5233 816 5257 ,
864 5199 919 5247 et
956 5190 1048 5246 alii
1091 5190 1110 5263 (
1138 5189 1391 5259 Optatum
1430 5187 1553 5259 quia
1583 5187 1817 5243 nondum

213 5289 459 5360 legeras,
496 5303 601 5343 non
631 5284 938 5357 nominas),
980 5282 1227 5354 prtefaris
1248 5280 1513 5337 facturum
1556 5294 1678 5336 esse
1719 5289 1770 5335 te
1803 5320 1818 5346 ,

214 5392 282 5441 ut
324 5382 628 5454 intelligant
665 5381 795 5436 boni
843 5380 941 5434 viri
966 5387 1020 5435 et
1063 5378 1163 5433 viri
1206 5375 1476 5442 studiosi,
1515 5373 1643 5445 quid
1674 5371 1818 5429 istud

215 5480 311 5536 sit.
342 5478 479 5534 Tum
503 5492 653 5542 vero,
682 5475 752 5531 ab
781 5474 1110 5530 adversariis
1141 5472 1363 5544 quaeris,
1386 5486 1484 5526 cur
1530 5485 1635 5525 non
1667 5468 1816 5525 Afri-

213 5589 337 5630 cam
376 5574 541 5629 citent
590 5581 648 5628 et
693 5579 861 5626 totam
899 5568 1118 5625 Asiam?
1158 5566 1253 5623 sed
1290 5566 1415 5638 quia
1453 5565 1594 5622 scire
1644 5574 1696 5621 te
1739 5564 1818 5619 ais

217 5681 605 5735 responsuros,
633 5665 740 5720 illic
768 5662 1063 5719 Ecclesiam
1104 5660 1368 5726 desiisse;
1411 5674 1509 5715 cur
1549 5674 1655 5714 non
1705 5658 1818 5727 ipse

220 5761 402 5831 potius
447 5758 498 5815 id
541 5758 739 5830 quaeris
772 5756 851 5813 vel
873 5756 943 5813 ab
973 5755 1201 5819 Irenaeo,
1234 5753 1323 5824 qui
1350 5754 1402 5808 in
1430 5752 1554 5807 Asia
1606 5767 1820 5823 quoque

223 5852 381 5920 vixit,
431 5852 517 5909 vel
570 5852 637 5907 ab
686 5849 1063 5919 'l‘crtulliano,
1118 5847 1315 5919 Optato
1374 5856 1429 5904 ct
1475 5846 1817 5919 Augustino,

1922 4729 2203 4786 quousque
2227 4712 2443 4770 tandem
2487 4722 2641 4785 putas
2683 4713 2911 4769 durasse
2940 4713 3087 4769 illam
3115 4714 3518 4771 successionem

1922 4808 1991 4864 de
2034 4824 2139 4880 qua
2189 4808 2513 4879 qua-rimus,
2564 4816 2619 4863 et
2669 4806 2909 4879 quando,
2966 4806 3049 4864 vel
3102 4822 3199 4879 per
3238 4823 3399 4879 quem
3441 4804 3522 4861 sic

1922 4901 2091 4958 fuisse
2146 4902 2538 4973 interruptam,
2590 4910 2649 4955 ut
2696 4900 2856 4972 plane
2908 4898 3154 4958 desierit.
3202 4899 3334 4971 Legi
3383 4899 3522 4955 vitas

1924 4995 2237 5068 pontiﬁcum
2267 5005 2322 5051 et
2361 4995 2670 5067 tragtndias.
2716 4995 2821 5053 Sed
2851 4995 3002 5052 vides
3030 4994 3171 5051 aliud
3204 5009 3331 5052 esse
3376 4994 3522 5068 quod

1923 5091 2020 5146 abs
2050 5101 2101 5147 te
2121 5106 2327 5162 quaero,
2357 5091 2552 5161 cuique
2581 5106 2688 5147 non
2719 5090 3039 5162 respondes.
3073 5089 3205 5147 Nam
3233 5100 3289 5147 et
3313 5091 3358 5147 si
3377 5090 3523 5163 quod

1924 5185 2121 5242 Paulus
2159 5184 2227 5240 ad
2267 5183 2786 5242 Thessalonicenses
2826 5183 3040 5252 scribit,
3072 5183 3427 5256 praedicitque
3451 5183 3522 5239 de

1921 5277 2247 5345 defectione,
2277 5292 2438 5350 quam
2466 5277 2697 5336 Veteres
2741 5277 3125 5334 intellexerant
3164 5276 3251 5349 de
3275 5276 3522 5332 Romano

1870 5383 1882 5397 ‘
1924 5372 2174 5442 imperio,
2228 5383 2285 5427 tu
2324 5371 2393 5428 de
2430 5369 2697 5445 apostasia
2732 5369 2856 5427 ﬁdei
2904 5368 3279 5441 interpreteris
3315 5378 3369 5424 et
3399 5382 3521 5424 eam

1916 5465 2243 5541 jampridem
2283 5465 2532 5521 evenisse
2558 5464 2729 5531 dicas,
2773 5472 2950 5518 tamen
2990 5478 3096 5517 non
3139 5460 3276 5517 dicis
3304 5459 3523 5532 quando

1924 5561 2187 5617 evenerit.
2214 5558 2270 5617 Id
2299 5559 2387 5615 ubi
2415 5557 2639 5626 dixeris,
2666 5556 2877 5613 videro.
2916 5555 3023 5613 Sed
3047 5571 3114 5613 ne
3142 5554 3419 5612 existimes
3439 5561 3524 5610 sat

1924 5670 2046 5712 esse
2080 5655 2125 5710 si
2154 5653 2368 5726 quidvis
2395 5651 2577 5715 dicas;
2626 5651 2763 5707 scito
2804 5664 2912 5706 non
2942 5663 3064 5705 esse
3100 5649 3195 5705 tibi
3239 5664 3355 5705 rem
3396 5663 3523 5704 cum

1926 5750 2030 5805 tuis
2059 5748 2220 5805 fatuis
2258 5747 2462 5819 pueris,
2510 5742 2814 5801 famulisve.
2861 5742 3047 5815 Neque
3078 5757 3210 5799 vero
3236 5750 3321 5797 est
3345 5757 3443 5797 cur
3464 5750 3519 5799 te

1926 5854 2199 5916 torqueas,
2251 5841 2392 5913 quod
2436 5840 2588 5908 facis,
2628 5848 2685 5895 ut
2731 5838 2927 5910 probes
2966 5837 3366 5895 successionem
3407 5845 3515 5895 non
