3974 6324
488 280 630 359 iis:

1717 273 2222 340 PREFATIONES
2253 273 2582 335 BALDUINI

3636 281 3754 340 ιιει

480 418 601 456 ossi:
629 413 809 456 veram
837 399 955 456 sine
979 395 1246 456 doctrina.
1283 393 1415 452 Nam
1447 395 1498 452 id
1525 411 1625 468 ego
1654 405 1710 454 et
1743 399 1888 456 ultro
1918 405 1971 468 et
2002 396 2082 466 lu-
2109 401 2160 459 Α
2188 413 2309 452 nem
2341 398 2558 469 allegat,
2602 411 2760 460 quam
2794 396 2933 455 dixi.
2986 396 3182 453 merito
3211 395 3278 453 ad
3325 397 3642 455 refellendos
3671 421 3755 454 ne—

482 493 672 552 hettter
701 501 756 550 et
795 492 1003 563 prolixe
1037 489 1242 555 fateor;
1295 499 1349 548 et
1380 488 1471 544 ubi
1501 499 1716 546 constat
1755 492 1918 548 aliam
1959 504 2080 544 esse

479 584 801 649 doctrinam,
833 583 980 640 aliud
1009 597 1132 639 esse
1158 582 1268 651 jus,
1305 591 1482 640 tecum
1519 583 1718 638 sentio.
1768 582 1874 638 Sed
1905 596 2080 652 neque

479 677 664 734 dubito
694 677 1033 736 verissimum
1064 689 1184 736 esse
1214 673 1358 745 quod
1401 674 1514 738 ais,
1549 690 1737 730 verum
1771 673 2082 743 reipublicas

478 781 676 828 statum
705 771 808 826 dici
835 786 943 830 non
978 784 1138 840 posse
1161 768 1501 841 tyrannidem
1525 765 1800 838 Caligulae,
1825 765 2080 831 Neronis,

479 863 808 934 lleliogabali
842 873 896 926 et
924 861 1207 922 similium.
1249 861 1373 930 quia
1403 861 1606 926 Brutis,
1637 859 2000 930 Scipionibus,
2024 869 2080 914 et

478 957 720 1022 Camillis
766 955 1153 1018 successerint.
1206 953 1390 1024 Neque
1447 954 1491 1010 si
1545 952 1710 1010 addas
1765 952 2079 1022 scorpiones

478 1049 808 1108 successisse
857 1048 1236 1118 Scipionibus,
1284 1047 1608 1102 reclamaho.
1666 1045 1743 1102 Ac
1791 1044 1837 1098 si
1888 1054 2080 1101 tonare

477 1145 638 1204 etiam
667 1154 722 1207 et
750 1143 1040 1202 fulminare
1069 1142 1202 1198 velis
1231 1140 1493 1202 adversus
1519 1140 1674 1206 tales,
1717 1155 1823 1196 non
1855 1152 2079 1196 succes-

477 1254 653 1304 sores,
687 1237 783 1294 sed
819 1236 1134 1308 praedones,
1185 1251 1289 1294 non
1329 1235 1490 1292 modo
1522 1236 1616 1290 tibi
1649 1235 1946 1300 succinam,
1980 1232 2078 1289 sed

476 1342 532 1388 et
559 1345 682 1392 mea
705 1331 1065 1401 querimonia.
1112 1337 1373 1398 quantum
1410 1321 1557 1384 omni
1599 1327 1949 1396 contentione
1978 1339 2076 1380 vo-

476 1425 554 1484 cis
597 1433 653 1482 et
690 1425 918 1484 laterum
966 1429 1178 1492 potero,
1225 1420 1585 1491 justissimum
1636 1420 1932 1476 clamorem
1980 1433 2080 1474 au-

475 1515 636 1587 gebo.
665 1517 932 1576 Cteterum
965 1513 1100 1571 nihil
1132 1513 1328 1582 agitur,
1358 1512 1404 1566 si
1435 1511 1696 1570 confusus
1727 1519 1935 1570 tantum
1967 1509 2080 1565 cla-

478 1625 596 1665 mor
645 1609 747 1676 sit;
801 1609 946 1666 nulla
984 1623 1114 1667 vero
1142 1605 1388 1662 delinitio
1429 1605 1568 1676 ejus,
1611 1603 1754 1675 quod
1793 1603 2075 1674 quaeritur.

475 1707 612 1764 Nihil
642 1717 820 1764 autem
851 1705 1068 1770 detinis,
1115 1704 1373 1774 quamdiu
1401 1717 1508 1760 non
1543 1710 1702 1757 notas
1735 1711 1970 1769 tempus,
1999 1712 2071 1755 ex

2188 490 2414 544 lmlones
2440 505 2576 545 nova
2608 489 2854 561 quu'dam
2886 497 2939 544 et
2967 490 3127 560 impia
3154 491 3408 560 dogmata
3439 503 3752 564 spargentes,

2183 581 2248 636 iis
2280 583 2600 652 Opposuisse
2641 582 3011 637 testimonium
3052 593 3104 638 et
3143 599 3474 642 consensum
3516 587 3757 643 Ecclesia-

2183 693 2320 744 rnm,
2356 693 2476 748 quae
2504 677 2572 733 ab
2599 677 2878 748 Apostolis
2907 677 3166 736 instituta:
3196 679 3432 744 fuerant,
3454 691 3505 734 et
3536 687 3778 751 propter-'

2181 785 2243 826 ea
2285 786 2390 824 non
2423 821 2426 824 .
2452 779 2661 827 temere
2689 770 3054 826 credebantur
3075 774 3329 828 custodes
3367 788 3491 830 esse
3521 774 3758 830 doctrinae

2183 864 2518 933 apostolicae,
2565 865 2721 933 cujus
2762 866 3057 922 etiamnum
3102 880 3294 921 recens
3336 875 3455 920 erat
3496 869 3755 922 memoria.

2184 957 2372 1016 Recte.
2416 959 2521 1014 Sed
2564 975 2686 1013 cum
2731 959 2782 1013 id
2831 967 3024 1027 teneo,
3078 975 3146 1015 ne
3187 971 3240 1015 te
3276 969 3455 1016 astute
3492 960 3757 1016 subducas.

2182 1052 2313 1117 lmo,
2369 1061 2427 1107 ut
2469 1054 2563 1107 tibi
2597 1053 2870 1122 consulas,
2920 1054 3062 1121 vide,
3115 1055 3241 1124 quid
3282 1055 3360 1110 sis
3401 1071 3756 1126 responsurus,

2186 1145 2278 1200 ubi
2326 1146 2414 1201 tali
2447 1147 2764 1202 testimonio
2811 1159 2866 1202 et
2909 1163 3178 1204 consensu
3223 1149 3417 1220 aliquis
3461 1161 3514 1204 te
3554 1161 3758 1219 premet.

2184 1239 2267 1293 Me
2291 1238 2506 1308 quidem
2534 1247 2683 1294 certe
2704 1239 2931 1295 nimium
2965 1240 3224 1296 iracunde
3252 1244 3483 1304 vexasti,
3513 1243 3765 1296 cumami-

2182 1345 2279 1386 cus
2304 1329 2444 1386 forte
2476 1312 2629 1388 meus
2658 1333 2883 1387 multum
2914 1334 3005 1387 tali
3032 1334 3342 1388 testimonio
3372 1335 3609 1389 tribuere
3634 1336 3764 1388 visus

2183 1432 2351 1479 esset.
2389 1422 2460 1479 Ut
2501 1439 2609 1478 uno
2660 1424 2826 1482 verbo
2855 1426 3205 1492 dicam,scis,
3239 1426 3368 1495 quid
3396 1427 3615 1496 optem?
3641 1429 3765 1494 Upto

2182 1516 2454 1581 equidem,
2484 1527 2542 1571 ut
2568 1526 2622 1571 et
2647 1526 2701 1572 tu
2727 1528 2784 1572 et
2812 1532 3005 1573 omnes
3060 1525 3304 1574 statuant
3345 1519 3650 1574 universam
3677 1518 3766 1573 Ec-

2183 1609 2401 1662 clesiam
2431 1618 2670 1664 veterem
2717 1610 2848 1664 olim
2880 1610 2949 1664 ab
2979 1611 3243 1696 ap.ostolis
3271 1612 3597 1674 institutam,
3641 1628 3766 1666 nunc

2185 1711 2456 1772 tamquam
2499 1704 2690 1773 capitis
2723 1719 2871 1759 ream
2902 1703 3020 1759 sisti
3060 1720 3242 1768 coram
3281 1715 3371 1760 tuo
3405 1705 3689 1780 tribunali;
3719 1713 3767 1759 et

475 1815 584 1870 quo
623 1801 816 1862 statuis
859 1799 1126 1858 defecisse
1169 1796 1570 1858 successionem
1613 1794 1682 1852 de
1729 1809 1834 1864 qua
1879 1793 2078 1863 agitur.
2109 1795 2159 1856 Β
2187 1795 2357 1862 qttrcri
2393 1795 2520 1864 quid
2550 1795 2618 1851 de
2647 1812 2708 1852 ea
2741 1805 2849 1850 tota
2893 1797 3109 1852 tandem
3137 1796 3489 1866 jutlicandum
3531 1797 3619 1851 sit.
3666 1796 3765 1850 Etsi

476 1893 632 1954 Soles
673 1893 725 1950 in
758 1892 857 1954 hac
886 1893 1189 1962 quastione
1233 1906 1333 1948 nos
1366 1903 1623 1952 revocare
1660 1887 1729 1944 ad
1769 1885 2077 1956 exeinplum

477 1985 737 2052 Ecclesia:
763 1983 1026 2044 Iudaicae.
1065 1983 1169 2044 Sed
1206 1998 1272 2042 ne
1296 1982 1348 2038 in
1371 1996 1433 2040 ea
1465 1979 1682 2050 quidem
1705 1976 1921 2042 di-ﬁnis,
1947 1975 2078 2048 quid

475 2077 630 2145 retis.
666 2078 762 2134 Ais
790 2078 843 2132 in
882 2092 943 2140 ea
980 2075 1148 2134 fuisse
1189 2073 1392 2145 gradus
1431 2070 1694 2141 quosdam
1733 2068 2074 2128 defectionis.

474 2171 660 2238 Recte.
694 2170 800 2232 Sed
831 2186 953 2228 cum
977 2168 1256 2232 historiam
1282 2165 1521 2226 delibato
1549 2163 1817 2233 incepisti,
1853 2161 1925 2218 ita
1947 2159 2082 2218 ellu-

474 2268 577 2337 gis,
612 2275 672 2322 ut
694 2281 794 2324 nos
821 2278 1115 2335 suspensos
1144 2261 1441 2332 relinquas.
1476 2259 1568 2315 Ais
1597 2259 1648 2316 in
1679 2256 1864 2316 Judaea
1897 2256 2074 2312 varius

476 2360 644 2418 fuisse
693 2358 1060 2423 mutationes,
1121 2355 1295 2412 donec
1345 2354 1447 2424 ipsi
1497 2367 1714 2424 quoque
1764 2349 2080 2410 sacerdotes

474 2453 734 2522 templum
795 2451 908 2516 liei:
933 2448 1173 2519 profanis
1217 2445 1699 2514 abominandisque
1729 2443 1921 2500 ritibus
1953 2442 2073 2512 pol~

476 2546 718 2607 luerunt.
762 2544 868 2604 Sed
923 2543 1141 2616 quando
1193 2541 1246 2602 id
1291 2540 1490 2598 factum
1545 2547 1630 2596 est
1660 2580 1675 2604 ,
1730 2547 1789 2596 ut
1842 2536 2079 2596 sciamus

471 2656 539 2698 ex
595 2653 702 2709 quo
781 2647 1030 2708 tempore
1089 2651 1196 2696 non
1260 2633 1472 2694 licuerit
1516 2632 1583 2688 iis
1636 2629 2076 2692 communicari?

473 2733 554 2792 Tn
599 2733 651 2788 in
697 2731 888 2794 eadem
932 2740 1023 2788 tua
1084 2729 1247 2801 paulo
1298 2735 1421 2798 post
1471 2727 1811 2788 institutione
1854 2725 2073 2788 scribis,

474 2828 791 2899 prophetas,
837 2827 927 2896 qui
977 2823 1373 2894 Hierosolymis
1402 2823 1488 2880 vel
1515 2821 1568 2878 in
1604 2820 1791 2879 Judtea
1834 2818 2071 2886 fuerunt,

472 2937 597 2980 cum
633 2936 722 2980 res
746 2920 858 2982 illic
896 2927 1080 2978 essent
1107 2917 1398 2986 admodum
1429 2923 1721 2984 corruptae,
1772 2922 1953 2972 tamen
1990 2925 2078 2967 se-

476 3024 693 3084 paratos
739 3028 847 3075 non
893 3012 1146 3072 habuisse
1192 3025 1322 3068 suos
1366 3017 1574 3071 coetus;
1625 3005 1720 3066 sed
1752 3004 2078 3064 convenisse

472 3123 595 3170 enm
618 3107 739 3168 aliis
767 3106 822 3166 in
846 3105 1128 3175 templum,
1157 3104 1280 3176 quia
1313 3102 1379 3158 ad
1409 3102 1616 3158 nullum
1633 3099 2074 3169 superstitiosum

2184 1903 2306 1956 quae
2335 1896 2420 1942 tua
2450 1888 2521 1942 sit
2547 1888 2771 1943 audacia
2794 1931 2808 1954 ,
2844 1903 2950 1943 non
2985 1889 3252 1959 ignorem,
3285 1899 3468 1944 tamen
3509 1889 3764 1953 existimo,

2186 1983 2274 2036 ubi
2328 1981 2434 2036 tale
2481 1998 2676 2052 agmen
2720 1987 2770 2037 in
2806 1983 2897 2038 tali
2930 1994 3083 2039 reatu
3114 1984 3418 2054 conspicies
3447 1985 3502 2038 in
3537 1994 3628 2038 tuo
3655 1998 3767 2038 con-

2182 2075 2402 2130 sistorio
2415 2073 2706 2139 criminali,
2723 2085 2775 2132 te
2787 2075 3018 2146 quodam
3036 2075 3240 2147 pudore
3255 2075 3490 2131 fraetum
3511 2077 3603 2138 iri,
3620 2086 3673 2130 ut
3692 2074 3766 2130 ille

2184 2168 2314 2223 olim
2337 2167 2527 2224 Roma:
2545 2169 2786 2239 ingratus
2817 2169 3158 2234 adolescens,
3185 2169 3343 2240 120
3355 2169 3445 2238 qui
3475 2184 3662 2224 coram
3688 2168 3765 2222 ’l‘i-

2183 2260 2336 2318 berio
2366 2272 2572 2330 patrem
2599 2276 2786 2316 senem
2813 2269 2869 2316 et
2889 2275 3106 2327 uatium,
3137 2261 3439 2330 maiestatis
3461 2261 3764 2318 accusabat;

2186 2353 2356 2421 patris
2383 2361 2536 2409 torve
2563 2368 2688 2410 eum
2728 2352 2989 2410 intuentis
3028 2360 3321 2422 conspecta
3360 2351 3526 2416 facie,
3571 2363 3625 2408 et
3665 2352 3765 2422 eius

2181 2445 2503 2513 comoedum
2553 2443 2740 2506 seuitu
2777 2442 2965 2503 audito
3010 2445 3270 2510 territus,
3324 2444 3510 2502 statim
3560 2444 3761 2515 aufugit.

2181 2537 2376 2606 Perge.
2426 2539 2544 2605 Ais,
2588 2538 2948 2609 Augustinum
2994 2552 3264 2609 pugnasse
3307 2537 3575 2596 adversus
3606 2537 3762 2594 Dona-

2183 2638 2358 2701 tistas,
2404 2637 2580 2706 iisque
2628 2638 2885 2700 Ecclesia:
2927 2636 3225 2693 Catholicae
3272 2636 3674 2694 successionem
3714 2643 3762 2690 et

2183 2729 2549 2784 testimonium
2592 2746 2698 2784 non
2743 2739 2948 2786 temere
2984 2728 3254 2801 objecisse
3276 2772 3292 2797 ,
3325 2745 3446 2784 cum
3485 2729 3524 2787 ii
3554 2744 3654 2786 non
3681 2743 3762 2783 nc-

2181 2832 2374 2892 garent
2419 2838 2569 2887 eam,
2622 2839 2652 2880 a
2705 2839 2812 2894 qua
2861 2832 3039 2880 tamen
3087 2824 3438 2889 defecerant,
3498 2824 3758 2880 retinuisse

2180 2915 2536 2986 apostolicam
2571 2915 2898 2977 doctrinam.
2929 2914 3036 2973 Sed
3068 2916 3198 2988 quid
3220 2918 3405 2979 dices,
3436 2916 3624 2982 eodem
3649 2929 3758 2974 eum

2181 3010 2438 3080 praesidio
2476 3011 2574 3068 niti
2617 3011 2880 3068 adversus
2931 3010 3299 3070 ﬂanichmos?
3347 3020 3499 3070 certe
3544 3010 3613 3071 de
3647 3011 3758 3066 doc.

2185 3103 2324 3158 trina
2366 3103 2402 3158 ii
2433 3104 2758 3173 pugnabant.
2811 3103 3003 3160 Mirum
3035 3119 3185 3170 vero,
3237 3103 3329 3160 tibi
3372 3103 3565 3167 videri,
3601 3101 3662 3158 de
3702 3117 3758 3158 ea

472 3201 678 3260 erutum
705 3198 1080 3270 adigebantur,
1123 3205 1178 3254 et
1205 3195 1494 3265 agnovisse
1524 3193 1842 3250 sacerdotes
1870 3190 2147 3255 Leviti-C
2181 3213 2287 3253 non
2348 3211 2619 3266 pugnasse
2677 3196 3038 3267 Augustinum
3093 3206 3281 3257 contra
3339 3194 3657 3256 Donatistas.
3709 3193 3758 3252 Si

472 3311 590 3361 eos,
615 3295 740 3365 quia
763 3305 1056 3363 utcumque
1087 3291 1294 3360 indigni
1326 3307 1391 3348 eo
1417 3289 1625 3346 honore
1654 3296 1862 3352 essent,
1888 3295 2072 3344 tamen

472 3403 576 3451 nec
619 3386 748 3450 dum
797 3385 1031 3444 abdicati
1073 3393 1250 3446 erant.
1305 3383 1466 3452 Atqui
1509 3381 1700 3440 eadem
1747 3380 1905 3451 paulo
1951 3386 2076 3450 post

474 3482 692 3553 pagina,
722 3495 934 3546 narras,
961 3480 1256 3550 prophetas
1280 3479 1544 3536 clamasse
1576 3477 1801 3546 profana
1831 3474 1920 3530 illa
1950 3488 2076 3529 esse

471 3573 871 3639 conventicula,
922 3574 1119 3643 quibus
1163 3589 1270 3628 non
1323 3570 1494 3640 magis
1537 3569 1850 3630 consentire
1890 3568 2072 3634 liceat,

473 3683 635 3738 tinam
677 3668 846 3732 Deum
888 3667 1191 3737 abnegzire;
1236 3672 1291 3720 et
1321 3677 1545 3720 necesse
1584 3661 1838 3724 habuisse
1871 3661 1939 3718 ab
1979 3675 2075 3718 eo-

473 3777 593 3818 rum
650 3765 888 3820 cmtuum
945 3759 1309 3820 consensione
1367 3755 1707 3821 desciscere,
1767 3769 1891 3824 quae
1941 3752 2080 3812 nihil

472 3854 619 3914 aliud
652 3862 770 3914 erat
811 3867 972 3922 quam
1015 3851 1178 3920 impia
1204 3849 1467 3910 adversus
1501 3849 1669 3905 Deum
1714 3847 2071 3915 canspiratio.

470 3949 696 4021 Ignosce
753 3963 888 4008 mea!
947 3944 1301 4011 hebetudini,
1360 3945 1408 4002 si
1463 3942 1698 4004 nondum
1759 3941 2075 4013 perspicere

473 4058 695 4111 possunt
750 4039 1045 4111 quomodo,
1077 4054 1196 4109 quae
1225 4037 1380 4101 dicis,
1411 4036 1722 4094 cohaereant
1751 4043 1910 4103 atque
1944 4048 2074 4090 con-

471 4138 731 4194 sentiant.
774 4133 1008 4192 Tantum
1062 4133 1251 4198 abest,
1300 4139 1360 4188 ut
1402 4130 1536 4188 satis
1576 4129 1893 4199 intelligant,
1939 4142 2078 4203 quo-

472 4228 635 4284 modo
665 4243 736 4284 ex
765 4227 830 4282 iis
856 4226 1085 4283 delinire
1120 4225 1280 4291 velis,
1310 4223 1456 4294 quod
1496 4221 1757 4292 utimritur
1785 4221 1858 4284 de
1887 4219 2076 4275 Eccle-

472 4323 551 4378 sia
580 4321 901 4379 ehristiana.
943 4323 1022 4378 Ae
1047 4321 1178 4380 licet
1210 4321 1262 4376 in
1300 4327 1390 4375 tua
1416 4332 1608 4378 rursus
1641 4310 1828 4379 centra
1857 4331 1943 4372 me
1975 4315 2073 4372 de-

470 4414 812 4479 clamatione,
863 4413 1051 4476 eadem
1092 4413 1161 4473 de
1192 4429 1251 4469 re
1289 4412 1470 4476 dicas;
1523 4420 1705 4474 tamen
1752 4410 1879 4481 quid
1927 4409 2080 4466 dicas

470 4507 766 4570 etiamnum
795 4505 1000 4570 dubito.
1045 4505 1199 4575 Quod
1240 4521 1372 4566 vero
1398 4504 1590 4573 adjicis
1630 4501 1697 4564 de
1725 4519 1894 4574 regno
1941 4502 2066 4560 Hie-

2178 3290 2435 3359 Optatum
2460 3288 2695 3354 diceres,
2725 3288 2816 3359 qui
2844 3305 2940 3346 eos
2969 3289 3140 3359 magis
3167 3288 3430 3346 habuisse
3446 3288 3646 3354 videtur
3671 3302 3757 3356 pro

2178 3383 2544 3440 schismaticis
2581 3399 2744 3454 quam
2779 3399 2876 3452 pro
2907 3383 3212 3449 hmreticis,
3261 3385 3434 3454 magis
3462 3382 3632 3444 audiri
3662 3380 3757 3436 for-

2181 3484 2324 3534 tasse
2357 3490 2565 3546 posses.
2616 3475 2724 3532 Sed
2768 3491 2878 3534 non
2916 3476 3135 3546 ignoras
3174 3477 3536 3547 Augustinum
3574 3476 3758 3536 centies

2177 3584 2277 3626 eos
2307 3583 2503 3628 vocare
2545 3568 2874 3634 haereticos;
2924 3568 3122 3639 quibus
3155 3577 3308 3632 certe
3345 3569 3594 3640 iniuriam
3622 3570 3758 3625 iecis-

2179 3675 2285 3730 set,
2314 3663 2358 3718 si
2385 3663 2420 3717 ii
2451 3662 2852 3718 conﬁtebantur
2877 3662 3024 3733 quod
3064 3677 3273 3719 narras.
3304 3663 3418 3720 [mo
3445 3664 3492 3719 si
3523 3663 3624 3726 hoc
3647 3679 3758 3719 con-

2178 3755 2498 3820 ﬁtebantur,
2541 3753 2815 3824 quomodo
2864 3755 3135 3828 negabant
3176 3763 3272 3810 aut
3313 3755 3610 3826 legitimum
3653 3770 3758 3811 esse

2177 3850 2539 3920 baptismum,
2588 3857 2682 3904 aut.
2733 3864 2914 3908 veram
2958 3864 3079 3920 esse
3125 3849 3426 3917 Ecclesiam
3473 3850 3757 3906 Catholieo-

2180 3943 2339 4000 rum?
2377 3958 2448 3998 an
2480 3953 2536 3996 nt
2563 3957 2624 4000 se
2647 3941 2994 4009 damnarent,
3026 3943 3271 4000 conﬁteri
3301 3943 3554 4011 volebant
3575 3959 3634 3999 se
3654 3956 3760 4000 esse

2179 4044 2478 4106 apostatas,
2501 4051 2624 4092 cum
2653 4050 2808 4090 suam
2831 4035 3050 4092 demum
3071 4035 3420 4093 cbristianam
3443 4051 3564 4095 esse
3591 4036 3758 4093 Eccle-

2179 4131 2317 4184 siam
2343 4137 2397 4183 et
2419 4129 2795 4199 apostolicam,
2827 4129 3061 4201 reliquas
3089 4145 3212 4188 esse
3236 4132 3565 4201 apostaticas
3590 4130 3755 4186 clomi.

2181 4225 2368 4279 labant
2381 4222 2402 4277 ‘i
2417 4224 2544 4280 Scio
2561 4223 2916 4280 Crescmiinin
2929 4224 3366 4294 grammaticum,
3387 4239 3577 4284 eorum
3600 4232 3755 4293 patro-

2181 4334 2332 4386 num,
2357 4329 2534 4380 astute
2555 4318 2906 4378 contendisse
2938 4333 3056 4384 eos,
3082 4318 3182 4376 etsi
3205 4318 3535 4374 schismatici
3555 4333 3667 4379 esse
3686 4317 3754 4370 di-

2179 4421 2454 4480 cerentur,
2478 4421 2657 4486 tamen
2676 4412 2960 4470 haereticos
2981 4411 3088 4468 dici
3109 4428 3218 4465 non
3247 4426 3433 4482 posse,
3462 4409 3749 4481 etAugusti-

2182 4522 2332 4572 num,
2357 4507 2450 4577 qui
2480 4522 2576 4570 eos
2606 4505 2881 4570 hereseos
2909 4506 3220 4577 accusabat,
3273 4505 3464 4571 odiose
3495 4514 3750 4576 propterea

470 4600 694 4656 roboam
739 4611 792 4658 et
836 4601 1105 4669 apostasia
1148 4598 1398 4664 Israelis,
1449 4596 1704 4668 equidem
1749 4596 1922 4660 fateor
1947 4611 2074 4653 esse
2100 4585 2156 4649 Π
2182 4607 2422 4660 notasse.
2451 4600 2562 4664 Sed
2583 4600 2716 4671 quid
2743 4600 2873 4664 huic.
2897 4602 3152 4670 nugatori
3173 4597 3752 4670 responderitAugmti-

469 4694 764 4765 liquidum;
812 4709 988 4764 neque
1019 4693 1218 4756 ﬂustra
1247 4692 1450 4752 sudare
1478 4689 1740 4756 debebas,
1781 4700 1840 4748 ut
1871 4690 1923 4748 id
1950 4690 2071 4761 plu-

469 4789 620 4846 ribus
641 4788 822 4849 verbis
853 4785 984 4844 mibi
1012 4801 1335 4855 exponeres.
1377 4785 1482 4844 Sed
1512 4784 1643 4850 nihil
1671 4783 1741 4844 ad
1771 4783 2070 4840 Ecclesiam

467 4882 768 4946 Iudaicam.
808 4881 994 4951 Neque
1027 4878 1156 4945 illic,
1190 4880 1280 4936 ubi
1321 4879 1518 4944 vitiosa
1553 4886 1672 4948 erat
1712 4878 1827 4947 ipsa
1856 4891 2071 4946 quoque

467 4977 644 5052 origo,
684 4977 755 5034 de
781 4973 1135 5040 successione
1161 4973 1389 5043 qumstio
1418 4971 1538 5032 fuit.
1569 4971 1765 5032 Testor
1793 4970 1990 5026 cmlum
2015 4981 2071 5024 et

438 5079 669 5143 terram
702 5086 787 5130 mc
837 5079 1016 5132 tecum
1042 5082 1204 5139 agere
1233 5065 1504 5137 religiose,
1535 5068 1664 5124 utsi
1691 5065 1867 5136 possis
1893 5066 2072 5134 expli.

467 5178 561 5224 ces
587 5171 644 5227 et
682 5161 882 5226 liberes
909 5175 1047 5231 quos
1087 5160 1192 5220 tuis
1220 5159 1464 5229 strophis
1504 5159 1754 5224 involvis.
1804 5156 1937 5220 Nam
1983 5157 2074 5216 hic

466 5256 685 5322 ludendi
726 5266 820 5314 aut
861 5253 1120 5321 illudendi
1161 5253 1314 5310 locus
1354 5265 1463 5314 non
1493 5260 1598 5314 est.
1646 5250 1805 5312 Nunc
1831 5251 1958 5322 quia
1992 5251 2073 5307 al-

467 5358 587 5412 tero
621 5362 812 5410 rursus,
837 5348 960 5406 loco
995 5346 1064 5400 de
1099 5343 1470 5411 successione,
1509 5341 1578 5410 de
1606 5359 1708 5415 qua
1750 5343 2066 5414 qumrimus,

463 5443 793 5510 disseruisti,
822 5441 966 5513 quiod
997 5457 1098 5504 nos
1124 5439 1318 5504 audire
1340 5439 1519 5509 iubes,
1553 5453 1765 5496 rursum
1800 5449 1855 5498 te
1880 5439 2067 5504 audie.

462 5553 608 5600 mus.
651 5538 698 5594 si
731 5537 869 5601 forte
899 5545 957 5599 et
992 5537 1193 5606 Optato
1226 5548 1417 5601 rursus
1456 5531 1657 5604 aliquid
1689 5531 1824 5599 lucis
1854 5542 1943 5590 tua
1971 5547 2068 5588 ex-

461 5632 661 5702 positio
701 5631 914 5692 adferre
958 5630 1148 5700 possit,
1195 5636 1254 5683 et
1283 5642 1382 5692 n08.
1411 5641 1610 5697 magna
1639 5625 1886 5698 molestia
1929 5623 2068 5679 libe-

461 5741 603 5782 rare.
641 5726 774 5788 Cum
826 5725 1086 5804 adversus
1132 5722 1494 5793 Augustinum
1541 5719 1740 5780 librum
1785 5717 1965 5776 Caroli
2013 5733 2066 5770 ν.

461 5815 594 5887 Imp.
628 5819 919 5886 scriberes,
967 5815 1257 5888 scripsisti,
1289 5815 1552 5872 Irenaeum
1577 5856 1590 5881 ,
1641 5813 1734 5885 qui
1765 5811 2069 5869 successio-

2180 4709 2322 4756 nns,
2377 4711 2481 4747 non
2535 4695 2770 4764 ignoras.
2829 4693 3104 4750 Praetereo
3156 4694 3299 4764 quod
3352 4695 3675 4765 Epiphanius
3709 4699 3754 4746 et

2179 4786 2540 4846 Theodoritus
2565 4801 2666 4848 eos
2687 4787 2854 4848 etiam
2893 4785 3110 4844 Arianae
3143 4787 3439 4856 impietatis
3468 4802 3590 4843 reos
3618 4800 3752 4857 pera-

2177 4889 2332 4952 gnnt.
2360 4880 2524 4938 Certe
2567 4880 2927 4952 Hieronymus
2972 4881 3026 4936 in
3065 4881 3236 4938 Catal.
3286 4882 3364 4938 ait
3409 4882 3666 4940 Danaum
3697 4877 3755 4933 de

2179 4974 2380 5045 Spiritu
2411 4984 2597 5040 sancto
2625 4976 2916 5045 scripsisse
2945 4976 3143 5035 librum
3171 4989 3564 5048 congruentem
3577 4977 3756 5038 Ariano

2179 5065 2440 5136 dogmati.
2474 5066 2542 5122 Et
2591 5067 2924 5137 Augustinus
2955 5069 3008 5124 in
3058 5067 3156 5132 lib.
3186 5067 3258 5124 de
3299 5069 3564 5134 ιιωτωι).
3593 5066 3757 5125 scribit

2180 5160 2447 5218 Donatum
2493 5157 2974 5232 Qurtbaginensem
3018 5177 3127 5220 non
3154 5160 3411 5226 habuisse
3446 5162 3754 5226 Catholicam

2175 5251 2243 5306 de
2273 5252 2538 5312 'l‘rinitate
2564 5253 2929 5320 sententiam;
2972 5253 3066 5320 sed
3096 5269 3259 5323 quam
3284 5269 3392 5310 non
3433 5254 3753 5320 animadver—

2173 5344 2300 5404 terit
2327 5343 2616 5410 multitudo
2646 5345 3076 5404 Donatistarum.
3109 5345 3170 5402 Et
3198 5347 3254 5404 in
3281 5346 3445 5417 epist.
3479 5361 3666 5404 cum.
3689 5344 3754 5398 ait

2172 5450 2233 5493 se
2260 5436 2560 5502 audivisse,
2599 5438 2850 5504 Arianos,
2885 5453 3008 5498 cum
3038 5454 3070 5492 a.
3088 5437 3474 5502 communione
3501 5437 3754 5494 Catholia

2175 5529 2611 5600 discrepassent,
2667 5539 2908 5600 tentasse
2951 5532 3057 5590 sibi
3101 5532 3315 5594 sociare
3358 5532 3654 5604 Donatistas
3704 5529 3752 5582 iu

2175 5620 2377 5678 Africa.
2445 5622 2629 5694 Neque
2697 5638 2826 5692 vero
2888 5621 3120 5687 dubito,
3175 5624 3304 5694 quin
3371 5639 3558 5688 eorum
3612 5619 3751 5692 pleri-

2175 5733 2278 5786 que
2311 5716 2467 5776 lacile
2507 5717 2699 5774 incurri
2726 5715 3035 5788 dicturique
3052 5727 3261 5784 essent,
3288 5716 3558 5792 quidquid
3590 5715 3750 5771 catho-

2177 5809 2296 5865 licis
2322 5809 2528 5867 doleret
2550 5852 2564 5876 ,
2597 5825 2724 5867 cum
2757 5811 2917 5876 etiam
2954 5825 3062 5866 non
3105 5818 3425 5872 recusarent
3469 5809 3751 5879 conspirare
