3974 6324
491 307 627 365 “27

1692 302 2201 364 PRAZFATIONES
2241 300 2561 361 BALDUINI

3642 302 3759 360 “28

486 426 774 483 defendam
804 423 948 497 quod
992 424 1107 481 scio
1153 436 1276 480 esse
1320 422 1599 479 vitiosum.
1634 422 1810 493 Atque
1861 434 1915 477 ut
1946 421 2081 481 mihi
2112 426 2157 484 Δ
2186 420 2452 492 baptismo
2480 418 2781 477 adhibitum
2808 431 2952 487 esse,
3001 431 3136 490 quas
3163 430 3251 473 res
3282 425 3392 473 tam
3420 415 3761 474 intolerabiles

486 520 746 592 deinceps
773 519 976 590 (nquior
1004 518 1080 574 sis
1100 560 1113 583 ,
1146 516 1395 588 equidem
1446 516 1591 572 clara
1641 532 1772 571 voce
1804 518 2081 588 profiteor,

486 613 631 686 quod
669 622 725 669 et
752 626 899 685 smpe
942 612 1075 668 alias
1118 610 1255 677 feci,
1295 626 1383 668 me
1427 626 1532 667 non
1582 610 1745 666 modo
1798 610 1876 665 illi
1922 609 2087 666 solm-

486 708 688 775 eismo,
720 721 881 778 quem
928 705 1072 771 dixi,
1110 720 1220 760 non
1252 706 1576 775 patrocinari
1596 745 1612 772 ,
1644 704 1740 760 sed
1766 704 1935 759 etiam
1962 718 2088 775 gra-

486 803 706 859 vissime
736 816 829 858 eos
857 800 1154 867 detestari,
1198 802 1289 873 qui
1307 801 1589 873 graviores
1616 800 1753 855 alios
1780 799 1897 868 ejus
1918 814 2087 871 gene-

487 895 565 951 ris
587 893 927 951 soltncismos
948 894 1069 951 orbi
1092 902 1365 951 terrarum
1412 892 1749 959 obtrudunt,
1790 893 1939 964 digni
1982 909 2089 949 non

489 994 597 1043 tam
629 984 833 1053 ferula,
873 1001 1035 1058 quam
1065 986 1235 1057 ﬂagro
1261 994 1316 1042 et
1342 986 1544 1042 scutica
1586 986 1827 1057 magistri
1877 983 2093 1041 fatuita-

490 1079 561 1135 tis
603 1098 619 1136 :
664 1079 933 1152 simulque
957 1080 1228 1137 exsecrari
1255 1089 1507 1136 auctores
1536 1080 1826 1135 multarum
1856 1079 2091 1136 nefaria-

489 1187 611 1231 rum
637 1171 939 1230 fabularum
961 1215 976 1241 ,
1000 1190 1123 1245 qua:
1151 1173 1397 1229 conficta
1428 1184 1588 1244 atque
1611 1186 1817 1243 sparsa!
1845 1182 2008 1239 sunt,
2034 1182 2092 1227 ut

490 1278 661 1327 totam
691 1270 835 1327 illius
855 1270 1190 1343 antiquitatis
1220 1269 1621 1325 Ecclesiasticze
1655 1268 1854 1324 bonam
1886 1282 2097 1323 memo-

492 1362 627 1419 riam
652 1364 739 1420 vel
769 1364 1115 1435 inquinarent
1144 1363 1230 1419 vel
1259 1362 1586 1427 obruerent;
1619 1360 1863 1432 denique
1887 1374 1984 1416 eos
2013 1374 2099 1416 re-

491 1454 709 1528 fugere,
736 1457 828 1528 qui
857 1456 1015 1513 bonzc
1043 1463 1097 1511 et
1121 1456 1387 1528 religiosa:
1416 1453 1704 1509 vetustatis
1730 1453 1922 1521 titulo,
1954 1460 2097 1508 tam-

493 1565 655 1623 quam
688 1549 844 1619 fuco,
877 1551 1067 1609 volunt
1092 1551 1238 1606 abuti
1264 1550 1331 1605 ad
1364 1549 1593 1621 tegenda
1622 1549 1827 1605 scelera
1859 1536 2095 1620 degene-

496 1643 572 1701 ris
602 1644 953 1715 posteritatis.
984 1644 1092 1701 Sed
1135 1659 1258 1700 cum
1291 1642 1395 1698 hoc
1424 1650 1691 1714 praetextu
1719 1650 1985 1713 przeterea
2015 1642 2099 1699 vis

497 1737 805 1794 universam
846 1737 1165 1794 memoriam
1193 1746 1432 1794 veterem
1463 1735 1647 1792 delere
1682 1753 1697 1792 :
1728 1735 1852 1791 dico
1888 1749 1985 1791 eos
2010 1733 2103 1805 qui

2188 530 2309 573 esse
2342 515 2576 587 jndicas,
2625 523 2686 571 ut
2732 522 3019 585 propterea
3048 513 3361 570 institueres
3396 512 3616 567 alteram
3648 512 3765 583 bap-

2191 610 2335 667 tismi
2372 609 2620 674 fortnam;
2650 615 2707 665 et
2731 623 2843 676 me,
2873 607 2965 679 qui
2996 622 3182 665 earum
3227 604 3435 678 alioqui
3476 620 3643 661 rerum
3676 620 3766 660 au-

2190 712 2309 760 ctor
2346 720 2452 761 non
2484 718 2628 771 sum,
2659 718 2833 774 neque
2858 702 2929 757 de
2955 702 3022 757 iis
3046 700 3341 772 quidquam
3369 698 3579 770 scripsi,
3604 714 3767 755 earum

2192 799 2318 853 odio
2367 798 2675 854 immaniter
2721 797 3099 868 exagitaveris.
3153 796 3236 851 An
3294 793 3444 849 dices
3494 792 3771 849 Donatistas

2195 901 2345 948 recte
2384 903 2439 948 et
2466 891 2716 962 religiose
2746 891 2961 957 fecisse,
2990 887 3133 960 quod
3162 886 3557 944 contumeliose
3573 886 3770 959 procul-

2196 984 2366 1041 carint
2398 983 2532 1039 illud
2559 981 2821 1048 chrisma,
2852 980 2995 1054 quod
3024 990 3082 1036 tu
3112 980 3283 1037 multo
3312 979 3487 1052 magis
3509 979 3775 1051 conspuis?

2199 1078 2361 1151 Atqui
2388 1076 2617 1150 Optatus
2644 1077 2739 1132 tibi
2771 1075 3013 1132 narrabit
3046 1075 3286 1130 divinum
3318 1072 3579 1130 adversus
3598 1088 3688 1130 eos
3705 1073 3779 1143 ju-

2195 1171 2397 1228 dicium
2441 1171 2606 1227 etiam
2635 1170 2902 1226 miraculo
2935 1170 3313 1241 consignatum
3345 1167 3532 1225 fuisse.
3558 1166 3611 1225 Si
3649 1167 3779 1224 dicas

2196 1280 2321 1321 eum
2376 1264 2625 1329 mentiri;
2684 1262 2810 1318 vide
2870 1277 2974 1333 qua
3025 1261 3345 1333 probatione
3397 1275 3621 1332 perages
3678 1259 3780 1316 falsi

2199 1374 2371 1440 reum.
2402 1358 2509 1415 Sed
2534 1357 2886 1441 nihilominus
2918 1358 2971 1413 in
2994 1373 3057 1414 ea
3075 1374 3134 1414 re
3164 1372 3382 1430 semper
3412 1364 3465 1413 te
3488 1355 3675 1427 premit
3699 1354 3783 1411 ad-

2199 1436 2462 1508 mirabilis
2482 1436 2787 1508 consensus
2803 1452 3005 1506 veteris
3033 1450 3312 1507 Ecclesiae.
3345 1450 3429 1507 An
3449 1449 3773 1506 confiteberis

2203 1560 2309 1601 non
2341 1545 2597 1601 debuisse
2624 1544 2953 1609 Donatistas,
2981 1542 3126 1615 quod
3173 1544 3247 1600 tui
3294 1544 3516 1609 faciunt,
3563 1552 3783 1598 evertere

2204 1638 2437 1694 altaria?
2468 1638 2629 1709 Atqui
2673 1637 2817 1708 quod
2862 1637 3089 1708 Optatus
3117 1636 3322 1708 objicit,
3367 1651 3565 1707 corpus
3604 1635 3785 1692 Christi

2206 1731 2260 1788 in
2291 1731 2357 1788 iis
2389 1731 2681 1797 habitasse,
2714 1739 2827 1785 tam
2859 1729 3134 1801 indignum
3165 1738 3222 1786 et
3254 1728 3533 1785 infandum
3555 1743 3671 1784 esse
3698 1727 3784 1783 do-

498 1830 649 1889 hisce
677 1834 783 1889 tuis
810 1831 1020 1889 insidiis
1050 1847 1154 1888 non
1186 1838 1501 1895 occurrunt,
1527 1838 1621 1885 aut
1648 1827 1819 1900 turpis
1851 1827 2102 1895 inscitiae,
2136 1824 2184 1885 B
2209 1840 2320 1891 ces,
2354 1832 2414 1879 ut
2452 1824 2596 1879 illam
2621 1825 2791 1894 ipsam
2811 1822 3011 1893 justam
3032 1837 3251 1878 causam
3271 1837 3397 1880 esse
3420 1821 3685 1889 clamites,
3705 1838 3786 1878 cur

498 1935 591 1980 aut
638 1924 916 1981 scelerata:
966 1924 1245 1996 perfidiae,
1300 1934 1393 1979 aut
1440 1922 1726 1993 utriusque
1781 1936 1905 1978 reos
1956 1935 2102 1976 esse.

500 2022 643 2094 Ergo
664 2022 826 2077 etiam
854 2030 982 2092 opto
1006 2003 1167 2077 talem
1199 2034 1386 2076 eorum
1407 2060 1423 2083 ,
1449 2017 1541 2089 qui
1572 2017 1666 2072 tibi
1695 2024 1803 2072 tam
1831 2015 1993 2072 facile
2016 2030 2109 2071 ce-

502 2114 671 2182 dunt,
706 2116 1021 2171 ἐθελοκακίαν
1049 2112 1301 2183 castigari
1333 2129 1346 2165 :
1377 2110 1574 2182 quibus
1604 2124 1746 2165 nunc
1775 2116 1954 2165 tamen
1985 2117 2106 2164 tan-

504 2213 619 2262 tum
647 2205 901 2277 objiciam
926 2205 1054 2260 illud
1087 2213 1243 2261 vetus
1263 2245 1278 2269 ,

597 2299 796 2351 Tradite
818 2300 959 2364 signa
982 2299 1118 2360 viris,
1141 2297 1304 2360 ignavi
1325 2296 1467 2358 signa
1492 2295 1730 2355 Quirites.

579 2395 755 2464 Atque
794 2401 853 2446 ut
889 2388 1209 2447 concludam
1249 2387 1393 2459 quod
1442 2386 1510 2444 de
1558 2385 1905 2442 successione
1951 2382 2105 2449 dixi,

507 2484 705 2541 iterum
730 2482 855 2541 dico
874 2526 891 2552 ,
919 2492 975 2539 et
1003 2497 1221 2551 semper
1252 2496 1363 2552 pra:
1391 2495 1476 2535 me
1517 2477 1687 2535 feram
1706 2519 1722 2545 ,
1755 2486 1945 2549 optare
1974 2490 2063 2531 me
2089 2516 2104 2542 ,

505 2588 563 2637 ut
589 2578 791 2651 indigni
823 2592 1199 2643 successores,
1230 2576 1324 2647 qui
1349 2583 1403 2631 et
1428 2574 1774 2640 desertores,
1819 2580 1875 2628 et
1924 2569 2112 2642 prodi-

507 2681 685 2740 tores,
706 2682 759 2727 et
789 2670 871 2743 (ut
890 2670 1060 2727 verbo
1086 2669 1256 2726 veteri
1289 2677 1430 2735 utar,
1456 2682 1631 2739 neque
1676 2665 1854 2721 dicam
1902 2662 2109 2736 aliquid

506 2765 752 2838 gravius)
797 2763 1087 2820 traditores
1133 2772 1290 2827 sunt,
1334 2760 1496 2824 dent,
1538 2775 1673 2832 quas
1723 2757 1901 2814 meriti
1951 2764 2111 2817 sunt.

510 2877 717 2935 pcenas.
751 2860 858 2919 Sed
882 2877 987 2916 non
1016 2862 1266 2931 ignoras,
1297 2858 1547 2929 quisnam
1594 2856 1688 2911 ille
1714 2854 1821 2922 sit,
1852 2852 1943 2925 qui
1975 2850 2114 2907 tales

510 2972 633 3013 esse
656 2954 767 3011 vult
793 2963 848 3010 et
867 2962 1054 3025 optat,
1084 2962 1144 3008 ut
1193 2952 1259 3007 iis
1294 2950 1560 3022 dejectis,
1606 2956 1887 3004 vacantem
1937 2945 2113 3000 locum

512 3049 693 3106 statim
721 3057 986 3119 occupet,
1019 3056 1073 3103 et
1099 3060 1304 3102 novum
1341 3043 1446 3100 sibi
1474 3058 1700 3115 regnum
1724 3039 1924 3097 condat
1946 3037 2116 3093 multo

516 3143 707 3214 majori
737 3141 1025 3214 supercilio
1054 3158 1067 3194 :
1091 3139 1289 3212 quique
1309 3147 1591 3210 propterea
1614 3135 1784 3193 nollet
1809 3134 1945 3188 alios
1964 3147 2112 3198 esse,

2209 1935 2400 1977 omnes
2442 1934 2551 1975 arae
2592 1927 2928 1975 evertantur.
2977 1918 3058 1972 An
3092 1916 3185 1972 tibi
3217 1918 3417 1988 placet,
3452 1916 3595 1988 quod
3622 1916 3789 1972 dicun-
3886 1930 3889 1937 '

2212 2026 2298 2069 tur
2350 2012 2642 2068 Donatista:
2670 2011 2913 2066 erexisse
2950 2009 3121 2065 altare
3162 2017 3347 2065 contra
3394 2009 3606 2065 altare?
3650 2008 3786 2079 Atqui

2211 2107 2410 2165 summi
2461 2106 2700 2162 criminis
2727 2106 2845 2161 loco
2876 2118 3094 2176 semper
3119 2104 3363 2160 habitum
3397 2104 3447 2160 id
3476 2106 3609 2167 fuit,
3641 2119 3789 2174 neque

2212 2203 2387 2259 solum
2419 2201 2648 2272 Optatus
2686 2209 2743 2256 et
2791 2199 3121 2269 Augustinus
3164 2205 3453 2269 propterea
3508 2198 3788 2254 Donatistas

2213 2305 2484 2367 tamquam
2513 2310 2582 2350 ex
2612 2292 2863 2360 formula,
2887 2291 3163 2362 conceptis
3184 2292 3387 2358 verbis,
3412 2302 3687 2355 accusant,
3710 2290 3788 2347 sed

2213 2398 2265 2443 et
2290 2397 2447 2443 antea
2477 2386 2780 2459 Cyprianus
2827 2385 3051 2441 totidem
3092 2384 3271 2441 verbis
3296 2383 3629 2441 Novatianos
3658 2400 3791 2441 accu-

2213 2491 2447 2539 saverat.
2478 2482 2620 2551 Scis,
2645 2483 2831 2550 credo,
2859 2485 3046 2541 altaris
3068 2486 3236 2543 verbo
3261 2483 3615 2557 significasse.
3645 2494 3789 2540 totum

2216 2576 2575 2632 ministerium
2610 2578 2900 2644 Ecclesize;
2949 2578 3091 2651 quod
3122 2588 3177 2635 et
3213 2579 3465 2649 baptismi
3494 2595 3623 2636 voce
3652 2580 3791 2634 inter-

2215 2667 2343 2724 dum
2383 2669 2757 2741 significatur:
2810 2671 2945 2728 adeo
2996 2682 3056 2728 ut
3097 2672 3258 2727 etiam
3301 2672 3355 2727 in
3404 2671 3638 2744 Egypto
3680 2674 3790 2743 ipsa:

2218 2759 2475 2816 Ecclesiae
2504 2762 2911 2833 appellarentur
2940 2761 3136 2829 Labra,
3166 2763 3212 2818 si
3240 2778 3327 2819 me
3356 2779 3461 2818 non
3510 2763 3640 2818 fallit
3664 2762 3790 2834 quod

2219 2853 2368 2910 hisce
2398 2856 2626 2926 primum
2659 2856 2849 2912 diebus
2877 2856 2928 2912 in
2959 2856 3263 2927 Epiphanio
3286 2858 3591 2913 observavi.
3612 2861 3683 2912 An
3712 2860 3789 2928 qui

2222 2949 2469 3019 privatim
2502 2961 2665 3022 atque
2705 2952 2996 3022 separatim
3026 2951 3142 3007 haec
3179 2968 3300 3023 qua:
3343 2968 3449 3007 non
3496 2963 3599 3008 tam
3627 2968 3792 3008 sacra-

2220 3050 2424 3107 menta,
2454 3059 2614 3113 quam
2641 3054 3057 3100 exsecramenta
3078 3048 3250 3116 {vocat
3295 3045 3346 3100 in
3374 3045 3657 3101 Donatistis
3698 3048 3793 3101 Au-

2219 3139 2487 3209 gustinus,
2524 3138 2641 3195 haec
2670 3139 2937 3212 (inquam)
2987 3143 3140 3213 signa
3184 3140 3567 3198 funestissimte
3606 3140 3794 3198 dissen-

516 3237 874 3309 resipiscere,
909 3236 1089 3291 facere
1116 3233 1353 3291 officium
1385 3248 1576 3296 suum.
1614 3231 1896 3301 detergere
1941 3228 2116 3298 ἱηιιυῑ-
2141 3223 2187 3288 C
2220 3232 2389 3289 sionis
2427 3233 2779 3299 attollebant,
2826 3233 3248 3303 reformationis,
3284 3235 3613 3309 potiusquam
3637 3234 3795 3290 defor-

516 3341 699 3388 natam
732 3329 921 3386 faciem
966 3328 1222 3384 Ecclesia;
1266 3345 1279 3382 :
1312 3335 1372 3381 ut
1401 3326 1560 3395 cuius
1592 3324 1766 3381 foedus
1790 3321 2030 3394 squalor,
2065 3329 2121 3376 et

520 3420 742 3479 horrida
787 3421 1103 3479 deformitas
1124 3462 1139 3487 ,
1178 3430 1491 3490 mutumque
1539 3417 1770 3474 cadaver
1796 3415 1995 3471 multos
2024 3429 2119 3485 po-

520 3516 676 3587 pulos
702 3514 1060 3582 abalienavit,
1090 3528 1227 3586 quos
1257 3523 1316 3569 tu
1343 3511 1582 3568 suaviter
1608 3507 1940 3567 cantillando
1968 3505 2122 3563 facile

522 3609 576 3665 in
608 3618 728 3666 tuas
749 3619 933 3681 partes
950 3609 1321 3681 pertraheres;
1377 3607 1496 3679 ejus
1528 3605 1697 3661 forma
1731 3603 1877 3675 prior
1906 3601 2125 3657 melior-

522 3717 662 3775 que,
695 3701 859 3769 nitor,
885 3702 1068 3768 decor,
1109 3716 1215 3758 vox
1237 3710 1293 3759 et
1322 3701 1499 3757 oratio
1524 3742 1539 3768 ,
1570 3712 1667 3755 eos
1690 3696 1756 3753 ad
1787 3712 1846 3753 se
1897 3709 2122 3752 revoca-

523 3807 643 3865 ret,
673 3796 914 3869 atquein
942 3797 1149 3853 unitate
1194 3796 1472 3853 retineret.
1523 3793 1595 3850 Ut
1640 3792 1708 3849 ad
1746 3792 2004 3864 Optatum
2032 3804 2119 3846 re-

523 3899 742 3959 vertar,
768 3898 1060 3964 supersunt
1084 3890 1204 3947 duae
1230 3890 1595 3962 quaestiones,
1635 3904 1757 3960 qua:
1802 3896 1946 3943 tuam
1978 3886 2131 3942 solu—

525 3991 728 4047 tionem
772 3987 1075 4060 requirunt.
1106 3986 1376 4054 Quatritur
1411 3983 1540 4057 quid
1584 3983 1787 4039 sentias
1839 3982 1908 4037 de
1948 3979 2127 4037 schis-

526 4093 671 4139 male
697 4081 1101 4137 Donatistarum
1127 4119 1144 4146 ,
1190 4077 1366 4148 deque
1404 4091 1592 4132 eorum
1622 4075 1758 4131 actis
1784 4116 1798 4139 ,
1849 4088 1970 4145 qua:
1998 4072 2126 4143 qui-

524 4172 648 4231 dem
679 4174 934 4230 dixerunt
957 4187 1079 4230 esse
1099 4170 1368 4241 religiosae
1414 4178 1471 4225 et
1516 4167 1909 4224 Ecclesiasticaa
1957 4164 2130 4222 refor-

528 4266 802 4326 mationis.
833 4264 912 4321 Ne
940 4274 1120 4321 autem
1146 4263 1352 4335 privata
1377 4277 1535 4319 causa
1576 4272 1664 4317 tua
1711 4270 1873 4332 atque
1914 4259 2132 4317 affectio

530 4358 788 4432 impediat
817 4359 1101 4427 ingenuam
1132 4356 1530 4413 confessionem
1554 4398 1571 4425 ,
1604 4369 1858 4426 rogamus
1896 4365 1952 4409 ut
2007 4369 2131 4410 cum

530 4454 600 4512 de
626 4455 693 4510 iis
724 4449 1162 4524 respondendum
1190 4449 1285 4505 tibi
1312 4452 1444 4514 erit.
1476 4449 1551 4505 tui
1603 4448 1880 4521 paulisper
1904 4445 2130 4503 oblivis-

531 4550 701 4617 caris;
736 4565 912 4623 neque
948 4550 1018 4605 de
1045 4556 1101 4606 te
1142 4548 1228 4621 agi
1265 4546 1492 4618 cogites.
1540 4546 1692 4611 Scis,
1739 4544 1917 4617 qualis
1969 4542 2135 4599 fuerit

2224 3326 2425 3405 mitatis
2454 3336 2509 3383 et
2536 3328 2906 3396 confusionis,
2936 3327 3285 3385 fundamenta
3312 3329 3627 3401 jaciebant?
3670 3328 3794 3397 Quid

2224 3434 2354 3476 vero
2397 3419 2571 3488 dices,
2604 3436 2698 3476 eos
2727 3419 3035 3476 admirabili
3078 3421 3312 3493 quodam
3357 3421 3525 3477 fraeno
3571 3420 3795 3477 divinitus

2225 3530 2346 3571 esse
2368 3525 2631 3582 retentos,
2660 3524 2718 3570 ut
2738 3530 2859 3571 cum
2898 3514 3030 3570 nihil
3063 3514 3263 3587 alioqui
3291 3515 3574 3582 auderent,
3603 3524 3655 3571 et
3688 3514 3794 3569 odio

2224 3608 2632 3665 Catholicorum
2660 3607 2875 3680 quidvis
2894 3608 3157 3675 facerent,
3184 3618 3362 3664 tamen
3394 3624 3566 3681 neque
3585 3622 3795 3665 ceremo-

2230 3706 2348 3761 nias
2376 3719 2550 3777 neque
2578 3703 2837 3760 formulas
2885 3702 2938 3758 in
2982 3701 3226 3759 Ecclesia
3253 3712 3521 3773 receptas,
3566 3703 3796 3759 auderent

2232 3797 2397 3872 (quod
2429 3792 2654 3869 Optatus
2699 3796 2906 3869 narrat)
2951 3806 3165 3854 mutare
3196 3814 3208 3851 :
3250 3798 3462 3853 tametsi
3501 3812 3593 3854 eas
3616 3811 3799 3868 quoque

2229 3890 2573 3948 adversarias
2602 3889 2804 3947 habere
2836 3906 2895 3946 se
2925 3890 3235 3947 sentirent?
3264 3908 3333 3947 an
3366 3907 3509 3948 nunc
3534 3888 3799 3963 religiosior

2231 3994 2314 4042 est
2358 3984 2608 4049 audacia,
2652 3999 2773 4056 qua!
2805 3984 2981 4056 major
3034 3986 3153 4041 est?
3206 4002 3271 4039 an
3316 3995 3396 4042 est
3435 3985 3676 4051 astutior,
3704 3999 3800 4055 qua:

2232 4079 2378 4136 delet
2416 4080 2637 4135 omnia?
2684 4079 2997 4146 Donatistce,
3036 4094 3159 4136 cum
3210 4081 3461 4151 exemplo
3510 4079 3801 4136 Novatiano-

2233 4188 2375 4239 rum,
2417 4168 2638 4227 Cathari
2666 4169 2839 4227 videri
2883 4172 3105 4237 vellent,
3154 4188 3290 4243 aqua
3322 4172 3486 4227 etiam
3518 4171 3798 4243 expiabant,

2234 4263 2494 4336 quidqttid
2553 4264 2669 4327 illi.
2723 4280 2754 4320 a
2804 4264 3003 4337 quibus
3045 4264 3397 4329 defecerant,
3452 4267 3801 4336 contigerant,

2235 4361 2361 4434 quia
2395 4361 2657 4433 pollutum
2701 4376 2823 4416 esse
2850 4360 3179 4417 clamabant.
3226 4360 3309 4416 An
3352 4359 3471 4417 haec
3514 4360 3666 4415 valde
3694 4372 3800 4429 pura

2236 4454 2548 4527 repurgatio
2604 4452 2743 4508 fuit?
2794 4452 3012 4509 Scimus
3058 4463 3113 4509 et
3171 4453 3565 4525 posterioribus
3623 4450 3803 4506 seculis

2236 4549 2458 4607 Graecos
2488 4550 2540 4604 in
2579 4548 2872 4605 schismate
2920 4563 3025 4604 non
3072 4549 3252 4605 minus
3294 4558 3545 4617 proterve
3571 4555 3626 4603 et
3646 4555 3805 4602 contu-

531 4653 706 4703 status
756 4642 1044 4708 Ecclesiae,
1112 4650 1358 4713 tempore
1420 4640 1600 4712 Optati
1680 4639 1765 4695 vel
1822 4638 2127 4711 Augustini.
2161 4634 2215 4695 D
2240 4642 2465 4699 meliose
2504 4641 2679 4712 egisse
2703 4656 2825 4697 cum
2859 4640 3084 4697 Latinis.
3116 4641 3223 4698 Sed
3256 4656 3375 4696 cum
3404 4640 3545 4696 tales
3585 4653 3802 4696 exsecra-

532 4739 769 4808 Qumro,
798 4752 869 4792 an
915 4735 1062 4792 nulla
1106 4736 1253 4807 justa
1282 4736 1495 4792 ratione
1545 4735 1856 4791 Donatistas
1901 4734 1970 4790 ab
2015 4732 2133 4803 ejus

534 4830 793 4890 Ecclesiae
837 4827 1221 4885 communione
1247 4828 1545 4886 descivisse
1578 4828 1774 4901 putes?
1800 4827 1979 4885 Credo
1999 4870 2014 4894 ,
2045 4826 2131 4881 di-

535 4938 647 4988 ces,
679 4923 847 4979 nulla.
899 4921 1065 4992 Atqui
1108 4936 1229 4992 quae
1270 4921 1605 4992 potissimum
1638 4934 1781 4976 nunc
1811 4932 2035 4976 accusas
2081 4928 2136 4975 et

537 5015 676 5088 fugis
702 5027 759 5073 et
784 5017 995 5083 aboles,
1018 5017 1127 5087 jam
1155 5025 1266 5071 tum
1298 5015 1654 5072 invaluerant.
1683 5014 1800 5070 Non
1826 5022 2131 5086 exspectas,

539 5120 599 5167 ut
623 5110 831 5183 singula
862 5125 1198 5167 enumerem.
1230 5109 1383 5178 Nam,
1431 5109 1476 5164 si
1520 5108 1620 5177 vis,
1676 5108 1989 5164 meministi.
2020 5107 2138 5163 Non

539 5205 779 5263 debuere
829 5201 1126 5259 Donatista:
1164 5202 1327 5258 alium
1374 5202 1477 5257 sibi
1538 5201 1761 5273 suisque
1809 5201 2134 5272 baptismum

543 5298 795 5373 privatim
824 5297 1131 5354 instituere.
1163 5294 1283 5352 Jam
1326 5311 1434 5351 non
1472 5294 1664 5366 loquor
1691 5295 1759 5351 de
1788 5310 1977 5351 eorum
2009 5309 2140 5350 ana—

543 5395 835 5467 baptismo.
883 5392 1079 5461 Qumro
1120 5406 1188 5447 an
1223 5404 1346 5447 cum
1374 5389 1608 5460 primum
1644 5388 1875 5460 aliquem
1908 5388 1990 5444 sui
2020 5404 2142 5461 gre-

540 5490 655 5562 gis,
706 5487 797 5561 qui
843 5486 1080 5544 nondum
1124 5483 1425 5556 baptizatus
1474 5480 1677 5548 fuerat,
1735 5482 2003 5554 tingerent
2046 5498 2145 5537 suo

544 5599 696 5640 more
738 5582 1078 5655 potiusquam
1132 5589 1443 5651 paterentur
1490 5577 1543 5632 in
1592 5575 1832 5633 Ecclesia
1871 5575 2144 5633 Catholica

544 5675 845 5747 baptizari,
878 5686 1027 5732 recte
1071 5671 1349 5730 facerent?
1384 5669 1569 5736 credo,
1614 5669 1835 5741 negabis
1884 5680 2033 5727 recte
2072 5671 2148 5727 fe-

547 5770 708 5825 cisse.
741 5768 901 5839 Atqui
933 5784 996 5824 ex
1027 5768 1144 5841 ipso
1173 5782 1388 5839 quoque
1429 5764 1626 5837 Optato
1665 5763 1843 5819 disces
1867 5762 1978 5834 jam
2031 5773 2144 5821 tum

554 5863 608 5918 in
640 5862 879 5921 Ecclesia
916 5862 1006 5919 illa
1031 5860 1307 5920 Catholica
1346 5868 1401 5918 et
1425 5858 1788 5917 exorcismum
1829 5866 1886 5916 et
1911 5855 2144 5915 chrisma

2241 4736 2437 4802 tiones,
2465 4751 2586 4806 qua:
2615 4750 2683 4791 ex
2723 4734 2973 4790 odiorum
3023 4735 3275 4791 incendio
3320 4746 3641 4805 erumpunt,
3674 4731 3805 4785 hodie

2241 4844 2455 4901 quoque
2501 4829 2677 4895 audis,
2726 4828 2919 4901 ecquid
2964 4830 3232 4900 religiosat
3284 4829 3377 4885 tibi
3409 4828 3805 4894 videntunge

2241 4940 2372 4981 vero
2405 4942 2420 4981 :
2447 4939 2571 4980 cum
2601 4925 2752 4981 brevi
2786 4935 3029 4993 tempore
3051 4924 3288 4981 Africam
3313 4939 3482 4995 prope
3514 4934 3691 4986 totam,
3721 4931 3803 4973 non

2244 5016 2408 5073 modo
2456 5033 2565 5073 non
2614 5016 3034 5089 adjuvantibus,
3083 5017 3177 5073 sed
3222 5018 3398 5088 potius
3424 5015 3806 5073 reclamantibus

2243 5110 2603 5183 principibus,
2634 5110 2686 5165 in
2713 5125 2840 5167 suas
2868 5120 3048 5182 partes
3080 5111 3321 5167 Donatus
3344 5111 3624 5183 pertraxit,
3649 5120 3697 5164 ut
3718 5107 3804 5177 jam

2247 5204 2430 5275 plures
2480 5205 2533 5259 in
2589 5219 2652 5260 ea
2697 5219 2870 5275 prope
2912 5214 3329 5261 numerarentur
3374 5204 3611 5276 episcopi
3661 5203 3806 5257 Dona-

2247 5296 2386 5351 tista:
2434 5310 2594 5366 quam
2625 5294 2887 5352 Catholici
2920 5312 2934 5362 ;
2983 5311 3053 5351 an
3104 5296 3195 5351 tali
3226 5310 3482 5352 successu
3536 5303 3590 5351 et
3622 5289 3807 5349 victoria

2249 5392 2460 5461 elatus,
2517 5403 2571 5450 et
2614 5393 2785 5465 gloria
2837 5393 3402 5469 fastuquegtamquam
3446 5391 3701 5449 fermento
3743 5388 3807 5441 in-

2251 5488 2432 5555 flatus,
2458 5490 2654 5545 cristas
2682 5501 2971 5561 propterea
3000 5490 3252 5546 attollere
3278 5488 3487 5555 debuit,
3511 5488 3689 5559 quales
3711 5496 3809 5537 cum

2250 5581 2536 5638 sustulisse
2559 5591 2746 5638 narrat
2772 5581 3000 5653 Optatus
3028 5582 3165 5638 libro
3196 5582 3391 5638 tertio?
3416 5581 3589 5637 Minus
3617 5579 3809 5635 fortasse

2252 5673 2304 5729 id
2350 5672 2550 5731 factum
2580 5689 2703 5731 esse
2738 5674 3060 5741 miraberis,
3090 5674 3181 5745 qui
3218 5690 3327 5730 non
3352 5674 3567 5744 ignoras
3593 5670 3732 5742 quale
3756 5666 3808 5719 sit

2250 5766 2499 5822 humanm
2525 5766 2795 5838 superbize
2824 5768 3119 5840 ingenium,
3149 5776 3491 5839 quantusque
3519 5776 3700 5821 tuntor.
3724 5754 3806 5815 Sed

2250 5862 2383 5918 nihil
2424 5865 2590 5936 magis
2621 5873 2800 5922 tamen
2833 5866 2933 5923 abs
2962 5864 3226 5936 religione
3271 5864 3510 5923 alienum
3540 5875 3594 5923 et
3630 5873 3733 5919 esse
3764 5860 3805 5909 ei
