  <div class='ocr_page' id='page_1' title='image "/cluster/home/n/w/nwhite01/storage/ocr_20150623/11/hvd.32044015471287/570.png"; bbox 0 0 3974 6324; ppageno 0'>
   <div class='ocr_carea' id='block_1_1' title="bbox 186 321 320 382">
    <p class='ocr_par' dir='ltr' id='par_1_1' title="bbox 186 321 320 382">
     <span class='ocr_line' id='line_1_1' title="bbox 186 321 320 382; baseline -0.045 0"><span class='ocrx_word' id='word_1_1' title='bbox 186 321 320 382; x_wconf 70' lang='lat' dir='ltr'><strong>H29</strong></span> 
     </span>
    </p>
   </div>
   <div class='ocr_carea' id='block_1_2' title="bbox 1253 314 2369 379">
    <p class='ocr_par' dir='ltr' id='par_1_2' title="bbox 1253 314 2369 379">
     <span class='ocr_line' id='line_1_2' title="bbox 1253 314 2369 379; baseline -0.002 0"><span class='ocrx_word' id='word_1_2' title='bbox 1253 319 1346 379; x_wconf 82' lang='lat' dir='ltr'><strong>AD</strong></span> <span class='ocrx_word' id='word_1_3' title='bbox 1384 317 1647 378; x_wconf 69' lang='lat' dir='ltr'><strong>PRIMA)!</strong></span> <span class='ocrx_word' id='word_1_4' title='bbox 1687 314 2061 376; x_wconf 77' lang='lat' dir='ltr'><strong>EDI&#39;HONEM</strong></span> <span class='ocrx_word' id='word_1_5' title='bbox 2098 317 2369 377; x_wconf 82' lang='grc' dir='ltr'><strong>ΟΡΤΑΤΙ.</strong></span> 
     </span>
    </p>
   </div>
   <div class='ocr_carea' id='block_1_3' title="bbox 3341 326 3482 385">
    <p class='ocr_par' dir='ltr' id='par_1_3' title="bbox 3341 326 3482 385">
     <span class='ocr_line' id='line_1_3' title="bbox 3341 326 3482 385; baseline 0.014 -2"><span class='ocrx_word' id='word_1_6' title='bbox 3341 326 3482 385; x_wconf 75' lang='lat' dir='ltr'><strong>H50</strong></span> 
     </span>
    </p>
   </div>
   <div class='ocr_carea' id='block_1_4' title="bbox 182 433 3479 513">
    <p class='ocr_par' dir='ltr' id='par_1_4' title="bbox 182 433 3479 513">
     <span class='ocr_line' id='line_1_4' title="bbox 182 433 3479 513; baseline 0.001 -19"><span class='ocrx_word' id='word_1_7' title='bbox 182 439 368 504; x_wconf 84' lang='lat' dir='ltr'><strong>videri,</strong></span> <span class='ocrx_word' id='word_1_8' title='bbox 416 441 572 513; x_wconf 66' lang='lat'><strong>122</strong></span> <span class='ocrx_word' id='word_1_9' title='bbox 618 437 930 497; x_wconf 87' lang='lat' dir='ltr'><strong>meminisse</strong></span> <span class='ocrx_word' id='word_1_10' title='bbox 959 452 1173 507; x_wconf 83' lang='lat' dir='ltr'><strong>quoque</strong></span> <span class='ocrx_word' id='word_1_11' title='bbox 1208 437 1393 495; x_wconf 87' lang='lat' dir='ltr'><strong>debes.</strong></span> <span class='ocrx_word' id='word_1_12' title='bbox 1418 436 1555 505; x_wconf 87' lang='lat' dir='ltr'><strong>Quid</strong></span> <span class='ocrx_word' id='word_1_13' title='bbox 1589 436 1764 491; x_wconf 87' lang='lat' dir='ltr'><strong>dicam</strong></span> <span class='ocrx_word' id='word_1_14' title='bbox 1797 433 2009 499; x_wconf 70' lang='lat' dir='ltr'><strong>Acinia</strong></span> <span class='ocrx_word' id='word_1_15' title='bbox 2065 436 2159 490; x_wconf 92' lang='lat' dir='ltr'><strong>tibi</strong></span> <span class='ocrx_word' id='word_1_16' title='bbox 2214 436 2481 507; x_wconf 83' lang='lat' dir='ltr'><strong>relinquo.</strong></span> <span class='ocrx_word' id='word_1_17' title='bbox 2527 435 2767 494; x_wconf 88' lang='lat' dir='ltr'><strong>Verbum</strong></span> <span class='ocrx_word' id='word_1_18' title='bbox 2811 446 2993 493; x_wconf 86' lang='lat' dir='ltr'><strong>autent</strong></span> <span class='ocrx_word' id='word_1_19' title='bbox 3051 455 3215 496; x_wconf 90' lang='lat' dir='ltr'><strong>unum</strong></span> <span class='ocrx_word' id='word_1_20' title='bbox 3257 440 3328 497; x_wconf 90' lang='lat' dir='ltr'><strong>de</strong></span> <span class='ocrx_word' id='word_1_21' title='bbox 3371 443 3479 497; x_wconf 84' lang='lat' dir='ltr'><strong>Do-</strong></span> 
     </span>
    </p>
   </div>
   <div class='ocr_carea' id='block_1_5' title="bbox 180 529 1778 601">
    <p class='ocr_par' dir='ltr' id='par_1_5' title="bbox 180 529 1778 601">
     <span class='ocr_line' id='line_1_5' title="bbox 180 529 1778 601; baseline -0.004 -13"><span class='ocrx_word' id='word_1_22' title='bbox 180 532 446 588; x_wconf 89' lang='lat' dir='ltr'><strong>Douatum</strong></span> <span class='ocrx_word' id='word_1_23' title='bbox 465 532 612 588; x_wconf 88' lang='lat' dir='ltr'><strong>illum</strong></span> <span class='ocrx_word' id='word_1_24' title='bbox 626 530 1152 601; x_wconf 74' lang='lat' dir='ltr'><strong>Pseudoepisccpum</strong></span> <span class='ocrx_word' id='word_1_25' title='bbox 1165 529 1642 600; x_wconf 81' lang='lat' dir='ltr'><strong>Cat-tltagitteusem</strong></span> <span class='ocrx_word' id='word_1_26' title='bbox 1653 569 1667 593; x_wconf 89' lang='lat'><strong>,</strong></span> <span class='ocrx_word' id='word_1_27' title='bbox 1685 543 1778 582; x_wconf 92' lang='lat' dir='ltr'><strong>uc-</strong></span> 
     </span>
    </p>
   </div>
   <div class='ocr_carea' id='block_1_6' title="bbox 177 624 1775 697">
    <p class='ocr_par' dir='ltr' id='par_1_6' title="bbox 177 624 1775 697">
     <span class='ocr_line' id='line_1_6' title="bbox 177 624 1775 697; baseline -0.006 -12"><span class='ocrx_word' id='word_1_28' title='bbox 177 627 433 685; x_wconf 87' lang='lat' dir='ltr'><strong>bulonem</strong></span> <span class='ocrx_word' id='word_1_29' title='bbox 453 642 486 682; x_wconf 92' lang='lat' dir='ltr'><strong>e</strong></span> <span class='ocrx_word' id='word_1_30' title='bbox 516 641 676 683; x_wconf 71' lang='lat' dir='ltr'><strong>coeno</strong></span> <span class='ocrx_word' id='word_1_31' title='bbox 708 641 1001 693; x_wconf 86' lang='lat' dir='ltr'><strong>emersum,</strong></span> <span class='ocrx_word' id='word_1_32' title='bbox 1036 636 1259 697; x_wconf 88' lang='lat' dir='ltr'><strong>repente</strong></span> <span class='ocrx_word' id='word_1_33' title='bbox 1288 624 1487 681; x_wconf 87' lang='lat' dir='ltr'><strong>factum</strong></span> <span class='ocrx_word' id='word_1_34' title='bbox 1517 637 1638 681; x_wconf 88' lang='lat' dir='ltr'><strong>esse</strong></span> <span class='ocrx_word' id='word_1_35' title='bbox 1666 637 1775 677; x_wconf 91' lang='lat' dir='ltr'><strong>non</strong></span> 
     </span>
    </p>
   </div>
   <div class='ocr_carea' id='block_1_7' title="bbox 177 715 1777 791">
    <p class='ocr_par' dir='ltr' id='par_1_7' title="bbox 177 715 1777 791">
     <span class='ocr_line' id='line_1_7' title="bbox 177 715 1777 791; baseline -0.006 -14"><span class='ocrx_word' id='word_1_36' title='bbox 177 719 340 777; x_wconf 86' lang='lat' dir='ltr'><strong>modo</strong></span> <span class='ocrx_word' id='word_1_37' title='bbox 363 718 628 791; x_wconf 83' lang='lat' dir='ltr'><strong>Regulum</strong></span> <span class='ocrx_word' id='word_1_38' title='bbox 656 717 913 788; x_wconf 88' lang='lat' dir='ltr'><strong>aliquem,</strong></span> <span class='ocrx_word' id='word_1_39' title='bbox 948 717 1040 789; x_wconf 97' lang='lat' dir='ltr'><strong>qui</strong></span> <span class='ocrx_word' id='word_1_40' title='bbox 1067 716 1292 773; x_wconf 82' lang='lat' dir='ltr'><strong>auderet</strong></span> <span class='ocrx_word' id='word_1_41' title='bbox 1314 715 1454 784; x_wconf 90' lang='lat' dir='ltr'><strong>quod</strong></span> <span class='ocrx_word' id='word_1_42' title='bbox 1484 728 1777 784; x_wconf 76' lang='lat' dir='ltr'><strong>numquam</strong></span> 
     </span>
    </p>
   </div>
   <div class='ocr_carea' id='block_1_8' title="bbox 177 808 1778 881">
    <p class='ocr_par' dir='ltr' id='par_1_8' title="bbox 177 808 1778 881">
     <span class='ocr_line' id='line_1_8' title="bbox 177 808 1778 881; baseline -0.005 -11"><span class='ocrx_word' id='word_1_43' title='bbox 177 812 409 870; x_wconf 79' lang='lat' dir='ltr'><strong>Annibal</strong></span> <span class='ocrx_word' id='word_1_44' title='bbox 436 811 521 867; x_wconf 88' lang='lat' dir='ltr'><strong>vel</strong></span> <span class='ocrx_word' id='word_1_45' title='bbox 550 809 822 867; x_wconf 75' lang='lat' dir='ltr'><strong>Asdrubal</strong></span> <span class='ocrx_word' id='word_1_46' title='bbox 850 809 960 866; x_wconf 90' lang='lat' dir='ltr'><strong>illic</strong></span> <span class='ocrx_word' id='word_1_47' title='bbox 981 819 1066 866; x_wconf 87' lang='lat' dir='ltr'><strong>est</strong></span> <span class='ocrx_word' id='word_1_48' title='bbox 1083 825 1271 876; x_wconf 85' lang='lat' dir='ltr'><strong>ausus,</strong></span> <span class='ocrx_word' id='word_1_49' title='bbox 1298 808 1394 866; x_wconf 87' lang='lat' dir='ltr'><strong>sed</strong></span> <span class='ocrx_word' id='word_1_50' title='bbox 1411 818 1467 865; x_wconf 89' lang='lat' dir='ltr'><strong>et</strong></span> <span class='ocrx_word' id='word_1_51' title='bbox 1490 817 1778 881; x_wconf 81' lang='lat' dir='ltr'><strong>tyrannum</strong></span> 
     </span>
    </p>
   </div>
   <div class='ocr_carea' id='block_1_9' title="bbox 176 902 1781 976">
    <p class='ocr_par' dir='ltr' id='par_1_9' title="bbox 176 902 1781 976">
     <span class='ocr_line' id='line_1_9' title="bbox 176 902 1781 976; baseline -0.006 -11"><span class='ocrx_word' id='word_1_52' title='bbox 176 904 692 973; x_wconf 79' lang='lat' dir='ltr'><strong>insolentissimum,</strong></span> <span class='ocrx_word' id='word_1_53' title='bbox 716 905 806 976; x_wconf 89' lang='lat' dir='ltr'><strong>qtti</strong></span> <span class='ocrx_word' id='word_1_54' title='bbox 836 905 996 960; x_wconf 90' lang='lat' dir='ltr'><strong>etiam</strong></span> <span class='ocrx_word' id='word_1_55' title='bbox 1030 919 1136 960; x_wconf 92' lang='lat' dir='ltr'><strong>non</strong></span> <span class='ocrx_word' id='word_1_56' title='bbox 1176 903 1449 959; x_wconf 90' lang='lat' dir='ltr'><strong>dubitaret</strong></span> <span class='ocrx_word' id='word_1_57' title='bbox 1479 902 1781 957; x_wconf 81' lang='lat' dir='ltr'><strong>Romanum</strong></span> 
     </span>
    </p>
   </div>
   <div class='ocr_carea' id='block_1_10' title="bbox 176 996 1781 1072">
    <p class='ocr_par' dir='ltr' id='par_1_10' title="bbox 176 996 1781 1072">
     <span class='ocr_line' id='line_1_10' title="bbox 176 996 1781 1072; baseline -0.007 -14"><span class='ocrx_word' id='word_1_58' title='bbox 176 1001 563 1072; x_wconf 86' lang='lat' dir='ltr'><strong>Imperatorem</strong></span> <span class='ocrx_word' id='word_1_59' title='bbox 618 998 1011 1055; x_wconf 83' lang='lat' dir='ltr'><strong>contumeliose</strong></span> <span class='ocrx_word' id='word_1_60' title='bbox 1051 996 1439 1053; x_wconf 83' lang='lat' dir='ltr'><strong>contemnere?</strong></span> <span class='ocrx_word' id='word_1_61' title='bbox 1491 996 1604 1051; x_wconf 90' lang='lat' dir='ltr'><strong>imo</strong></span> <span class='ocrx_word' id='word_1_62' title='bbox 1648 1009 1781 1049; x_wconf 85' lang='lat' dir='ltr'><strong>vero</strong></span> 
     </span>
    </p>
   </div>
   <div class='ocr_carea' id='block_1_11' title="bbox 177 1086 1785 1163">
    <p class='ocr_par' dir='ltr' id='par_1_11' title="bbox 177 1086 1785 1163">
     <span class='ocr_line' id='line_1_11' title="bbox 177 1086 1785 1163; baseline -0.006 -12"><span class='ocrx_word' id='word_1_63' title='bbox 177 1094 326 1151; x_wconf 88' lang='lat' dir='ltr'><strong>visus</strong></span> <span class='ocrx_word' id='word_1_64' title='bbox 351 1101 435 1149; x_wconf 88' lang='lat' dir='ltr'><strong>est</strong></span> <span class='ocrx_word' id='word_1_65' title='bbox 451 1093 554 1147; x_wconf 92' lang='lat' dir='ltr'><strong>sibi</strong></span> <span class='ocrx_word' id='word_1_66' title='bbox 577 1089 845 1163; x_wconf 72' lang='lat' dir='ltr'><strong>tamquam</strong></span> <span class='ocrx_word' id='word_1_67' title='bbox 874 1091 1032 1145; x_wconf 86' lang='lat' dir='ltr'><strong>Deus.</strong></span> <span class='ocrx_word' id='word_1_68' title='bbox 1049 1089 1183 1145; x_wconf 83' lang='lat' dir='ltr'><strong>Nam</strong></span> <span class='ocrx_word' id='word_1_69' title='bbox 1212 1090 1323 1145; x_wconf 89' lang='lat' dir='ltr'><strong>tale</strong></span> <span class='ocrx_word' id='word_1_70' title='bbox 1341 1088 1549 1145; x_wconf 80' lang='lat' dir='ltr'><strong>Idolum</strong></span> <span class='ocrx_word' id='word_1_71' title='bbox 1579 1086 1785 1143; x_wconf 86' lang='lat' dir='ltr'><strong>descri—</strong></span> 
     </span>
    </p>
   </div>
   <div class='ocr_carea' id='block_1_12' title="bbox 179 1181 1785 1259">
    <p class='ocr_par' dir='ltr' id='par_1_12' title="bbox 179 1181 1785 1259">
     <span class='ocr_line' id='line_1_12' title="bbox 179 1181 1785 1259; baseline -0.005 -16"><span class='ocrx_word' id='word_1_72' title='bbox 179 1187 259 1243; x_wconf 85' lang='lat' dir='ltr'><strong>bit</strong></span> <span class='ocrx_word' id='word_1_73' title='bbox 281 1201 498 1259; x_wconf 87' lang='lat' dir='ltr'><strong>quoque</strong></span> <span class='ocrx_word' id='word_1_74' title='bbox 518 1185 766 1256; x_wconf 81' lang='lat' dir='ltr'><strong>Optatos,</strong></span> <span class='ocrx_word' id='word_1_75' title='bbox 801 1182 945 1255; x_wconf 84' lang='lat' dir='ltr'><strong>quod</strong></span> <span class='ocrx_word' id='word_1_76' title='bbox 985 1183 1073 1237; x_wconf 89' lang='lat' dir='ltr'><strong>illa</strong></span> <span class='ocrx_word' id='word_1_77' title='bbox 1108 1182 1289 1248; x_wconf 86' lang='lat' dir='ltr'><strong>natio,</strong></span> <span class='ocrx_word' id='word_1_78' title='bbox 1321 1183 1468 1237; x_wconf 86' lang='lat' dir='ltr'><strong>vafra</strong></span> <span class='ocrx_word' id='word_1_79' title='bbox 1498 1181 1698 1252; x_wconf 87' lang='lat' dir='ltr'><strong>alioqui</strong></span> <span class='ocrx_word' id='word_1_80' title='bbox 1730 1189 1785 1236; x_wconf 90' lang='lat' dir='ltr'><strong>et</strong></span> 
     </span>
    </p>
   </div>
   <div class='ocr_carea' id='block_1_13' title="bbox 180 1272 1783 1349">
    <p class='ocr_par' dir='ltr' id='par_1_13' title="bbox 180 1272 1783 1349">
     <span class='ocr_line' id='line_1_13' title="bbox 180 1272 1783 1349; baseline -0.007 -13"><span class='ocrx_word' id='word_1_81' title='bbox 180 1288 371 1346; x_wconf 83' lang='lat' dir='ltr'><strong>acuta,</strong></span> <span class='ocrx_word' id='word_1_82' title='bbox 403 1279 566 1334; x_wconf 91' lang='lat' dir='ltr'><strong>bruto</strong></span> <span class='ocrx_word' id='word_1_83' title='bbox 607 1276 841 1349; x_wconf 86' lang='lat' dir='ltr'><strong>quodam</strong></span> <span class='ocrx_word' id='word_1_84' title='bbox 883 1288 1106 1347; x_wconf 90' lang='lat' dir='ltr'><strong>stupore</strong></span> <span class='ocrx_word' id='word_1_85' title='bbox 1147 1273 1426 1331; x_wconf 78' lang='lat' dir='ltr'><strong>adorabat.</strong></span> <span class='ocrx_word' id='word_1_86' title='bbox 1472 1273 1569 1329; x_wconf 92' lang='lat' dir='ltr'><strong>llic</strong></span> <span class='ocrx_word' id='word_1_87' title='bbox 1616 1272 1783 1326; x_wconf 88' lang='lat' dir='ltr'><strong>multa</strong></span> 
     </span>
    </p>
   </div>
   <div class='ocr_carea' id='block_1_14' title="bbox 181 1362 1787 1443">
    <p class='ocr_par' dir='ltr' id='par_1_14' title="bbox 181 1362 1787 1443">
     <span class='ocr_line' id='line_1_14' title="bbox 181 1362 1787 1443; baseline -0.009 -14"><span class='ocrx_word' id='word_1_88' title='bbox 181 1382 305 1429; x_wconf 87' lang='lat' dir='ltr'><strong>sunt</strong></span> <span class='ocrx_word' id='word_1_89' title='bbox 324 1415 339 1437; x_wconf 92' lang='lat'><strong>,</strong></span> <span class='ocrx_word' id='word_1_90' title='bbox 372 1388 492 1443; x_wconf 74' lang='lat' dir='ltr'><strong>qua:</strong></span> <span class='ocrx_word' id='word_1_91' title='bbox 520 1380 574 1426; x_wconf 87' lang='lat' dir='ltr'><strong>te</strong></span> <span class='ocrx_word' id='word_1_92' title='bbox 594 1379 650 1426; x_wconf 90' lang='lat' dir='ltr'><strong>et</strong></span> <span class='ocrx_word' id='word_1_93' title='bbox 675 1369 811 1424; x_wconf 86' lang='lat' dir='ltr'><strong>alios</strong></span> <span class='ocrx_word' id='word_1_94' title='bbox 831 1382 1043 1424; x_wconf 85' lang='lat' dir='ltr'><strong>mecum</strong></span> <span class='ocrx_word' id='word_1_95' title='bbox 1064 1367 1357 1422; x_wconf 88' lang='lat' dir='ltr'><strong>observare</strong></span> <span class='ocrx_word' id='word_1_96' title='bbox 1380 1365 1563 1420; x_wconf 85' lang='lat' dir='ltr'><strong>velint.</strong></span> <span class='ocrx_word' id='word_1_97' title='bbox 1590 1363 1697 1419; x_wconf 91' lang='lat' dir='ltr'><strong>Sed</strong></span> <span class='ocrx_word' id='word_1_98' title='bbox 1726 1362 1787 1416; x_wconf 87' lang='lat' dir='ltr'><strong>il-</strong></span> 
     </span>
    </p>
   </div>
   <div class='ocr_carea' id='block_1_15' title="bbox 184 1456 1788 1536">
    <p class='ocr_par' dir='ltr' id='par_1_15' title="bbox 184 1456 1788 1536">
     <span class='ocr_line' id='line_1_15' title="bbox 184 1456 1788 1536; baseline -0.007 -14"><span class='ocrx_word' id='word_1_99' title='bbox 184 1465 275 1522; x_wconf 92' lang='lat' dir='ltr'><strong>lud</strong></span> <span class='ocrx_word' id='word_1_100' title='bbox 306 1464 574 1536; x_wconf 85' lang='lat' dir='ltr'><strong>imprimis</strong></span> <span class='ocrx_word' id='word_1_101' title='bbox 602 1479 616 1516; x_wconf 88' lang='lat'><strong>:</strong></span> <span class='ocrx_word' id='word_1_102' title='bbox 649 1461 823 1533; x_wconf 80' lang='lat' dir='ltr'><strong>qualis</strong></span> <span class='ocrx_word' id='word_1_103' title='bbox 869 1471 922 1516; x_wconf 89' lang='lat' dir='ltr'><strong>et</strong></span> <span class='ocrx_word' id='word_1_104' title='bbox 973 1467 1172 1529; x_wconf 81' lang='lat' dir='ltr'><strong>quanta</strong></span> <span class='ocrx_word' id='word_1_105' title='bbox 1200 1460 1273 1513; x_wconf 81' lang='lat' dir='ltr'><strong>sit</strong></span> <span class='ocrx_word' id='word_1_106' title='bbox 1303 1460 1510 1512; x_wconf 77' lang='lat' dir='ltr'><strong>vanitas</strong></span> <span class='ocrx_word' id='word_1_107' title='bbox 1550 1456 1788 1510; x_wconf 84' lang='lat' dir='ltr'><strong>hominis</strong></span> 
     </span>
    </p>
   </div>
   <div class='ocr_carea' id='block_1_16' title="bbox 182 1549 1785 1622">
    <p class='ocr_par' dir='ltr' id='par_1_16' title="bbox 182 1549 1785 1622">
     <span class='ocr_line' id='line_1_16' title="bbox 182 1549 1785 1622; baseline -0.007 -7"><span class='ocrx_word' id='word_1_108' title='bbox 182 1558 416 1622; x_wconf 88' lang='lat' dir='ltr'><strong>ventosi,</strong></span> <span class='ocrx_word' id='word_1_109' title='bbox 439 1572 585 1613; x_wconf 64' lang='lat' dir='ltr'><strong>etcca</strong></span> <span class='ocrx_word' id='word_1_110' title='bbox 608 1556 690 1611; x_wconf 91' lang='lat' dir='ltr'><strong>sui</strong></span> <span class='ocrx_word' id='word_1_111' title='bbox 721 1554 1084 1610; x_wconf 86' lang='lat' dir='ltr'><strong>admiratione</strong></span> <span class='ocrx_word' id='word_1_112' title='bbox 1112 1552 1247 1609; x_wconf 90' lang='lat' dir='ltr'><strong>ebrii</strong></span> <span class='ocrx_word' id='word_1_113' title='bbox 1279 1560 1441 1622; x_wconf 91' lang='lat' dir='ltr'><strong>atque</strong></span> <span class='ocrx_word' id='word_1_114' title='bbox 1469 1549 1785 1614; x_wconf 86' lang='lat' dir='ltr'><strong>temulenti,</strong></span> 
     </span>
    </p>
   </div>
   <div class='ocr_carea' id='block_1_17' title="bbox 184 1641 1789 1723">
    <p class='ocr_par' dir='ltr' id='par_1_17' title="bbox 184 1641 1789 1723">
     <span class='ocr_line' id='line_1_17' title="bbox 184 1641 1789 1723; baseline -0.006 -18"><span class='ocrx_word' id='word_1_115' title='bbox 184 1653 270 1723; x_wconf 85' lang='lat' dir='ltr'><strong>qui</strong></span> <span class='ocrx_word' id='word_1_116' title='bbox 287 1660 467 1705; x_wconf 87' lang='lat' dir='ltr'><strong>tamen</strong></span> <span class='ocrx_word' id='word_1_117' title='bbox 486 1647 787 1718; x_wconf 83' lang='lat' dir='ltr'><strong>Religionis</strong></span> <span class='ocrx_word' id='word_1_118' title='bbox 802 1656 854 1700; x_wconf 84' lang='lat' dir='ltr'><strong>et</strong></span> <span class='ocrx_word' id='word_1_119' title='bbox 867 1645 1124 1701; x_wconf 69' lang='lat' dir='ltr'><strong>Ecclesite</strong></span> <span class='ocrx_word' id='word_1_120' title='bbox 1150 1644 1482 1699; x_wconf 89' lang='lat' dir='ltr'><strong>instaurator</strong></span> <span class='ocrx_word' id='word_1_121' title='bbox 1497 1641 1602 1697; x_wconf 90' lang='lat' dir='ltr'><strong>dici</strong></span> <span class='ocrx_word' id='word_1_122' title='bbox 1628 1650 1789 1711; x_wconf 90' lang='lat' dir='ltr'><strong>atque</strong></span> 
     </span>
    </p>
   </div>
   <div class='ocr_carea' id='block_1_18' title="bbox 183 1734 1789 1807">
    <p class='ocr_par' dir='ltr' id='par_1_18' title="bbox 183 1734 1789 1807">
     <span class='ocr_line' id='line_1_18' title="bbox 183 1734 1789 1807; baseline -0.01 -6"><span class='ocrx_word' id='word_1_123' title='bbox 183 1743 353 1801; x_wconf 86' lang='lat' dir='ltr'><strong>videri</strong></span> <span class='ocrx_word' id='word_1_124' title='bbox 376 1743 617 1799; x_wconf 84' lang='lat' dir='ltr'><strong>volebat.</strong></span> <span class='ocrx_word' id='word_1_125' title='bbox 639 1740 757 1795; x_wconf 87' lang='lat' dir='ltr'><strong>Non</strong></span> <span class='ocrx_word' id='word_1_126' title='bbox 791 1750 995 1794; x_wconf 86' lang='lat' dir='ltr'><strong>temere</strong></span> <span class='ocrx_word' id='word_1_127' title='bbox 1016 1745 1121 1804; x_wconf 90' lang='lat' dir='ltr'><strong>cst,</strong></span> <span class='ocrx_word' id='word_1_128' title='bbox 1150 1734 1294 1807; x_wconf 86' lang='lat' dir='ltr'><strong>quod</strong></span> <span class='ocrx_word' id='word_1_129' title='bbox 1322 1734 1595 1801; x_wconf 84' lang='lat' dir='ltr'><strong>desidero,</strong></span> <span class='ocrx_word' id='word_1_130' title='bbox 1624 1744 1677 1789; x_wconf 90' lang='lat' dir='ltr'><strong>te</strong></span> <span class='ocrx_word' id='word_1_131' title='bbox 1704 1734 1789 1787; x_wconf 87' lang='lat' dir='ltr'><strong>in-</strong></span> 
     </span>
    </p>
   </div>
   <div class='ocr_carea' id='block_1_19' title="bbox 1883 527 3481 596">
    <p class='ocr_par' dir='ltr' id='par_1_19' title="bbox 1883 527 3481 596">
     <span class='ocr_line' id='line_1_19' title="bbox 1883 527 3481 596; baseline 0.006 -18"><span class='ocrx_word' id='word_1_132' title='bbox 1883 527 2095 580; x_wconf 80' lang='lat' dir='ltr'><strong>natistis</strong></span> <span class='ocrx_word' id='word_1_133' title='bbox 2122 527 2337 593; x_wconf 86' lang='lat' dir='ltr'><strong>addam,</strong></span> <span class='ocrx_word' id='word_1_134' title='bbox 2383 529 2537 596; x_wconf 91' lang='lat' dir='ltr'><strong>cuius</strong></span> <span class='ocrx_word' id='word_1_135' title='bbox 2567 532 2731 584; x_wconf 90' lang='lat' dir='ltr'><strong>etiam</strong></span> <span class='ocrx_word' id='word_1_136' title='bbox 2780 539 2830 584; x_wconf 91' lang='lat' dir='ltr'><strong>te</strong></span> <span class='ocrx_word' id='word_1_137' title='bbox 2876 532 3188 587; x_wconf 83' lang='lat' dir='ltr'><strong>meminisse</strong></span> <span class='ocrx_word' id='word_1_138' title='bbox 3216 533 3481 590; x_wconf 87' lang='lat' dir='ltr'><strong>interest:</strong></span> 
     </span>
    </p>
   </div>
   <div class='ocr_carea' id='block_1_20' title="bbox 1882 618 3485 699">
    <p class='ocr_par' dir='ltr' id='par_1_20' title="bbox 1882 618 3485 699">
     <span class='ocr_line' id='line_1_20' title="bbox 1882 618 3485 699; baseline 0.006 -24"><span class='ocrx_word' id='word_1_139' title='bbox 1882 633 2025 681; x_wconf 86' lang='lat' dir='ltr'><strong>eam.</strong></span> <span class='ocrx_word' id='word_1_140' title='bbox 2059 619 2304 691; x_wconf 90' lang='lat' dir='ltr'><strong>inquam,</strong></span> <span class='ocrx_word' id='word_1_141' title='bbox 2337 622 2553 678; x_wconf 90' lang='lat' dir='ltr'><strong>illorum</strong></span> <span class='ocrx_word' id='word_1_142' title='bbox 2588 621 2755 677; x_wconf 88' lang='lat' dir='ltr'><strong>fuisse</strong></span> <span class='ocrx_word' id='word_1_143' title='bbox 2792 624 3205 694; x_wconf 86' lang='lat' dir='ltr'><strong>impudentiam,</strong></span> <span class='ocrx_word' id='word_1_144' title='bbox 3245 618 3301 681; x_wconf 77' lang='lat' dir='ltr'><strong>itt</strong></span> <span class='ocrx_word' id='word_1_145' title='bbox 3337 629 3485 699; x_wconf 92' lang='lat' dir='ltr'><strong>quod</strong></span> 
     </span>
    </p>
   </div>
   <div class='ocr_carea' id='block_1_21' title="bbox 1883 712 3481 787">
    <p class='ocr_par' dir='ltr' id='par_1_21' title="bbox 1883 712 3481 787">
     <span class='ocr_line' id='line_1_21' title="bbox 1883 712 3481 787; baseline 0.006 -19"><span class='ocrx_word' id='word_1_146' title='bbox 1883 712 2181 769; x_wconf 85' lang='lat' dir='ltr'><strong>crudeliter</strong></span> <span class='ocrx_word' id='word_1_147' title='bbox 2226 712 2515 781; x_wconf 78' lang='lat' dir='ltr'><strong>faciebant,</strong></span> <span class='ocrx_word' id='word_1_148' title='bbox 2573 715 2791 787; x_wconf 80' lang='lat' dir='ltr'><strong>indigne</strong></span> <span class='ocrx_word' id='word_1_149' title='bbox 2849 717 2957 786; x_wconf 89' lang='lat' dir='ltr'><strong>pati</strong></span> <span class='ocrx_word' id='word_1_150' title='bbox 3006 733 3066 775; x_wconf 90' lang='lat' dir='ltr'><strong>se</strong></span> <span class='ocrx_word' id='word_1_151' title='bbox 3120 720 3481 777; x_wconf 85' lang='lat' dir='ltr'><strong>clamitarent.</strong></span> 
     </span>
    </p>
   </div>
   <div class='ocr_carea' id='block_1_22' title="bbox 1882 803 3488 887">
    <p class='ocr_par' dir='ltr' id='par_1_22' title="bbox 1882 803 3488 887">
     <span class='ocr_line' id='line_1_22' title="bbox 1882 803 3488 887; baseline 0.007 -27"><span class='ocrx_word' id='word_1_152' title='bbox 1882 803 2081 875; x_wconf 82' lang='lat' dir='ltr'><strong>Credo,</strong></span> <span class='ocrx_word' id='word_1_153' title='bbox 2136 806 2350 865; x_wconf 89' lang='lat' dir='ltr'><strong>ludibrii</strong></span> <span class='ocrx_word' id='word_1_154' title='bbox 2397 823 2582 876; x_wconf 89' lang='lat' dir='ltr'><strong>causa,</strong></span> <span class='ocrx_word' id='word_1_155' title='bbox 2630 810 2734 865; x_wconf 87' lang='lat' dir='ltr'><strong>hoc</strong></span> <span class='ocrx_word' id='word_1_156' title='bbox 2776 825 2873 867; x_wconf 91' lang='lat' dir='ltr'><strong>eos</strong></span> <span class='ocrx_word' id='word_1_157' title='bbox 2925 811 3211 881; x_wconf 90' lang='lat' dir='ltr'><strong>adiecisse,</strong></span> <span class='ocrx_word' id='word_1_158' title='bbox 3260 816 3349 887; x_wconf 89' lang='lat' dir='ltr'><strong>qui</strong></span> <span class='ocrx_word' id='word_1_159' title='bbox 3397 832 3488 872; x_wconf 85' lang='lat' dir='ltr'><strong>cu-</strong></span> 
     </span>
    </p>
   </div>
   <div class='ocr_carea' id='block_1_23' title="bbox 1886 901 3489 981">
    <p class='ocr_par' dir='ltr' id='par_1_23' title="bbox 1886 901 3489 981">
     <span class='ocr_line' id='line_1_23' title="bbox 1886 901 3489 981; baseline 0.007 -28"><span class='ocrx_word' id='word_1_160' title='bbox 1886 901 2062 955; x_wconf 85' lang='lat' dir='ltr'><strong>mulus</strong></span> <span class='ocrx_word' id='word_1_161' title='bbox 2086 909 2169 955; x_wconf 81' lang='lat' dir='ltr'><strong>est</strong></span> <span class='ocrx_word' id='word_1_162' title='bbox 2194 902 2404 956; x_wconf 62' lang='lat' dir='ltr'><strong>acerbae</strong></span> <span class='ocrx_word' id='word_1_163' title='bbox 2432 902 2817 959; x_wconf 87' lang='lat' dir='ltr'><strong>insultatiottis.</strong></span> <span class='ocrx_word' id='word_1_164' title='bbox 2844 903 3004 960; x_wconf 85' lang='lat' dir='ltr'><strong>Certe</strong></span> <span class='ocrx_word' id='word_1_165' title='bbox 3027 915 3083 960; x_wconf 90' lang='lat' dir='ltr'><strong>et</strong></span> <span class='ocrx_word' id='word_1_166' title='bbox 3109 906 3285 977; x_wconf 87' lang='lat' dir='ltr'><strong>legum</strong></span> <span class='ocrx_word' id='word_1_167' title='bbox 3314 949 3328 973; x_wconf 94' lang='lat'><strong>,</strong></span> <span class='ocrx_word' id='word_1_168' title='bbox 3377 910 3489 981; x_wconf 92' lang='lat' dir='ltr'><strong>qui-</strong></span> 
     </span>
    </p>
   </div>
   <div class='ocr_carea' id='block_1_24' title="bbox 1884 991 3491 1063">
    <p class='ocr_par' dir='ltr' id='par_1_24' title="bbox 1884 991 3491 1063">
     <span class='ocr_line' id='line_1_24' title="bbox 1884 991 3491 1063; baseline 0.005 -16"><span class='ocrx_word' id='word_1_169' title='bbox 1884 991 1987 1047; x_wconf 86' lang='lat' dir='ltr'><strong>bus</strong></span> <span class='ocrx_word' id='word_1_170' title='bbox 2029 992 2463 1062; x_wconf 82' lang='lat' dir='ltr'><strong>castigabantur,</strong></span> <span class='ocrx_word' id='word_1_171' title='bbox 2499 994 2802 1063; x_wconf 83' lang='lat' dir='ltr'><strong>lenitatem,</strong></span> <span class='ocrx_word' id='word_1_172' title='bbox 2844 1005 2900 1051; x_wconf 89' lang='lat' dir='ltr'><strong>et</strong></span> <span class='ocrx_word' id='word_1_173' title='bbox 2938 1009 3244 1054; x_wconf 70' lang='lat' dir='ltr'><strong>no~trotum</strong></span> <span class='ocrx_word' id='word_1_174' title='bbox 3278 1003 3491 1055; x_wconf 67' lang='lat' dir='ltr'><strong>antisti.</strong></span> 
     </span>
    </p>
   </div>
   <div class='ocr_carea' id='block_1_25' title="bbox 1887 1087 3489 1159">
    <p class='ocr_par' dir='ltr' id='par_1_25' title="bbox 1887 1087 3489 1159">
     <span class='ocr_line' id='line_1_25' title="bbox 1887 1087 3489 1159; baseline 0.006 -19"><span class='ocrx_word' id='word_1_175' title='bbox 1887 1094 2021 1147; x_wconf 90' lang='lat' dir='ltr'><strong>tum.</strong></span> <span class='ocrx_word' id='word_1_176' title='bbox 2055 1089 2145 1159; x_wconf 90' lang='lat' dir='ltr'><strong>qni</strong></span> <span class='ocrx_word' id='word_1_177' title='bbox 2188 1087 2571 1159; x_wconf 87' lang='lat' dir='ltr'><strong>deprecatores</strong></span> <span class='ocrx_word' id='word_1_178' title='bbox 2622 1090 2961 1159; x_wconf 75' lang='lat' dir='ltr'><strong>potiuSquam</strong></span> <span class='ocrx_word' id='word_1_179' title='bbox 3005 1102 3348 1151; x_wconf 73' lang='lat' dir='ltr'><strong>accusatores</strong></span> <span class='ocrx_word' id='word_1_180' title='bbox 3395 1112 3489 1152; x_wconf 88' lang='lat' dir='ltr'><strong>eo—</strong></span> 
     </span>
    </p>
   </div>
   <div class='ocr_carea' id='block_1_26' title="bbox 1886 1180 3491 1249">
    <p class='ocr_par' dir='ltr' id='par_1_26' title="bbox 1886 1180 3491 1249">
     <span class='ocr_line' id='line_1_26' title="bbox 1886 1180 3491 1249; baseline 0.007 -16"><span class='ocrx_word' id='word_1_181' title='bbox 1886 1195 2006 1233; x_wconf 91' lang='lat' dir='ltr'><strong>rum</strong></span> <span class='ocrx_word' id='word_1_182' title='bbox 2048 1190 2224 1243; x_wconf 87' lang='lat' dir='ltr'><strong>erant,</strong></span> <span class='ocrx_word' id='word_1_183' title='bbox 2260 1180 2726 1237; x_wconf 87' lang='lat' dir='ltr'><strong>mansuetudinem</strong></span> <span class='ocrx_word' id='word_1_184' title='bbox 2773 1183 3106 1249; x_wconf 88' lang='lat' dir='ltr'><strong>irridebant,</strong></span> <span class='ocrx_word' id='word_1_185' title='bbox 3160 1204 3282 1241; x_wconf 75' lang='lat' dir='ltr'><strong>cum</strong></span> <span class='ocrx_word' id='word_1_186' title='bbox 3312 1188 3394 1244; x_wconf 83' lang='lat' dir='ltr'><strong>vel</strong></span> <span class='ocrx_word' id='word_1_187' title='bbox 3421 1191 3491 1245; x_wconf 64' lang='lat' dir='ltr'><strong>tle</strong></span> 
     </span>
    </p>
   </div>
   <div class='ocr_carea' id='block_1_27' title="bbox 1888 1272 3490 1350">
    <p class='ocr_par' dir='ltr' id='par_1_27' title="bbox 1888 1272 3490 1350">
     <span class='ocr_line' id='line_1_27' title="bbox 1888 1272 3490 1350; baseline 0.007 -24"><span class='ocrx_word' id='word_1_188' title='bbox 1888 1272 2136 1341; x_wconf 91' lang='lat' dir='ltr'><strong>illarum,</strong></span> <span class='ocrx_word' id='word_1_189' title='bbox 2170 1274 2253 1328; x_wconf 86' lang='lat' dir='ltr'><strong>vel</strong></span> <span class='ocrx_word' id='word_1_190' title='bbox 2296 1275 2364 1328; x_wconf 87' lang='lat' dir='ltr'><strong>de</strong></span> <span class='ocrx_word' id='word_1_191' title='bbox 2408 1272 2599 1330; x_wconf 88' lang='lat' dir='ltr'><strong>lturttm</strong></span> <span class='ocrx_word' id='word_1_192' title='bbox 2649 1276 2861 1339; x_wconf 26' lang='lat' dir='ltr'><strong>sazvitia.</strong></span> <span class='ocrx_word' id='word_1_193' title='bbox 2891 1278 3305 1347; x_wconf 83' lang='lat' dir='ltr'><strong>quit-itabantur.</strong></span> <span class='ocrx_word' id='word_1_194' title='bbox 3350 1282 3490 1350; x_wconf 82' lang='lat' dir='ltr'><strong>Quia</strong></span> 
     </span>
    </p>
   </div>
   <div class='ocr_carea' id='block_1_28' title="bbox 1887 1367 3495 1443">
    <p class='ocr_par' dir='ltr' id='par_1_28' title="bbox 1887 1367 3495 1443">
     <span class='ocr_line' id='line_1_28' title="bbox 1887 1367 3495 1443; baseline 0.007 -24"><span class='ocrx_word' id='word_1_195' title='bbox 1887 1376 2068 1422; x_wconf 90' lang='lat' dir='ltr'><strong>autem</strong></span> <span class='ocrx_word' id='word_1_196' title='bbox 2099 1382 2275 1438; x_wconf 90' lang='lat' dir='ltr'><strong>neque</strong></span> <span class='ocrx_word' id='word_1_197' title='bbox 2302 1367 2448 1438; x_wconf 83' lang='lat' dir='ltr'><strong>leges</strong></span> <span class='ocrx_word' id='word_1_198' title='bbox 2480 1375 2711 1431; x_wconf 76' lang='lat' dir='ltr'><strong>nostrae.</strong></span> <span class='ocrx_word' id='word_1_199' title='bbox 2764 1385 2939 1440; x_wconf 89' lang='lat' dir='ltr'><strong>neque</strong></span> <span class='ocrx_word' id='word_1_200' title='bbox 2965 1371 3143 1441; x_wconf 87' lang='lat' dir='ltr'><strong>Optati</strong></span> <span class='ocrx_word' id='word_1_201' title='bbox 3174 1372 3495 1443; x_wconf 83' lang='lat' dir='ltr'><strong>Augustini-</strong></span> 
     </span>
    </p>
   </div>
   <div class='ocr_carea' id='block_1_29' title="bbox 1892 1457 3492 1535">
    <p class='ocr_par' dir='ltr' id='par_1_29' title="bbox 1892 1457 3492 1535">
     <span class='ocr_line' id='line_1_29' title="bbox 1892 1457 3492 1535; baseline 0.006 -24"><span class='ocrx_word' id='word_1_202' title='bbox 1892 1474 1997 1528; x_wconf 89' lang='lat' dir='ltr'><strong>que</strong></span> <span class='ocrx_word' id='word_1_203' title='bbox 2024 1472 2281 1528; x_wconf 85' lang='lat' dir='ltr'><strong>responsa</strong></span> <span class='ocrx_word' id='word_1_204' title='bbox 2313 1459 2405 1514; x_wconf 90' lang='lat' dir='ltr'><strong>tibi</strong></span> <span class='ocrx_word' id='word_1_205' title='bbox 2450 1457 2828 1528; x_wconf 87' lang='lat' dir='ltr'><strong>satisfaciunt,</strong></span> <span class='ocrx_word' id='word_1_206' title='bbox 2862 1463 2951 1533; x_wconf 89' lang='lat' dir='ltr'><strong>qui</strong></span> <span class='ocrx_word' id='word_1_207' title='bbox 2986 1479 3083 1533; x_wconf 90' lang='lat' dir='ltr'><strong>pro</strong></span> <span class='ocrx_word' id='word_1_208' title='bbox 3132 1475 3222 1518; x_wconf 93' lang='lat' dir='ltr'><strong>tuo</strong></span> <span class='ocrx_word' id='word_1_209' title='bbox 3262 1464 3492 1535; x_wconf 89' lang='lat' dir='ltr'><strong>imperio</strong></span> 
     </span>
    </p>
   </div>
   <div class='ocr_carea' id='block_1_30' title="bbox 1890 1550 3493 1627">
    <p class='ocr_par' dir='ltr' id='par_1_30' title="bbox 1890 1550 3493 1627">
     <span class='ocr_line' id='line_1_30' title="bbox 1890 1550 3493 1627; baseline 0.007 -21"><span class='ocrx_word' id='word_1_210' title='bbox 1890 1558 2076 1606; x_wconf 88' lang='lat' dir='ltr'><strong>contra</strong></span> <span class='ocrx_word' id='word_1_211' title='bbox 2103 1550 2356 1617; x_wconf 84' lang='lat' dir='ltr'><strong>edixisti,</strong></span> <span class='ocrx_word' id='word_1_212' title='bbox 2403 1551 2693 1608; x_wconf 77' lang='lat' dir='ltr'><strong>haereticos</strong></span> <span class='ocrx_word' id='word_1_213' title='bbox 2744 1553 2901 1627; x_wconf 89' lang='lat' dir='ltr'><strong>(quos</strong></span> <span class='ocrx_word' id='word_1_214' title='bbox 2948 1555 3166 1626; x_wconf 92' lang='lat' dir='ltr'><strong>quidem</strong></span> <span class='ocrx_word' id='word_1_215' title='bbox 3214 1556 3493 1618; x_wconf 63' lang='lat' dir='ltr'><strong>ha‘reseos</strong></span> 
     </span>
    </p>
   </div>
   <div class='ocr_carea' id='block_1_31' title="bbox 1891 1644 3495 1718">
    <p class='ocr_par' dir='ltr' id='par_1_31' title="bbox 1891 1644 3495 1718">
     <span class='ocr_line' id='line_1_31' title="bbox 1891 1644 3495 1718; baseline 0.007 -20"><span class='ocrx_word' id='word_1_216' title='bbox 1891 1644 2201 1717; x_wconf 88' lang='lat' dir='ltr'><strong>damnabis)</strong></span> <span class='ocrx_word' id='word_1_217' title='bbox 2244 1644 2462 1717; x_wconf 87' lang='lat' dir='ltr'><strong>capitali</strong></span> <span class='ocrx_word' id='word_1_218' title='bbox 2506 1647 2776 1718; x_wconf 91' lang='lat' dir='ltr'><strong>supplicio</strong></span> <span class='ocrx_word' id='word_1_219' title='bbox 2821 1647 3139 1707; x_wconf 90' lang='lat' dir='ltr'><strong>afficiendos</strong></span> <span class='ocrx_word' id='word_1_220' title='bbox 3186 1666 3309 1707; x_wconf 89' lang='lat' dir='ltr'><strong>esse</strong></span> <span class='ocrx_word' id='word_1_221' title='bbox 3360 1654 3495 1710; x_wconf 88' lang='lat' dir='ltr'><strong>:hic</strong></span> 
     </span>
    </p>
   </div>
   <div class='ocr_carea' id='block_1_32' title="bbox 1894 1737 3498 1812">
    <p class='ocr_par' dir='ltr' id='par_1_32' title="bbox 1894 1737 3498 1812">
     <span class='ocr_line' id='line_1_32' title="bbox 1894 1737 3498 1812; baseline 0.009 -23"><span class='ocrx_word' id='word_1_222' title='bbox 1894 1737 2042 1792; x_wconf 86' lang='lat' dir='ltr'><strong>locus</strong></span> <span class='ocrx_word' id='word_1_223' title='bbox 2076 1739 2405 1808; x_wconf 83' lang='lat' dir='ltr'><strong>postularet,</strong></span> <span class='ocrx_word' id='word_1_224' title='bbox 2437 1748 2495 1796; x_wconf 92' lang='lat' dir='ltr'><strong>ut</strong></span> <span class='ocrx_word' id='word_1_225' title='bbox 2543 1740 2612 1796; x_wconf 89' lang='lat' dir='ltr'><strong>de</strong></span> <span class='ocrx_word' id='word_1_226' title='bbox 2661 1741 2897 1812; x_wconf 91' lang='lat' dir='ltr'><strong>legitima</strong></span> <span class='ocrx_word' id='word_1_227' title='bbox 2944 1759 3130 1799; x_wconf 89' lang='lat' dir='ltr'><strong>eorum</strong></span> <span class='ocrx_word' id='word_1_228' title='bbox 3164 1748 3498 1804; x_wconf 87' lang='lat' dir='ltr'><strong>coercitione</strong></span> 
     </span>
    </p>
   </div>
   <div class='ocr_carea' id='block_1_33' title="bbox 185 1824 3496 1905">
    <p class='ocr_par' dir='ltr' id='par_1_33' title="bbox 185 1824 3496 1905">
     <span class='ocr_line' id='line_1_33' title="bbox 185 1824 3496 1905; baseline -0.01 -10"><span class='ocrx_word' id='word_1_229' title='bbox 185 1838 319 1895; x_wconf 90' lang='lat' dir='ltr'><strong>tueri</strong></span> <span class='ocrx_word' id='word_1_230' title='bbox 347 1838 401 1895; x_wconf 89' lang='lat' dir='ltr'><strong>in</strong></span> <span class='ocrx_word' id='word_1_231' title='bbox 444 1835 586 1891; x_wconf 89' lang='lat' dir='ltr'><strong>hanc</strong></span> <span class='ocrx_word' id='word_1_232' title='bbox 614 1832 847 1904; x_wconf 79' lang='lat' dir='ltr'><strong>effigiem</strong></span> <span class='ocrx_word' id='word_1_233' title='bbox 881 1831 1129 1886; x_wconf 70' lang='lat' dir='ltr'><strong>humana:</strong></span> <span class='ocrx_word' id='word_1_234' title='bbox 1164 1844 1271 1885; x_wconf 90' lang='lat' dir='ltr'><strong>non</strong></span> <span class='ocrx_word' id='word_1_235' title='bbox 1303 1827 1654 1904; x_wconf 87' lang='lat' dir='ltr'><strong>infirmitatis,</strong></span> <span class='ocrx_word' id='word_1_236' title='bbox 1684 1824 1778 1882; x_wconf 90' lang='lat' dir='ltr'><strong>sed</strong></span> <span class='ocrx_word' id='word_1_237' title='bbox 1811 1829 1860 1890; x_wconf 89' lang='lat' dir='ltr'><strong>B</strong></span> <span class='ocrx_word' id='word_1_238' title='bbox 1888 1830 2129 1900; x_wconf 83' lang='lat' dir='ltr'><strong>pluribus</strong></span> <span class='ocrx_word' id='word_1_239' title='bbox 2160 1840 2335 1887; x_wconf 89' lang='lat' dir='ltr'><strong>tecum</strong></span> <span class='ocrx_word' id='word_1_240' title='bbox 2381 1847 2618 1902; x_wconf 79' lang='lat' dir='ltr'><strong>agerem.</strong></span> <span class='ocrx_word' id='word_1_241' title='bbox 2652 1832 2756 1889; x_wconf 87' lang='lat' dir='ltr'><strong>Sed</strong></span> <span class='ocrx_word' id='word_1_242' title='bbox 2802 1834 2925 1905; x_wconf 85' lang='lat' dir='ltr'><strong>quia</strong></span> <span class='ocrx_word' id='word_1_243' title='bbox 2965 1834 3075 1905; x_wconf 77' lang='lat' dir='ltr'><strong>jam</strong></span> <span class='ocrx_word' id='word_1_244' title='bbox 3126 1834 3355 1894; x_wconf 61' lang='lat' dir='ltr'><strong>{Ormsse</strong></span> <span class='ocrx_word' id='word_1_245' title='bbox 3399 1839 3496 1894; x_wconf 50' lang='lat' dir='ltr'><strong>tibi</strong></span> 
     </span>
    </p>
   </div>
   <div class='ocr_carea' id='block_1_34' title="bbox 185 1919 1783 1991">
    <p class='ocr_par' dir='ltr' id='par_1_34' title="bbox 185 1919 1783 1991">
     <span class='ocr_line' id='line_1_34' title="bbox 185 1919 1783 1991; baseline -0.009 -4"><span class='ocrx_word' id='word_1_246' title='bbox 185 1931 430 1987; x_wconf 63' lang='lat' dir='ltr'><strong>insaniat.</strong></span> <span class='ocrx_word' id='word_1_247' title='bbox 459 1927 568 1985; x_wconf 91' lang='lat' dir='ltr'><strong>Sed</strong></span> <span class='ocrx_word' id='word_1_248' title='bbox 599 1927 707 1984; x_wconf 85' lang='lat' dir='ltr'><strong>erit</strong></span> <span class='ocrx_word' id='word_1_249' title='bbox 736 1927 867 1981; x_wconf 87' lang='lat' dir='ltr'><strong>satis</strong></span> <span class='ocrx_word' id='word_1_250' title='bbox 891 1940 997 1979; x_wconf 90' lang='lat' dir='ltr'><strong>uno</strong></span> <span class='ocrx_word' id='word_1_251' title='bbox 1028 1938 1146 1979; x_wconf 91' lang='lat' dir='ltr'><strong>eam</strong></span> <span class='ocrx_word' id='word_1_252' title='bbox 1171 1922 1358 1990; x_wconf 88' lang='lat' dir='ltr'><strong>verbo,</strong></span> <span class='ocrx_word' id='word_1_253' title='bbox 1391 1931 1664 1991; x_wconf 84' lang='lat' dir='ltr'><strong>tamquam</strong></span> <span class='ocrx_word' id='word_1_254' title='bbox 1696 1919 1783 1973; x_wconf 90' lang='lat' dir='ltr'><strong>di-</strong></span> 
     </span>
    </p>
   </div>
   <div class='ocr_carea' id='block_1_35' title="bbox 182 2012 1789 2099">
    <p class='ocr_par' dir='ltr' id='par_1_35' title="bbox 182 2012 1789 2099">
     <span class='ocr_line' id='line_1_35' title="bbox 182 2012 1789 2099; baseline -0.009 -19"><span class='ocrx_word' id='word_1_255' title='bbox 182 2024 318 2099; x_wconf 90' lang='lat' dir='ltr'><strong>gito,</strong></span> <span class='ocrx_word' id='word_1_256' title='bbox 360 2022 650 2078; x_wconf 90' lang='lat' dir='ltr'><strong>indicasse.</strong></span> <span class='ocrx_word' id='word_1_257' title='bbox 680 2020 942 2076; x_wconf 89' lang='lat' dir='ltr'><strong>Audierat</strong></span> <span class='ocrx_word' id='word_1_258' title='bbox 988 2017 1081 2073; x_wconf 89' lang='lat' dir='ltr'><strong>ille</strong></span> <span class='ocrx_word' id='word_1_259' title='bbox 1121 2016 1321 2070; x_wconf 87' lang='lat' dir='ltr'><strong>stultos</strong></span> <span class='ocrx_word' id='word_1_260' title='bbox 1368 2012 1655 2083; x_wconf 75' lang='lat' dir='ltr'><strong>Principes</strong></span> <span class='ocrx_word' id='word_1_261' title='bbox 1691 2026 1789 2067; x_wconf 87' lang='lat' dir='ltr'><strong>vo-</strong></span> 
     </span>
    </p>
   </div>
   <div class='ocr_carea' id='block_1_36' title="bbox 186 2105 1781 2187">
    <p class='ocr_par' dir='ltr' id='par_1_36' title="bbox 186 2105 1781 2187">
     <span class='ocr_line' id='line_1_36' title="bbox 186 2105 1781 2187; baseline -0.008 -15"><span class='ocrx_word' id='word_1_262' title='bbox 186 2118 354 2174; x_wconf 87' lang='lat' dir='ltr'><strong>luisse</strong></span> <span class='ocrx_word' id='word_1_263' title='bbox 380 2112 761 2187; x_wconf 83' lang='lat' dir='ltr'><strong>jusjurandum</strong></span> <span class='ocrx_word' id='word_1_264' title='bbox 790 2109 1001 2180; x_wconf 90' lang='lat' dir='ltr'><strong>concipi</strong></span> <span class='ocrx_word' id='word_1_265' title='bbox 1036 2125 1132 2179; x_wconf 88' lang='lat' dir='ltr'><strong>per</strong></span> <span class='ocrx_word' id='word_1_266' title='bbox 1162 2123 1318 2163; x_wconf 90' lang='lat' dir='ltr'><strong>suum</strong></span> <span class='ocrx_word' id='word_1_267' title='bbox 1351 2105 1569 2179; x_wconf 89' lang='lat' dir='ltr'><strong>genium</strong></span> <span class='ocrx_word' id='word_1_268' title='bbox 1617 2114 1781 2175; x_wconf 90' lang='lat' dir='ltr'><strong>atque</strong></span> 
     </span>
    </p>
   </div>
   <div class='ocr_carea' id='block_1_37' title="bbox 184 2198 1793 2281">
    <p class='ocr_par' dir='ltr' id='par_1_37' title="bbox 184 2198 1793 2281">
     <span class='ocr_line' id='line_1_37' title="bbox 184 2198 1793 2281; baseline -0.009 -16"><span class='ocrx_word' id='word_1_269' title='bbox 184 2210 550 2281; x_wconf 87' lang='lat' dir='ltr'><strong>maiestatem.</strong></span> <span class='ocrx_word' id='word_1_270' title='bbox 585 2206 732 2261; x_wconf 86' lang='lat' dir='ltr'><strong>lianc</strong></span> <span class='ocrx_word' id='word_1_271' title='bbox 756 2217 973 2276; x_wconf 87' lang='lat' dir='ltr'><strong>quoque</strong></span> <span class='ocrx_word' id='word_1_272' title='bbox 994 2200 1296 2257; x_wconf 81' lang='lat' dir='ltr'><strong>divinitatis</strong></span> <span class='ocrx_word' id='word_1_273' title='bbox 1320 2199 1557 2271; x_wconf 85' lang='lat' dir='ltr'><strong>speciem</strong></span> <span class='ocrx_word' id='word_1_274' title='bbox 1580 2198 1681 2253; x_wconf 89' lang='lat' dir='ltr'><strong>sibi</strong></span> <span class='ocrx_word' id='word_1_275' title='bbox 1702 2212 1793 2252; x_wconf 85' lang='lat' dir='ltr'><strong>ar-</strong></span> 
     </span>
    </p>
   </div>
   <div class='ocr_carea' id='block_1_38' title="bbox 185 2289 1792 2374">
    <p class='ocr_par' dir='ltr' id='par_1_38' title="bbox 185 2289 1792 2374">
     <span class='ocr_line' id='line_1_38' title="bbox 185 2289 1792 2374; baseline -0.009 -16"><span class='ocrx_word' id='word_1_276' title='bbox 185 2300 420 2374; x_wconf 87' lang='lat' dir='ltr'><strong>rogavit,</strong></span> <span class='ocrx_word' id='word_1_277' title='bbox 453 2314 577 2355; x_wconf 93' lang='lat' dir='ltr'><strong>cum</strong></span> <span class='ocrx_word' id='word_1_278' title='bbox 605 2313 702 2370; x_wconf 91' lang='lat' dir='ltr'><strong>per</strong></span> <span class='ocrx_word' id='word_1_279' title='bbox 731 2312 889 2352; x_wconf 90' lang='lat' dir='ltr'><strong>suum</strong></span> <span class='ocrx_word' id='word_1_280' title='bbox 918 2307 1114 2351; x_wconf 90' lang='lat' dir='ltr'><strong>nomen</strong></span> <span class='ocrx_word' id='word_1_281' title='bbox 1137 2336 1154 2361; x_wconf 94' lang='lat'><strong>,</strong></span> <span class='ocrx_word' id='word_1_282' title='bbox 1200 2292 1358 2364; x_wconf 89' lang='lat' dir='ltr'><strong>quasi</strong></span> <span class='ocrx_word' id='word_1_283' title='bbox 1390 2304 1588 2346; x_wconf 90' lang='lat' dir='ltr'><strong>numen</strong></span> <span class='ocrx_word' id='word_1_284' title='bbox 1619 2289 1792 2359; x_wconf 90' lang='lat' dir='ltr'><strong>quod-</strong></span> 
     </span>
    </p>
   </div>
   <div class='ocr_carea' id='block_1_39' title="bbox 184 2368 1813 2459">
    <p class='ocr_par' dir='ltr' id='par_1_39' title="bbox 184 2368 1813 2459">
     <span class='ocr_line' id='line_1_39' title="bbox 184 2368 1813 2459; baseline -0.009 -10"><span class='ocrx_word' id='word_1_285' title='bbox 184 2368 331 2457; x_wconf 73' lang='lat' dir='ltr'><strong>dam,</strong></span> <span class='ocrx_word' id='word_1_286' title='bbox 365 2408 475 2448; x_wconf 88' lang='lat' dir='ltr'><strong>non</strong></span> <span class='ocrx_word' id='word_1_287' title='bbox 504 2368 676 2447; x_wconf 87' lang='lat' dir='ltr'><strong>noluit</strong></span> <span class='ocrx_word' id='word_1_288' title='bbox 697 2404 824 2444; x_wconf 90' lang='lat' dir='ltr'><strong>suos</strong></span> <span class='ocrx_word' id='word_1_289' title='bbox 840 2384 1219 2459; x_wconf 82' lang='lat' dir='ltr'><strong>iurarezquod</strong></span> <span class='ocrx_word' id='word_1_290' title='bbox 1246 2393 1300 2440; x_wconf 91' lang='lat' dir='ltr'><strong>et</strong></span> <span class='ocrx_word' id='word_1_291' title='bbox 1326 2381 1517 2439; x_wconf 91' lang='lat' dir='ltr'><strong>eodem</strong></span> <span class='ocrx_word' id='word_1_292' title='bbox 1548 2368 1813 2452; x_wconf 41' lang='lat' dir='ltr'><strong>tempore‘</strong></span> 
     </span>
    </p>
   </div>
   <div class='ocr_carea' id='block_1_40' title="bbox 186 2476 1789 2553">
    <p class='ocr_par' dir='ltr' id='par_1_40' title="bbox 186 2476 1789 2553">
     <span class='ocr_line' id='line_1_40' title="bbox 186 2476 1789 2553; baseline -0.009 -9"><span class='ocrx_word' id='word_1_293' title='bbox 186 2490 241 2544; x_wconf 90' lang='lat' dir='ltr'><strong>in</strong></span> <span class='ocrx_word' id='word_1_294' title='bbox 255 2486 435 2544; x_wconf 89' lang='lat' dir='ltr'><strong>Gallia</strong></span> <span class='ocrx_word' id='word_1_295' title='bbox 460 2484 840 2541; x_wconf 87' lang='lat' dir='ltr'><strong>Priscillianus</strong></span> <span class='ocrx_word' id='word_1_296' title='bbox 868 2482 1132 2553; x_wconf 91' lang='lat' dir='ltr'><strong>impurior</strong></span> <span class='ocrx_word' id='word_1_297' title='bbox 1161 2479 1520 2536; x_wconf 69' lang='lat' dir='ltr'><strong>haeresiarclta</strong></span> <span class='ocrx_word' id='word_1_298' title='bbox 1552 2476 1789 2532; x_wconf 88' lang='lat' dir='ltr'><strong>volebat.</strong></span> 
     </span>
    </p>
   </div>
   <div class='ocr_carea' id='block_1_41' title="bbox 184 2568 1793 2650">
    <p class='ocr_par' dir='ltr' id='par_1_41' title="bbox 184 2568 1793 2650">
     <span class='ocr_line' id='line_1_41' title="bbox 184 2568 1793 2650; baseline -0.01 -13"><span class='ocrx_word' id='word_1_299' title='bbox 184 2581 326 2650; x_wconf 85' lang='lat' dir='ltr'><strong>Quid</strong></span> <span class='ocrx_word' id='word_1_300' title='bbox 357 2596 466 2636; x_wconf 89' lang='lat' dir='ltr'><strong>non</strong></span> <span class='ocrx_word' id='word_1_301' title='bbox 501 2579 604 2635; x_wconf 88' lang='lat' dir='ltr'><strong>sibi</strong></span> <span class='ocrx_word' id='word_1_302' title='bbox 643 2584 903 2648; x_wconf 91' lang='lat' dir='ltr'><strong>arrogant</strong></span> <span class='ocrx_word' id='word_1_303' title='bbox 943 2572 1287 2645; x_wconf 87' lang='lat' dir='ltr'><strong>impudentes</strong></span> <span class='ocrx_word' id='word_1_304' title='bbox 1323 2569 1656 2641; x_wconf 62' lang='lat' dir='ltr'><strong>hypocrita,</strong></span> <span class='ocrx_word' id='word_1_305' title='bbox 1700 2568 1793 2638; x_wconf 92' lang='lat' dir='ltr'><strong>qui</strong></span> 
     </span>
    </p>
   </div>
   <div class='ocr_carea' id='block_1_42' title="bbox 186 2659 1795 2732">
    <p class='ocr_par' dir='ltr' id='par_1_42' title="bbox 186 2659 1795 2732">
     <span class='ocr_line' id='line_1_42' title="bbox 186 2659 1795 2732; baseline -0.01 -2"><span class='ocrx_word' id='word_1_306' title='bbox 186 2682 399 2730; x_wconf 82' lang='lat' dir='ltr'><strong>tantum</strong></span> <span class='ocrx_word' id='word_1_307' title='bbox 432 2672 533 2728; x_wconf 88' lang='lat' dir='ltr'><strong>sibi</strong></span> <span class='ocrx_word' id='word_1_308' title='bbox 580 2669 842 2726; x_wconf 77' lang='lat' dir='ltr'><strong>sumunt?</strong></span> <span class='ocrx_word' id='word_1_309' title='bbox 870 2666 1000 2732; x_wconf 88' lang='lat' dir='ltr'><strong>Sed,</strong></span> <span class='ocrx_word' id='word_1_310' title='bbox 1032 2666 1283 2730; x_wconf 87' lang='lat' dir='ltr'><strong>obsecro,</strong></span> <span class='ocrx_word' id='word_1_311' title='bbox 1329 2678 1398 2718; x_wconf 87' lang='lat' dir='ltr'><strong>an</strong></span> <span class='ocrx_word' id='word_1_312' title='bbox 1431 2662 1608 2718; x_wconf 86' lang='lat' dir='ltr'><strong>minus</strong></span> <span class='ocrx_word' id='word_1_313' title='bbox 1634 2659 1795 2715; x_wconf 86' lang='lat' dir='ltr'><strong>hodie</strong></span> 
     </span>
    </p>
   </div>
   <div class='ocr_carea' id='block_1_43' title="bbox 187 2751 1798 2833">
    <p class='ocr_par' dir='ltr' id='par_1_43' title="bbox 187 2751 1798 2833">
     <span class='ocr_line' id='line_1_43' title="bbox 187 2751 1798 2833; baseline -0.012 -9"><span class='ocrx_word' id='word_1_314' title='bbox 187 2767 564 2832; x_wconf 88' lang='lat' dir='ltr'><strong>insolescunt,</strong></span> <span class='ocrx_word' id='word_1_315' title='bbox 610 2764 702 2833; x_wconf 90' lang='lat' dir='ltr'><strong>qui</strong></span> <span class='ocrx_word' id='word_1_316' title='bbox 747 2776 941 2818; x_wconf 89' lang='lat' dir='ltr'><strong>omnes</strong></span> <span class='ocrx_word' id='word_1_317' title='bbox 968 2760 1020 2815; x_wconf 90' lang='lat' dir='ltr'><strong>in</strong></span> <span class='ocrx_word' id='word_1_318' title='bbox 1047 2774 1144 2814; x_wconf 88' lang='lat' dir='ltr'><strong>sua</strong></span> <span class='ocrx_word' id='word_1_319' title='bbox 1172 2757 1335 2813; x_wconf 88' lang='lat' dir='ltr'><strong>verba</strong></span> <span class='ocrx_word' id='word_1_320' title='bbox 1355 2756 1543 2826; x_wconf 89' lang='lat' dir='ltr'><strong>iurare</strong></span> <span class='ocrx_word' id='word_1_321' title='bbox 1573 2751 1798 2810; x_wconf 85' lang='lat' dir='ltr'><strong>volunt?</strong></span> 
     </span>
    </p>
   </div>
   <div class='ocr_carea' id='block_1_44' title="bbox 186 2849 1798 2923">
    <p class='ocr_par' dir='ltr' id='par_1_44' title="bbox 186 2849 1798 2923">
     <span class='ocr_line' id='line_1_44' title="bbox 186 2849 1798 2923; baseline -0.012 -3"><span class='ocrx_word' id='word_1_322' title='bbox 186 2863 333 2921; x_wconf 84' lang='lat' dir='ltr'><strong>Nihil</strong></span> <span class='ocrx_word' id='word_1_323' title='bbox 377 2875 521 2917; x_wconf 91' lang='lat' dir='ltr'><strong>nunc</strong></span> <span class='ocrx_word' id='word_1_324' title='bbox 545 2858 721 2916; x_wconf 91' lang='lat' dir='ltr'><strong>dicam</strong></span> <span class='ocrx_word' id='word_1_325' title='bbox 768 2856 835 2912; x_wconf 92' lang='lat' dir='ltr'><strong>de</strong></span> <span class='ocrx_word' id='word_1_326' title='bbox 878 2855 1281 2911; x_wconf 89' lang='lat' dir='ltr'><strong>Donatistarum</strong></span> <span class='ocrx_word' id='word_1_327' title='bbox 1331 2849 1606 2923; x_wconf 82' lang='lat' dir='ltr'><strong>martyriis</strong></span> <span class='ocrx_word' id='word_1_328' title='bbox 1635 2855 1798 2917; x_wconf 88' lang='lat' dir='ltr'><strong>atque</strong></span> 
     </span>
    </p>
   </div>
   <div class='ocr_carea' id='block_1_45' title="bbox 187 2940 1795 3023">
    <p class='ocr_par' dir='ltr' id='par_1_45' title="bbox 187 2940 1795 3023">
     <span class='ocr_line' id='line_1_45' title="bbox 187 2940 1795 3023; baseline -0.013 -9"><span class='ocrx_word' id='word_1_329' title='bbox 187 2955 487 3015; x_wconf 89' lang='lat' dir='ltr'><strong>miraculis.</strong></span> <span class='ocrx_word' id='word_1_330' title='bbox 520 2952 617 3009; x_wconf 89' lang='lat' dir='ltr'><strong>Illa</strong></span> <span class='ocrx_word' id='word_1_331' title='bbox 648 2951 881 3023; x_wconf 90' lang='lat' dir='ltr'><strong>probant</strong></span> <span class='ocrx_word' id='word_1_332' title='bbox 906 2948 1074 3004; x_wconf 87' lang='lat' dir='ltr'><strong>fuisse</strong></span> <span class='ocrx_word' id='word_1_333' title='bbox 1105 2946 1368 3002; x_wconf 81' lang='lat' dir='ltr'><strong>fanaticos</strong></span> <span class='ocrx_word' id='word_1_334' title='bbox 1398 2943 1678 3008; x_wconf 86' lang='lat' dir='ltr'><strong>homines,</strong></span> <span class='ocrx_word' id='word_1_335' title='bbox 1706 2940 1795 3011; x_wconf 92' lang='lat' dir='ltr'><strong>qui</strong></span> 
     </span>
    </p>
   </div>
   <div class='ocr_carea' id='block_1_46' title="bbox 192 3031 1804 3118">
    <p class='ocr_par' dir='ltr' id='par_1_46' title="bbox 192 3031 1804 3118">
     <span class='ocr_line' id='line_1_46' title="bbox 192 3031 1804 3118; baseline -0.013 -12"><span class='ocrx_word' id='word_1_336' title='bbox 192 3064 338 3106; x_wconf 58' lang='lat' dir='ltr'><strong>caeca</strong></span> <span class='ocrx_word' id='word_1_337' title='bbox 369 3045 635 3118; x_wconf 82' lang='lat' dir='ltr'><strong>vertigine</strong></span> <span class='ocrx_word' id='word_1_338' title='bbox 673 3041 869 3115; x_wconf 90' lang='lat' dir='ltr'><strong>raptati</strong></span> <span class='ocrx_word' id='word_1_339' title='bbox 917 3055 1038 3096; x_wconf 89' lang='lat' dir='ltr'><strong>sese</strong></span> <span class='ocrx_word' id='word_1_340' title='bbox 1064 3038 1268 3095; x_wconf 89' lang='lat' dir='ltr'><strong>dabant</strong></span> <span class='ocrx_word' id='word_1_341' title='bbox 1313 3035 1642 3107; x_wconf 80' lang='lat' dir='ltr'><strong>praecipites,</strong></span> <span class='ocrx_word' id='word_1_342' title='bbox 1668 3031 1804 3089; x_wconf 88' lang='lat' dir='ltr'><strong>sibi-</strong></span> 
     </span>
    </p>
   </div>
   <div class='ocr_carea' id='block_1_47' title="bbox 189 3123 1803 3212">
    <p class='ocr_par' dir='ltr' id='par_1_47' title="bbox 189 3123 1803 3212">
     <span class='ocr_line' id='line_1_47' title="bbox 189 3123 1803 3212; baseline -0.012 -16"><span class='ocrx_word' id='word_1_343' title='bbox 189 3155 298 3212; x_wconf 84' lang='lat' dir='ltr'><strong>que</strong></span> <span class='ocrx_word' id='word_1_344' title='bbox 355 3148 587 3194; x_wconf 89' lang='lat' dir='ltr'><strong>mortem</strong></span> <span class='ocrx_word' id='word_1_345' title='bbox 627 3133 1033 3200; x_wconf 85' lang='lat' dir='ltr'><strong>conciscebant,</strong></span> <span class='ocrx_word' id='word_1_346' title='bbox 1086 3129 1319 3203; x_wconf 89' lang='lat' dir='ltr'><strong>quadam</strong></span> <span class='ocrx_word' id='word_1_347' title='bbox 1362 3127 1666 3202; x_wconf 83' lang='lat' dir='ltr'><strong>(utnoster</strong></span> <span class='ocrx_word' id='word_1_348' title='bbox 1710 3123 1803 3180; x_wconf 86' lang='lat' dir='ltr'><strong>UI-</strong></span> 
     </span>
    </p>
   </div>
   <div class='ocr_carea' id='block_1_48' title="bbox 191 3217 1874 3306">
    <p class='ocr_par' dir='ltr' id='par_1_48' title="bbox 191 3217 1874 3306">
     <span class='ocr_line' id='line_1_48' title="bbox 191 3217 1874 3306; baseline -0.012 -17"><span class='ocrx_word' id='word_1_349' title='bbox 191 3234 388 3306; x_wconf 88' lang='lat' dir='ltr'><strong>pianus</strong></span> <span class='ocrx_word' id='word_1_350' title='bbox 415 3229 515 3303; x_wconf 86' lang='lat' dir='ltr'><strong>ait)</strong></span> <span class='ocrx_word' id='word_1_351' title='bbox 535 3228 855 3301; x_wconf 86' lang='lat' dir='ltr'><strong>iactatione.</strong></span> <span class='ocrx_word' id='word_1_352' title='bbox 886 3224 1148 3282; x_wconf 78' lang='lat' dir='ltr'><strong>Miracula</strong></span> <span class='ocrx_word' id='word_1_353' title='bbox 1174 3237 1328 3287; x_wconf 90' lang='lat' dir='ltr'><strong>vero,</strong></span> <span class='ocrx_word' id='word_1_354' title='bbox 1359 3235 1480 3291; x_wconf 61' lang='lat' dir='ltr'><strong>quae</strong></span> <span class='ocrx_word' id='word_1_355' title='bbox 1498 3217 1797 3290; x_wconf 74' lang='lat' dir='ltr'><strong>iactabant,</strong></span> <span class='ocrx_word' id='word_1_356' title='bbox 1829 3221 1874 3285; x_wconf 72' lang='grc' dir='ltr'>ο</span> 
     </span>
    </p>
   </div>
   <div class='ocr_carea' id='block_1_49' title="bbox 188 3313 1803 3400">
    <p class='ocr_par' dir='ltr' id='par_1_49' title="bbox 188 3313 1803 3400">
     <span class='ocr_line' id='line_1_49' title="bbox 188 3313 1803 3400; baseline -0.012 -18"><span class='ocrx_word' id='word_1_357' title='bbox 188 3325 329 3400; x_wconf 80' lang='lat' dir='ltr'><strong>quid</strong></span> <span class='ocrx_word' id='word_1_358' title='bbox 346 3323 491 3379; x_wconf 90' lang='lat' dir='ltr'><strong>aliud</strong></span> <span class='ocrx_word' id='word_1_359' title='bbox 515 3320 914 3394; x_wconf 81' lang='lat' dir='ltr'><strong>significabant,</strong></span> <span class='ocrx_word' id='word_1_360' title='bbox 942 3332 1103 3389; x_wconf 87' lang='lat' dir='ltr'><strong>quam</strong></span> <span class='ocrx_word' id='word_1_361' title='bbox 1133 3313 1558 3387; x_wconf 62' lang='lat' dir='ltr'><strong>praestigiatores</strong></span> <span class='ocrx_word' id='word_1_362' title='bbox 1587 3323 1803 3381; x_wconf 89' lang='lat' dir='ltr'><strong>quoque</strong></span> 
     </span>
    </p>
   </div>
   <div class='ocr_carea' id='block_1_50' title="bbox 190 3400 1805 3486">
    <p class='ocr_par' dir='ltr' id='par_1_50' title="bbox 190 3400 1805 3486">
     <span class='ocr_line' id='line_1_50' title="bbox 190 3400 1805 3486; baseline -0.014 -10"><span class='ocrx_word' id='word_1_363' title='bbox 190 3429 251 3476; x_wconf 92' lang='lat' dir='ltr'><strong>et</strong></span> <span class='ocrx_word' id='word_1_364' title='bbox 277 3419 605 3486; x_wconf 86' lang='lat' dir='ltr'><strong>impostores</strong></span> <span class='ocrx_word' id='word_1_365' title='bbox 650 3426 879 3485; x_wconf 87' lang='lat' dir='ltr'><strong>magnos</strong></span> <span class='ocrx_word' id='word_1_366' title='bbox 910 3410 1106 3473; x_wconf 89' lang='lat' dir='ltr'><strong>fuisse,</strong></span> <span class='ocrx_word' id='word_1_367' title='bbox 1140 3422 1277 3480; x_wconf 90' lang='lat' dir='ltr'><strong>quos</strong></span> <span class='ocrx_word' id='word_1_368' title='bbox 1317 3415 1372 3462; x_wconf 90' lang='lat' dir='ltr'><strong>et</strong></span> <span class='ocrx_word' id='word_1_369' title='bbox 1417 3400 1805 3459; x_wconf 89' lang='lat' dir='ltr'><strong>mirabiliarios</strong></span> 
     </span>
    </p>
   </div>
   <div class='ocr_carea' id='block_1_51' title="bbox 190 3496 1803 3587">
    <p class='ocr_par' dir='ltr' id='par_1_51' title="bbox 190 3496 1803 3587">
     <span class='ocr_line' id='line_1_51' title="bbox 190 3496 1803 3587; baseline -0.014 -17"><span class='ocrx_word' id='word_1_370' title='bbox 190 3512 434 3587; x_wconf 84' lang='lat' dir='ltr'><strong>quodam</strong></span> <span class='ocrx_word' id='word_1_371' title='bbox 465 3511 584 3565; x_wconf 93' lang='lat' dir='ltr'><strong>loco</strong></span> <span class='ocrx_word' id='word_1_372' title='bbox 606 3517 763 3565; x_wconf 85' lang='lat' dir='ltr'><strong>vocat</strong></span> <span class='ocrx_word' id='word_1_373' title='bbox 788 3504 1149 3577; x_wconf 82' lang='lat' dir='ltr'><strong>Augustinus,</strong></span> <span class='ocrx_word' id='word_1_374' title='bbox 1170 3501 1260 3557; x_wconf 86' lang='lat' dir='ltr'><strong>ubi</strong></span> <span class='ocrx_word' id='word_1_375' title='bbox 1286 3514 1383 3555; x_wconf 87' lang='lat' dir='ltr'><strong>eos</strong></span> <span class='ocrx_word' id='word_1_376' title='bbox 1409 3499 1615 3554; x_wconf 90' lang='lat' dir='ltr'><strong>indicat</strong></span> <span class='ocrx_word' id='word_1_377' title='bbox 1641 3496 1803 3551; x_wconf 91' lang='lat' dir='ltr'><strong>etiam</strong></span> 
     </span>
    </p>
   </div>
   <div class='ocr_carea' id='block_1_52' title="bbox 186 3587 1802 3682">
    <p class='ocr_par' dir='ltr' id='par_1_52' title="bbox 186 3587 1802 3682">
     <span class='ocr_line' id='line_1_52' title="bbox 186 3587 1802 3682; baseline -0.015 -17"><span class='ocrx_word' id='word_1_378' title='bbox 186 3610 454 3682; x_wconf 88' lang='lat' dir='ltr'><strong>iactasse,</strong></span> <span class='ocrx_word' id='word_1_379' title='bbox 488 3602 698 3659; x_wconf 86' lang='lat' dir='ltr'><strong>Donato</strong></span> <span class='ocrx_word' id='word_1_380' title='bbox 724 3600 899 3658; x_wconf 92' lang='lat' dir='ltr'><strong>oranti</strong></span> <span class='ocrx_word' id='word_1_381' title='bbox 929 3599 1099 3655; x_wconf 92' lang='lat' dir='ltr'><strong>Deum</strong></span> <span class='ocrx_word' id='word_1_382' title='bbox 1135 3594 1205 3651; x_wconf 90' lang='lat' dir='ltr'><strong>de</strong></span> <span class='ocrx_word' id='word_1_383' title='bbox 1245 3593 1385 3649; x_wconf 75' lang='lat' dir='ltr'><strong>cmlo</strong></span> <span class='ocrx_word' id='word_1_384' title='bbox 1432 3587 1802 3661; x_wconf 88' lang='lat' dir='ltr'><strong>respondisse.</strong></span> 
     </span>
    </p>
   </div>
   <div class='ocr_carea' id='block_1_53' title="bbox 190 3678 1805 3770">
    <p class='ocr_par' dir='ltr' id='par_1_53' title="bbox 190 3678 1805 3770">
     <span class='ocr_line' id='line_1_53' title="bbox 190 3678 1805 3770; baseline -0.018 -11"><span class='ocrx_word' id='word_1_385' title='bbox 190 3678 332 3770; x_wconf 83' lang='lat' dir='ltr'><strong>Sed,</strong></span> <span class='ocrx_word' id='word_1_386' title='bbox 359 3700 623 3764; x_wconf 87' lang='lat' dir='ltr'><strong>obsecro,</strong></span> <span class='ocrx_word' id='word_1_387' title='bbox 656 3710 840 3752; x_wconf 91' lang='lat' dir='ltr'><strong>nonne</strong></span> <span class='ocrx_word' id='word_1_388' title='bbox 870 3700 924 3748; x_wconf 91' lang='lat' dir='ltr'><strong>te</strong></span> <span class='ocrx_word' id='word_1_389' title='bbox 951 3704 1166 3761; x_wconf 87' lang='lat' dir='ltr'><strong>quoque</strong></span> <span class='ocrx_word' id='word_1_390' title='bbox 1191 3700 1335 3743; x_wconf 92' lang='lat' dir='ltr'><strong>nunc</strong></span> <span class='ocrx_word' id='word_1_391' title='bbox 1372 3684 1599 3741; x_wconf 90' lang='lat' dir='ltr'><strong>miseret</strong></span> <span class='ocrx_word' id='word_1_392' title='bbox 1642 3678 1805 3735; x_wconf 78' lang='lat' dir='ltr'><strong>fasci-</strong></span> 
     </span>
    </p>
   </div>
   <div class='ocr_carea' id='block_1_54' title="bbox 194 3773 1810 3855">
    <p class='ocr_par' dir='ltr' id='par_1_54' title="bbox 194 3773 1810 3855">
     <span class='ocr_line' id='line_1_54' title="bbox 194 3773 1810 3855; baseline -0.017 -2"><span class='ocrx_word' id='word_1_393' title='bbox 194 3805 345 3853; x_wconf 69' lang='lat' dir='ltr'><strong>natte</strong></span> <span class='ocrx_word' id='word_1_394' title='bbox 390 3788 775 3855; x_wconf 88' lang='lat' dir='ltr'><strong>multitudinis,</strong></span> <span class='ocrx_word' id='word_1_395' title='bbox 808 3787 894 3842; x_wconf 91' lang='lat' dir='ltr'><strong>cui</strong></span> <span class='ocrx_word' id='word_1_396' title='bbox 924 3782 1203 3841; x_wconf 80' lang='lat' dir='ltr'><strong>illuditur?</strong></span> <span class='ocrx_word' id='word_1_397' title='bbox 1232 3778 1375 3849; x_wconf 85' lang='lat' dir='ltr'><strong>Quid</strong></span> <span class='ocrx_word' id='word_1_398' title='bbox 1422 3785 1699 3849; x_wconf 88' lang='lat' dir='ltr'><strong>postremo</strong></span> <span class='ocrx_word' id='word_1_399' title='bbox 1726 3773 1810 3829; x_wconf 78' lang='lat' dir='ltr'><strong>lo-</strong></span> 
     </span>
    </p>
   </div>
   <div class='ocr_carea' id='block_1_55' title="bbox 193 3865 1811 3960">
    <p class='ocr_par' dir='ltr' id='par_1_55' title="bbox 193 3865 1811 3960">
     <span class='ocr_line' id='line_1_55' title="bbox 193 3865 1811 3960; baseline -0.015 -16"><span class='ocrx_word' id='word_1_400' title='bbox 193 3902 340 3960; x_wconf 89' lang='lat' dir='ltr'><strong>quar</strong></span> <span class='ocrx_word' id='word_1_401' title='bbox 366 3884 434 3942; x_wconf 92' lang='lat' dir='ltr'><strong>de</strong></span> <span class='ocrx_word' id='word_1_402' title='bbox 461 3882 863 3941; x_wconf 88' lang='lat' dir='ltr'><strong>Donatistarum</strong></span> <span class='ocrx_word' id='word_1_403' title='bbox 890 3875 1214 3941; x_wconf 88' lang='lat' dir='ltr'><strong>latrociniis,</strong></span> <span class='ocrx_word' id='word_1_404' title='bbox 1237 3869 1559 3940; x_wconf 90' lang='lat' dir='ltr'><strong>sacrilegiis,</strong></span> <span class='ocrx_word' id='word_1_405' title='bbox 1586 3865 1811 3938; x_wconf 88' lang='lat' dir='ltr'><strong>parrici-</strong></span> 
     </span>
    </p>
   </div>
   <div class='ocr_carea' id='block_1_56' title="bbox 194 3960 1811 4043">
    <p class='ocr_par' dir='ltr' id='par_1_56' title="bbox 194 3960 1811 4043">
     <span class='ocr_line' id='line_1_56' title="bbox 194 3960 1811 4043; baseline -0.017 -3"><span class='ocrx_word' id='word_1_406' title='bbox 194 3981 345 4041; x_wconf 75' lang='lat' dir='ltr'><strong>diis?</strong></span> <span class='ocrx_word' id='word_1_407' title='bbox 375 3980 503 4036; x_wconf 79' lang='lat' dir='ltr'><strong>Haec</strong></span> <span class='ocrx_word' id='word_1_408' title='bbox 553 3974 1056 4034; x_wconf 88' lang='lat' dir='ltr'><strong>circumcellionum</strong></span> <span class='ocrx_word' id='word_1_409' title='bbox 1104 3980 1224 4025; x_wconf 90' lang='lat' dir='ltr'><strong>acta</strong></span> <span class='ocrx_word' id='word_1_410' title='bbox 1268 3963 1523 4043; x_wconf 88' lang='lat' dir='ltr'><strong>immania</strong></span> <span class='ocrx_word' id='word_1_411' title='bbox 1563 3960 1811 4033; x_wconf 84' lang='lat' dir='ltr'><strong>plerique</strong></span> 
     </span>
    </p>
   </div>
   <div class='ocr_carea' id='block_1_57' title="bbox 193 4059 1804 4133">
    <p class='ocr_par' dir='ltr' id='par_1_57' title="bbox 193 4059 1804 4133">
     <span class='ocr_line' id='line_1_57' title="bbox 193 4059 1804 4133; baseline -0.016 0"><span class='ocrx_word' id='word_1_412' title='bbox 193 4077 368 4133; x_wconf 87' lang='lat' dir='ltr'><strong>etiam</strong></span> <span class='ocrx_word' id='word_1_413' title='bbox 397 4070 695 4129; x_wconf 60' lang='lat' dir='ltr'><strong>Donatista</strong></span> <span class='ocrx_word' id='word_1_414' title='bbox 724 4068 986 4126; x_wconf 89' lang='lat' dir='ltr'><strong>damnare</strong></span> <span class='ocrx_word' id='word_1_415' title='bbox 1011 4080 1071 4121; x_wconf 90' lang='lat' dir='ltr'><strong>se</strong></span> <span class='ocrx_word' id='word_1_416' title='bbox 1095 4062 1371 4125; x_wconf 87' lang='lat' dir='ltr'><strong>dicebant,</strong></span> <span class='ocrx_word' id='word_1_417' title='bbox 1400 4059 1598 4130; x_wconf 89' lang='lat' dir='ltr'><strong>quibus</strong></span> <span class='ocrx_word' id='word_1_418' title='bbox 1618 4062 1804 4110; x_wconf 89' lang='lat' dir='ltr'><strong>tamen</strong></span> 
     </span>
    </p>
   </div>
   <div class='ocr_carea' id='block_1_58' title="bbox 195 4148 1814 4235">
    <p class='ocr_par' dir='ltr' id='par_1_58' title="bbox 195 4148 1814 4235">
     <span class='ocr_line' id='line_1_58' title="bbox 195 4148 1814 4235; baseline -0.014 -10"><span class='ocrx_word' id='word_1_419' title='bbox 195 4168 513 4225; x_wconf 88' lang='lat' dir='ltr'><strong>utebantur.</strong></span> <span class='ocrx_word' id='word_1_420' title='bbox 543 4163 682 4235; x_wconf 86' lang='lat' dir='ltr'><strong>Quid</strong></span> <span class='ocrx_word' id='word_1_421' title='bbox 713 4176 858 4218; x_wconf 91' lang='lat' dir='ltr'><strong>nunc</strong></span> <span class='ocrx_word' id='word_1_422' title='bbox 874 4160 989 4225; x_wconf 88' lang='lat' dir='ltr'><strong>fiat,</strong></span> <span class='ocrx_word' id='word_1_423' title='bbox 1018 4173 1124 4213; x_wconf 91' lang='lat' dir='ltr'><strong>non</strong></span> <span class='ocrx_word' id='word_1_424' title='bbox 1155 4157 1376 4228; x_wconf 87' lang='lat' dir='ltr'><strong>ignoras</strong></span> <span class='ocrx_word' id='word_1_425' title='bbox 1408 4169 1424 4207; x_wconf 93' lang='lat'><strong>:</strong></span> <span class='ocrx_word' id='word_1_426' title='bbox 1462 4165 1566 4224; x_wconf 85' lang='lat' dir='ltr'><strong>ego</strong></span> <span class='ocrx_word' id='word_1_427' title='bbox 1589 4148 1814 4205; x_wconf 88' lang='lat' dir='ltr'><strong>honoris</strong></span> 
     </span>
    </p>
   </div>
   <div class='ocr_carea' id='block_1_59' title="bbox 193 4242 1812 4326">
    <p class='ocr_par' dir='ltr' id='par_1_59' title="bbox 193 4242 1812 4326">
     <span class='ocr_line' id='line_1_59' title="bbox 193 4242 1812 4326; baseline -0.015 -7"><span class='ocrx_word' id='word_1_428' title='bbox 193 4264 277 4322; x_wconf 88' lang='lat' dir='ltr'><strong>tui</strong></span> <span class='ocrx_word' id='word_1_429' title='bbox 302 4275 468 4319; x_wconf 87' lang='lat' dir='ltr'><strong>causa</strong></span> <span class='ocrx_word' id='word_1_430' title='bbox 486 4268 659 4315; x_wconf 90' lang='lat' dir='ltr'><strong>taceo.</strong></span> <span class='ocrx_word' id='word_1_431' title='bbox 675 4255 808 4313; x_wconf 85' lang='lat' dir='ltr'><strong>Nam</strong></span> <span class='ocrx_word' id='word_1_432' title='bbox 829 4268 1003 4326; x_wconf 89' lang='lat' dir='ltr'><strong>neque</strong></span> <span class='ocrx_word' id='word_1_433' title='bbox 1023 4250 1273 4307; x_wconf 86' lang='lat' dir='ltr'><strong>fortassis</strong></span> <span class='ocrx_word' id='word_1_434' title='bbox 1292 4249 1373 4304; x_wconf 86' lang='lat' dir='ltr'><strong>fas</strong></span> <span class='ocrx_word' id='word_1_435' title='bbox 1401 4256 1547 4303; x_wconf 88' lang='lat' dir='ltr'><strong>esset</strong></span> <span class='ocrx_word' id='word_1_436' title='bbox 1563 4243 1745 4300; x_wconf 87' lang='lat' dir='ltr'><strong>omnia</strong></span> <span class='ocrx_word' id='word_1_437' title='bbox 1760 4242 1812 4296; x_wconf 89' lang='lat' dir='ltr'><strong>itt</strong></span> 
     </span>
    </p>
   </div>
   <div class='ocr_carea' id='block_1_60' title="bbox 196 4337 1814 4424">
    <p class='ocr_par' dir='ltr' id='par_1_60' title="bbox 196 4337 1814 4424">
     <span class='ocr_line' id='line_1_60' title="bbox 196 4337 1814 4424; baseline -0.013 -11"><span class='ocrx_word' id='word_1_438' title='bbox 196 4355 446 4413; x_wconf 88' lang='lat' dir='ltr'><strong>medium</strong></span> <span class='ocrx_word' id='word_1_439' title='bbox 469 4350 734 4424; x_wconf 89' lang='lat' dir='ltr'><strong>proferre,</strong></span> <span class='ocrx_word' id='word_1_440' title='bbox 751 4364 872 4422; x_wconf 69' lang='lat' dir='ltr'><strong>quae</strong></span> <span class='ocrx_word' id='word_1_441' title='bbox 899 4361 1092 4403; x_wconf 86' lang='lat' dir='ltr'><strong>novatn</strong></span> <span class='ocrx_word' id='word_1_442' title='bbox 1107 4354 1161 4401; x_wconf 93' lang='lat' dir='ltr'><strong>et</strong></span> <span class='ocrx_word' id='word_1_443' title='bbox 1177 4342 1482 4399; x_wconf 89' lang='lat' dir='ltr'><strong>mirabilem</strong></span> <span class='ocrx_word' id='word_1_444' title='bbox 1497 4339 1658 4395; x_wconf 89' lang='lat' dir='ltr'><strong>unius</strong></span> <span class='ocrx_word' id='word_1_445' title='bbox 1687 4337 1814 4392; x_wconf 89' lang='lat' dir='ltr'><strong>anni</strong></span> 
     </span>
    </p>
   </div>
   <div class='ocr_carea' id='block_1_61' title="bbox 197 4429 1817 4506">
    <p class='ocr_par' dir='ltr' id='par_1_61' title="bbox 197 4429 1817 4506">
     <span class='ocr_line' id='line_1_61' title="bbox 197 4429 1817 4506; baseline -0.014 0"><span class='ocrx_word' id='word_1_446' title='bbox 197 4450 405 4506; x_wconf 88' lang='lat' dir='ltr'><strong>darent</strong></span> <span class='ocrx_word' id='word_1_447' title='bbox 433 4443 736 4501; x_wconf 88' lang='lat' dir='ltr'><strong>historiam.</strong></span> <span class='ocrx_word' id='word_1_448' title='bbox 758 4440 954 4497; x_wconf 80' lang='lat' dir='ltr'><strong>Vetera</strong></span> <span class='ocrx_word' id='word_1_449' title='bbox 993 4453 1137 4495; x_wconf 90' lang='lat' dir='ltr'><strong>nunc</strong></span> <span class='ocrx_word' id='word_1_450' title='bbox 1177 4446 1387 4492; x_wconf 87' lang='lat' dir='ltr'><strong>tantum</strong></span> <span class='ocrx_word' id='word_1_451' title='bbox 1410 4433 1678 4504; x_wconf 78' lang='lat' dir='ltr'><strong>legantur.</strong></span> <span class='ocrx_word' id='word_1_452' title='bbox 1712 4429 1817 4485; x_wconf 85' lang='lat' dir='ltr'><strong>Le-</strong></span> 
     </span>
    </p>
   </div>
   <div class='ocr_carea' id='block_1_62' title="bbox 197 4521 1811 4614">
    <p class='ocr_par' dir='ltr' id='par_1_62' title="bbox 197 4521 1811 4614">
     <span class='ocr_line' id='line_1_62' title="bbox 197 4521 1811 4614; baseline -0.015 -15"><span class='ocrx_word' id='word_1_453' title='bbox 197 4556 394 4614; x_wconf 85' lang='lat' dir='ltr'><strong>geram</strong></span> <span class='ocrx_word' id='word_1_454' title='bbox 420 4540 585 4595; x_wconf 91' lang='lat' dir='ltr'><strong>multa</strong></span> <span class='ocrx_word' id='word_1_455' title='bbox 622 4535 692 4592; x_wconf 91' lang='lat' dir='ltr'><strong>de</strong></span> <span class='ocrx_word' id='word_1_456' title='bbox 726 4533 1037 4591; x_wconf 65' lang='lat' dir='ltr'><strong>Judatorum</strong></span> <span class='ocrx_word' id='word_1_457' title='bbox 1065 4530 1256 4587; x_wconf 81' lang='lat' dir='ltr'><strong>zelmis</strong></span> <span class='ocrx_word' id='word_1_458' title='bbox 1282 4521 1811 4597; x_wconf 79' lang='lat' dir='ltr'><strong>Hierosolymitauis.</strong></span> 
     </span>
    </p>
   </div>
   <div class='ocr_carea' id='block_1_63' title="bbox 1891 1924 3500 2002">
    <p class='ocr_par' dir='ltr' id='par_1_63' title="bbox 1891 1924 3500 2002">
     <span class='ocr_line' id='line_1_63' title="bbox 1891 1924 3500 2002; baseline 0.005 -22"><span class='ocrx_word' id='word_1_459' title='bbox 1891 1924 2213 1981; x_wconf 87' lang='lat' dir='ltr'><strong>satisfecerit</strong></span> <span class='ocrx_word' id='word_1_460' title='bbox 2238 1926 2408 1981; x_wconf 88' lang='lat' dir='ltr'><strong>altera</strong></span> <span class='ocrx_word' id='word_1_461' title='bbox 2432 1926 2498 1981; x_wconf 90' lang='lat' dir='ltr'><strong>ad</strong></span> <span class='ocrx_word' id='word_1_462' title='bbox 2530 1935 2583 1984; x_wconf 93' lang='lat' dir='ltr'><strong>te</strong></span> <span class='ocrx_word' id='word_1_463' title='bbox 2610 1943 2726 1981; x_wconf 90' lang='lat' dir='ltr'><strong>mea</strong></span> <span class='ocrx_word' id='word_1_464' title='bbox 2758 1929 3071 1999; x_wconf 77' lang='lat' dir='ltr'><strong>responsio,</strong></span> <span class='ocrx_word' id='word_1_465' title='bbox 3104 1946 3224 2002; x_wconf 75' lang='lat' dir='ltr'><strong>quae</strong></span> <span class='ocrx_word' id='word_1_466' title='bbox 3251 1945 3314 1987; x_wconf 90' lang='lat' dir='ltr'><strong>ea</strong></span> <span class='ocrx_word' id='word_1_467' title='bbox 3345 1931 3413 1988; x_wconf 92' lang='lat' dir='ltr'><strong>de</strong></span> <span class='ocrx_word' id='word_1_468' title='bbox 3440 1948 3500 1988; x_wconf 89' lang='lat' dir='ltr'><strong>re</strong></span> 
     </span>
    </p>
   </div>
   <div class='ocr_carea' id='block_1_64' title="bbox 1894 2017 3497 2084">
    <p class='ocr_par' dir='ltr' id='par_1_64' title="bbox 1894 2017 3497 2084">
     <span class='ocr_line' id='line_1_64' title="bbox 1894 2017 3497 2084; baseline 0.006 -13"><span class='ocrx_word' id='word_1_469' title='bbox 1894 2025 1947 2072; x_wconf 92' lang='lat' dir='ltr'><strong>te</strong></span> <span class='ocrx_word' id='word_1_470' title='bbox 1976 2017 2288 2084; x_wconf 89' lang='lat' dir='ltr'><strong>admonuit,</strong></span> <span class='ocrx_word' id='word_1_471' title='bbox 2335 2034 2441 2072; x_wconf 91' lang='lat' dir='ltr'><strong>non</strong></span> <span class='ocrx_word' id='word_1_472' title='bbox 2491 2034 2587 2074; x_wconf 91' lang='lat' dir='ltr'><strong>ero</strong></span> <span class='ocrx_word' id='word_1_473' title='bbox 2636 2034 2779 2076; x_wconf 90' lang='lat' dir='ltr'><strong>nunc</strong></span> <span class='ocrx_word' id='word_1_474' title='bbox 2818 2021 3021 2077; x_wconf 90' lang='lat' dir='ltr'><strong>diutius</strong></span> <span class='ocrx_word' id='word_1_475' title='bbox 3067 2023 3163 2080; x_wconf 89' lang='lat' dir='ltr'><strong>tibi</strong></span> <span class='ocrx_word' id='word_1_476' title='bbox 3211 2023 3497 2080; x_wconf 88' lang='lat' dir='ltr'><strong>molestus.</strong></span> 
     </span>
    </p>
   </div>
   <div class='ocr_carea' id='block_1_65' title="bbox 1894 2108 3501 2179">
    <p class='ocr_par' dir='ltr' id='par_1_65' title="bbox 1894 2108 3501 2179">
     <span class='ocr_line' id='line_1_65' title="bbox 1894 2108 3501 2179; baseline 0.005 -15"><span class='ocrx_word' id='word_1_477' title='bbox 1894 2108 2104 2167; x_wconf 89' lang='lat' dir='ltr'><strong>Interea</strong></span> <span class='ocrx_word' id='word_1_478' title='bbox 2125 2150 2141 2175; x_wconf 88' lang='lat'><strong>,</strong></span> <span class='ocrx_word' id='word_1_479' title='bbox 2167 2110 2211 2165; x_wconf 91' lang='lat' dir='ltr'><strong>si</strong></span> <span class='ocrx_word' id='word_1_480' title='bbox 2240 2110 2324 2165; x_wconf 87' lang='lat' dir='ltr'><strong>vir</strong></span> <span class='ocrx_word' id='word_1_481' title='bbox 2353 2111 2528 2166; x_wconf 92' lang='lat' dir='ltr'><strong>bonus</strong></span> <span class='ocrx_word' id='word_1_482' title='bbox 2550 2127 2640 2178; x_wconf 89' lang='lat' dir='ltr'><strong>es,</strong></span> <span class='ocrx_word' id='word_1_483' title='bbox 2674 2114 2898 2168; x_wconf 83' lang='lat' dir='ltr'><strong>moleste</strong></span> <span class='ocrx_word' id='word_1_484' title='bbox 2943 2130 3048 2168; x_wconf 86' lang='lat' dir='ltr'><strong>non</strong></span> <span class='ocrx_word' id='word_1_485' title='bbox 3095 2113 3237 2170; x_wconf 83' lang='lat' dir='ltr'><strong>feres</strong></span> <span class='ocrx_word' id='word_1_486' title='bbox 3260 2159 3273 2179; x_wconf 89' lang='lat'><strong>,</strong></span> <span class='ocrx_word' id='word_1_487' title='bbox 3325 2117 3501 2172; x_wconf 89' lang='lat' dir='ltr'><strong>homi-</strong></span> 
     </span>
    </p>
   </div>
   <div class='ocr_carea' id='block_1_66' title="bbox 1894 2202 3502 2274">
    <p class='ocr_par' dir='ltr' id='par_1_66' title="bbox 1894 2202 3502 2274">
     <span class='ocr_line' id='line_1_66' title="bbox 1894 2202 3502 2274; baseline 0.002 -15"><span class='ocrx_word' id='word_1_488' title='bbox 1894 2219 2020 2259; x_wconf 88' lang='lat' dir='ltr'><strong>nem</strong></span> <span class='ocrx_word' id='word_1_489' title='bbox 2050 2202 2320 2274; x_wconf 90' lang='lat' dir='ltr'><strong>quoudam</strong></span> <span class='ocrx_word' id='word_1_490' title='bbox 2349 2204 2447 2258; x_wconf 88' lang='lat' dir='ltr'><strong>tibi</strong></span> <span class='ocrx_word' id='word_1_491' title='bbox 2478 2203 2811 2273; x_wconf 29' lang='lat' dir='ltr'><strong>familiarem,</strong></span> <span class='ocrx_word' id='word_1_492' title='bbox 2848 2206 3016 2261; x_wconf 88' lang='lat' dir='ltr'><strong>libere</strong></span> <span class='ocrx_word' id='word_1_493' title='bbox 3062 2215 3118 2262; x_wconf 89' lang='lat' dir='ltr'><strong>et</strong></span> <span class='ocrx_word' id='word_1_494' title='bbox 3164 2206 3502 2265; x_wconf 88' lang='lat' dir='ltr'><strong>familiariter</strong></span> 
     </span>
    </p>
   </div>
   <div class='ocr_carea' id='block_1_67' title="bbox 1899 2295 3506 2372">
    <p class='ocr_par' dir='ltr' id='par_1_67' title="bbox 1899 2295 3506 2372">
     <span class='ocr_line' id='line_1_67' title="bbox 1899 2295 3506 2372; baseline 0.004 -21"><span class='ocrx_word' id='word_1_495' title='bbox 1899 2304 2077 2353; x_wconf 89' lang='lat' dir='ltr'><strong>tecum</strong></span> <span class='ocrx_word' id='word_1_496' title='bbox 2108 2312 2291 2369; x_wconf 86' lang='lat' dir='ltr'><strong>agere.</strong></span> <span class='ocrx_word' id='word_1_497' title='bbox 2320 2296 2476 2352; x_wconf 87' lang='lat' dir='ltr'><strong>Facit</strong></span> <span class='ocrx_word' id='word_1_498' title='bbox 2517 2295 2621 2359; x_wconf 85' lang='lat' dir='ltr'><strong>hoc</strong></span> <span class='ocrx_word' id='word_1_499' title='bbox 2668 2300 2765 2354; x_wconf 89' lang='lat' dir='ltr'><strong>abs</strong></span> <span class='ocrx_word' id='word_1_500' title='bbox 2797 2307 2850 2353; x_wconf 91' lang='lat' dir='ltr'><strong>te</strong></span> <span class='ocrx_word' id='word_1_501' title='bbox 2883 2309 3204 2368; x_wconf 83' lang='lat' dir='ltr'><strong>provocatus</strong></span> <span class='ocrx_word' id='word_1_502' title='bbox 3255 2318 3269 2356; x_wconf 87' lang='lat'><strong>:</strong></span> <span class='ocrx_word' id='word_1_503' title='bbox 3329 2318 3506 2372; x_wconf 91' lang='lat' dir='ltr'><strong>neque</strong></span> 
     </span>
    </p>
   </div>
   <div class='ocr_carea' id='block_1_68' title="bbox 1899 2390 3507 2465">
    <p class='ocr_par' dir='ltr' id='par_1_68' title="bbox 1899 2390 3507 2465">
     <span class='ocr_line' id='line_1_68' title="bbox 1899 2390 3507 2465; baseline 0.004 -20"><span class='ocrx_word' id='word_1_504' title='bbox 1899 2400 2115 2457; x_wconf 85' lang='lat' dir='ltr'><strong>tamen,</strong></span> <span class='ocrx_word' id='word_1_505' title='bbox 2143 2401 2199 2444; x_wconf 91' lang='lat' dir='ltr'><strong>ttt</strong></span> <span class='ocrx_word' id='word_1_506' title='bbox 2228 2390 2369 2457; x_wconf 86' lang='lat' dir='ltr'><strong>scis,</strong></span> <span class='ocrx_word' id='word_1_507' title='bbox 2400 2406 2615 2447; x_wconf 82' lang='lat' dir='ltr'><strong>causam</strong></span> <span class='ocrx_word' id='word_1_508' title='bbox 2649 2392 2757 2457; x_wconf 73' lang='lat' dir='ltr'><strong>agit</strong></span> <span class='ocrx_word' id='word_1_509' title='bbox 2799 2409 2973 2448; x_wconf 91' lang='lat' dir='ltr'><strong>suam.</strong></span> <span class='ocrx_word' id='word_1_510' title='bbox 3016 2394 3154 2462; x_wconf 89' lang='lat' dir='ltr'><strong>Quid</strong></span> <span class='ocrx_word' id='word_1_511' title='bbox 3200 2396 3343 2452; x_wconf 88' lang='lat' dir='ltr'><strong>enim</strong></span> <span class='ocrx_word' id='word_1_512' title='bbox 3389 2397 3507 2465; x_wconf 85' lang='lat' dir='ltr'><strong>eius</strong></span> 
     </span>
    </p>
   </div>
   <div class='ocr_carea' id='block_1_69' title="bbox 1899 2483 3504 2560">
    <p class='ocr_par' dir='ltr' id='par_1_69' title="bbox 1899 2483 3504 2560">
     <span class='ocr_line' id='line_1_69' title="bbox 1899 2483 3504 2560; baseline 0.001 -21"><span class='ocrx_word' id='word_1_513' title='bbox 1899 2483 2148 2553; x_wconf 83' lang='lat' dir='ltr'><strong>privatim</strong></span> <span class='ocrx_word' id='word_1_514' title='bbox 2182 2483 2436 2549; x_wconf 88' lang='lat' dir='ltr'><strong>interest,</strong></span> <span class='ocrx_word' id='word_1_515' title='bbox 2463 2494 2518 2539; x_wconf 92' lang='lat' dir='ltr'><strong>et</strong></span> <span class='ocrx_word' id='word_1_516' title='bbox 2547 2483 2591 2538; x_wconf 91' lang='lat' dir='ltr'><strong>si</strong></span> <span class='ocrx_word' id='word_1_517' title='bbox 2632 2495 2845 2540; x_wconf 85' lang='lat' dir='ltr'><strong>evertas</strong></span> <span class='ocrx_word' id='word_1_518' title='bbox 2874 2486 3134 2557; x_wconf 86' lang='lat' dir='ltr'><strong>quidquid</strong></span> <span class='ocrx_word' id='word_1_519' title='bbox 3176 2502 3458 2560; x_wconf 79' lang='lat' dir='ltr'><strong>oppugnas</strong></span> <span class='ocrx_word' id='word_1_520' title='bbox 3479 2490 3504 2541; x_wconf 88' lang='lat'><strong>?</strong></span> 
     </span>
    </p>
   </div>
   <div class='ocr_carea' id='block_1_70' title="bbox 1901 2577 3575 2652">
    <p class='ocr_par' dir='ltr' id='par_1_70' title="bbox 1901 2577 3575 2652">
     <span class='ocr_line' id='line_1_70' title="bbox 1901 2577 3575 2652; baseline 0.002 -19"><span class='ocrx_word' id='word_1_521' title='bbox 1901 2579 2046 2649; x_wconf 86' lang='lat' dir='ltr'><strong>Ergo</strong></span> <span class='ocrx_word' id='word_1_522' title='bbox 2077 2587 2226 2633; x_wconf 91' lang='lat' dir='ltr'><strong>tanto</strong></span> <span class='ocrx_word' id='word_1_523' title='bbox 2244 2577 2416 2648; x_wconf 86' lang='lat' dir='ltr'><strong>magis</strong></span> <span class='ocrx_word' id='word_1_524' title='bbox 2441 2592 2703 2649; x_wconf 88' lang='lat' dir='ltr'><strong>agnosces</strong></span> <span class='ocrx_word' id='word_1_525' title='bbox 2725 2594 2847 2633; x_wconf 89' lang='lat' dir='ltr'><strong>eum</strong></span> <span class='ocrx_word' id='word_1_526' title='bbox 2878 2579 3168 2636; x_wconf 87' lang='lat' dir='ltr'><strong>liberaliter</strong></span> <span class='ocrx_word' id='word_1_527' title='bbox 3194 2590 3249 2637; x_wconf 91' lang='lat' dir='ltr'><strong>et</strong></span> <span class='ocrx_word' id='word_1_528' title='bbox 3273 2582 3503 2652; x_wconf 89' lang='lat' dir='ltr'><strong>ingenue</strong></span> <span class='ocrx_word' id='word_1_529' title='bbox 3570 2616 3575 2622; x_wconf 27' lang='grc'>⁴</span> 
     </span>
    </p>
   </div>
   <div class='ocr_carea' id='block_1_71' title="bbox 1899 2672 3501 2744">
    <p class='ocr_par' dir='ltr' id='par_1_71' title="bbox 1899 2672 3501 2744">
     <span class='ocr_line' id='line_1_71' title="bbox 1899 2672 3501 2744; baseline 0 -16"><span class='ocrx_word' id='word_1_530' title='bbox 1899 2688 2080 2744; x_wconf 88' lang='lat' dir='ltr'><strong>agere.</strong></span> <span class='ocrx_word' id='word_1_531' title='bbox 2112 2672 2219 2730; x_wconf 90' lang='lat' dir='ltr'><strong>Sed</strong></span> <span class='ocrx_word' id='word_1_532' title='bbox 2251 2686 2426 2743; x_wconf 90' lang='lat' dir='ltr'><strong>neque</strong></span> <span class='ocrx_word' id='word_1_533' title='bbox 2445 2714 2460 2739; x_wconf 90' lang='lat'><strong>,</strong></span> <span class='ocrx_word' id='word_1_534' title='bbox 2487 2674 2613 2744; x_wconf 91' lang='lat' dir='ltr'><strong>quia</strong></span> <span class='ocrx_word' id='word_1_535' title='bbox 2638 2672 3065 2729; x_wconf 72' lang='lat' dir='ltr'><strong>Iurisconsultus</strong></span> <span class='ocrx_word' id='word_1_536' title='bbox 3088 2674 3196 2741; x_wconf 82' lang='lat' dir='ltr'><strong>sit,</strong></span> <span class='ocrx_word' id='word_1_537' title='bbox 3224 2686 3280 2732; x_wconf 89' lang='lat' dir='ltr'><strong>et</strong></span> <span class='ocrx_word' id='word_1_538' title='bbox 3300 2676 3501 2739; x_wconf 87' lang='lat' dir='ltr'><strong>studia,</strong></span> 
     </span>
    </p>
   </div>
   <div class='ocr_carea' id='block_1_72' title="bbox 1901 2766 3505 2839">
    <p class='ocr_par' dir='ltr' id='par_1_72' title="bbox 1901 2766 3505 2839">
     <span class='ocr_line' id='line_1_72' title="bbox 1901 2766 3505 2839; baseline 0.003 -18"><span class='ocrx_word' id='word_1_539' title='bbox 1901 2782 2023 2839; x_wconf 77' lang='lat' dir='ltr'><strong>qua:</strong></span> <span class='ocrx_word' id='word_1_540' title='bbox 2081 2774 2315 2829; x_wconf 79' lang='lat' dir='ltr'><strong>tractas,</strong></span> <span class='ocrx_word' id='word_1_541' title='bbox 2368 2766 2567 2838; x_wconf 89' lang='lat' dir='ltr'><strong>alioqui</strong></span> <span class='ocrx_word' id='word_1_542' title='bbox 2620 2775 2852 2823; x_wconf 89' lang='lat' dir='ltr'><strong>tractare</strong></span> <span class='ocrx_word' id='word_1_543' title='bbox 2901 2783 3009 2822; x_wconf 88' lang='lat' dir='ltr'><strong>non</strong></span> <span class='ocrx_word' id='word_1_544' title='bbox 3059 2769 3262 2837; x_wconf 88' lang='lat' dir='ltr'><strong>soleat,</strong></span> <span class='ocrx_word' id='word_1_545' title='bbox 3318 2769 3505 2838; x_wconf 76' lang='lat' dir='ltr'><strong>iniquo</strong></span> 
     </span>
    </p>
   </div>
   <div class='ocr_carea' id='block_1_73' title="bbox 1901 2861 3505 2927">
    <p class='ocr_par' dir='ltr' id='par_1_73' title="bbox 1901 2861 3505 2927">
     <span class='ocr_line' id='line_1_73' title="bbox 1901 2861 3505 2927; baseline 0.002 -14"><span class='ocrx_word' id='word_1_546' title='bbox 1901 2862 2084 2915; x_wconf 90' lang='lat' dir='ltr'><strong>animo</strong></span> <span class='ocrx_word' id='word_1_547' title='bbox 2112 2861 2286 2927; x_wconf 86' lang='lat' dir='ltr'><strong>feres,</strong></span> <span class='ocrx_word' id='word_1_548' title='bbox 2320 2875 2443 2915; x_wconf 90' lang='lat' dir='ltr'><strong>eum</strong></span> <span class='ocrx_word' id='word_1_549' title='bbox 2474 2869 2653 2916; x_wconf 90' lang='lat' dir='ltr'><strong>tamen</strong></span> <span class='ocrx_word' id='word_1_550' title='bbox 2700 2876 2806 2915; x_wconf 84' lang='lat' dir='ltr'><strong>non</strong></span> <span class='ocrx_word' id='word_1_551' title='bbox 2839 2876 2959 2916; x_wconf 88' lang='lat' dir='ltr'><strong>esse</strong></span> <span class='ocrx_word' id='word_1_552' title='bbox 3004 2861 3237 2917; x_wconf 91' lang='lat' dir='ltr'><strong>alienum</strong></span> <span class='ocrx_word' id='word_1_553' title='bbox 3267 2861 3366 2917; x_wconf 91' lang='lat' dir='ltr'><strong>abs</strong></span> <span class='ocrx_word' id='word_1_554' title='bbox 3413 2877 3505 2917; x_wconf 86' lang='lat' dir='ltr'><strong>sa-</strong></span> 
     </span>
    </p>
   </div>
   <div class='ocr_carea' id='block_1_74' title="bbox 1902 2952 3504 3019">
    <p class='ocr_par' dir='ltr' id='par_1_74' title="bbox 1902 2952 3504 3019">
     <span class='ocr_line' id='line_1_74' title="bbox 1902 2952 3504 3019; baseline 0.001 -11"><span class='ocrx_word' id='word_1_555' title='bbox 1902 2952 2010 3008; x_wconf 91' lang='lat' dir='ltr'><strong>cris</strong></span> <span class='ocrx_word' id='word_1_556' title='bbox 2039 2962 2094 3009; x_wconf 90' lang='lat' dir='ltr'><strong>et</strong></span> <span class='ocrx_word' id='word_1_557' title='bbox 2122 2953 2517 3009; x_wconf 86' lang='lat' dir='ltr'><strong>Ecelesiasticis</strong></span> <span class='ocrx_word' id='word_1_558' title='bbox 2564 2952 2790 3019; x_wconf 88' lang='lat' dir='ltr'><strong>litteris;</strong></span> <span class='ocrx_word' id='word_1_559' title='bbox 2832 2953 2943 3009; x_wconf 89' lang='lat' dir='ltr'><strong>imo</strong></span> <span class='ocrx_word' id='word_1_560' title='bbox 2988 2968 3119 3010; x_wconf 90' lang='lat' dir='ltr'><strong>vero</strong></span> <span class='ocrx_word' id='word_1_561' title='bbox 3147 2969 3268 3011; x_wconf 91' lang='lat' dir='ltr'><strong>esse</strong></span> <span class='ocrx_word' id='word_1_562' title='bbox 3297 2956 3504 3010; x_wconf 80' lang='lat' dir='ltr'><strong>studio-</strong></span> 
     </span>
    </p>
   </div>
   <div class='ocr_carea' id='block_1_75' title="bbox 1904 3046 2714 3119">
    <p class='ocr_par' dir='ltr' id='par_1_75' title="bbox 1904 3046 2714 3119">
     <span class='ocr_line' id='line_1_75' title="bbox 1904 3046 2714 3119; baseline -0.001 -17"><span class='ocrx_word' id='word_1_563' title='bbox 1904 3062 2023 3103; x_wconf 90' lang='lat' dir='ltr'><strong>sum</strong></span> <span class='ocrx_word' id='word_1_564' title='bbox 2066 3047 2344 3117; x_wconf 89' lang='lat' dir='ltr'><strong>utriusque</strong></span> <span class='ocrx_word' id='word_1_565' title='bbox 2364 3047 2525 3119; x_wconf 88' lang='lat' dir='ltr'><strong>iuris.</strong></span> <span class='ocrx_word' id='word_1_566' title='bbox 2564 3046 2714 3103; x_wconf 91' lang='lat' dir='ltr'><strong>Vale.</strong></span> 
     </span>
    </p>
   </div>
   <div class='ocr_carea' id='block_1_76' title="bbox 2263 3182 3138 3241">
    <p class='ocr_par' dir='ltr' id='par_1_76' title="bbox 2263 3182 3138 3241">
     <span class='ocr_line' id='line_1_76' title="bbox 2263 3182 3138 3241; baseline -0.001 -1"><span class='ocrx_word' id='word_1_567' title='bbox 2263 3182 2625 3241; x_wconf 76' lang='lat' dir='ltr'><strong>FRANCISCI</strong></span> <span class='ocrx_word' id='word_1_568' title='bbox 2668 3182 2997 3241; x_wconf 81' lang='lat' dir='ltr'><strong>BALDUINI</strong></span> <span class='ocrx_word' id='word_1_569' title='bbox 3032 3182 3138 3240; x_wconf 80' lang='lat' dir='ltr'><strong>JC.</strong></span> 
     </span>
    </p>
   </div>
   <div class='ocr_carea' id='block_1_77' title="bbox 2332 3311 3082 3354">
    <p class='ocr_par' dir='ltr' id='par_1_77' title="bbox 2332 3311 3082 3354">
     <span class='ocr_line' id='line_1_77' title="bbox 2332 3311 3082 3354; baseline 0.001 -2"><span class='ocrx_word' id='word_1_570' title='bbox 2332 3311 2616 3354; x_wconf 60' lang='lat' dir='ltr'><strong>PBll-‘A‘I&#39;IO</strong></span> <span class='ocrx_word' id='word_1_571' title='bbox 2665 3313 2735 3353; x_wconf 75' lang='lat' dir='ltr'><strong>AD</strong></span> <span class='ocrx_word' id='word_1_572' title='bbox 2775 3311 3082 3353; x_wconf 74' lang='lat' dir='ltr'><strong>LECTOBEI.</strong></span> 
     </span>
    </p>
   </div>
   <div class='ocr_carea' id='block_1_78' title="bbox 2213 3410 3203 3483">
    <p class='ocr_par' dir='ltr' id='par_1_78' title="bbox 2213 3410 3203 3483">
     <span class='ocr_line' id='line_1_78' title="bbox 2213 3410 3203 3483; baseline 0.001 -16"><span class='ocrx_word' id='word_1_573' title='bbox 2213 3411 2448 3483; x_wconf 68' lang='lat' dir='ltr'><strong>Prw/im</strong></span> <span class='ocrx_word' id='word_1_574' title='bbox 2473 3411 2713 3468; x_wconf 77' lang='lat' dir='ltr'><strong>secunda:</strong></span> <span class='ocrx_word' id='word_1_575' title='bbox 2742 3411 2973 3467; x_wconf 83' lang='lat' dir='ltr'><strong>Editioni</strong></span> <span class='ocrx_word' id='word_1_576' title='bbox 3005 3410 3203 3483; x_wconf 80' lang='lat' dir='ltr'><strong>Optati.</strong></span> 
     </span>
    </p>
   </div>
   <div class='ocr_carea' id='block_1_79' title="bbox 1978 3504 3505 3579">
    <p class='ocr_par' dir='ltr' id='par_1_79' title="bbox 1978 3504 3505 3579">
     <span class='ocr_line' id='line_1_79' title="bbox 1978 3504 3505 3579; baseline -0.001 -15"><span class='ocrx_word' id='word_1_577' title='bbox 1978 3506 2062 3564; x_wconf 80' lang='lat' dir='ltr'><strong>Ad</strong></span> <span class='ocrx_word' id='word_1_578' title='bbox 2108 3506 2359 3562; x_wconf 65' lang='lat' dir='ltr'><strong>Historia:</strong></span> <span class='ocrx_word' id='word_1_579' title='bbox 2406 3504 2674 3562; x_wconf 66' lang='lat' dir='ltr'><strong>Africanae</strong></span> <span class='ocrx_word' id='word_1_580' title='bbox 2727 3504 3008 3561; x_wconf 76' lang='lat' dir='ltr'><strong>hietoriam</strong></span> <span class='ocrx_word' id='word_1_581' title='bbox 3049 3514 3290 3562; x_wconf 88' lang='lat' dir='ltr'><strong>veterem</strong></span> <span class='ocrx_word' id='word_1_582' title='bbox 3336 3511 3505 3579; x_wconf 88' lang='lat' dir='ltr'><strong>perti-</strong></span> 
     </span>
    </p>
   </div>
   <div class='ocr_carea' id='block_1_80' title="bbox 1910 3597 3503 3671">
    <p class='ocr_par' dir='ltr' id='par_1_80' title="bbox 1910 3597 3503 3671">
     <span class='ocr_line' id='line_1_80' title="bbox 1910 3597 3503 3671; baseline 0.002 -15"><span class='ocrx_word' id='word_1_583' title='bbox 1910 3608 2042 3656; x_wconf 91' lang='lat' dir='ltr'><strong>nent</strong></span> <span class='ocrx_word' id='word_1_584' title='bbox 2085 3598 2265 3671; x_wconf 89' lang='lat' dir='ltr'><strong>Optati</strong></span> <span class='ocrx_word' id='word_1_585' title='bbox 2318 3597 2612 3655; x_wconf 86' lang='lat' dir='ltr'><strong>Milevitani</strong></span> <span class='ocrx_word' id='word_1_586' title='bbox 2661 3606 2711 3654; x_wconf 89' lang='lat' dir='ltr'><strong>et</strong></span> <span class='ocrx_word' id='word_1_587' title='bbox 2764 3598 2945 3654; x_wconf 82' lang='lat' dir='ltr'><strong>Victor</strong></span> <span class='ocrx_word' id='word_1_588' title='bbox 2999 3597 3274 3657; x_wconf 89' lang='lat' dir='ltr'><strong>Uticensis</strong></span> <span class='ocrx_word' id='word_1_589' title='bbox 3315 3601 3503 3659; x_wconf 90' lang='lat' dir='ltr'><strong>libelli.</strong></span> 
     </span>
    </p>
   </div>
   <div class='ocr_carea' id='block_1_81' title="bbox 1908 3690 3513 3764">
    <p class='ocr_par' dir='ltr' id='par_1_81' title="bbox 1908 3690 3513 3764">
     <span class='ocr_line' id='line_1_81' title="bbox 1908 3690 3513 3764; baseline -0.001 -14"><span class='ocrx_word' id='word_1_590' title='bbox 1908 3694 2096 3764; x_wconf 84' lang='lat' dir='ltr'><strong>Neque</strong></span> <span class='ocrx_word' id='word_1_591' title='bbox 2119 3707 2397 3764; x_wconf 82' lang='lat' dir='ltr'><strong>negavero</strong></span> <span class='ocrx_word' id='word_1_592' title='bbox 2428 3691 2482 3746; x_wconf 93' lang='lat' dir='ltr'><strong>in</strong></span> <span class='ocrx_word' id='word_1_593' title='bbox 2505 3705 2693 3746; x_wconf 90' lang='lat' dir='ltr'><strong>eorum</strong></span> <span class='ocrx_word' id='word_1_594' title='bbox 2722 3690 2957 3745; x_wconf 90' lang='lat' dir='ltr'><strong>lectione</strong></span> <span class='ocrx_word' id='word_1_595' title='bbox 2980 3691 3270 3748; x_wconf 87' lang='lat' dir='ltr'><strong>tenendam</strong></span> <span class='ocrx_word' id='word_1_596' title='bbox 3297 3694 3513 3764; x_wconf 75' lang='lat' dir='ltr'><strong>queque</strong></span> 
     </span>
    </p>
   </div>
   <div class='ocr_carea' id='block_1_82' title="bbox 1909 3783 3513 3856">
    <p class='ocr_par' dir='ltr' id='par_1_82' title="bbox 1909 3783 3513 3856">
     <span class='ocr_line' id='line_1_82' title="bbox 1909 3783 3513 3856; baseline 0 -13"><span class='ocrx_word' id='word_1_597' title='bbox 1909 3801 2035 3843; x_wconf 81' lang='lat' dir='ltr'><strong>esse</strong></span> <span class='ocrx_word' id='word_1_598' title='bbox 2063 3787 2332 3842; x_wconf 72' lang='lat' dir='ltr'><strong>universa:</strong></span> <span class='ocrx_word' id='word_1_599' title='bbox 2358 3784 2557 3841; x_wconf 61' lang='lat' dir='ltr'><strong>Africa;</strong></span> <span class='ocrx_word' id='word_1_600' title='bbox 2600 3783 3009 3856; x_wconf 85' lang='lat' dir='ltr'><strong>geograpltiam.</strong></span> <span class='ocrx_word' id='word_1_601' title='bbox 3052 3783 3159 3841; x_wconf 88' lang='lat' dir='ltr'><strong>Sed</strong></span> <span class='ocrx_word' id='word_1_602' title='bbox 3207 3795 3267 3841; x_wconf 89' lang='lat' dir='ltr'><strong>ut</strong></span> <span class='ocrx_word' id='word_1_603' title='bbox 3308 3802 3372 3840; x_wconf 78' lang='lat' dir='ltr'><strong>ex</strong></span> <span class='ocrx_word' id='word_1_604' title='bbox 3425 3788 3513 3843; x_wconf 90' lang='lat' dir='ltr'><strong>illa</strong></span> 
     </span>
    </p>
   </div>
   <div class='ocr_carea' id='block_1_83' title="bbox 1909 3875 3505 3951">
    <p class='ocr_par' dir='ltr' id='par_1_83' title="bbox 1909 3875 3505 3951">
     <span class='ocr_line' id='line_1_83' title="bbox 1909 3875 3505 3951; baseline -0.002 -15"><span class='ocrx_word' id='word_1_605' title='bbox 1909 3880 2029 3951; x_wconf 90' lang='lat' dir='ltr'><strong>eius</strong></span> <span class='ocrx_word' id='word_1_606' title='bbox 2088 3878 2489 3949; x_wconf 90' lang='lat' dir='ltr'><strong>descriptione,</strong></span> <span class='ocrx_word' id='word_1_607' title='bbox 2548 3891 2709 3947; x_wconf 86' lang='lat' dir='ltr'><strong>quam</strong></span> <span class='ocrx_word' id='word_1_608' title='bbox 2759 3875 2989 3944; x_wconf 89' lang='lat' dir='ltr'><strong>Strabo,</strong></span> <span class='ocrx_word' id='word_1_609' title='bbox 3032 3876 3204 3942; x_wconf 81' lang='lat' dir='ltr'><strong>Mela,</strong></span> <span class='ocrx_word' id='word_1_610' title='bbox 3260 3878 3505 3947; x_wconf 86' lang='lat' dir='ltr'><strong>Plinius,</strong></span> 
     </span>
    </p>
   </div>
   <div class='ocr_carea' id='block_1_84' title="bbox 1910 3968 3508 4040">
    <p class='ocr_par' dir='ltr' id='par_1_84' title="bbox 1910 3968 3508 4040">
     <span class='ocr_line' id='line_1_84' title="bbox 1910 3968 3508 4040; baseline 0.001 -13"><span class='ocrx_word' id='word_1_611' title='bbox 1910 3971 2241 4028; x_wconf 59' lang='lat' dir='ltr'><strong>Ptolomaeus</strong></span> <span class='ocrx_word' id='word_1_612' title='bbox 2283 3971 2412 4027; x_wconf 93' lang='lat' dir='ltr'><strong>olim</strong></span> <span class='ocrx_word' id='word_1_613' title='bbox 2461 3968 2683 4026; x_wconf 90' lang='lat' dir='ltr'><strong>edidere</strong></span> <span class='ocrx_word' id='word_1_614' title='bbox 2706 4011 2721 4034; x_wconf 94' lang='lat'><strong>,</strong></span> <span class='ocrx_word' id='word_1_615' title='bbox 2754 3968 2928 4025; x_wconf 85' lang='lat' dir='ltr'><strong>fateor</strong></span> <span class='ocrx_word' id='word_1_616' title='bbox 2949 3970 3150 4040; x_wconf 88' lang='lat' dir='ltr'><strong>aliquid</strong></span> <span class='ocrx_word' id='word_1_617' title='bbox 3183 3970 3317 4027; x_wconf 86' lang='lat' dir='ltr'><strong>lucis</strong></span> <span class='ocrx_word' id='word_1_618' title='bbox 3347 3987 3508 4028; x_wconf 89' lang='lat' dir='ltr'><strong>acce—</strong></span> 
     </span>
    </p>
   </div>
   <div class='ocr_carea' id='block_1_85' title="bbox 1912 4060 3513 4135">
    <p class='ocr_par' dir='ltr' id='par_1_85' title="bbox 1912 4060 3513 4135">
     <span class='ocr_line' id='line_1_85' title="bbox 1912 4060 3513 4135; baseline -0.001 -15"><span class='ocrx_word' id='word_1_619' title='bbox 1912 4064 2045 4121; x_wconf 91' lang='lat' dir='ltr'><strong>dere</strong></span> <span class='ocrx_word' id='word_1_620' title='bbox 2073 4062 2226 4119; x_wconf 89' lang='lat' dir='ltr'><strong>hisce</strong></span> <span class='ocrx_word' id='word_1_621' title='bbox 2255 4061 2485 4127; x_wconf 90' lang='lat' dir='ltr'><strong>libellis,</strong></span> <span class='ocrx_word' id='word_1_622' title='bbox 2513 4062 2593 4118; x_wconf 89' lang='lat' dir='ltr'><strong>sic</strong></span> <span class='ocrx_word' id='word_1_623' title='bbox 2619 4077 2684 4118; x_wconf 84' lang='lat' dir='ltr'><strong>ex</strong></span> <span class='ocrx_word' id='word_1_624' title='bbox 2719 4060 2804 4117; x_wconf 89' lang='lat' dir='ltr'><strong>bis</strong></span> <span class='ocrx_word' id='word_1_625' title='bbox 2832 4061 3069 4117; x_wconf 81' lang='lat' dir='ltr'><strong>vicissim</strong></span> <span class='ocrx_word' id='word_1_626' title='bbox 3101 4062 3226 4118; x_wconf 90' lang='lat' dir='ltr'><strong>dico</strong></span> <span class='ocrx_word' id='word_1_627' title='bbox 3252 4062 3401 4120; x_wconf 91' lang='lat' dir='ltr'><strong>illam</strong></span> <span class='ocrx_word' id='word_1_628' title='bbox 3434 4064 3513 4135; x_wconf 88' lang='lat' dir='ltr'><strong>ip-</strong></span> 
     </span>
    </p>
   </div>
   <div class='ocr_carea' id='block_1_86' title="bbox 1912 4154 3514 4228">
    <p class='ocr_par' dir='ltr' id='par_1_86' title="bbox 1912 4154 3514 4228">
     <span class='ocr_line' id='line_1_86' title="bbox 1912 4154 3514 4228; baseline -0.002 -14"><span class='ocrx_word' id='word_1_629' title='bbox 1912 4172 2031 4214; x_wconf 88' lang='lat' dir='ltr'><strong>sam</strong></span> <span class='ocrx_word' id='word_1_630' title='bbox 2058 4156 2285 4228; x_wconf 84' lang='lat' dir='ltr'><strong>eiusque</strong></span> <span class='ocrx_word' id='word_1_631' title='bbox 2314 4164 2369 4212; x_wconf 88' lang='lat' dir='ltr'><strong>et</strong></span> <span class='ocrx_word' id='word_1_632' title='bbox 2397 4155 2532 4212; x_wconf 89' lang='lat' dir='ltr'><strong>fines</strong></span> <span class='ocrx_word' id='word_1_633' title='bbox 2555 4165 2611 4211; x_wconf 90' lang='lat' dir='ltr'><strong>et</strong></span> <span class='ocrx_word' id='word_1_634' title='bbox 2637 4154 2803 4211; x_wconf 90' lang='lat' dir='ltr'><strong>urbes</strong></span> <span class='ocrx_word' id='word_1_635' title='bbox 2832 4169 3023 4212; x_wconf 89' lang='lat' dir='ltr'><strong>rursus</strong></span> <span class='ocrx_word' id='word_1_636' title='bbox 3048 4155 3326 4212; x_wconf 86' lang='lat' dir='ltr'><strong>illustrari.</strong></span> <span class='ocrx_word' id='word_1_637' title='bbox 3357 4159 3514 4214; x_wconf 81' lang='lat' dir='ltr'><strong>Addo</strong></span> 
     </span>
    </p>
   </div>
   <div class='ocr_carea' id='block_1_87' title="bbox 1915 4247 3511 4320">
    <p class='ocr_par' dir='ltr' id='par_1_87' title="bbox 1915 4247 3511 4320">
     <span class='ocr_line' id='line_1_87' title="bbox 1915 4247 3511 4320; baseline 0.001 -13"><span class='ocrx_word' id='word_1_638' title='bbox 1915 4251 2083 4308; x_wconf 89' lang='lat' dir='ltr'><strong>etiam</strong></span> <span class='ocrx_word' id='word_1_639' title='bbox 2110 4266 2218 4306; x_wconf 92' lang='lat' dir='ltr'><strong>non</strong></span> <span class='ocrx_word' id='word_1_640' title='bbox 2250 4248 2412 4306; x_wconf 90' lang='lat' dir='ltr'><strong>modo</strong></span> <span class='ocrx_word' id='word_1_641' title='bbox 2442 4249 2617 4320; x_wconf 88' lang='lat' dir='ltr'><strong>ipsum</strong></span> <span class='ocrx_word' id='word_1_642' title='bbox 2649 4247 2928 4316; x_wconf 84' lang='lat' dir='ltr'><strong>Orosium‘,</strong></span> <span class='ocrx_word' id='word_1_643' title='bbox 2952 4249 3048 4305; x_wconf 89' lang='lat' dir='ltr'><strong>lib.</strong></span> <span class='ocrx_word' id='word_1_644' title='bbox 3080 4265 3128 4315; x_wconf 92' lang='lat' dir='ltr'><strong>t,</strong></span> <span class='ocrx_word' id='word_1_645' title='bbox 3158 4264 3279 4320; x_wconf 91' lang='lat' dir='ltr'><strong>cap.</strong></span> <span class='ocrx_word' id='word_1_646' title='bbox 3307 4250 3345 4306; x_wconf 74' lang='lat'><strong>2</strong></span> <span class='ocrx_word' id='word_1_647' title='bbox 3370 4291 3386 4316; x_wconf 90' lang='lat'><strong>,</strong></span> <span class='ocrx_word' id='word_1_648' title='bbox 3416 4252 3511 4308; x_wconf 90' lang='lat' dir='ltr'><strong>sed</strong></span> 
     </span>
    </p>
   </div>
   <div class='ocr_carea' id='block_1_88' title="bbox 1914 4341 3518 4414">
    <p class='ocr_par' dir='ltr' id='par_1_88' title="bbox 1914 4341 3518 4414">
     <span class='ocr_line' id='line_1_88' title="bbox 1914 4341 3518 4414; baseline 0 -13"><span class='ocrx_word' id='word_1_649' title='bbox 1914 4354 1969 4402; x_wconf 86' lang='lat' dir='ltr'><strong>et</strong></span> <span class='ocrx_word' id='word_1_650' title='bbox 1998 4353 2243 4400; x_wconf 90' lang='lat' dir='ltr'><strong>nostrum</strong></span> <span class='ocrx_word' id='word_1_651' title='bbox 2267 4351 2540 4414; x_wconf 90' lang='lat' dir='ltr'><strong>postremo</strong></span> <span class='ocrx_word' id='word_1_652' title='bbox 2559 4341 2947 4408; x_wconf 84' lang='lat' dir='ltr'><strong>Jttstiuianum,</strong></span> <span class='ocrx_word' id='word_1_653' title='bbox 2974 4343 3026 4397; x_wconf 91' lang='lat' dir='ltr'><strong>in</strong></span> <span class='ocrx_word' id='word_1_654' title='bbox 3048 4343 3140 4399; x_wconf 88' lang='lat' dir='ltr'><strong>lib.</strong></span> <span class='ocrx_word' id='word_1_655' title='bbox 3163 4359 3181 4399; x_wconf 88' lang='lat' dir='ltr'><strong>l</strong></span> <span class='ocrx_word' id='word_1_656' title='bbox 3202 4350 3259 4399; x_wconf 90' lang='lat' dir='ltr'><strong>et</strong></span> <span class='ocrx_word' id='word_1_657' title='bbox 3279 4358 3337 4409; x_wconf 86' lang='lat' dir='ltr'><strong>tt,</strong></span> <span class='ocrx_word' id='word_1_658' title='bbox 3359 4341 3421 4399; x_wconf 88' lang='lat' dir='ltr'><strong>C.</strong></span> <span class='ocrx_word' id='word_1_659' title='bbox 3447 4345 3518 4401; x_wconf 91' lang='lat' dir='ltr'><strong>dc</strong></span> 
     </span>
    </p>
   </div>
   <div class='ocr_carea' id='block_1_89' title="bbox 1917 4434 3515 4508">
    <p class='ocr_par' dir='ltr' id='par_1_89' title="bbox 1917 4434 3515 4508">
     <span class='ocr_line' id='line_1_89' title="bbox 1917 4434 3515 4508; baseline 0 -15"><span class='ocrx_word' id='word_1_660' title='bbox 1917 4436 2063 4493; x_wconf 82' lang='lat' dir='ltr'><strong>ofﬁc.</strong></span> <span class='ocrx_word' id='word_1_661' title='bbox 2094 4435 2259 4492; x_wconf 81' lang='lat' dir='ltr'><strong>Praef.</strong></span> <span class='ocrx_word' id='word_1_662' title='bbox 2288 4436 2450 4491; x_wconf 70' lang='lat' dir='ltr'><strong>Prtct.</strong></span> <span class='ocrx_word' id='word_1_663' title='bbox 2482 4434 2624 4499; x_wconf 79' lang='lat' dir='ltr'><strong>Afr.,</strong></span> <span class='ocrx_word' id='word_1_664' title='bbox 2655 4434 2745 4495; x_wconf 89' lang='lat' dir='ltr'><strong>ubi</strong></span> <span class='ocrx_word' id='word_1_665' title='bbox 2767 4449 2890 4490; x_wconf 91' lang='lat' dir='ltr'><strong>cum</strong></span> <span class='ocrx_word' id='word_1_666' title='bbox 2924 4449 3121 4491; x_wconf 91' lang='lat' dir='ltr'><strong>novum</strong></span> <span class='ocrx_word' id='word_1_667' title='bbox 3149 4445 3205 4492; x_wconf 93' lang='lat' dir='ltr'><strong>et</strong></span> <span class='ocrx_word' id='word_1_668' title='bbox 3238 4439 3515 4508; x_wconf 89' lang='lat' dir='ltr'><strong>proprium</strong></span> 
     </span>
    </p>
   </div>
   <div class='ocr_carea' id='block_1_90' title="bbox 1922 4525 3521 4601">
    <p class='ocr_par' dir='ltr' id='par_1_90' title="bbox 1922 4525 3521 4601">
     <span class='ocr_line' id='line_1_90' title="bbox 1922 4525 3521 4601; baseline 0.002 -17"><span class='ocrx_word' id='word_1_669' title='bbox 1922 4528 2117 4584; x_wconf 69' lang='lat' dir='ltr'><strong>Africa:</strong></span> <span class='ocrx_word' id='word_1_670' title='bbox 2142 4526 2394 4599; x_wconf 79' lang='lat' dir='ltr'><strong>regendae</strong></span> <span class='ocrx_word' id='word_1_671' title='bbox 2414 4568 2430 4594; x_wconf 94' lang='lat'><strong>,</strong></span> <span class='ocrx_word' id='word_1_672' title='bbox 2463 4540 2623 4598; x_wconf 88' lang='lat' dir='ltr'><strong>quam</strong></span> <span class='ocrx_word' id='word_1_673' title='bbox 2665 4525 2921 4582; x_wconf 86' lang='lat' dir='ltr'><strong>Vandalis</strong></span> <span class='ocrx_word' id='word_1_674' title='bbox 2957 4526 3266 4597; x_wconf 85' lang='lat' dir='ltr'><strong>eripuerat,</strong></span> <span class='ocrx_word' id='word_1_675' title='bbox 3292 4531 3521 4601; x_wconf 66' lang='lat' dir='ltr'><strong>praefec-</strong></span> 
     </span>
    </p>
   </div>
   <div class='ocr_carea' id='block_1_91' title="bbox 200 4613 3521 4699">
    <p class='ocr_par' dir='ltr' id='par_1_91' title="bbox 200 4613 3521 4699">
     <span class='ocr_line' id='line_1_91' title="bbox 200 4613 3521 4699; baseline -0.003 -9"><span class='ocrx_word' id='word_1_676' title='bbox 200 4613 316 4693; x_wconf 86' lang='lat' dir='ltr'><strong>Sed</strong></span> <span class='ocrx_word' id='word_1_677' title='bbox 344 4646 443 4689; x_wconf 88' lang='lat' dir='ltr'><strong>eos</strong></span> <span class='ocrx_word' id='word_1_678' title='bbox 469 4632 628 4699; x_wconf 82' lang='lat' dir='ltr'><strong>longe</strong></span> <span class='ocrx_word' id='word_1_679' title='bbox 650 4635 976 4698; x_wconf 86' lang='lat' dir='ltr'><strong>superarunt</strong></span> <span class='ocrx_word' id='word_1_680' title='bbox 1003 4623 1323 4680; x_wconf 70' lang='lat' dir='ltr'><strong>Douatiaua:</strong></span> <span class='ocrx_word' id='word_1_681' title='bbox 1362 4617 1614 4675; x_wconf 89' lang='lat' dir='ltr'><strong>factionis</strong></span> <span class='ocrx_word' id='word_1_682' title='bbox 1658 4613 1815 4670; x_wconf 89' lang='lat' dir='ltr'><strong>satel-</strong></span> <span class='ocrx_word' id='word_1_683' title='bbox 1842 4622 1896 4685; x_wconf 85' lang='grc' dir='ltr'><strong>Ῑ)</strong></span> <span class='ocrx_word' id='word_1_684' title='bbox 1925 4630 2035 4676; x_wconf 88' lang='lat' dir='ltr'><strong>tum</strong></span> <span class='ocrx_word' id='word_1_685' title='bbox 2062 4619 2318 4690; x_wconf 63' lang='lat' dir='ltr'><strong>praetorio</strong></span> <span class='ocrx_word' id='word_1_686' title='bbox 2340 4616 2528 4684; x_wconf 89' lang='lat' dir='ltr'><strong>daret,</strong></span> <span class='ocrx_word' id='word_1_687' title='bbox 2560 4616 2714 4688; x_wconf 88' lang='lat' dir='ltr'><strong>cuius</strong></span> <span class='ocrx_word' id='word_1_688' title='bbox 2744 4617 2904 4674; x_wconf 90' lang='lat' dir='ltr'><strong>sedes</strong></span> <span class='ocrx_word' id='word_1_689' title='bbox 2946 4627 3093 4674; x_wconf 86' lang='lat' dir='ltr'><strong>esset</strong></span> <span class='ocrx_word' id='word_1_690' title='bbox 3142 4620 3197 4677; x_wconf 91' lang='lat' dir='ltr'><strong>in</strong></span> <span class='ocrx_word' id='word_1_691' title='bbox 3230 4622 3362 4678; x_wconf 89' lang='lat' dir='ltr'><strong>urbe</strong></span> <span class='ocrx_word' id='word_1_692' title='bbox 3390 4622 3521 4680; x_wconf 85' lang='lat' dir='ltr'><strong>Car-</strong></span> 
     </span>
    </p>
   </div>
   <div class='ocr_carea' id='block_1_92' title="bbox 199 4710 1820 4799">
    <p class='ocr_par' dir='ltr' id='par_1_92' title="bbox 199 4710 1820 4799">
     <span class='ocr_line' id='line_1_92' title="bbox 199 4710 1820 4799; baseline -0.013 -16"><span class='ocrx_word' id='word_1_693' title='bbox 199 4728 363 4793; x_wconf 87' lang='lat' dir='ltr'><strong>lites,</strong></span> <span class='ocrx_word' id='word_1_694' title='bbox 390 4724 483 4799; x_wconf 91' lang='lat' dir='ltr'><strong>qui</strong></span> <span class='ocrx_word' id='word_1_695' title='bbox 510 4740 570 4780; x_wconf 91' lang='lat' dir='ltr'><strong>se</strong></span> <span class='ocrx_word' id='word_1_696' title='bbox 592 4722 917 4779; x_wconf 89' lang='lat' dir='ltr'><strong>Sanctorum</strong></span> <span class='ocrx_word' id='word_1_697' title='bbox 942 4719 1024 4794; x_wconf 92' lang='lat' dir='ltr'><strong>(ut</strong></span> <span class='ocrx_word' id='word_1_698' title='bbox 1049 4719 1128 4773; x_wconf 91' lang='lat' dir='ltr'><strong>ait</strong></span> <span class='ocrx_word' id='word_1_699' title='bbox 1152 4713 1415 4787; x_wconf 84' lang='lat' dir='ltr'><strong>Optatos)</strong></span> <span class='ocrx_word' id='word_1_700' title='bbox 1460 4712 1630 4769; x_wconf 91' lang='lat' dir='ltr'><strong>duces</strong></span> <span class='ocrx_word' id='word_1_701' title='bbox 1656 4710 1820 4765; x_wconf 87' lang='lat' dir='ltr'><strong>etiam</strong></span> 
     </span>
    </p>
   </div>
   <div class='ocr_carea' id='block_1_93' title="bbox 201 4804 1819 4894">
    <p class='ocr_par' dir='ltr' id='par_1_93' title="bbox 201 4804 1819 4894">
     <span class='ocr_line' id='line_1_93' title="bbox 201 4804 1819 4894; baseline -0.013 -17"><span class='ocrx_word' id='word_1_702' title='bbox 201 4818 640 4894; x_wconf 88' lang='lat' dir='ltr'><strong>appellabant,et</strong></span> <span class='ocrx_word' id='word_1_703' title='bbox 659 4816 986 4870; x_wconf 70' lang='lat' dir='ltr'><strong>ittterea‘non</strong></span> <span class='ocrx_word' id='word_1_704' title='bbox 1002 4810 1163 4867; x_wconf 91' lang='lat' dir='ltr'><strong>modo</strong></span> <span class='ocrx_word' id='word_1_705' title='bbox 1175 4810 1414 4864; x_wconf 91' lang='lat' dir='ltr'><strong>omnium</strong></span> <span class='ocrx_word' id='word_1_706' title='bbox 1434 4804 1819 4867; x_wconf 88' lang='lat' dir='ltr'><strong>Barbarorum,</strong></span> 
     </span>
    </p>
   </div>
   <div class='ocr_carea' id='block_1_94' title="bbox 202 4897 1820 4973">
    <p class='ocr_par' dir='ltr' id='par_1_94' title="bbox 202 4897 1820 4973">
     <span class='ocr_line' id='line_1_94' title="bbox 202 4897 1820 4973; baseline -0.014 -3"><span class='ocrx_word' id='word_1_707' title='bbox 202 4911 463 4970; x_wconf 86' lang='lat' dir='ltr'><strong>omnium</strong></span> <span class='ocrx_word' id='word_1_708' title='bbox 490 4910 783 4970; x_wconf 90' lang='lat' dir='ltr'><strong>latronum.</strong></span> <span class='ocrx_word' id='word_1_709' title='bbox 815 4906 1129 4962; x_wconf 85' lang='lat' dir='ltr'><strong>sicariorum</strong></span> <span class='ocrx_word' id='word_1_710' title='bbox 1149 4945 1164 4969; x_wconf 94' lang='lat'><strong>,</strong></span> <span class='ocrx_word' id='word_1_711' title='bbox 1204 4903 1497 4973; x_wconf 88' lang='lat' dir='ltr'><strong>piratarum</strong></span> <span class='ocrx_word' id='word_1_712' title='bbox 1527 4897 1820 4961; x_wconf 90' lang='lat' dir='ltr'><strong>feritatem,</strong></span> 
     </span>
    </p>
   </div>
   <div class='ocr_carea' id='block_1_95' title="bbox 205 4987 1825 5075">
    <p class='ocr_par' dir='ltr' id='par_1_95' title="bbox 205 4987 1825 5075">
     <span class='ocr_line' id='line_1_95' title="bbox 205 4987 1825 5075; baseline -0.014 -12"><span class='ocrx_word' id='word_1_713' title='bbox 205 5005 311 5063; x_wconf 77' lang='lat' dir='ltr'><strong>Sed</strong></span> <span class='ocrx_word' id='word_1_714' title='bbox 343 5013 403 5061; x_wconf 90' lang='lat' dir='ltr'><strong>et</strong></span> <span class='ocrx_word' id='word_1_715' title='bbox 431 5003 599 5071; x_wconf 89' lang='lat' dir='ltr'><strong>ipsius</strong></span> <span class='ocrx_word' id='word_1_716' title='bbox 622 4999 707 5075; x_wconf 88' lang='lat' dir='ltr'><strong>(ut</strong></span> <span class='ocrx_word' id='word_1_717' title='bbox 734 5001 809 5054; x_wconf 89' lang='lat' dir='ltr'><strong>ait</strong></span> <span class='ocrx_word' id='word_1_718' title='bbox 838 4997 1194 5070; x_wconf 75' lang='lat' dir='ltr'><strong>Augustinus)</strong></span> <span class='ocrx_word' id='word_1_719' title='bbox 1222 4993 1445 5059; x_wconf 87' lang='lat' dir='ltr'><strong>diaboli,</strong></span> <span class='ocrx_word' id='word_1_720' title='bbox 1470 4992 1559 5061; x_wconf 89' lang='lat' dir='ltr'><strong>qui</strong></span> <span class='ocrx_word' id='word_1_721' title='bbox 1591 4987 1825 5046; x_wconf 89' lang='lat' dir='ltr'><strong>crudeli-</strong></span> 
     </span>
    </p>
   </div>
   <div class='ocr_carea' id='block_1_96' title="bbox 204 5087 1822 5166">
    <p class='ocr_par' dir='ltr' id='par_1_96' title="bbox 204 5087 1822 5166">
     <span class='ocr_line' id='line_1_96' title="bbox 204 5087 1822 5166; baseline -0.014 -9"><span class='ocrx_word' id='word_1_722' title='bbox 204 5110 392 5157; x_wconf 81' lang='lat' dir='ltr'><strong>talum</strong></span> <span class='ocrx_word' id='word_1_723' title='bbox 409 5097 651 5153; x_wconf 90' lang='lat' dir='ltr'><strong>omnium</strong></span> <span class='ocrx_word' id='word_1_724' title='bbox 671 5094 926 5166; x_wconf 88' lang='lat' dir='ltr'><strong>magister</strong></span> <span class='ocrx_word' id='word_1_725' title='bbox 941 5102 1047 5154; x_wconf 82' lang='lat' dir='ltr'><strong>eSt.</strong></span> <span class='ocrx_word' id='word_1_726' title='bbox 1069 5087 1451 5145; x_wconf 86' lang='lat' dir='ltr'><strong>truculentiam</strong></span> <span class='ocrx_word' id='word_1_727' title='bbox 1476 5090 1822 5156; x_wconf 86' lang='lat' dir='ltr'><strong>superarunt.</strong></span> 
     </span>
    </p>
   </div>
   <div class='ocr_carea' id='block_1_97' title="bbox 206 5174 1827 5262">
    <p class='ocr_par' dir='ltr' id='par_1_97' title="bbox 206 5174 1827 5262">
     <span class='ocr_line' id='line_1_97' title="bbox 206 5174 1827 5262; baseline -0.013 -13"><span class='ocrx_word' id='word_1_728' title='bbox 206 5192 303 5249; x_wconf 89' lang='lat' dir='ltr'><strong>En</strong></span> <span class='ocrx_word' id='word_1_729' title='bbox 332 5204 444 5262; x_wconf 92' lang='lat' dir='ltr'><strong>quo</strong></span> <span class='ocrx_word' id='word_1_730' title='bbox 468 5188 647 5244; x_wconf 87' lang='lat' dir='ltr'><strong>statim</strong></span> <span class='ocrx_word' id='word_1_731' title='bbox 674 5185 944 5242; x_wconf 68' lang='lat' dir='ltr'><strong>Africana:</strong></span> <span class='ocrx_word' id='word_1_732' title='bbox 976 5183 1120 5239; x_wconf 91' lang='lat' dir='ltr'><strong>illius</strong></span> <span class='ocrx_word' id='word_1_733' title='bbox 1150 5179 1552 5238; x_wconf 86' lang='lat' dir='ltr'><strong>reformationis</strong></span> <span class='ocrx_word' id='word_1_734' title='bbox 1567 5174 1827 5247; x_wconf 72' lang='lat' dir='ltr'><strong>tragmdia</strong></span> 
     </span>
    </p>
   </div>
   <div class='ocr_carea' id='block_1_98' title="bbox 205 5269 1830 5341">
    <p class='ocr_par' dir='ltr' id='par_1_98' title="bbox 205 5269 1830 5341">
     <span class='ocr_line' id='line_1_98' title="bbox 205 5269 1830 5341; baseline -0.011 0"><span class='ocrx_word' id='word_1_735' title='bbox 205 5285 417 5341; x_wconf 81' lang='lat' dir='ltr'><strong>evasit.</strong></span> <span class='ocrx_word' id='word_1_736' title='bbox 442 5281 663 5339; x_wconf 87' lang='lat' dir='ltr'><strong>Utinam</strong></span> <span class='ocrx_word' id='word_1_737' title='bbox 695 5289 876 5335; x_wconf 86' lang='lat' dir='ltr'><strong>nostra</strong></span> <span class='ocrx_word' id='word_1_738' title='bbox 909 5287 1040 5333; x_wconf 72' lang='lat' dir='ltr'><strong>tetas</strong></span> <span class='ocrx_word' id='word_1_739' title='bbox 1086 5275 1321 5331; x_wconf 88' lang='lat' dir='ltr'><strong>similem</strong></span> <span class='ocrx_word' id='word_1_740' title='bbox 1354 5271 1582 5340; x_wconf 86' lang='lat' dir='ltr'><strong>epitasiu</strong></span> <span class='ocrx_word' id='word_1_741' title='bbox 1614 5283 1721 5325; x_wconf 88' lang='lat' dir='ltr'><strong>non</strong></span> <span class='ocrx_word' id='word_1_742' title='bbox 1749 5269 1830 5324; x_wconf 87' lang='lat' dir='ltr'><strong>vi-</strong></span> 
     </span>
    </p>
   </div>
   <div class='ocr_carea' id='block_1_99' title="bbox 205 5363 1831 5443">
    <p class='ocr_par' dir='ltr' id='par_1_99' title="bbox 205 5363 1831 5443">
     <span class='ocr_line' id='line_1_99' title="bbox 205 5363 1831 5443; baseline -0.011 -7"><span class='ocrx_word' id='word_1_743' title='bbox 205 5377 351 5436; x_wconf 86' lang='lat' dir='ltr'><strong>deat</strong></span> <span class='ocrx_word' id='word_1_744' title='bbox 392 5385 485 5430; x_wconf 90' lang='lat' dir='ltr'><strong>aut</strong></span> <span class='ocrx_word' id='word_1_745' title='bbox 529 5371 915 5443; x_wconf 87' lang='lat' dir='ltr'><strong>catastrophen</strong></span> <span class='ocrx_word' id='word_1_746' title='bbox 955 5385 1071 5426; x_wconf 72' lang='lat' dir='ltr'><strong>sua:</strong></span> <span class='ocrx_word' id='word_1_747' title='bbox 1093 5369 1310 5425; x_wconf 67' lang='lat' dir='ltr'><strong>fabulae.</strong></span> <span class='ocrx_word' id='word_1_748' title='bbox 1354 5364 1410 5423; x_wconf 90' lang='lat' dir='ltr'><strong>Si</strong></span> <span class='ocrx_word' id='word_1_749' title='bbox 1449 5374 1629 5421; x_wconf 90' lang='lat' dir='ltr'><strong>tamen</strong></span> <span class='ocrx_word' id='word_1_750' title='bbox 1669 5363 1831 5419; x_wconf 86' lang='lat' dir='ltr'><strong>fatale</strong></span> 
     </span>
    </p>
   </div>
   <div class='ocr_carea' id='block_1_100' title="bbox 208 5461 1827 5536">
    <p class='ocr_par' dir='ltr' id='par_1_100' title="bbox 208 5461 1827 5536">
     <span class='ocr_line' id='line_1_100' title="bbox 208 5461 1827 5536; baseline -0.01 -9"><span class='ocrx_word' id='word_1_751' title='bbox 208 5470 432 5527; x_wconf 86' lang='lat' dir='ltr'><strong>malum</strong></span> <span class='ocrx_word' id='word_1_752' title='bbox 472 5475 579 5533; x_wconf 89' lang='lat' dir='ltr'><strong>est,</strong></span> <span class='ocrx_word' id='word_1_753' title='bbox 635 5465 780 5536; x_wconf 89' lang='lat' dir='ltr'><strong>quod</strong></span> <span class='ocrx_word' id='word_1_754' title='bbox 825 5463 1140 5535; x_wconf 86' lang='lat' dir='ltr'><strong>impendet,</strong></span> <span class='ocrx_word' id='word_1_755' title='bbox 1195 5461 1389 5516; x_wconf 87' lang='lat' dir='ltr'><strong>frustra</strong></span> <span class='ocrx_word' id='word_1_756' title='bbox 1442 5472 1827 5530; x_wconf 88' lang='lat' dir='ltr'><strong>repugnamus.</strong></span> 
     </span>
    </p>
   </div>
   <div class='ocr_carea' id='block_1_101' title="bbox 205 5552 1833 5633">
    <p class='ocr_par' dir='ltr' id='par_1_101' title="bbox 205 5552 1833 5633">
     <span class='ocr_line' id='line_1_101' title="bbox 205 5552 1833 5633; baseline -0.007 -13"><span class='ocrx_word' id='word_1_757' title='bbox 205 5562 363 5621; x_wconf 86' lang='lat' dir='ltr'><strong>Nam</strong></span> <span class='ocrx_word' id='word_1_758' title='bbox 394 5558 604 5633; x_wconf 87' lang='lat' dir='ltr'><strong>etquid</strong></span> <span class='ocrx_word' id='word_1_759' title='bbox 657 5568 988 5623; x_wconf 87' lang='lat' dir='ltr'><strong>mereantur,</strong></span> <span class='ocrx_word' id='word_1_760' title='bbox 1044 5554 1137 5627; x_wconf 91' lang='lat' dir='ltr'><strong>qui</strong></span> <span class='ocrx_word' id='word_1_761' title='bbox 1183 5554 1385 5610; x_wconf 91' lang='lat' dir='ltr'><strong>nullam</strong></span> <span class='ocrx_word' id='word_1_762' title='bbox 1433 5552 1833 5609; x_wconf 90' lang='lat' dir='ltr'><strong>correctionem</strong></span> 
     </span>
    </p>
   </div>
   <div class='ocr_carea' id='block_1_102' title="bbox 206 5642 1834 5719">
    <p class='ocr_par' dir='ltr' id='par_1_102' title="bbox 206 5642 1834 5719">
     <span class='ocr_line' id='line_1_102' title="bbox 206 5642 1834 5719; baseline -0.009 -7"><span class='ocrx_word' id='word_1_763' title='bbox 206 5655 543 5716; x_wconf 85' lang='lat' dir='ltr'><strong>admittunt,</strong></span> <span class='ocrx_word' id='word_1_764' title='bbox 595 5650 733 5717; x_wconf 86' lang='lat' dir='ltr'><strong>scio,</strong></span> <span class='ocrx_word' id='word_1_765' title='bbox 779 5657 835 5706; x_wconf 90' lang='lat' dir='ltr'><strong>et</strong></span> <span class='ocrx_word' id='word_1_766' title='bbox 873 5649 1083 5717; x_wconf 86' lang='lat' dir='ltr'><strong>iustum</strong></span> <span class='ocrx_word' id='word_1_767' title='bbox 1128 5662 1366 5719; x_wconf 88' lang='lat' dir='ltr'><strong>agnosco</strong></span> <span class='ocrx_word' id='word_1_768' title='bbox 1402 5646 1496 5702; x_wconf 89' lang='lat' dir='ltr'><strong>Dei</strong></span> <span class='ocrx_word' id='word_1_769' title='bbox 1524 5642 1787 5716; x_wconf 85' lang='lat' dir='ltr'><strong>iudicium</strong></span> <span class='ocrx_word' id='word_1_770' title='bbox 1817 5683 1834 5709; x_wconf 93' lang='lat'><strong>,</strong></span> 
     </span>
    </p>
   </div>
   <div class='ocr_carea' id='block_1_103' title="bbox 208 5736 1837 5813">
    <p class='ocr_par' dir='ltr' id='par_1_103' title="bbox 208 5736 1837 5813">
     <span class='ocr_line' id='line_1_103' title="bbox 208 5736 1837 5813; baseline -0.009 -6"><span class='ocrx_word' id='word_1_771' title='bbox 208 5764 325 5807; x_wconf 86' lang='lat' dir='ltr'><strong>eos</strong></span> <span class='ocrx_word' id='word_1_772' title='bbox 360 5746 530 5802; x_wconf 88' lang='lat' dir='ltr'><strong>veluti</strong></span> <span class='ocrx_word' id='word_1_773' title='bbox 576 5760 736 5799; x_wconf 85' lang='lat' dir='ltr'><strong>manu</strong></span> <span class='ocrx_word' id='word_1_774' title='bbox 776 5750 981 5797; x_wconf 86' lang='lat' dir='ltr'><strong>armata</strong></span> <span class='ocrx_word' id='word_1_775' title='bbox 1031 5740 1452 5813; x_wconf 88' lang='lat' dir='ltr'><strong>persequentis,</strong></span> <span class='ocrx_word' id='word_1_776' title='bbox 1501 5746 1561 5793; x_wconf 89' lang='lat' dir='ltr'><strong>ut</strong></span> <span class='ocrx_word' id='word_1_777' title='bbox 1605 5736 1697 5809; x_wconf 89' lang='lat' dir='ltr'><strong>qui</strong></span> <span class='ocrx_word' id='word_1_778' title='bbox 1750 5736 1837 5793; x_wconf 87' lang='lat' dir='ltr'><strong>lo-</strong></span> 
     </span>
    </p>
   </div>
   <div class='ocr_carea' id='block_1_104' title="bbox 201 5831 1840 5919">
    <p class='ocr_par' dir='ltr' id='par_1_104' title="bbox 201 5831 1840 5919">
     <span class='ocr_line' id='line_1_104' title="bbox 201 5831 1840 5919; baseline -0.005 -20"><span class='ocrx_word' id='word_1_779' title='bbox 201 5847 492 5919; x_wconf 86' lang='lat' dir='ltr'><strong>quentem</strong></span> <span class='ocrx_word' id='word_1_780' title='bbox 514 5854 622 5896; x_wconf 88' lang='lat' dir='ltr'><strong>non</strong></span> <span class='ocrx_word' id='word_1_781' title='bbox 654 5837 900 5899; x_wconf 86' lang='lat' dir='ltr'><strong>audiunt,</strong></span> <span class='ocrx_word' id='word_1_782' title='bbox 942 5834 1179 5892; x_wconf 87' lang='lat' dir='ltr'><strong>sentiant</strong></span> <span class='ocrx_word' id='word_1_783' title='bbox 1206 5833 1511 5892; x_wconf 82' lang='lat' dir='ltr'><strong>ferientem.</strong></span> <span class='ocrx_word' id='word_1_784' title='bbox 1540 5831 1650 5891; x_wconf 87' lang='lat' dir='ltr'><strong>Sed</strong></span> <span class='ocrx_word' id='word_1_785' title='bbox 1702 5831 1840 5891; x_wconf 82' lang='lat' dir='ltr'><strong>vati-</strong></span> 
     </span>
    </p>
   </div>
   <div class='ocr_carea' id='block_1_105' title="bbox 524 5928 977 6001">
    <p class='ocr_par' dir='ltr' id='par_1_105' title="bbox 524 5928 977 6001">
     <span class='ocr_line' id='line_1_105' title="bbox 524 5928 977 6001; baseline -0.02 0"><span class='ocrx_word' id='word_1_786' title='bbox 524 5933 808 6001; x_wconf 65' lang='lat' dir='ltr'><strong>l’rrnon.</strong></span> <span class='ocrx_word' id='word_1_787' title='bbox 858 5928 977 5993; x_wconf 77' lang='grc' dir='ltr'><strong>χι.</strong></span> 
     </span>
    </p>
   </div>
   <div class='ocr_carea' id='block_1_106' title="bbox 1924 4713 3522 4789">
    <p class='ocr_par' dir='ltr' id='par_1_106' title="bbox 1924 4713 3522 4789">
     <span class='ocr_line' id='line_1_106' title="bbox 1924 4713 3522 4789; baseline 0.002 -18"><span class='ocrx_word' id='word_1_788' title='bbox 1924 4713 2260 4785; x_wconf 89' lang='lat' dir='ltr'><strong>thagiuensi,</strong></span> <span class='ocrx_word' id='word_1_789' title='bbox 2286 4720 2572 4789; x_wconf 69' lang='lat' dir='ltr'><strong>enumerat</strong></span> <span class='ocrx_word' id='word_1_790' title='bbox 2611 4727 2747 4783; x_wconf 90' lang='lat' dir='ltr'><strong>quas</strong></span> <span class='ocrx_word' id='word_1_791' title='bbox 2791 4728 2914 4769; x_wconf 86' lang='lat' dir='ltr'><strong>esse</strong></span> <span class='ocrx_word' id='word_1_792' title='bbox 2961 4715 3075 4770; x_wconf 92' lang='lat' dir='ltr'><strong>vult</strong></span> <span class='ocrx_word' id='word_1_793' title='bbox 3118 4727 3327 4787; x_wconf 87' lang='lat' dir='ltr'><strong>septem</strong></span> <span class='ocrx_word' id='word_1_794' title='bbox 3373 4718 3522 4774; x_wconf 91' lang='lat' dir='ltr'><strong>illius</strong></span> 
     </span>
    </p>
   </div>
   <div class='ocr_carea' id='block_1_107' title="bbox 1927 4805 3290 4879">
    <p class='ocr_par' dir='ltr' id='par_1_107' title="bbox 1927 4805 3290 4879">
     <span class='ocr_line' id='line_1_107' title="bbox 1927 4805 3290 4879; baseline 0.004 -17"><span class='ocrx_word' id='word_1_795' title='bbox 1927 4807 2267 4879; x_wconf 88' lang='lat' dir='ltr'><strong>provincias,</strong></span> <span class='ocrx_word' id='word_1_796' title='bbox 2302 4815 2357 4863; x_wconf 93' lang='lat' dir='ltr'><strong>et</strong></span> <span class='ocrx_word' id='word_1_797' title='bbox 2382 4805 2714 4877; x_wconf 84' lang='lat' dir='ltr'><strong>singularum</strong></span> <span class='ocrx_word' id='word_1_798' title='bbox 2743 4806 2910 4863; x_wconf 88' lang='lat' dir='ltr'><strong>veluti</strong></span> <span class='ocrx_word' id='word_1_799' title='bbox 2940 4811 3290 4879; x_wconf 88' lang='lat' dir='ltr'><strong>metropoles.</strong></span> 
     </span>
    </p>
   </div>
   <div class='ocr_carea' id='block_1_108' title="bbox 2000 4898 3527 4978">
    <p class='ocr_par' dir='ltr' id='par_1_108' title="bbox 2000 4898 3527 4978">
     <span class='ocr_line' id='line_1_108' title="bbox 2000 4898 3527 4978; baseline 0.005 -23"><span class='ocrx_word' id='word_1_800' title='bbox 2000 4902 2079 4957; x_wconf 82' lang='lat' dir='ltr'><strong>Ac</strong></span> <span class='ocrx_word' id='word_1_801' title='bbox 2106 4899 2320 4971; x_wconf 89' lang='lat' dir='ltr'><strong>quidem</strong></span> <span class='ocrx_word' id='word_1_802' title='bbox 2351 4898 2405 4954; x_wconf 94' lang='lat' dir='ltr'><strong>in</strong></span> <span class='ocrx_word' id='word_1_803' title='bbox 2451 4898 2685 4955; x_wconf 89' lang='lat' dir='ltr'><strong>concilio</strong></span> <span class='ocrx_word' id='word_1_804' title='bbox 2713 4900 3023 4957; x_wconf 85' lang='lat' dir='ltr'><strong>Milevitano</strong></span> <span class='ocrx_word' id='word_1_805' title='bbox 3065 4918 3171 4959; x_wconf 93' lang='lat' dir='ltr'><strong>non</strong></span> <span class='ocrx_word' id='word_1_806' title='bbox 3221 4904 3323 4960; x_wconf 83' lang='lat' dir='ltr'><strong>nisi</strong></span> <span class='ocrx_word' id='word_1_807' title='bbox 3367 4909 3527 4978; x_wconf 86' lang='lat' dir='ltr'><strong>quin-</strong></span> 
     </span>
    </p>
   </div>
   <div class='ocr_carea' id='block_1_109' title="bbox 1928 4990 3528 5070">
    <p class='ocr_par' dir='ltr' id='par_1_109' title="bbox 1928 4990 3528 5070">
     <span class='ocr_line' id='line_1_109' title="bbox 1928 4990 3528 5070; baseline 0.006 -22"><span class='ocrx_word' id='word_1_808' title='bbox 1928 5008 2035 5065; x_wconf 92' lang='lat' dir='ltr'><strong>que</strong></span> <span class='ocrx_word' id='word_1_809' title='bbox 2083 5000 2415 5048; x_wconf 68' lang='lat' dir='ltr'><strong>enumeratm</strong></span> <span class='ocrx_word' id='word_1_810' title='bbox 2481 4990 2716 5048; x_wconf 90' lang='lat' dir='ltr'><strong>fuerant.</strong></span> <span class='ocrx_word' id='word_1_811' title='bbox 2786 4992 2894 5050; x_wconf 90' lang='lat' dir='ltr'><strong>Sed</strong></span> <span class='ocrx_word' id='word_1_812' title='bbox 2949 4993 3286 5054; x_wconf 83' lang='lat' dir='ltr'><strong>Justinianus</strong></span> <span class='ocrx_word' id='word_1_813' title='bbox 3349 5003 3528 5070; x_wconf 89' lang='lat' dir='ltr'><strong>primo</strong></span> 
     </span>
    </p>
   </div>
   <div class='ocr_carea' id='block_1_110' title="bbox 1933 5086 3526 5163">
    <p class='ocr_par' dir='ltr' id='par_1_110' title="bbox 1933 5086 3526 5163">
     <span class='ocr_line' id='line_1_110' title="bbox 1933 5086 3526 5163; baseline 0.004 -20"><span class='ocrx_word' id='word_1_814' title='bbox 1933 5087 2055 5144; x_wconf 91' lang='lat' dir='ltr'><strong>loco</strong></span> <span class='ocrx_word' id='word_1_815' title='bbox 2080 5086 2355 5158; x_wconf 90' lang='lat' dir='ltr'><strong>adiungit.</strong></span> <span class='ocrx_word' id='word_1_816' title='bbox 2380 5101 2541 5156; x_wconf 86' lang='lat' dir='ltr'><strong>quam</strong></span> <span class='ocrx_word' id='word_1_817' title='bbox 2571 5094 2733 5142; x_wconf 88' lang='lat' dir='ltr'><strong>vocat</strong></span> <span class='ocrx_word' id='word_1_818' title='bbox 2755 5086 2920 5159; x_wconf 87' lang='lat' dir='ltr'><strong>Zeugi</strong></span> <span class='ocrx_word' id='word_1_819' title='bbox 2951 5104 2966 5143; x_wconf 91' lang='lat'><strong>:</strong></span> <span class='ocrx_word' id='word_1_820' title='bbox 2995 5088 3156 5162; x_wconf 90' lang='lat' dir='ltr'><strong>vulgo</strong></span> <span class='ocrx_word' id='word_1_821' title='bbox 3202 5091 3526 5163; x_wconf 89' lang='lat' dir='ltr'><strong>impressum</strong></span> 
     </span>
    </p>
   </div>
   <div class='ocr_carea' id='block_1_111' title="bbox 1934 5176 3530 5253">
    <p class='ocr_par' dir='ltr' id='par_1_111' title="bbox 1934 5176 3530 5253">
     <span class='ocr_line' id='line_1_111' title="bbox 1934 5176 3530 5253; baseline 0.004 -18"><span class='ocrx_word' id='word_1_822' title='bbox 1934 5188 2019 5235; x_wconf 88' lang='lat' dir='ltr'><strong>est</strong></span> <span class='ocrx_word' id='word_1_823' title='bbox 2047 5178 2310 5234; x_wconf 89' lang='lat' dir='ltr'><strong>mendose</strong></span> <span class='ocrx_word' id='word_1_824' title='bbox 2335 5177 2513 5251; x_wconf 88' lang='lat' dir='ltr'><strong>Tingi.</strong></span> <span class='ocrx_word' id='word_1_825' title='bbox 2538 5176 2669 5234; x_wconf 84' lang='lat' dir='ltr'><strong>Nam</strong></span> <span class='ocrx_word' id='word_1_826' title='bbox 2699 5178 2816 5235; x_wconf 71' lang='lat' dir='ltr'><strong>haec</strong></span> <span class='ocrx_word' id='word_1_827' title='bbox 2842 5181 3021 5250; x_wconf 88' lang='lat' dir='ltr'><strong>potius</strong></span> <span class='ocrx_word' id='word_1_828' title='bbox 3057 5191 3142 5239; x_wconf 87' lang='lat' dir='ltr'><strong>est</strong></span> <span class='ocrx_word' id='word_1_829' title='bbox 3187 5186 3356 5253; x_wconf 80' lang='lat' dir='ltr'><strong>ipsius</strong></span> <span class='ocrx_word' id='word_1_830' title='bbox 3382 5187 3530 5242; x_wconf 82' lang='lat' dir='ltr'><strong>Mau-</strong></span> 
     </span>
    </p>
   </div>
   <div class='ocr_carea' id='block_1_112' title="bbox 1936 5271 3531 5351">
    <p class='ocr_par' dir='ltr' id='par_1_112' title="bbox 1936 5271 3531 5351">
     <span class='ocr_line' id='line_1_112' title="bbox 1936 5271 3531 5351; baseline 0.005 -22"><span class='ocrx_word' id='word_1_831' title='bbox 1936 5273 2147 5329; x_wconf 65' lang='lat' dir='ltr'><strong>ritania:</strong></span> <span class='ocrx_word' id='word_1_832' title='bbox 2171 5314 2187 5340; x_wconf 92' lang='lat'><strong>,</strong></span> <span class='ocrx_word' id='word_1_833' title='bbox 2209 5287 2332 5345; x_wconf 69' lang='lat' dir='ltr'><strong>qua:</strong></span> <span class='ocrx_word' id='word_1_834' title='bbox 2354 5282 2409 5328; x_wconf 89' lang='lat' dir='ltr'><strong>et</strong></span> <span class='ocrx_word' id='word_1_835' title='bbox 2440 5271 2724 5343; x_wconf 80' lang='lat' dir='ltr'><strong>Tingitana</strong></span> <span class='ocrx_word' id='word_1_836' title='bbox 2751 5283 3037 5346; x_wconf 89' lang='lat' dir='ltr'><strong>propterea</strong></span> <span class='ocrx_word' id='word_1_837' title='bbox 3086 5276 3306 5334; x_wconf 92' lang='lat' dir='ltr'><strong>dicitur.</strong></span> <span class='ocrx_word' id='word_1_838' title='bbox 3337 5278 3531 5351; x_wconf 66' lang='grc' dir='ltr'><strong>Ζειιεί-</strong></span> 
     </span>
    </p>
   </div>
   <div class='ocr_carea' id='block_1_113' title="bbox 1938 5364 3539 5438">
    <p class='ocr_par' dir='ltr' id='par_1_113' title="bbox 1938 5364 3539 5438">
     <span class='ocr_line' id='line_1_113' title="bbox 1938 5364 3539 5438; baseline 0.004 -16"><span class='ocrx_word' id='word_1_839' title='bbox 1938 5376 2077 5422; x_wconf 71' lang='lat' dir='ltr'><strong>lanae</strong></span> <span class='ocrx_word' id='word_1_840' title='bbox 2098 5374 2278 5421; x_wconf 88' lang='lat' dir='ltr'><strong>autem</strong></span> <span class='ocrx_word' id='word_1_841' title='bbox 2305 5364 2594 5434; x_wconf 84' lang='lat' dir='ltr'><strong>provinciae</strong></span> <span class='ocrx_word' id='word_1_842' title='bbox 2625 5365 2679 5422; x_wconf 93' lang='lat' dir='ltr'><strong>in</strong></span> <span class='ocrx_word' id='word_1_843' title='bbox 2709 5366 2886 5422; x_wconf 79' lang='lat' dir='ltr'><strong>Africa</strong></span> <span class='ocrx_word' id='word_1_844' title='bbox 2910 5381 3056 5438; x_wconf 72' lang='lat' dir='ltr'><strong>saepe</strong></span> <span class='ocrx_word' id='word_1_845' title='bbox 3084 5368 3247 5425; x_wconf 89' lang='lat' dir='ltr'><strong>etiam</strong></span> <span class='ocrx_word' id='word_1_846' title='bbox 3288 5373 3539 5429; x_wconf 87' lang='lat' dir='ltr'><strong>meminit</strong></span> 
     </span>
    </p>
   </div>
   <div class='ocr_carea' id='block_1_114' title="bbox 1938 5457 3537 5523">
    <p class='ocr_par' dir='ltr' id='par_1_114' title="bbox 1938 5457 3537 5523">
     <span class='ocr_line' id='line_1_114' title="bbox 1938 5457 3537 5523; baseline 0.004 -8"><span class='ocrx_word' id='word_1_847' title='bbox 1938 5458 2125 5515; x_wconf 83' lang='lat' dir='ltr'><strong>Victor</strong></span> <span class='ocrx_word' id='word_1_848' title='bbox 2161 5457 2469 5523; x_wconf 88' lang='lat' dir='ltr'><strong>Uticensis,</strong></span> <span class='ocrx_word' id='word_1_849' title='bbox 2521 5468 2580 5513; x_wconf 91' lang='lat' dir='ltr'><strong>ut</strong></span> <span class='ocrx_word' id='word_1_850' title='bbox 2628 5466 2683 5513; x_wconf 89' lang='lat' dir='ltr'><strong>et</strong></span> <span class='ocrx_word' id='word_1_851' title='bbox 2727 5457 2952 5514; x_wconf 84' lang='lat' dir='ltr'><strong>Plinius.</strong></span> <span class='ocrx_word' id='word_1_852' title='bbox 3003 5459 3309 5517; x_wconf 90' lang='lat' dir='ltr'><strong>Secundam</strong></span> <span class='ocrx_word' id='word_1_853' title='bbox 3356 5474 3537 5521; x_wconf 90' lang='lat' dir='ltr'><strong>autem</strong></span> 
     </span>
    </p>
   </div>
   <div class='ocr_carea' id='block_1_115' title="bbox 1893 5550 3540 5623">
    <p class='ocr_par' dir='ltr' id='par_1_115' title="bbox 1893 5550 3540 5623">
     <span class='ocr_line' id='line_1_115' title="bbox 1893 5550 3540 5623; baseline 0.004 -15"><span class='ocrx_word' id='word_1_854' title='bbox 1893 5608 1899 5615; x_wconf 84' lang='grc'><em>,</em></span> <span class='ocrx_word' id='word_1_855' title='bbox 1939 5550 2137 5608; x_wconf 59' lang='lat' dir='ltr'><strong>Africae</strong></span> <span class='ocrx_word' id='word_1_856' title='bbox 2168 5551 2498 5622; x_wconf 87' lang='lat' dir='ltr'><strong>provinciam</strong></span> <span class='ocrx_word' id='word_1_857' title='bbox 2524 5550 2860 5606; x_wconf 80' lang='lat' dir='ltr'><strong>Justinianus</strong></span> <span class='ocrx_word' id='word_1_858' title='bbox 2882 5560 3037 5608; x_wconf 86' lang='lat' dir='ltr'><strong>vocat</strong></span> <span class='ocrx_word' id='word_1_859' title='bbox 3058 5553 3382 5623; x_wconf 87' lang='lat' dir='ltr'><strong>simpliciter</strong></span> <span class='ocrx_word' id='word_1_860' title='bbox 3404 5556 3540 5615; x_wconf 88' lang='lat' dir='ltr'><strong>Car-</strong></span> 
     </span>
    </p>
   </div>
   <div class='ocr_carea' id='block_1_116' title="bbox 1942 5642 3536 5716">
    <p class='ocr_par' dir='ltr' id='par_1_116' title="bbox 1942 5642 3536 5716">
     <span class='ocr_line' id='line_1_116' title="bbox 1942 5642 3536 5716; baseline 0.004 -17"><span class='ocrx_word' id='word_1_861' title='bbox 1942 5642 2314 5715; x_wconf 85' lang='lat' dir='ltr'><strong>tltagiuensem</strong></span> <span class='ocrx_word' id='word_1_862' title='bbox 2347 5659 2362 5697; x_wconf 89' lang='lat'><strong>:</strong></span> <span class='ocrx_word' id='word_1_863' title='bbox 2393 5657 2552 5712; x_wconf 86' lang='lat' dir='ltr'><strong>quam</strong></span> <span class='ocrx_word' id='word_1_864' title='bbox 2583 5649 2639 5697; x_wconf 90' lang='lat' dir='ltr'><strong>et</strong></span> <span class='ocrx_word' id='word_1_865' title='bbox 2678 5650 2832 5697; x_wconf 85' lang='lat' dir='ltr'><strong>antea</strong></span> <span class='ocrx_word' id='word_1_866' title='bbox 2880 5652 3122 5698; x_wconf 89' lang='lat' dir='ltr'><strong>vocatam</strong></span> <span class='ocrx_word' id='word_1_867' title='bbox 3155 5660 3276 5701; x_wconf 88' lang='lat' dir='ltr'><strong>esse</strong></span> <span class='ocrx_word' id='word_1_868' title='bbox 3309 5662 3536 5716; x_wconf 84' lang='lat' dir='ltr'><strong>procon—</strong></span> 
     </span>
    </p>
   </div>
   <div class='ocr_carea' id='block_1_117' title="bbox 1943 5731 3537 5810">
    <p class='ocr_par' dir='ltr' id='par_1_117' title="bbox 1943 5731 3537 5810">
     <span class='ocr_line' id='line_1_117' title="bbox 1943 5731 3537 5810; baseline 0.004 -18"><span class='ocrx_word' id='word_1_869' title='bbox 1943 5738 2187 5792; x_wconf 86' lang='lat' dir='ltr'><strong>sularem</strong></span> <span class='ocrx_word' id='word_1_870' title='bbox 2208 5734 2485 5791; x_wconf 88' lang='lat' dir='ltr'><strong>admonet.</strong></span> <span class='ocrx_word' id='word_1_871' title='bbox 2513 5731 2674 5789; x_wconf 89' lang='lat' dir='ltr'><strong>Certe</strong></span> <span class='ocrx_word' id='word_1_872' title='bbox 2698 5732 2923 5805; x_wconf 86' lang='lat' dir='ltr'><strong>Optatos</strong></span> <span class='ocrx_word' id='word_1_873' title='bbox 2943 5744 2998 5790; x_wconf 89' lang='lat' dir='ltr'><strong>et</strong></span> <span class='ocrx_word' id='word_1_874' title='bbox 3022 5733 3208 5793; x_wconf 85' lang='lat' dir='ltr'><strong>Victor</strong></span> <span class='ocrx_word' id='word_1_875' title='bbox 3238 5754 3537 5810; x_wconf 89' lang='lat' dir='ltr'><strong>proconsu-</strong></span> 
     </span>
    </p>
   </div>
   <div class='ocr_carea' id='block_1_118' title="bbox 1940 5826 3547 5908">
    <p class='ocr_par' dir='ltr' id='par_1_118' title="bbox 1940 5826 3547 5908">
     <span class='ocr_line' id='line_1_118' title="bbox 1940 5826 3547 5908; baseline -0.004 -19"><span class='ocrx_word' id='word_1_876' title='bbox 1940 5830 2113 5897; x_wconf 82' lang='lat' dir='ltr'><strong>larem</strong></span> <span class='ocrx_word' id='word_1_877' title='bbox 2132 5828 2411 5904; x_wconf 84' lang='lat' dir='ltr'><strong>appellare</strong></span> <span class='ocrx_word' id='word_1_878' title='bbox 2436 5826 2852 5901; x_wconf 10' lang='lat' dir='ltr'><strong>solenttratque</strong></span> <span class='ocrx_word' id='word_1_879' title='bbox 2878 5827 2951 5884; x_wconf 89' lang='lat' dir='ltr'><strong>ita</strong></span> <span class='ocrx_word' id='word_1_880' title='bbox 2995 5844 3212 5903; x_wconf 82' lang='lat' dir='ltr'><strong>quoque</strong></span> <span class='ocrx_word' id='word_1_881' title='bbox 3257 5847 3402 5908; x_wconf 65' lang='lat' dir='ltr'><strong>stepc</strong></span> <span class='ocrx_word' id='word_1_882' title='bbox 3446 5853 3547 5898; x_wconf 79' lang='grc' dir='ltr'><strong>ιιο.</strong></span> 
     </span>
    </p>
   </div>
   <div class='ocr_carea' id='block_1_119' title="bbox 2941 5920 3020 5985">
    <p class='ocr_par' dir='ltr' id='par_1_119' title="bbox 2941 5920 3020 5985">
     <span class='ocr_line' id='line_1_119' title="bbox 2941 5920 3020 5985; baseline 0.013 -1"><span class='ocrx_word' id='word_1_883' title='bbox 2941 5920 3020 5985; x_wconf 81' lang='grc'><strong>36</strong></span> 
     </span>
    </p>
   </div>
  </div>
