3974 6324
226 268 369 325 H33

1115 264 1641 339 ANNOTA'I‘IQNES
1674 260 2002 335 BALDUINI
2039 264 2105 337 1N
2141 266 2202 327 S.
2235 266 2590 325 DPTATUM.

3290 260 3291 263 ‘
3380 271 3522 335 1434

220 384 639 455 pertinentibus,
669 394 725 443 et
762 385 815 440 in
842 384 1025 442 medio
1052 385 1188 441 mari
1218 385 1607 441 transmarinas
1634 384 1820 455 appel-
1844 381 1897 442 Α
1924 379 2052 435 dum
2092 396 2198 437 non
2230 381 2391 438 addat
2420 382 2802 441 Gildoniaoum
2831 426 2846 451 ,
2896 393 2951 447 et
2994 384 3319 455 simpliciter
3358 401 3518 467 vocet

217 476 458 536 lationes
480 476 630 549 (nam
656 492 754 543 eas
785 477 1037 549 reprimit
1063 477 1306 551 synodus
1324 477 1658 549 Milexitana)
1682 475 1824 537 inhi-

221 569 439 627 berent.
474 571 625 641 'Ergo
654 586 830 641 neque
876 571 1230 628 nobilissima:
1258 572 1333 627 illi
1364 572 1593 643 synodo,
1645 585 1824 641 neque

217 663 421 734 Optato
470 672 659 719 nostro
700 661 841 720 haric
882 664 1133 732 injuriam
1171 664 1400 721 ridicula
1440 665 1657 722 ﬁctione
1704 662 1823 720 ﬁeri

218 757 421 829 patior.
452 754 520 815 Ut
545 766 728 813 autem
756 754 954 829 Optato
983 755 1105 814 dem
1153 771 1528 819 successorem
1560 775 1572 808 :
1606 758 1821 826 Augus-

217 851 367 906 tinus
404 849 461 905 in
490 866 581 918 ep.
610 866 776 907 nuv
811 851 879 906 ad
914 849 1195 906 Paulinum
1226 850 1408 906 laudat
1445 850 1820 907 beatissimum

216 942 303 1015 (ut
332 943 516 1014 vocat)
561 943 845 1012 Severum,
896 959 1051 1000 suum
1099 943 1554 1015 condiscipulum,
1607 942 1820 999 antisti-

216 1045 328 1092 tem
367 1036 629 1101 Ecclesiae
673 1036 1014 1103 Milevitana,
1050 1035 1212 1107 bene,
1254 1036 1449 1108 inquit,
1487 1036 1631 1109 apud
1673 1050 1822 1097 cam-

212 1128 342 1188 detn
370 1129 647 1190 civitatem
677 1129 932 1188 fratribus
952 1130 1252 1201 cognitum.
1285 1128 1433 1186 Idem
1458 1131 1817 1200 Augustinus,

213 1222 315 1278 lib.
349 1237 412 1278 ιιι
462 1231 653 1279 contra
698 1223 855 1279 Petil.
889 1237 1009 1293 cap.
1037 1222 1131 1290 58,
1175 1221 1423 1281 meminit
1453 1222 1695 1278 damnati
1726 1237 1823 1278 cu-

206 1315 431 1387 jusdam
468 1316 690 1379 Honorii
718 1316 1012 1375 Milevitani
1040 1316 1094 1372 in
1132 1315 1391 1379 Africana
1424 1316 1688 1373 Ecclesia.
1715 1316 1821 1383 De-

210 1411 382 1484 nique
421 1411 682 1473 Faustum
712 1411 865 1471 illum
907 1410 1290 1478 Manicheum,
1318 1419 1481 1481 gente
1506 1409 1720 1478 Afrum,
1750 1412 1820 1468 ci-

208 1504 385 1561 vitate
408 1505 577 1562 fuisse
600 1505 972 1561 Milevitanum
990 1504 1090 1573 ait,
1120 1504 1419 1573 hominem,
1450 1505 1644 1578 inquit,
1674 1505 1817 1560 acuti

207 1596 442 1670 ingenii,
467 1609 520 1655 et
547 1597 1039 1675 expolittelinguae,
1069 1597 1166 1658 sed
1192 1599 1585 1671 nequissimum
1614 1599 1821 1663 calum-

208 1691 484 1749 uiatorem
517 1691 841 1757 Christianae
867 1691 1167 1764 religionis.
1410 1678 1417 1685 ’

1890 550 1895 555 ι
1923 473 2195 546 Optatum,
2231 486 2413 533 tamen
2443 487 2550 535 tam
2581 477 2846 534 nefarium
2876 479 3201 541 nebulonem
3235 480 3409 539 fuisse
3440 492 3521 541 te.

1923 574 2113 634 statur,
2147 577 2203 622 ut
2224 568 2371 637 ipsos
2392 568 2554 624 etiam
2582 570 2895 626 Donatistas
2921 570 3041 641 ejus
3064 573 3310 642 puderet.
3344 574 3529 644 Quam-

1921 655 2079 713 valde
2103 667 2286 714 autem
2310 659 2469 715 talem
2490 657 2766 730 Optatum,
2791 661 3047 732 utdebet,
3067 663 3389 737 detesratur,
3410 675 3520 723 tam

1922 751 2091 807 etiam
2146 750 2497 811 vehementer
2541 753 2793 825 Optatum
2844 768 3096 821 nostrum
3146 759 3519 817 Milevitanum

1921 844 2105 900 laudat
2128 863 2141 899 :
2164 861 2326 914 quem
2356 847 2598 918 quidem,
2630 848 2725 904 lib.
2748 866 2768 906 ι
2792 861 2981 908 contra
3007 853 3288 919 Parmam,
3322 853 3420 923 ait,
3444 863 3504 911 et

1922 941 2250 997 venerabilis
2272 944 2550 998 memoria:
2570 958 2691 1000 esse
2715 953 2771 1000 et
2790 942 3073 1003 catholica:
3092 948 3515 1006 communionis.

1923 1032 2096 1102 Idem,
2125 1034 2176 1089 iu
2221 1035 2315 1091 lib.
2347 1044 2469 1107 post
2498 1035 2713 1106 cnllat.,
2740 1050 2897 1099 vocat
2916 1040 3260 1103 Catholicum
3307 1042 3521 1115 episco—

1924 1145 2047 1197 pum
2074 1169 2090 1197 ,
2114 1139 2175 1185 et
2199 1130 2254 1185 in
2287 1130 2424 1186 libro
2450 1131 2520 1188 de
2546 1130 2695 1189 Unit.
2722 1148 2849 1206 cap.
2880 1135 2971 1201 16,
2997 1137 3208 1192 videtur
3236 1154 3360 1193 eum
3389 1153 3515 1193 cum

1921 1219 2041 1291 ipso
2070 1222 2362 1279 Ambrosio
2388 1237 2742 1294 comparare;
2791 1225 2949 1281 sicuti
2978 1235 3032 1283 et
3058 1226 3255 1287 deinde
3286 1227 3521 1300 Fulgen-

1924 1313 2050 1381 tius,
2080 1313 2175 1369 lib.
2211 1331 2247 1370 ιι
2284 1315 2349 1375 ad
2390 1316 2721 1384 Monimum,
2754 1318 3007 1388 Optatum
3050 1318 3195 1377 hunc
3240 1330 3515 1389 nostrum,

1922 1419 2081 1476 quem
2108 1415 2359 1465 sanctum
2389 1418 2586 1475 vocat,
2630 1408 2840 1479 judicat
2874 1419 2984 1467 tam
3013 1410 3229 1473 ﬁdelem
3256 1411 3406 1468 Pauli
3436 1414 3520 1469 in-

1921 1506 2211 1570 terpretem
2238 1498 2430 1570 fuisse,
2461 1516 2623 1574 quam
2652 1511 2745 1558 aut
2769 1502 3122 1560 Ambrosium
3153 1513 3245 1560 aut
3265 1504 3521 1578 Augusti-

1922 1607 2073 1647 num.
2136 1593 2201 1648 Et
2242 1602 2421 1666 tamen
2468 1594 2635 1655 nolim
2689 1597 2781 1653 tali
2820 1598 3229 1669 comparatione
3257 1598 3518 1656 lectorem

1922 1683 2170 1756 impediri
2198 1728 2212 1755 ,
2242 1688 2375 1759 quin
2407 1687 2717 1752 discernat.
2752 1700 3017 1761 quantum
3044 1690 3306 1758 intersit;
3357 1692 3524 1751 sicuti

283 1787 345 1844 Si
376 1786 519 1843 ferre
548 1800 655 1843 non
680 1786 831 1857 potui
853 1784 1107 1856 Optatam
1140 1796 1388 1843 nostrum
1416 1803 1484 1843 ex
1504 1787 1818 1845 Milevitana
1846 1779 1898 1855 Β
1922 1788 1978 1834 et
2004 1777 2093 1834 ubi
2124 1779 2268 1850 quod
2301 1780 2492 1836 attinet
2520 1781 2588 1837 ad
2618 1781 2919 1838 litterarum
2946 1782 3318 1841 eruditionem
3342 1826 3358 1851 ,
3405 1785 3522 1840 Au-

206 1879 336 1936 lieri
364 1879 707 1936 Mclitcnsern
730 1921 744 1947 ,
775 1887 872 1935 aut
899 1894 968 1935 ex
991 1877 1243 1935 Numidia
1272 1880 1571 1936 insularem
1596 1924 1611 1949 ,
1646 1881 1817 1938 multo

206 1976 396 2030 minus
428 1972 574 2031 ferre
602 1972 776 2030 debeo
804 1971 1063 2030 confundi
1089 1988 1211 2031 cum
1238 1972 1359 2030 aliis
1384 1972 1617 2043 Optatis.
1664 1973 1818 2031 Mitto

210 2066 369 2121 illum
401 2064 657 2135 Optatum
686 2065 1026 2121 Donatistam
1053 2107 1068 2132 ,
1116 2081 1275 2137 quem
1303 2067 1361 2122 in
1386 2066 1599 2140 synodo
1629 2067 1813 2138 Bagai-

207 2168 361 2225 tuna,
390 2166 447 2217 et
467 2157 723 2229 Optatum
756 2157 1113 2223 catholicum,
1146 2173 1308 2229 quem
1337 2159 1394 2214 in
1418 2157 1654 2215 Cirtensi
1681 2160 1819 2215 cele-

207 2254 358 2310 brari
393 2254 558 2317 audio
585 2252 652 2313 ab
676 2252 998 2329 Augustino.
1029 2251 1311 2311 Celebrior
1340 2252 1440 2308 fuit
1469 2263 1525 2310 et
1554 2252 1819 2319 famosior

207 2344 445 2418 Optattas
473 2344 858 2411 Gildouianus,
888 2344 1043 2414 cuius
1074 2354 1128 2402 et
1154 2346 1353 2416 saepius
1378 2345 1819 2416 meminitAugu—

210 2432 433 2495 stinus.~
456 2439 567 2497 Sed
597 2440 718 2509 quis
742 2454 852 2493 non
884 2438 1107 2510 indigne
1133 2440 1303 2506 ierat,
1345 2439 1611 2511 quosdam
1655 2438 1817 2495 hodie

211 2532 601 2590 Gildonianum
635 2548 664 2591 τι
689 2532 995 2591 Milevitana
1027 2548 1135 2589 non
1163 2532 1496 2600 discernere,
1521 2550 1645 2590 cum
1676 2533 1818 2590 inter

211 2642 311 2684 eos
336 2635 554 2687 tantum
582 2625 910 2695 interfuerit,
943 2634 1205 2698 quantum
1234 2627 1381 2685 inter
1415 2626 1815 2685 Donatistarum

210 2720 411 2777 ducem
432 2708 923 2777 sceleratissimum
948 2761 961 2786 ,
989 2727 1044 2775 et
1069 2718 1368 2774 Catholicae
1396 2719 1655 2774 Ecclesia:
1686 2735 1817 2774 san-

210 2815 521 2872 ctissimum
548 2814 869 2870 antistitem.
903 2814 962 2872 Si
995 2813 1113 2886 quis
1140 2820 1315 2885 roget,
1337 2827 1435 2868 cur
1461 2812 1550 2868 ille
1574 2812 1710 2869 alter
1740 2811 1819 2868 di-

213 2921 372 2975 catur
396 2911 779 2977 Gildoniauus,
800 2909 1146 2978 respondebo
1167 2907 1312 2981 quod
1336 2908 1689 2979 Augustinus.
1718 2907 1816 2964 lib.

211 3021 251 3062 ιι
294 3014 492 3061 contra
524 3004 683 3060 Petil.
710 3020 833 3076 cap.
860 3003 931 3060 92
956 3044 969 3069 ,
1021 3002 1246 3067 scribit,
1278 3000 1534 3070 Optatum
1563 3001 1719 3056 illum
1751 3001 1821 3055 de

214 3098 478 3155 satellitio
504 3095 751 3161 Gildonis
794 3107 1105 3152 accusatum
1133 3136 1148 3161 ,
1181 3093 1342 3169 12E.
1388 3109 1575 3166 pcenas
1606 3092 1821 3150 dedisse

1922 1872 2196 1944 gustinus,
2246 1874 2341 1930 lib.
2376 1890 2433 1935 ιιι
2470 1874 2538 1932 de
2569 1875 2723 1932 Doct.
2770 1874 2975 1933 Christ.
3004 1893 3124 1951 cap.
3159 1878 3262 1947 40,
3308 1879 3522 1936 videtur

1922 1982 2045 2022 eum
2076 1966 2329 2025 conferre
2352 1985 2475 2031 cum
2502 1970 2793 2042 Cypriane,
2822 1971 3127 2041 Lactantio,
3164 1972 3464 2035 Victorino.

1992 2061 2168 2117 Porro
2195 2071 2252 2118 ut
2281 2064 2369 2118 ubi
2398 2063 2601 2119 desinit
2628 2063 2859 2136 Optatus
2884 2107 2899 2133 ,
2945 2066 3088 2137 ccepi
3119 2081 3188 2123 ex
3215 2066 3521 2138 Augustino

1923 2166 2172 2229 repetere
2203 2158 2345 2228 quod
2394 2158 2636 2230 sequitur
2664 2159 2719 2216 in
2769 2159 2990 2216 historia
3022 2158 3291 2217 Africanae
3321 2160 3516 2218 Eccle-

1922 2250 2054 2307 site:
2104 2251 2184 2307 sic
2213 2250 2305 2309 ubi
2330 2251 2665 2323 Augustinus
2689 2252 2892 2310 desinit
2913 2293 2931 2319 ,
2979 2252 3151 2309 visum
3181 2262 3267 2310 est
3295 2253 3523 2326 subjun-

1920 2359 2052 2416 gere
2076 2343 2220 2415 quod
2245 2344 2429 2401 Victor
2458 2345 2731 2403 Uticensis
2750 2345 2832 2420 (l)
2860 2344 3062 2405 deinde
3086 2356 3294 2403 narrat.
3322 2347 3431 2404 Sed
3458 2348 3527 2404 de

1926 2436 2100 2501 Utica,
2129 2448 2184 2493 ut
2210 2437 2281 2495 de
2306 2437 2509 2507 Milevi,
2544 2439 2676 2494 nihil
2700 2448 2791 2496 est
2818 2456 3046 2498 necesse
3073 2450 3129 2497 ut
3156 2457 3303 2498 nunc
3329 2441 3523 2498 addam

1922 2530 2240 2604 quidquam.
2297 2531 2502 2595 Omitto
2532 2534 2697 2597 etiam
2725 2533 2869 2605 quod
2910 2533 2969 2591 in
3009 2526 3292 2613 pandentis
3322 2536 3527 2595 nostris

1922 2625 2045 2697 lego
2069 2668 2084 2691 ,
2134 2625 2346 2681 Uticam
2397 2640 2505 2681 non
2552 2626 2735 2681 minus
2775 2641 2937 2697 quam
2964 2626 3349 2697 Carthaginem
3384 2627 3524 2697 juris

1923 2715 2094 2772 ltalici
2122 2716 2311 2787 luisse,
2343 2717 2380 2772 l.
2417 2717 2517 2773 ult.
2542 2716 2616 2795 de
2644 2716 2865 2774 Censib.
2894 2717 3001 2775 Sed
3030 2724 3089 2773 ut
3116 2718 3430 2774 Milevitano
3453 2721 3528 2775 si-

1922 2826 1992 2868 ve
2020 2810 2270 2869 Numidae
2306 2811 2512 2885 gratior
2542 2810 2611 2868 sit
2643 2812 2851 2867 vicinus
2879 2811 2966 2868 hic
2992 2812 3202 2885 collega
3230 2810 3528 2881 Uticensis,

1925 2906 2102 2962 dicam
2140 2905 2314 2977 ipsam
2341 2905 2645 2962 Cirtensem
2690 2905 2959 2967 coloniam
3010 2905 3063 2964 in
3107 2903 3413 2965 Numidiam
3456 2919 3526 2961 ex

1924 3000 2168 3058 Uticensi
2217 3010 2489 3058 conventu
2532 2998 2819 3055 deductam
2871 2998 3080 3064 videri,
3130 3012 3255 3054 eum
3296 2998 3525 3071 quidem
3590 3028 3597 3031 -

1926 3096 2073 3152 illam
2118 3095 2474 3154 Sittianorum
2530 3104 2777 3151 vocatam
2823 3090 2991 3151 fuisse
3022 3092 3227 3151 Plinius
3277 3100 3529 3149 testetur.

214 3193 447 3259 terribili
491 3191 685 3257 mortis
718 3207 922 3263 genere
948 3191 1276 3253 cxsﬁnctum
1307 3208 1323 3244 :
1359 3189 1521 3247 sicuti
1568 3198 1622 3247 et
1670 3186 1889 3259 legesC
1920 3187 1984 3259 Ρ.
2016 3197 2198 3253 natatu
2242 3186 2462 3249 Sittium
2507 3186 2743 3255 equitem
2769 3184 3077 3249 Romanum
3124 3182 3193 3243 de
3243 3192 3519 3247 conventu

213 3297 421 3344 nostrae
452 3301 561 3342 non
591 3285 756 3343 modo
778 3285 1067 3342 Gildonem
1095 3286 1249 3341 illum
1273 3294 1564 3358 tyrannum
1592 3326 1607 3351 ,
1639 3284 1731 3355 qui
1761 3284 1817 3340 in

212 3380 397 3437 Africa
430 3380 690 3436 adversus
717 3378 854 3449 imp.
887 3379 1187 3435 llouorium
1220 3393 1372 3434 arma
1404 3377 1677 3450 sumpsit,
1720 3377 1818 3435 sed

211 3484 269 3532 et
293 3474 417 3546 ejus
440 3474 704 3531 satellites
754 3475 1006 3545 persequi
1052 3490 1113 3541 se
1171 3475 1517 3546 proﬁtentur,
1552 3474 1587 3528 ι.
1620 3490 1731 3538 xu,
1763 3488 1816 3537 c.

210 3568 319 3626 Th.
338 3569 422 3637 de
437 3584 615 3640 ρας
641 3568 682 3625 Ι.
706 3585 819 3633 xui.
843 3584 897 3625 c.
922 3568 1027 3625 'i‘lt.
1048 3569 1117 3625 de
1144 3568 1271 3624 bon.
1304 3566 1592 3639 proscript.
1622 3583 1637 3622 :
1661 3568 1741 3623 sic
1766 3577 1823 3624 et

211 3664 266 3719 in
288 3664 331 3718 l.
351 3678 450 3731 vn,
472 3661 651 3719 c.1‘b.
674 3661 743 3717 de
771 3670 987 3730 metat.,
1012 3660 1266 3717 dicuntur
1290 3659 1585 3715 confiscata
1614 3659 1817 3730 praedia

211 3754 469 3815 Gildonis
508 3753 683 3815 hostis
722 3753 975 3825 publici,
1009 3764 1063 3811 et
1092 3752 1391 3817 satellitum
1422 3753 1540 3825 ejus
1579 3769 1594 3806 :
1626 3762 1819 3823 estque

211 3848 305 3903 lex
349 3845 651 3905 ltonoriaua
678 3846 743 3902 ad
772 3845 1163 3916 Pompeianum
1208 3826 1591 3917 proconsulem
1620 3842 1817 3899 Africae

210 3940 341 3997 data
371 3939 682 3996 Mediolani.

285 4031 515 4111 Qualem
542 4039 722 4088 autem
753 4031 866 4104 ipse
886 4029 1217 4089 Claudianus
1240 4032 1666 4107 elegantissimis
1689 4047 1816 4089 ver-

209 4127 373 4187 sibus
395 4124 659 4185 describit
698 4126 868 4185 luisse
895 4125 1188 4187 Gildonem
1239 4128 1391 4185 illum
1432 4129 1489 4182 in
1514 4127 1697 4183 Africa
1731 4139 1819 4198 ty-

209 4235 451 4277 rmum
475 4228 532 4276 et
564 4218 835 4275 ilatrnnem
863 4261 878 4286 ,
918 4220 1083 4276 talem
1112 4229 1169 4275 et
1200 4221 1531 4291 Augustinus
1558 4221 1819 4289 Optatum

208 4314 509 4387 quemdam
524 4313 885 4384 Donatistam,
910 4314 1029 4385 ejus
1053 4314 1545 4389 satellitem,quem
1574 4322 1823 4389 propter-

210 4425 278 4467 ea
330 4408 652 4480 plerumque
673 4406 1059 4473 Gildoniauum
1085 4417 1264 4471 vocat.
1298 4408 1499 4467 Verum
1516 4408 1623 4465 etsi
1650 4409 1814 4464 inter-

1926 3280 2169 3337 Uticensi
2197 3278 2365 3335 fuisse
2395 3278 2600 3333 Hirtius
2630 3278 2854 3334 scribat.

1998 3372 2225 3447 Reliqua
2254 3372 2322 3429 de
2342 3372 2539 3446 Optato
2565 3381 2621 3428 et
2650 3372 2864 3429 Victore
2893 3386 2959 3429 ex
2988 3372 3189 3430 nostris
3215 3369 3412 3428 deinde
3436 3384 3532 3426 an-

1926 3468 2296 3527 notationibus
2347 3477 2618 3540 petantur.
2673 3468 2847 3536 Quam
2897 3479 3076 3529 autem
3127 3467 3299 3539 priori
3345 3464 3530 3539 Optati

1928 3562 2152 3619 editioni
2182 3570 2307 3617 ante
2336 3576 2428 3619 sex
2458 3575 2631 3617 annos
2661 3561 2998 3632 prtelixeram
3026 3560 3294 3631 prolixam
3338 3560 3533 3630 pra-lac

1925 3658 2129 3715 tionem
2154 3700 2168 3721 ,
2200 3672 2307 3713 non
2339 3657 2406 3712 de
2432 3655 2630 3724 OplalO
2657 3655 2845 3723 modo,
2881 3652 2977 3712 sed
3007 3664 3062 3712 et
3090 3653 3158 3711 de
3189 3654 3375 3711 multis
3406 3653 3530 3710 aliis

1926 3754 2193 3824 capitibus
2224 3768 2402 3811 rerum
2430 3751 2962 3815 Ecclesiasﬁcarum,
2992 3750 3061 3809 de
3089 3749 3288 3821 quibus
3314 3758 3373 3809 ut
3406 3759 3531 3806 tunc

1926 3863 2145 3918 agerem
2165 3890 2180 3912 .
2221 3847 2447 3917 cogebat
2479 3859 2566 3901 me
2591 3844 2832 3921 conditio
2857 3844 2980 3914 ejus
3003 3842 3373 3899 contentionis
3397 3885 3412 3910 ,
3459 3842 3531 3899 ad

1927 3957 2087 4013 quam
2111 3941 2199 3998 vel
2230 3941 2428 3996 invitus
2458 3948 2758 4012 pertractus
2790 3953 2938 3994 eram
2964 3982 2978 4004 ,
3031 3945 3087 3993 et
3131 3936 3383 3993 acerrimi
3414 3935 3531 3991 'ad-

1927 4034 2159 4093 versarii
2184 4050 2306 4093 cum
2342 4049 2451 4106 quo
2476 4033 2609 4090 mihi
2639 4047 2727 4089 res
2756 4037 2878 4093 erat
2902 4072 2918 4097 ,
2962 4027 3250 4086 refellendi
3279 4028 3528 4100 quaedam

1930 4128 2266 4183 necessitas:
2308 4141 2452 4190 eain,
2487 4125 2726 4194 inquam,
2765 4121 3229 4178 vehementiorem
3258 4119 3532 4191 pretatio-

1929 4236 2054 4278 nem
2085 4222 2136 4276 in
2164 4219 2265 4275 hac
2295 4218 2535 4276 editione
2564 4217 2712 4274 nolui
2741 4213 3005 4272 inculcari
3031 4230 3047 4269 :
3094 4229 3252 4285 quam
3281 4215 3414 4271 satis
3442 4228 3536 4270 su-
3620 4284 3629 4289 ἢ

1928 4330 2134 4387 perque
2162 4325 2244 4370 cst
2272 4313 2472 4373 editam
2499 4327 2599 4369 suo
2627 4323 2872 4385 tempore
2899 4306 3068 4367 semel
3096 4306 3284 4368 fuisse.

1998 4406 2219 4463 Lutetia:
2249 4405 2593 4473 Parisiorum,
2626 4403 2768 4460 Idib.
2799 4401 2981 4460 Martii
3009 4399 3173 4459 1569.

282 4544 371 4621 (1)
401 4543 560 4607 Errat
603 4541 691 4605 hic
712 4541 869 4601 Bald.
897 4541 1088 4614 Victor
1115 4544 1263 4605 enim
1294 4545 1387 4602 ille
1423 4559 1533 4605 non
1561 4544 1663 4603 fuit
1688 4544 1986 4612 Uticensis,
2020 4543 2115 4603 sed
2148 4541 2421 4603 Vitensis.

1186 4772 2589 4910 ANNOTATIONES
2676 4694 2679 4695 ξ

651 4980 772 5065 ΙΝ
847 4978 1311 5064 SEPTEM
1382 4980 1803 5107 LJBROS

1927 4977 2314 5064 )PTATI
2386 4973 3045 5063 MILEVITAN
3047 4975 3091 5058 Ι

802 5182 831 5201 κ
1001 5139 1084 5197 Ea:
1113 5137 1214 5196 Fr.
1242 5139 1491 5199 Balduim’
1514 5138 1615 5198 JC.
1646 5141 2037 5200 Commentariis
2054 5155 2228 5196 rerum
2257 5136 2758 5193 Ecclesiasticmm.
2802 5138 2823 5197 ἶ

1564 5279 2217 5317 α-αῷ--α

683 5373 752 5432 ill
790 5371 1052 5433 LIBRUM
1088 5372 1380 5433 PRlMUM.

303 5503 435 5596 ἧς.
491 5524 543 5580 i.
578 5521 655 5580 Ut
700 5523 961 5577 Donatum
1003 5517 1496 5596 Carthaginensem
1526 5515 1822 5596 antistitem

1854 5368 1910 5429 D
1937 5369 2267 5439 nianus,.qui
2297 5368 2374 5426 illi
2408 5367 2618 5425 Donato
2647 5368 2932 5434 successit,
2960 5383 3112 5424 suam
3155 5377 3361 5424 sectam
3387 5369 3529 5426 muls

1937 5442 2004 5512 tis
2034 5441 2233 5512 libellis
2276 5441 2529 5498 armavit.
2560 5440 2769 5496 interea
2816 5450 2994 5498 tamen
3040 5439 3222 5495 nescio
3261 5441 3532 5512 quomodo

1929 5510 2196 5569 Catholici
2224 5514 2280 5568 in
2323 5514 2503 5570 Africa
2539 5524 2705 5582 prnpe
2748 5512 3070 5582 mutierant
3097 5527 3111 5564 :
3141 5510 3293 5566 certe
3320 5512 3532 5569 libellos

223 5580 635 5655 Donaiistarniii
695 5596 861 5657 inulta
913 5580 1315 5662 scripsissevad
1364 5603 1519 5662 suam
1576 5589 1826 5662 haeresim
1931 5599 2061 5642 suos
2103 5602 2209 5662 non
2236 5580 2754 5662 opponebant._'Sed
2778 5580 2999 5662 tandem
3046 5584 3097 5637 in
3146 5582 3390 5662 Numidia
3423 5584 3532 5654 0p-

222 5670 560 5740 pertinentia
594 5654 820 5740 testatur
852 5654 1296 5740 Hieronymusjn
1325 5661 1499 5740 Catal.
1536 5669 1592 5716 et
1634 5659 1826 5740 eodem
1935 5667 2079 5740 tat_u_s
2113 5654 2402 5740 episcopus
2450 5654 2995 5740 Iiilevitanus-cmpit
3042 5655 3395 5740 respondere.
3456 5662 3532 5740 Ac

226 5724 484 5810 iempore
519 5738 797 5810 Vitellium
843 5724 1182 5810 Alriim:ejus
1214 5732 1464 5810 factionis
1501 5734 1826 5810 acerrimum
1930 5724 2511 5810 quidein'_cxistimavi
2560 5725 2856 5810 aliquando
2890 5724 3063 5810 hosce
3111 5724 3289 5796 Optati
3345 5738 3534 5810 contra

223 5802 769 5869 defensorcml’uisse
807 5809 995 5871 scribit
1028 5802 1377 5865 Gennadius:
1406 5805 1484 5865 sic
1523 5810 1579 5863 et
1606 5802 1828 5861 Parme-

1934 5794 2359 5891 Parmenlanum
2381 5801 2549 5861 libros
2574 5794 2810 5873 scriptus
2828 5794 3023 5872 fuisse,
3050 5794 3247 5879 contra.
3262 5814 3383 5860 eam
3404 5800 3537 5864 Par-
