3974 6324
529 282 676 346 “59

529 406 732 470 cestam
761 396 1131 470 petulantlam,
1165 411 1284 470 qua:
1329 404 1593 470 tempore
1619 393 1818 470 Juliani
1864 395 2027 460 impio
2071 403 2125 449 ct

532 466 874 538 impudenter
898 482 1139 539 grassata
1170 467 1362 539 fuerat.
1413 466 1521 539 sed
1564 467 1964 523 Donatistarum
1996 480 2120 535 pro-

533 541 816 595 cacitatem
858 538 919 595 et
941 538 1327 609 impudicitiam
1358 538 1503 593 nulla
1533 539 1614 593 lex
1643 552 1898 609 coercere
1929 539 2120 607 potuit.

602 610 730 680 Pag.
765 610 853 677 93,
882 611 973 667 94.
1022 607 1190 665 Porro
1214 610 1498 665 commode
1529 625 1671 680 nunc
1700 607 1830 664 mihi
1881 610 1934 662 in
1974 624 2126 680 meo—

535 690 640 737 tem
669 677 864 738 remeo
888 724 903 748 ,
956 680 1295 753 Fulgentium
1329 682 1515 736 Afrum
1546 679 1818 753 quiannis
1857 677 2127 753 postAOp—

535 753 628 807 tati
661 766 889 809 mortem
922 751 1203 824 plusquam
1241 763 1459 809 centum
1508 753 1557 807 in
1587 751 1838 812 Africana
1867 751 2124 824 Ecclesia

531 824 678 880 fulsit
705 823 992 893 ﬂoruitque
1016 865 1032 891 ,
1064 823 1218 881 libro
1245 826 1485 881 secundo
1530 824 1596 878 ad
1643 839 1799 879 suum
1830 823 2122 877 Monimnm

533 911 600 954 ex
625 895 727 953 hoc
750 896 929 965 Optati
953 898 1089 953 libro
1113 907 1268 955 sexto
1291 938 1308 963 ,
1337 898 1425 951 ubi
1467 898 1533 952 de
1564 895 1871 966 Virginibus
1911 895 2121 966 agitur,

530 968 752 1024 laudare
772 968 953 1038 Optati
986 970 1509 1039 interpretationem,
1540 965 1781 1039 Paulina:
1811 966 1878 1020 de
1906 965 1973 1021 iis
2002 980 2126 1021 sen-

531 1040 714 1095 tentia:
742 1041 810 1095 ad
834 1038 1163 1109 Corinthios,
1186 1050 1241 1096 et
1266 1041 1478 1095 consilii
1509 1038 1677 1110 magis
1702 1053 1863 1109 quam
1889 1052 2125 1110 praecepg

532 1110 569 1165 ti
595 1127 609 1165 :
637 1127 866 1183 eamque
895 1108 1393 1182 interpretationem
1424 1108 1670 1183 conferre
1691 1108 1811 1183 cum
1845 1108 2126 1183 Augustini

531 1191 587 1238 et
618 1179 893 1240 Ambrosii
933 1179 1422 1252 alia'cXposntione.
1474 1182 1541 1237 Et
1567 1181 1688 1251 quia
1717 1181 1919 1251 integra
1948 1179 2125 1250 Optati

534 1256 697 1310 verba
728 1257 913 1311 recitat
944 1255 1260 1326 Fulgentius
1285 1297 1301 1322 ,
1343 1257 1519 1326 locum
1550 1254 1800 1326 inspiciat
1831 1256 2039 1326 lector,
2072 1264 2127 1307 et

533 1340 657 1382 cum
691 1337 873 1381 nostra
898 1323 1133 1382 editione
1158 1327 1419 1383 conferat.
1465 1324 1601 1381 Nam
1632 1336 1687 1381 et
1717 1323 1768 1378 id
1806 1324 2023 1390 majoris
2044 1332 2127 1379 est

534 1399 795 1470 momenti
821 1439 837 1461 ,
868 1413 1027 1470 quam
1054 1399 1195 1470 quod
1224 1412 1486 1469 praeterea
1515 1397 1747 1470 Optatos
1791 1396 2026 1451 inculcat
2056 1394 2127 1451 de

532 1469 666 1524 velis
690 1512 704 1537 ,
736 1468 932 1541 quibus
959 1468 1276 1541 tegebantur
1302 1481 1357 1526 et
1385 1470 1548 1525 veluti
1570 1468 2002 1541 obnubebantur
2034 1482 2128 1541 ca-

533 1541 644 1612 pita
663 1539 935 1597 sacrarum
967 1539 1252 1615 virginum.
1284 1542 1411 1613 Pag.
1437 1542 1529 1606 93,
1552 1539 1702 1615 9§_et
1730 1539 1819 1596 95.
1871 1539 2129 1615 Mitrellas

532 1622 688 1685 vocat
712 1656 727 1679 ,
757 1615 909 1685 quasi
943 1612 1134 1684 parvas
1164 1616 1353 1669 mitras
1366 1612 1551 1685 diras.
1605 1613 1759 1685 mitra
1784 1612 2019 1685 verbum
2045 1619 2127 1666 est

535 1682 822 1759 Syriacum
852 1703 866 1739 :
898 1682 1074 1759 Graeci
1124 1685 1308 1759 dicunt
1338 1684 1562 1759 διάδημα
1573 1699 1605 1759 _;_
1624 1683 1820 1759 Latini,
1840 1682 2048 1759 vittam,
2076 1691 2131 1737 et

536 1752 755 1827 proprie
782 1757 1048 1829 signiﬁcat
1073 1758 1345 1829 vinculum
1375 1767 1465 1812 aut
1488 1752 1890 1829 redimiculum.
1942 1752 2013 1809 Ut
2034 1768 2131 1808 au-

536 1836 643 1882 tem
667 1827 996 1900 erant'vitta:
1039 1828 1329 1900 virginales
1349 1870 1364 1894 ,
1397 1830 1477 1883 sic
1505 1835 1559 1882 et
1584 1827 1707 1882 alite
1735 1836 2132 1900 erant‘mairo-

533 1899 704 1954 nales.
733 1898 867 1955 Nam
897 1910 1075 1971 nuptm
1103 1897 1363 1955 inatroua:
1391 1900 1550 1971 aliter
1587 1915 1748 1969 quam
1780 1897 2018 1969 virgines
2044 1911 2135 1953 ca-

534 1978 633 2041 put
663 1972 914 2029 velabaut
952 1970 1008 2028 et
1037 1973 1329 2028 ornabant.
1380 1970 1533 2027 Unde
1560 1970 1912 2042 Propertius:

625 2084 791 2137 Cinxit
808 2094 862 2138 et
883 2092 1111 2151 acceptas
1133 2085 1290 2137 altera
1316 2086 1437 2138 vitta
1460 2097 1639 2136 cernas.

524 2176 533 2181 “
611 2177 771 2252 134
790 2179 918 2252 Pag.
949 2180 1043 2252 95.
1076 2178 1230 2249 Quod
1261 2178 1363 2252 sub
1390 2177 1552 2233 ﬁnem
1585 2177 1927 2252 aitOptatus,
1951 2174 2019 2232 de
2046 2190 2131 2241 ea,

534 2250 657 2321 qui:
680 2250 928 2307 secundo
954 2251 1106 2306 nubit
1131 2269 1146 2306 :
1176 2267 1281 2306 non
1306 2251 1361 2304 in
1388 2251 1549 2304 altum
1571 2250 1790 2321 tollitur,
1819 2256 2133 2321 annotatum

535 2320 616 2377 est
647 2322 717 2378 ab
744 2322 863 2377 aliis
891 2365 905 2388 ,
935 2322 1138 2377 dictum
1172 2322 1343 2377 videri
1371 2336 1435 2378 ex
1469 2337 1620 2377 more
1652 2320 1920 2383 Africana:
1954 2320 2134 2388 potius

533 2408 696 2464 quam
723 2394 891 2449 Latia:
919 2394 1125 2451 Gentis.
1177 2393 1367 2450 Fuisse
1393 2395 1535 2448 enim
1567 2393 1708 2464 apud
1736 2393 1933 2448 Pmnos
1951 2433 1966 2457 ,
1995 2400 2054 2445 ut
2082 2401 2136 2448 et

534 2463 675 2537 apud
704 2464 989 2537 Egyptios
1010 2476 1067 2522 et
1088 2464 1330 2527 Graecos,
1364 2466 1418 2520 in
1448 2480 1623 2530 more,
1652 2476 1709 2519 ut
1739 2464 2003 2520 nubentes
2030 2463 2137 2518 sel-

535 2535 602 2591 la:
630 2535 1152 2604 curuli’i’nsiderent,
1176 2552 1446 2607 curruque
1471 2537 1728 2592 sublimes
1758 2546 1950 2597 vectae,
1982 2550 2010 2588 a
2028 2548 2137 2607 ipa-

533 2607 632 2663 tris
652 2608 817 2665 domo
843 2609 899 2665 in
919 2609 1250 2665 domicilium
1272 2606 1447 2663 mariti
1467 2608 1908 2664 transferrentur.
1938 2608 2008 2662 At
2025 2606 2138 2661 Ro-

532 2694 696 2751 mano
724 2695 874 2736 more
905 2682 1169 2736 nubentes
1200 2680 1377 2751 potius
1406 2694 1567 2734 manu
1598 2679 1953 2735 ducebantur.

604 2750 732 2823 Pag.
766 2751 836 2809 97
864 2762 921 2808 et
945 2752 1036 2809 98.
1082 2752 1256 2820 Quam
1287 2760 1562 2823 postremo
1602 2753 1904 2823 elegantem
1940 2750 2131 2807 simili-

533 2821 774 2878 tudinem
821 2824 1020 2894 repetit
1065 2826 1133 2878 ab
1177 2823 1479 2892 aucupibus
1516 2821 1747 2894 Optatos
1772 2864 1787 2888 ,
1827 2823 2043 2894 videtur
2081 2829 2137 2877 et

534 2895 868 2966 Augustinus
895 2911 1017 2950 eum
1047 2896 1290 2966 imitatus
1321 2895 1604 2963 repetiisse
1627 2896 1678 2949 in
1703 2894 1794 2949 lib.
1819 2894 1885 2948 ad
1927 2893 2132 2949 iionor.

530 2964 745 3037 derutil.
774 2966 929 3022 cred.
958 2981 1080 3037 cap.
1110 2967 1167 3022 1.
1200 2965 1316 3037 Ego
1348 2980 1492 3021 nunc
1521 2966 1624 3021 edo
1651 2966 2087 3021 emendationem
2120 3006 2135 3029 ,

533 3036 623 3092 ubi
651 3052 750 3106 pro
769 3038 1002 3092 vivarum
1028 3036 1305 3093 colentium
1329 3053 1438 3100 ,.ex
1474 3038 1686 3093 meliori
1718 3038 2015 3107 exemplari
2052 3050 2133 3092 re-

534 3107 682 3163 stitui
710 3110 882 3164 avium
911 3110 1211 3164 volantium.
1246 3109 1460 3180 Memini
1491 3110 1675 3175 etiam,
1705 3107 1848 3180 quod
1877 3124 2001 3163 cum
2032 3124 2134 3162 nu-

535 3193 631 3249 per
662 3195 746 3234 me
768 3180 1027 3236 inviseret
1056 3180 1372 3237 Foroierius
1398 3179 1699 3236 Juriscons.
1726 3179 2133 3237 Aurelianensis

529 3260 585 3306 et
609 3251 679 3307 de
705 3250 904 3322 Optato
935 3252 1073 3309 forte
1100 3253 1382 3308 incidisset
1403 3267 1606 3318 sermo,
1636 3253 2003 3311 admonuisse.
2027 3250 2130 3305 sibi

531 3322 705 3379 videri
733 3323 787 3379 in
820 3340 921 3392 eo,
949 3325 1094 3396 quod
1141 3324 1301 3396 paulo
1340 3332 1463 3395 post
1484 3325 1710 3396 Optatos
1757 3325 1873 3392 ait,
1921 3331 2133 3379 cantare

1666 274 2238 339 OBSERVATIONES
2267 274 2701 337 ΑιΒΑεΡιΝΑῑι

3631 286 3734 346 tibi)

2150 395 2201 457 Α
2228 402 2437 471 gutture
2456 394 2648 471 alieno,
2672 391 2802 449 illud
2823 392 3006 471 alieno
3034 393 3545 471 propricsignilicare
3566 402 3680 471 ﬁcto.
3696 415 3739 459 ut

2227 463 2367 542 apud
2395 464 2702 542 Horatium,
2728 464 2880 519 malis
2912 463 3161 542 ridentem
3187 463 3397 542 alienis,
3434 468 3481 524 id
3506 463 3579 524 est
3602 514 3615 535 ,
3640 463 3738 542 ﬁuit

2228 544 2276 589 et
2301 536 2556 590 simulatis
2583 537 2727 605 genis
2749 577 2763 597 ,
2813 546 2871 592 et
2898 534 3146 592 similiter
3176 537 3310 607 apud
3348 534 3736 600 Homerumeed

2228 607 2480 685 respondi
2510 649 2524 673 ,
2553 610 2693 677 apud
2721 610 2975 685 Optatum
3002 623 3129 661 aves
3169 609 3255 664 hic
3283 610 3383 665 dici
3406 613 3541 680 quasi
3577 613 3632 667 de
3652 626 3736 685 gut-

2231 688 2347 733 ture
2368 679 2546 734 alicno
2571 688 2812 752 cantare,
2842 681 2965 749 quia
2990 694 3169 733 carum
3197 692 3379 735 cantus
3416 679 3497 752 qui
3529 679 3737 741 verus'est

2231 765 2327 820 per
2353 765 2595 805 errorem
2626 751 2889 805 habeatur
2915 766 3014 821 pro
3045 765 3203 806 cantu
3233 753 3446 807 aliarum
3474 755 3626 808 avium
3645 757 3739 811 alio-

2272 837 2321 875 ιιι
2356 821 2598 876 fictarum
2624 833 2791 894 atque
2814 834 3100 876 mutarum.
3131 822 3342 886 Addidi,
3377 826 3505 894 apud
3533 826 3738 882 Valerium

2231 892 2505 969 Flaccum,
2547 892 2672 969 illud
2701 910 2713 946 :
2746 892 3091 969 Errantesque
3103 911 3293 969 gente,
3323 892 3463 966 atque
3484 898 3627 952 alieno
3646 916 3737 969 gau-

2229 963 2319 1019 dia
2334 963 2498 1033 vultu,
2530 966 2708 1021 simile
2740 980 2865 1021 esse
2893 963 3070 1021 versui
3101 963 3404 1021 Horatiano.

2637 1082 2702 1137 IN
2743 1081 3001 1139 LIBRUM
3038 1082 3406 1141 SEPTIMUM.

2303 1173 2429 1247 Pag.
2464 1175 2553 1231 99.
2588 1175 2907 1247 Suspicatus
2932 1191 3049 1231 sum
3094 1177 3375 1246 aliquando
3398 1177 3527 1233 hunc
3550 1177 3736 1246 librum,

2254 1246 2413 1319 quiet
2436 1248 2491 1301 in
2513 1246 2749 1303 editione
2773 1247 3094 1303 Germanica
3116 1249 3412 1307 praeteritus
3434 1249 3639 1319 fuit)non
3657 1268 3741 1307 esse

2281 1320 2408 1389 ptati
2435 1361 2452 1384 ,
2487 1334 2609 1375 cum
2640 1319 3000 1391 Hieronymus
3028 1336 3134 1375 non
3166 1322 3263 1375 nisi
3302 1336 3392 1377 sex
3431 1321 3580 1376 libros
3613 1324 3666 1377 ab
3697 1340 3741 1378 eo

2230 1390 2463 1459 scriptos
2484 1406 2604 1445 esse
2631 1391 2853 1456 scribat,
2886 1402 2938 1447 et
2968 1392 3084 1460 ipse
3112 1391 3355 1461 Optatos,
3385 1391 3472 1446 lib.
3501 1409 3543 1458 ι,
3566 1409 3650 1447 non
3672 1395 3741 1449 nisi

2232 1476 2325 1517 sex
2372 1462 2633 1517 librorum
2676 1473 3053 1527 argumentum
3086 1474 3367 1533 proponat.
3409 1461 3506 1519 Sed
3549 1481 3648 1519 cum
3684 1466 3743 1522 hic

2234 1533 2373 1587 liber
2396 1548 2451 1588 γι
2502 1535 2810 1603 reperiatur
2837 1534 2887 1588 in
2922 1536 3117 1601 tribus,
3148 1536 3342 1605 quibus
3369 1551 3486 1590 usus
3509 1551 3639 1601 sum,
3660 1553 3739 1591 ma-

2233 1606 2526 1674 nuscriptis
2554 1605 2980 1679 exctnplaribus.
3009 1616 3066 1661 et
3094 1606 3268 1679 stylns
3290 1622 3473 1678 resque
3500 1608 3740 1669 conveniat,

2234 1690 2522 1747 agnoscant
2549 1693 2670 1731 esse
2696 1678 2872 1745 Optati
2900 1694 2914 1731 :
2966 1678 3159 1733 verum
3186 1678 3359 1732 dicam
3402 1691 3513 1734 esse
3547 1679 3743 1748 scriptum

2238 1759 2360 1817 post
2384 1749 2558 1803 editos
2587 1764 2681 1802 sex
2710 1750 3043 1820 superioris.
3095 1750 3239 1804 Bene
3270 1759 3440 1804 autem
3467 1749 3619 1813 habet,
3641 1751 3743 1819 quod

2241 1820 2423 1891 multa:
2453 1820 2693 1891 paginae,
2723 1835 2843 1891 qua:
2868 1821 3336 1887 desiderabantur,
3369 1822 3573 1875 inventa:
3597 1832 3689 1875 sunt
3708 1822 3743 1875 ia

2240 1890 2451 1945 Tiliano
2489 1890 2785 1964 exemplari
2810 1911 2823 1946 :
2863 1900 2927 1964 ct
2966 1902 3235 1961 postrema
3261 1908 3382 1964 pars
3407 1908 3517 1964 qum
3541 1892 3587 1947 in
3606 1907 3658 1947 eo
3677 1893 3744 1947 de-

2237 1972 2386 2027 erat,
2418 1965 2469 2017 in
2516 1963 2636 2017 aliis
2661 1962 3062 2033 exemplaribus
3108 1963 3376 2021 exstiterit
3410 1962 3633 2019 {tametsi
3671 1979 3744 2018 non

2237 2035 2592 2089 dubitaverim
2624 2033 2917 2090 detrahere
2943 2047 2996 2091 et
3031 2035 3219 2091 delere
3242 2078 3258 2100 ,
3287 2035 3425 2103 quod
3451 2051 3511 2090 ex
3550 2036 3635 2091 line
3655 2034 3742 2088 libri

2235 2121 2292 2160 ιιι
2338 2106 2405 2161 de
2436 2120 2595 2162 causa
2635 2106 2850 2161 Macarii
2881 2116 3084 2162 temere
3108 2106 3198 2163 hic
3229 2106 3535 2174 repetitum,
3557 2116 3601 2161 et
3622 2109 3747 2173 itteple

2237 2176 2476 2232 additum
2505 2189 2664 2247 atque
2684 2190 2923 2233 assutum
2944 2178 3207 2234 fueratad
3238 2179 3393 2233 finem
3418 2179 3557 2246 hujus
3578 2178 3668 2232 libri
3683 2193 3744 2230 ut.

2236 2247 2342 2321 sed
2376 2250 2520 2305 nolui
2551 2266 2725 2319 neque
2761 2248 2923 2305 dclmi
2955 2252 3236 2320 praeterire
3281 2265 3437 2321 quam
3479 2251 3525 2304 in
3548 2249 3747 2321 ercmpla-

2238 2320 2388 2375 ribus
2434 2321 2644 2392 duobus
2690 2322 3039 2392 appendicem
3079 2320 3409 2392 postremam
3456 2320 3637 2391 reperi,
3664 2320 3747 2374 licet

2239 2392 2457 2448 deesset
2487 2394 2540 2447 in
2570 2388 2804 2448 ΤεΙί-ιιιὸ.
2840 2388 2971 2447 Illud
3004 2388 3165 2449 modo
3193 2394 3447 2449 confiteor
3486 2388 3533 2448 in
3558 2392 3745 2447 emenda-

2239 2465 2385 2518 tione
2416 2466 2574 2533 hujus
2602 2464 2721 2521 libri
2754 2467 3009 2534 postremi
3037 2464 3263 2521 minime
3304 2465 3430 2520 mihi
3475 2464 3561 2532 ipsi
3597 2478 3663 2518 me
3693 2477 3749 2515 εει-

2239 2533 2504 2591 tisfecisse
2535 2578 2551 2603 ,
2607 2533 2781 2607 neque
2824 2549 3044 2607 propter
3074 2537 3391 2593 varietatem
3419 2540 3654 2606 scriptam:
3688 2548 3750 2602 po-

2240 2610 2428 2662 tuisse.

2318 2678 2609 2743 Caeterum,
2644 2677 2865 2751 utquod
2894 2678 2959 2733 ad
2991 2694 3104 2735 rem
3133 2679 3308 2751 magis
3334 2681 3576 2751 pertinet,
3609 2688 3651 2733 et
3673 2678 3748 2751 plc-

2241 2750 2360 2805 nior
2391 2747 2787 2805 Donatistarum
2817 2750 3040 2807 historia
3074 2747 3599 2819 postiiiat,'cxlileant,
3624 2747 3751 2815 etOp

2238 2829 2351 2876 tato
2380 2822 2480 2877 hac
2501 2824 2711 2877 ratione
2733 2822 3005 2877 cumulate
3025 2823 3379 2888 satisfaciam,
3402 2825 3555 2879 visum
3574 2833 3753 2878 estnunc.

2239 2894 2478 2964 adjicere
2506 2894 2770 2965 intrgrani
2802 2894 3196 2965 expositionem
3228 2894 3584 2964 diSpmatiouis
3609 2893 3662 2949 dc
3684 2893 3751 2965 ilc-

2239 2963 2403 3038 clesia
2424 2965 2477 3020 in
2505 2963 2840 3037 amplissimo
2860 2974 3128 3038 conventu
3153 2963 3551 3038 Carthaginiensi
3571 2980 3663 3038 cuin
3681 2963 3750 3015 Duc

2239 3037 2452 3092 ttulistis
2497 3036 2697 3109 habitzc
2737 3050 3007 3109 praesente
3048 3036 3393 3109 Augustino,
3439 3037 3573 3094 annis
3609 3036 3751 3109 aliquot

2242 3118 2363 3180 post
2405 3119 2637 3182 mortem
2668 3104 2870 3182 optati.
2921 3108 3054 3165 Nam
3085 3104 3230 3166 et'in
3268 3125 3331 3166 ea
3374 3111 3461 3182 (ut
3488 3118 3637 3164 vocata
3657 3104 3749 3182 luit)

2160 3207 2206 3272 c
2238 3175 2526 3272 ἐξιειίιξίίξξξε
2552 3223 2589 3272 ι,
2606 3175 3271 3272 ξρε,ίξιξ,ίιξιίξε]υ,θ.ονξειιί
3316 3175 3749 3272 stimulatis

2236 3266 2395 3308 causa
2425 3249 2821 3320 quodaminodo
2846 3249 2967 3307 acta
2997 3262 3081 3308 est
3104 3249 3147 3317 ,’
3172 3262 3236 3309 ut
3280 3270 3344 3309 ex
3377 3255 3438 3310 iis
3462 3296 3477 3321 ,
3517 3266 3608 3324 qua
3628 3249 3746 3319 βιαιο

2236 3334 2363 3379 ante
2387 3324 2645 3381 annotavi
2678 3324 2902 3396 intelligi
2935 3334 3133 3395 potest.

2163 1792 2213 1854 B

532 3456 3718 3487 ,______________________________________

1071 3555 2046 3689 GABRIELIS

2172 3540 3313 3713 ALBASPIN/EI

1653 3743 2013 3809 EPISCOPI
2077 3721 2719 3808 AUiiELiANENSts

974 3931 1047 3995 Θ

1443 3919 2129 4028 OBSERV

2152 3916 2943 4026 ATIONES

630 4133 753 4217 IN
806 4128 1373 4218 SANCTUM
1431 4126 2015 4216 OPTATUM
2094 4127 2771 4275 EPISCOPUM
2846 4127 3678 4219 MILEVITANUM.

969 4424 1407 4484 OBSERVATIO
1446 4424 1679 4486 PRIMA.

706 4517 788 4576 De
814 4521 1073 4593 erroribus
1102 4530 1151 4577 et
1179 4522 1481 4578 criminibus
1512 4520 1931 4578 Donatistarum.

590 4632 671 4689 Ex
701 4634 950 4709 omnibus
978 4634 1173 4709 Africa:
1205 4636 1570 4708 Scriptoribus
1601 4637 1691 4709 qui
1717 4648 1903 4694 contra
1944 4637 2119 4694 haereo

514 4705 652 4780 ticos
683 4720 782 4777 pro
820 4705 1063 4780 Ecclesia
1093 4705 1456 4780 scripserunt,
1507 4705 1631 4765 non'
1655 4721 1737 4765 est
1772 4712 1861 4780 qui
1895 4718 2001 4766 tam
2029 4710 2120 4765 diu

514 4776 979 4851 interpretationis
1017 4780 1134 4851 luce
1179 4776 1451 4848 caruerit,
1498 4796 1659 4851 quam
1699 4776 1930 4849 Optatus
1973 4781 2122 4837 Mile-

512 4848 744 4922 vitanus.
774 4848 842 4904 Et
866 4849 996 4906 licet
1023 4850 1200 4922 lumen
1232 4852 1447 4922 aliquod
1472 4848 1825 4909 a'Francisco
1857 4853 2120 4908 Balduino

510 4918 906 5005 Jurisconsulto
934 4920 1235 5005 acceperit;
1281 4918 1405 5005 quia
1449 4931 1628 4979 tamen
1661 4940 1749 5005 res
1790 4929 1965 4992 potius
1997 4941 2119 4996 qua:

512 4989 581 5045 ad
622 4991 900 5047 historiam
947 4989 1318 5066 pertinerent;
1366 4995 1417 5048 in
1450 5010 1558 5066 qua
1599 4989 1844 5066 apprime
1869 4989 2119 5052 versatus

509 5069 627 5139 erat
650 5103 665 5128 ,
697 5078 856 5132 quam
885 5079 945 5119 ea
974 5080 1094 5134 quae
1132 5064 1199 5120 de
1230 5064 1691 5139 vetcri__Ecclesi-.e
1730 5067 2019 5139 disciplina
2058 5067 2111 5122 in

507 5131 603 5189 illo
659 5131 887 5209 auctore
921 5131 1251 5209 occurrunt,
1296 5136 1621 5204 eXplicavit,
1661 5141 1778 5193 sine
1823 5131 2115 5209 interprete

506 5218 634 5281 eum
663 5203 839 5281 adhuc
866 5204 1028 5281 fuisse
1051 5249 1066 5275 ,
1104 5208 1294 5261 merito
1320 5223 1609 5279 possumus
1639 5210 1821 5266 dicere
1842 5255 1857 5280 ,
1885 5203 2027 5281 quod
2059 5220 2115 5266 et

504 5275 840 5348 antiquitatis
885 5275 1341 5348 investigatores,
1373 5287 1429 5333 et
1454 5275 1951 5337 controversiarum
1991 5293 2112 5337 stu-

502 5345 645 5425 diosi
695 5347 896 5425 diutius
938 5345 1225 5404 ferre'ncn
1273 5349 1610 5425 debuerunt;
1653 5367 1775 5425 cum
1816 5354 1877 5425 io
1910 5353 2106 5425 Optato

502 5420 673 5493 multa
718 5422 1000 5493 utriusque
1037 5430 1261 5493 exstent
1288 5423 1548 5493 vestigia,
1582 5438 1703 5491 qua:
1730 5423 1786 5478 in
1815 5424 1935 5481 aliis
1963 5420 2099 5481 'anc-

501 5490 713 5563 toribus
732 5506 838 5547 non
861 5490 1138 5548 notantur.
1160 5492 1269 5549 Sed
1296 5490 1582 5563 antequam
1608 5490 1677 5549 ad
1698 5510 1758 5550 ea
1789 5496 2104 5554 illustranda

498 5562 815 5635 veniamus,
860 5579 1026 5635 pauca
1064 5566 1133 5620 de
1180 5562 1579 5621 Donatistarum
1613 5566 1890 5623 erroribus
1927 5578 1982 5624 et
2010 5569 2107 5624 lla-

499 5632 650 5705 gitjis
678 5632 1007 5705 prtelib'anda
1035 5644 1181 5692 sunt.

570 5702 809 5759 Primum
841 5726 969 5778 ergo
1004 5708 1399 5764 Doiiatistarum
1427 5709 1631 5764 critica
1654 5753 1668 5777 ,
1707 5725 1736 5763 a
1769 5724 1876 5778 quo
1906 5719 2103 5766 caetera

454 5838 460 5841 ,
497 5789 689 5833 eorum
718 5777 955 5853 flagitia,
985 5780 1180 5853 quibus
1215 5780 1395 5841 Africa
1428 5783 1630 5839 tamdiu
1667 5777 1924 5856 Oppressa
1961 5781 2098 5852 fuit,

2233 4424 2496 4499 originem
2541 4422 2855 4499 duxerunt,
2907 4424 3049 4482 istud
3096 4438 3217 4495 est,
3263 4429 3407 4499 quod
3437 4428 3592 4499 altare
3618 4422 3777 4499 φωτί·

2233 4493 2404 4571 altare
2439 4496 2770 4571 Carthagine
2804 4509 3131 4571 erexerunt.
3183 4493 3295 4555 hoc
3331 4509 3443 4567 est,
3471 4497 3597 4571 quod
3633 4493 3753 4571 κει]οτ

2232 4570 2408 4644 riuum
2438 4568 2494 4623 in
2525 4568 2759 4624 eaclesia
2783 4610 2799 4635 ,
2849 4571 2903 4623 in
2938 4570 3400 4644 quaicttccilianus
3438 4568 3658 4644 sedebat,
3692 4568 3754 4644 qui

2230 4642 2334 4714 rite
2372 4641 2723 4714 inauguratus
2751 4652 2934 4707 esset,
2958 4640 3319 4697 ordinarunt.
3373 4640 3756 4714 Hujusce__inipie-

2231 4710 2358 4766 tatis
2397 4708 2547 4766 inulti
2574 4709 2929 4768 fabricatores
2958 4716 3320 4780 exstiterunt;
3363 4708 3659 4771 sed—Lucili:
3688 4708 3756 4761 im-

2229 4782 2373 4838 uiina
2423 4782 2656 4854 Hispana
2712 4786 2855 4839 hunc
2914 4797 3118 4840 mouim
3167 4787 3340 4855 prima
3370 4785 3755 4855 excitavit,_qu:e

2226 4868 2348 4909 cum
2381 4850 2655 4910 inimicum
2705 4870 2864 4910 suum
2897 4850 3245 4913 Caecilianum
3284 4857 3342 4912 io
3387 4859 3473 4913 illa
3507 4854 3619 4911 sede
3655 4850 3755 4905 itm

2227 4941 2349 4999 non
2385 4936 2569 4999 posset
2592 4967 2607 4992 ,
2651 4927 2912 4996 plurimos
2952 4928 3248 4999 Episcopus
3279 4944 3403 4983 cum
3429 4925 3649 4985 Secundo
3678 4918 3756 4999 Nit-

2226 4996 2406 5052 miiliac
2448 4996 2956 5071 Primatepecunia
2997 4996 3281 5071 corrupit,
3311 5002 3493 5071 eisque
3521 4996 3750 5071 persuasit.

2225 5078 2284 5124 ut
2295 5068 2542 5141 deposito
2554 5065 2842 5126 Caeciliano
2855 5065 3177 5141 Majorinuni
3192 5065 3450 5128 lectorem
3468 5065 3751 5141 domesticum

2221 5138 2379 5214 suum
2394 5140 2665 5214 Ecclesiae
2687 5138 3098 5211 Carthaginensi
3131 5146 3468 5214 prmlicerent
3495 5138 3645 5214 :buic
3668 5147 3754 5214 illo!

2220 5212 2492 5284 ambitiosi
2543 5213 2760 5282 quidam
2812 5205 3009 5271 Bo'trus
3055 5226 3112 5270 et
3132 5205 3419 5280 'Silesius,
3448 5213 3534 5284 qui
3560 5205 3749 5265 eumdem

2221 5281 2606 5359 Episcopatum
2637 5284 2985 5359 ambiebant,
3042 5301 3261 5358 operam
3289 5296 3363 5359 et
3405 5281 3620 5359 studium
3656 5290 3755 5359 prr-

2219 5357 2479 5429 stiterunt
2520 5377 2534 5412 :
2564 5358 2808 5412 seniores
2833 5356 3369 5429 deniqtte‘nonnulli,
3389 5357 3479 5427 qui
3519 5356 3751 5429 deposita!”

2213 5425 2473 5504 Ecclesiae
2500 5429 2900 5504 supellectilem
2927 5425 3197 5504 negabant
3217 5469 3232 5493 ,
3263 5427 3350 5504 his
3378 5425 3439 5485 se
3472 5425 3749 5504 addiderunt.

2213 5509 2376 5568 atque
2402 5498 2585 5569 plebis
2609 5507 2816 5570 partem
2863 5515 2896 5555 a
2925 5498 3220 5558 Caeciliano
3254 5499 3571 5556 subtractam
3602 5502 3649 5552 et
3669 5498 3749 5561 jam

2212 5581 2491 5646 nutantem
2510 5574 2574 5646 in
2609 5572 2750 5627 idem
2770 5573 3007 5646 schisma
3035 5573 3384 5643 impulerunt.
3465 5640 3493 5646 __
3639 5635 3650 5646 .

2286 5642 2378 5696 llis
2407 5641 2574 5697 initiis
2602 5651 2657 5699 et
2681 5644 2993 5699 auctoribus
3028 5640 3427 5699 Donatistarum
3447 5640 3750 5697 dissensiones

2167 5740 2170 5743 π
2208 5712 2441 5785 primum
2472 5725 2605 5769 orta:
2630 5725 2772 5768 sunt.
2814 5714 3008 5770 Verum
3033 5730 3154 5770 cum
3190 5717 3392 5770 interea
3418 5710 3750 5785 animadverte-

2211 5776 2335 5848 i‘ent
2355 5784 2602 5857 Majorini
2623 5786 3183 5863 ordinationemstare
3198 5802 3305 5847 non
3326 5798 3504 5858 posse,
3522 5785 3648 5856 quod
3662 5776 3751 5835 sine

2152 4534 2207 4595 D
