3974 6324
205 271 333 330 1161

1485 277 1548 333 IN
1576 274 1902 338 SANCTUM
1941 277 2288 337 0PTATUM.

3349 291 3490 348 “62

203 397 442 472 e‘attsaoet
466 387 809 472 absquehllo
831 389 1164 472 colore,alio
1179 392 1422 472 sedente,
1448 394 1582 472 facta
1615 404 1786 461 esset;
1819 399 1868 457 A
1895 396 2276 472 conculcarent
2313 397 2702 472 Eucharistiam
2729 399 2849 456 sine
2874 400 2982 458 ullo
3021 402 3226 472 pudore
3257 414 3349 461 aut
3397 424 3489 464 re-

203 460 545 518 Ctecilianum
572 461 723 516 novis
743 461 974 536 _et_falsis
1000 463 1318 536 crintinibus
1340 467 1508 519 coacti
1537 479 1660 521 sunt
1695 460 1783 536 pel

202 542 348 597 tere,
384 547 616 602 eumque
642 531 948 588 traditionis
996 543 1051 588 et
1091 535 1410 590 idololatriae
1452 531 1787 593 insimulare.

201 603 315 660 Hoc
343 614 426 660 est
451 606 678 659 alterum
695 603 1102 678 Donatistarum
1134 607 1360 673 crimen,
1394 609 1531 662 alter
1557 621 1788 678 prouex-

204 685 306 752 tus,
337 691 497 752 quem
525 691 632 752 non
661 674 1045 752 obtendcrnnt,
1074 677 1173 731 nisi
1201 678 1382 752 aliquo
1411 674 1651 750 tempore
1671 689 1794 752 post

200 747 450 822 Maiorini
475 746 891 822 ordinationem.
918 747 1051 822 Nam
1066 765 1206 822 _cum
1222 746 1503 822 rei—manus
1523 746 1793 822 impositae

198 827 324 875 sunt
350 834 379 872 a
407 817 658 892 Secundo
685 827 739 872 et
767 834 796 872 a
825 819 1038 874 caeteris
1065 819 1282 875 Lucillze
1310 817 1794 892 episcopis,'nemo

200 905 454 963 umquam
483 889 827 963 Caecilianum
852 906 963 963 non
998 892 1158 946 modo
1199 892 1268 946 de
1297 889 1746 950 ldolortim’cnltu
1774 937 1790 963 ,

197 971 290 1036 aut
317 962 658 1036 deCodicum
681 960 974 1036 traditione
997 1004 1013 1028 ,
1064 963 1183 1036 sed,
1213 981 1279 1018 ne
1321 965 1525 1020 minimi
1578 960 1792 1036 quidem

197 1034 442 1106 criminis
491 1033 760 1106 accersiit.
818 1033 1013 1088 Verum
1045 1050 1113 1089 ne
1137 1035 1383 1106 Maiorini
1423 1033 1691 1092 ordinatio
1720 1054 1794 1094 re-

196 1104 714 1174 scinderetur,quod
732 1103 868 1178 facta
891 1115 1035 1160 esset
1063 1103 1250 1178 contra
1276 1107 1532 1163 Ecclesia:
1559 1109 1796 1178 discipli-

197 1193 348 1241 nam,
375 1179 472 1231 has
497 1191 685 1231 omnes
717 1176 1016 1230 calumnias
1040 1178 1090 1231 in
1119 1175 1463 1232 Ca‘ciliauutn
1493 1175 1791 1245 tinxerunt;

197 1257 251 1305 et
279 1265 348 1303 ne
393 1259 499 1302 tam
527 1248 638 1302 cito
666 1247 734 1301 ab
764 1249 846 1318 his
873 1259 1192 1318 purgaretur
1217 1291 1232 1313 ,
1266 1260 1320 1304 et
1364 1266 1455 1304 cas
1481 1251 1642 1306 falsas
1673 1269 1796 1308 eSse

196 1319 534 1393 ostenderet,
560 1317 888 1393 Mensurium
914 1319 1280 1393 decessorem,
1305 1320 1648 1393 Felicemque
1677 1324 1795 1393 ejus

195 1392 566 1448 ordinatorem
586 1433 600 1458 ,
628 1390 867 1461 ejusdem
900 1393 1120 1461 insuper
1146 1391 1386 1448 criminis
1406 1409 1528 1449 reos
1558 1390 1798 1450 iecerunt

196 1475 288 1519 aut
318 1463 498 1518 lacere
536 1464 713 1518 conati
761 1468 906 1516 sunt.
964 1461 1202 1517 Primum
1244 1475 1301 1518 ut
1355 1465 1482 1520 inde
1520 1465 1794 1520 Cmciliani

196 1534 471 1592 ordinatio
499 1533 844 1607 damnaretur
869 1575 884 1598 ,
915 1535 1057 1603 quod
1091 1551 1185 1604 per
1215 1551 1335 1591 eam
1375 1551 1496 1590 cum
1526 1536 1797 1607 Episcopo

197 1607 486 1663 idololatra
509 1606 996 1661 communicasset:
1019 1607 1270 1671 alterum,
1296 1618 1352 1662 ut
1369 1608 1554 1663 missio
1583 1621 1634 1664 et
1654 1606 1800 1664 coin-

195 1679 388 1734 munio
414 1677 533 1748 ejus
559 1677 629 1733 ab
648 1675 918 1747 Episcopo
939 1679 1107 1732 sacris
1130 1678 1415 1734 interdicto
1441 1679 1796 1748 descendere,

196 1761 252 1807 et
283 1767 314 1806 a
349 1758 503 1822 patre
533 1748 694 1804 idolis
725 1749 1027 1822 mancipata
1053 1749 1314 1820 originem
1358 1750 1556 1807 habere
1583 1753 1797 1808 videre-

194 1794 324 1877 tur“:
349 1794 565 1877 Et'iicet
593 1794 966 1893 accusationes
1004 1821 1118 1875 ista:
1137 1794 1537 1877 tcalumniarum
1567 1824 1740 1893 plena:
1767 1840 1797 1880 a
1828 1794 1877 1854 B

195 1893 346 1964 Papa
366 1891 773 1964 Melchiade,ab
802 1891 1129 1964 imperatore
1159 1893 1534 1960 Constantino,
1557 1891 1587 1950 a
1614 1896 1799 1952 conci-

196 1961 898 2026 lio'Arelateusi,aduohus
923 1963 1196 2033 episcopis
1218 1964 1318 2019 hac
1345 1963 1414 2020 de
1434 1981 1593 2021 causa
1621 1967 1801 2023 missis

201 2036 367 2110 135
414 2036 466 2090 in
495 2035 758 2097 Africam,
789 2034 1188 2110 utMelchiadis
1218 2037 1503 2110 sententia:
1518 2053 1580 2092 ac
1610 2040 1800 2094 decre-

197 2103 522 2163 tTi'st'aretur
544 2148 560 2172 ,
590 2103 973 2176 communique
1015 2122 1152 2176 pene
1197 2120 1405 2162 cunctae
1436 2109 1628 2163 Africa:
1670 2125 1803 2166 voce

199 2195 267 2236 ac
295 2193 566 2250 consensu
592 2179 845 2250 judicata;
871 2187 1096 2242 essent;
1137 2177 1340 2234 Amani
1374 2191 1637 2250 praeterea
1681 2196 1805 2250 pro-

197 2249 446 2308 consulis
469 2249 667 2306 Africze
694 2250 757 2322 in
777 2248 915 2304 hanc
937 2265 1051 2304 rem
1079 2248 1515 2322 inquisitionibus
1543 2293 1557 2316 ,
1585 2248 1798 2308 univer-

195 2339 276 2378 sae
305 2323 524 2378 demum
556 2321 814 2377 Ecclesia:
845 2321 1264 2376 communione:
1317 2337 1425 2377 non
1466 2323 1589 2378 ideo
1624 2334 1802 2378 tamen

197 2395 254 2451 in
290 2392 577 2450 calumniis
621 2392 735 2448 suis
777 2407 885 2448 non
937 2393 1288 2462 perstiterunt
1326 2393 1614 2449 Donatistae
1643 2435 1658 2460 ,
1709 2395 1803 2450 sed

200 2482 345 2522 nova
379 2467 601 2535 insuper
653 2463 882 2535 crimina
932 2475 987 2519 et
1029 2479 1221 2520 causas
1259 2465 1609 2531 addiderunt,
1650 2475 1707 2522 et
1751 2467 1804 2521 in

199 2552 302 2594 sua
331 2534 610 2593 sententia
633 2547 686 2592 et
715 2534 1005 2592 schismate
1034 2535 1382 2605 pertinaciter
1408 2547 1742 2594 manserunt.

276 2608 466 2679 Itaque
492 2607 819 2680 utAomnibus
850 2623 1164 2680 persuasum
1193 2616 1338 2680 esset
1363 2611 1590 2663 crimina
1611 2609 1808 2680 quibus

200 2677 506 2737 onerabant
533 2677 880 2750 Caecilianum
900 2720 915 2747 ,
943 2694 1118 2750 neque
1140 2678 1270 2734 falsa
1296 2720 1311 2745 ,
1339 2695 1514 2750 neque
1542 2677 1808 2737 immerito

200 2753 376 2808 alium
421 2751 483 2806 in
516 2749 633 2820 ejus
691 2751 865 2804 locum
906 2749 1188 2805 suti‘ectum
1239 2765 1394 2816 esse,
1442 2752 1510 2806 ab
1558 2753 1809 2808 omnibus

202 2825 446 2895 primum
478 2821 674 2895 Africae
707 2821 1002 2895 Ecclesiis,
1031 2838 1150 2895 quae
1204 2823 1516 2895 societatem
1545 2839 1665 2878 cum
1694 2823 1810 2879 Cte-

200 2892 405 2952 ciliano
456 2894 732 2961 coierant,
779 2893 1071 2948 divortium
1127 2892 1390 2948 fecerunt.
1445 2894 1634 2950 Postea
1680 2911 1808 2950 vero

202 2968 361 3023 rabie
414 2979 480 3020 ac
526 2965 707 3020 furore
751 2963 1062 3020 schismatis
1107 2966 1368 3034 gliscente
1422 2966 1488 3020 ab
1543 2967 1809 3021 universa:

202 3039 427 3094 demum
456 3037 714 3092 Ecclesiae
759 3052 888 3107 pace
913 3046 969 3091 et
1013 3037 1394 3092 communione
1423 3045 1763 3094 recesserunt
1792 3079 1806 3104 ,

202 3111 260 3166 id
289 3119 374 3165 est
399 3111 469 3164 ab
494 3109 747 3163 universo
779 3107 1055 3163 hominum
1087 3123 1306 3179 genere,
1357 3109 1447 3178 qui
1473 3125 1594 3163 cmn
1640 3109 1810 3164 Carci-

1897 465 2107 535 ligionis
2127 479 2271 543 metu
2297 485 2310 532 ;
2339 470 2479 538 quod
2514 473 2672 540 plane
2727 472 2914 528 facturi
2946 465 3050 528 non
3084 476 3352 543 fuissent,
3386 479 3486 534 nisi

1893 551 2079 591 eorum
2098 539 2188 606 qui
2208 539 2638 612 consecrabant,
2661 554 2986 612 potestatem
3013 547 3063 600 in
3081 539 3485 604 contentionem

1893 619 2218 690 vocassent,
2275 611 2688 690 docuissentque
2714 615 2783 670 ab
2829 616 3143 673 orthodoxis
3201 619 3491 676 Eucharis-

1897 684 2026 759 tiam
2055 684 2360 759 consecrari
2391 699 2492 759 non
2517 686 2776 753 potuisse.
3309 753 3314 759 _

1966 750 2046 806 Ob
2065 751 2310 808 eamdem
2333 754 2494 808 etiam
2517 750 2732 830 causam
2759 769 3002 816 sanctum
3027 760 3262 818 chrisma
3281 753 3489 830 {veluti

1896 837 2004 896 non
2036 834 2406 878 consecratum
2436 867 2449 891 ,
2476 828 2848 896 projiciebant.

1967 893 2199 978 Quartus
2223 910 2409 978 eorum
2438 893 2591 952 error
2616 911 2670 954 et
2699 902 2905 978 crimen
2959 913 3115 978 erat,
3147 906 3290 976 quod
3319 906 3494 978 bapti-

1898 975 2047 1042 zatos
2073 980 2261 1042 rursus
2281 966 2596 1042 abluerent;
2635 987 2739 1042 qua
2769 972 2821 1026 in
2856 991 2914 1028 re
2938 966 3112 1029 multa
3136 966 3261 1031 sunt
3299 966 3489 1034 obsero

1897 1036 2090 1090 vauda.
2144 1035 2383 1091 Primum
2431 1057 2499 1095 ex
2547 1035 2946 1099 Donatistarum
2974 1047 3254 1108 insututo.
3285 1062 3378 1105 aut.
3424 1065 3491 1106 ex

1898 1123 2084 1162 eorum
2118 1109 2282 1186 animi
2316 1115 2583 1186 sententia
2605 1116 3054 1182 rebaptizationes
3087 1119 3225 1173 haud
3252 1121 3448 1175 liebant
3479 1138 3493 1186 ;

1900 1195 2022 1233 nam
2072 1179 2347 1235 mordicus
2379 1182 2636 1238 tenebant
2679 1179 2800 1240 cum
2833 1190 3149 1244 orthodoxis
3186 1208 3346 1245 unum
3378 1179 3496 1247 tan;

1900 1259 2012 1335 titm
2040 1264 2176 1335 esse.
2212 1251 2474 1335 baptisma
2498 1295 2514 1320 ,
2541 1263 2594 1309 et
2618 1257 2958 1314 Christianos
2981 1277 3086 1314 uno
3118 1271 3337 1335 tantum
3367 1265 3495 1335 bap-

1901 1319 2116 1376 tismate
2144 1319 2428 1392 tingendus
2459 1340 2616 1380 esse:
2650 1343 2837 1383 verum
2867 1347 2989 1385 cum
3022 1332 3356 1389 orthodoxos
3387 1319 3498 1388 1ιῶ-

1901 1407 2090 1448 reseos
2107 1393 2494 1471 et_itlololatria:
2509 1395 3051 1471 insimularent,quod
3071 1419 3191 1458 cum
3211 1405 3498 1462 C:cciliano

1900 1466 2390 1543 communicarent,
2440 1471 2752 1543 baptizandi
2805 1466 3020 1529 vim'et
3068 1486 3389 1543 potestatem
3419 1480 3500 1536 eis

1903 1536 2105 1621 nullam
2134 1550 2257 1590 esse
2281 1539 2696 1621 existimabant.
2725 1543 2974 1621 Secundo
2996 1536 3306 1621 ,uhaptismi
3346 1566 3500 1621 repe-

1905 1606 2024 1660 titio
2047 1622 2152 1660 non
2181 1615 2299 1661 erat
2327 1611 2602 1679 proprium
2633 1628 2696 1668 ac
2729 1606 3167 1682 peculiare'illiu's
3187 1630 3351 1675 secta:
3393 1606 3500 1678 cri-

1902 1693 2062 1751 men,
2103 1693 2276 1751 neque
2306 1693 2336 1732 a
2366 1681 2659 1738 Donatistis
2688 1681 2996 1751 inventum,
3046 1691 3141 1744 sed
3185 1701 3345 1748 aetate
3391 1694 3500 1749 divi

1901 1747 2454 1827 Cypriat_ti_invectutn
2480 1792 2496 1819 ,
2523 1753 2611 1827 qui
2661 1771 2779 1811 eam
2835 1758 2903 1813 de
2948 1747 3009 1814 se
3041 1775 3135 1827 per
3161 1747 3333 1817 totam
3361 1747 3503 1820 Atri;

1904 1821 2348 1906 Camoninionetn
2373 1832 2427 1878 et
2450 1824 2917 1906 existimationem
2929 1821 3242 1906 reliquerat,
3260 1849 3314 1889 ut
3341 1837 3502 1906 quid-

1905 1891 2032 1961 quid
2076 1893 2337 1966 docuerat
2387 1910 2484 1964 pro
2530 1898 2711 1966 regula
2742 1899 2864 1954 ﬁdei
2903 1891 3507 1964 haberetur.'0h'hanc

1904 1963 2444 2046 causamponatistzc
2467 1965 2538 2046 ad
2569 1963 2892 2046 d'octttttettta
2925 1976 3053 2026 tanti
3090 1975 3184 2028 viri
3215 1963 3511 2046 respicien-

1907 2041 1991 2116 tes
2011 2075 2026 2099 ,
2058 2035 2146 2116 qui
2177 2035 2436 2116 docuerat
2464 2039 2749 2095 haereticos
2776 2043 3182 2113 rebaptizandos
3205 2035 3326 2104 esse
3345 2092 3359 2116 ,
3392 2051 3506 2106 Cze-

1905 2105 2084 2160 ciliani
2115 2115 2408 2184 sectatores
2426 2149 2455 2184 ,Α
2493 2124 2790 2184 omnesque
2835 2105 2925 2184 qui
2977 2117 3028 2170 in
3076 2117 3312 2174 Ecclesia
3347 2105 3510 2177 ltincti

1906 2185 2092 2232 essent
2133 2186 2253 2246 post
2300 2179 2569 2258 Creciliani
2617 2179 3011 2241 ordinationem
3063 2188 3507 2258 rebaptizabant;

1909 2263 2015 2301 non
2045 2263 2202 2328 secus
2232 2259 2393 2318 atque
2420 2250 2621 2328 Africa;
2653 2272 2844 2323 magna
2874 2271 2995 2324 pars
3021 2300 3035 2322 ,
3068 2250 3507 2328 qtiaa'ltmretico:

1906 2333 2026 2372 rum
2057 2318 2382 2404 baptismum
2412 2325 2720 2404 respuebat.
2745 2318 3035 2404 ‘lVonjenini
3061 2318 3221 2404 divus
3261 2318 3512 2404 Augusti-

1909 2405 2011 2444 nus
2037 2390 2285 2446 scribeus
2313 2390 2514 2447 contra
2533 2395 2839 2452 Donatistas
2871 2402 3005 2455 locis
3034 2403 3282 2458 omnibus
3328 2390 3382 2461 evt
3428 2390 3514 2462 ar-

1906 2463 2270 2542 gumentisex
2299 2463 2426 2542 divo
2470 2464 2742 2542 Cypriano
2785 2479 2840 2523 et
2869 2487 2936 2524 ex
2970 2476 3200 2528 concilio
3226 2478 3344 2542 ejus
3377 2489 3511 2533 tent—

1910 2547 2042 2610 pore
2071 2533 2672 2610 celebra_to_desuniptis
2695 2580 2710 2605 ,
2756 2545 3122 2610 reSpUndisset
3143 2586 3158 2610 ,
3193 2533 3294 2600 nisi
3339 2549 3512 2604 Dona-

1910 2605 2048 2682 tistae
2078 2621 2144 2658 ex
2185 2605 2293 2658 divi
2323 2605 2582 2682 Cypriani
2607 2611 2782 2677 potius
2809 2605 2967 2682 quam
2996 2628 3063 2668 ex
3105 2605 3200 2669 sua
3240 2621 3511 2675 sententia

1911 2675 2054 2729 hunc
2083 2691 2322 2732 errorem
2355 2675 2756 2736 sustinuissent.

1980 2746 2210 2814 Quintus
2239 2762 2424 2802 eorum
2456 2764 2611 2804 error
2641 2764 2695 2807 et
2724 2754 2929 2808 crimen
2960 2757 3154 2811 eratin
3185 2759 3511 2816 conﬁrman-

1909 2817 1980 2872 do
2010 2834 2023 2872 :
2063 2834 2184 2873 nam
2214 2830 2270 2872 ut
2299 2819 2662 2888 baptismum,
2696 2824 2776 2880 sic
2814 2837 2870 2880 et
2911 2831 3374 2885 conlirmationem
3428 2850 3512 2888 re-

1911 2889 2170 2970 petebant
2195 2906 2207 2943 :
2236 2900 2290 2946 et
2321 2891 2444 2970 licet
2472 2907 2580 2970 uno
2605 2894 2883 2952 dumtaxat
2908 2898 3073 2954 verbo
3103 2900 3156 2954 in
3185 2899 3383 2970 Optato
3411 2921 3511 2959 no-

1913 2971 2092 3016 tentur
2137 2961 2236 3016 hoc
2285 2963 2511 3019 crimine
2557 2965 2740 3020 iterum
2783 2971 3038 3035 unxistis,
3078 2961 3283 3027 certum
3333 2988 3508 3031 tamen

1911 3045 2034 3112 est,
2075 3048 2182 3112 eos.
2225 3036 2587 3112 rebaptizatos
2639 3055 2826 3112 rursus
2874 3057 3088 3112 quoque
3137 3047 3507 3103 eonlirmasse.

1911 3102 2051 3159 Olim
2099 3103 2242 3160 enim
2271 3102 2608 3186 conﬁrmatio
2637 3102 3220 3186 baptistnumﬂsemper
3247 3102 3512 3186 sequeba-

203 3183 357 3238 liano
385 3179 793 3236 consentiebant
825 3197 836 3232 :
869 3179 954 3236 hic
979 3189 1061 3236 est
1077 3173 1300 3249 Hujusce
1321 3173 1631 3236 sc'ltismatis
1657 3190 1807 3237 ortus
1835 3173 1879 3238 C
1915 3188 2037 3251 tur_,_
2079 3192 2251 3251 neque
2276 3179 2569 3251 ittuisquam
2623 3173 2890 3251 prioribus
2933 3184 3040 3239 illis
3081 3173 3296 3242 sacculis
3327 3173 3512 3245 'sacris

204 3263 263 3310 et
312 3251 485 3322 prima
511 3251 665 3321 quasi
712 3251 985 3318 scintilla,
1017 3267 1137 3322 qua:
1166 3266 1301 3322 pene
1346 3261 1511 3306 totam
1566 3252 1804 3308 Africam

202 3333 262 3382 et
291 3324 592 3380 Ecclesiam
619 3322 875 3378 incendit.

282 3398 401 3464 Qua
425 3395 476 3448 in
505 3409 563 3449 re
589 3393 1122 3449 animadvertendum
1146 3402 1230 3448 est
1260 3411 1272 3447 :
1303 3394 1347 3448 si
1371 3410 1494 3465 qua:
1519 3393 1810 3451 Cmciliatto

205 3467 551 3526 mendaciter
603 3465 929 3530 attingebant
986 3465 1308 3531 Donatistae,
1355 3483 1480 3520 Vera
1535 3467 1760 3522 fuissent
1792 3511 1807 3531 ,

203 3550 262 3597 et
296 3537 604 3595 Mensurius
629 3545 686 3592 et
709 3534 1032 3591 Caecilianus
1080 3536 1215 3592 [also
1243 3536 1466 3592 deorum
1492 3539 1640 3593 cultu
1691 3553 1812 3594 sese

204 3612 624 3682 inquinassent,
660 3609 968 3682 Donatistas
993 3608 1128 3663 nihil
1174 3609 1226 3682 in
1262 3608 1518 3682 Ecclesia:
1572 3608 1812 3678 discipli-

204 3677 337 3739 nain
363 3691 418 3738 et
433 3695 669 3737 canones
689 3681 1027 3752 commisisse
1038 3695 1161 3735 cum
1181 3677 1471 3734 Caeciliano
1493 3677 1811 3752 cazterisque

204 3756 328 3827 ejus
359 3751 912 3827 communicatur-ibus
936 3759 991 3805 et
1034 3753 1664 3827 sociis__c0t_n_munionem
1691 3751 1812 3827 _ne-

204 3821 553 3898 garent.Non
571 3822 717 3878 enim
749 3824 828 3877 las
859 3831 995 3898 erat,
1038 3839 1142 3877 non
1165 3822 1288 3898 dico
1307 3821 1813 3898 idololatratn_Epi-

205 3893 441 3968 Scapum
472 3909 816 3968 consecrare,
864 3895 1069 3968 sedne
1099 3893 1314 3964 quidem
1343 3909 1466 3948 cum
1491 3895 1628 3968 laico
1662 3895 1815 3968 lapso

204 3965 659 4026 consuetudinem
717 3966 879 4020 ullam
905 3965 1146 4021 habere:
1184 3975 1239 4020 et
1291 3966 1536 4036 quamvis
1570 3967 1810 4022 Ecclesia

207 4041 265 4097 id
299 4038 560 4109 temporis
591 4036 920 4092 Novatianos
946 4037 1279 4109 damnasset,
1327 4037 1469 4108 quod
1495 4053 1618 4092 cum
1647 4037 1812 4107 lapsis

118 4111 122 4113 ’
203 4112 374 4183 longa
421 4108 774 4183 poenitentia
823 4108 1058 4183 purgatis
1103 4123 1234 4183 “non
1261 4179 1275 4183 _
1305 4112 1808 4183 communicarent,

206 4171 399 4239 tanien
425 4171 647 4236 minime
666 4171 1012 4236 utebatur'iis
1034 4171 1122 4250 qui
1149 4195 1178 4234 a
1207 4179 1311 4235 lide
1338 4181 1422 4234 vel
1447 4181 1500 4235 in
1535 4181 1664 4249 ipsis
1697 4171 1813 4236 vin;

205 4255 352 4311 culis
379 4262 434 4309 et
475 4253 756 4307 tormentis
785 4251 1143 4319 defecissent,
1185 4253 1287 4306 nisi
1328 4259 1450 4322 post
1503 4251 1811 4307 diuturnam

246 4337 543 4395 ravemque
568 4324 970 4395 paenitentiam;
1003 4332 1332 4395 quapropter
1363 4323 1687 4395 Donatistae,
1715 4339 1812 4392 pro

246 4343 543 4395 ravemque
568 4343 970 4394 pwnttenttaln;
1003 4343 1332 4392 quapropter
1375 4343 1687 4390 υυηιιιιδιω,
1715 4343 1810 4392 pro

202 4343 621 4469 ﬁmretictsnon
653 4393 1028 4469 habebantur,
1051 4394 1193 4469 quod
1214 4392 1642 4469 cumCacciliano
1669 4395 1810 4464 ejus-

207 4485 321 4541 que
383 4467 625 4541 partibus
666 4477 742 4541 et_
761 4465 1227 4541 consentientibus
1247 4466 1558 4541 societatem
1589 4465 1694 4520 non
1721 4470 1814 4518 ha-

209 4536 413 4597 ﬁerent
439 4579 455 4605 ,
488 4539 582 4594 sed
603 4537 823 4607 quodin
850 4551 945 4592 sua
974 4536 1263 4606 pertinacia
1290 4536 1562 4590 mordicus
1594 4551 1807 4606 perma-

210 4620 412 4668 nerent
435 4655 450 4682 ,
481 4620 536 4666 et
564 4609 704 4682 quod
721 4619 923 4682 spreto
952 4609 1150 4682 summi
1182 4607 1460 4662 Pontificis
1495 4617 1550 4662 et
1595 4608 1809 4664 concilii

204 4684 422 4756 judicio
435 4678 682 4756 ,quibus
707 4678 1318 4756 Caecilianusinnocens
1353 4686 1598 4756 repertus
1620 4691 1762 4735 esset
1792 4719 1808 4747 ,

209 4750 574 4827 pertinaciter
607 4752 939 4821 factioseque
977 4750 1209 4827 schisma
1238 4765 1392 4827 suum
1419 4750 1770 4807 sustinerent.

288 4825 401 4882 Sed
429 4833 485 4878 ut
512 4824 578 4879 ad
609 4839 796 4879 eorum
819 4838 1033 4878 errores
1061 4836 1117 4880 et
1141 4822 1340 4892 ﬂagitia
1371 4830 1635 4889 revertar,
1692 4831 1815 4892 post

210 4899 323 4954 hoc
348 4895 650 4978 divortium.
681 4902 737 4950 et
780 4895 847 4949 ab
872 4893 1112 4977 Ecclesia
1158 4894 1522 4977 secessionem
1542 4937 1557 4960 ,
1582 4911 1699 4966 qua:
1721 4908 1810 4978 se:

209 4966 722 5048 quuntggcrimina
771 4965 923 5048 quasi
956 4965 1276 5048 pece_ss;irio
1306 4965 1614 5035 perpetrare
1638 4965 1810 5048 coacti

210 5035 366 5098 sunt.
399 5035 638 5094 Primum
664 5035 927 5092 sacrilicia
952 5037 1224 5093 Caeciliani
1251 5051 1544 5105 eorumque
1571 5037 1811 5092 omnium

214 5113 313 5184 qui
346 5127 470 5166 cum
502 5126 568 5184 eo
597 5109 1035 5184 communionem
1078 5109 1309 5184 agebant
1337 5150 1353 5175 ,
1410 5109 1621 5178 impttra
1647 5123 1768 5164 esse
1792 5149 1809 5177 ,

209 5181 377 5240 irrita
401 5223 414 5246 ,
444 5193 499 5236 et
524 5182 634 5237 Deo
662 5181 830 5235 invisa
849 5181 1245 5251 praedicabant,
1269 5195 1388 5249 qua:
1411 5191 1690 5250 propterea
1716 5195 1816 5236 nec

216 5255 388 5311 ullam
419 5255 560 5309 inter
587 5251 1013 5308 orthodoxorum
1044 5251 1232 5307 tideles
1263 5266 1487 5322 pacem,
1519 5267 1621 5308 nec
1675 5253 1818 5308 inter

214 5325 499 5384 Christum
525 5331 581 5380 et
602 5323 900 5384 Ecclesiam
924 5324 1176 5379 unionem
1204 5334 1259 5378 et
1299 5324 1671 5394 compaginem
1725 5339 1818 5394 pa-

214 5412 346 5457 rere
367 5405 607 5466 possent.

295 5465 503 5524 Deinde
533 5465 957 5532 Eucliaristiam,
987 5481 1109 5538 quae
1161 5466 1213 5520 in
1246 5465 1462 5536 templis
1491 5465 1822 5522 orthodoxo-

217 5555 344 5598 rum
374 5539 812 5601 consecrabatur,
842 5538 944 5595 rite
968 5545 1341 5594 cottsecratam
1370 5538 1656 5608 negabant,
1679 5538 1820 5609 quod

219 5613 637 5692 scilicetmeque
679 5625 868 5692 eorum
908 5609 1180 5681 episcopi,
1209 5624 1383 5692 neque
1421 5626 1612 5692 eorum
1643 5625 1824 5666 sacer-

221 5682 383 5740 dotes
413 5681 516 5738 rite
535 5683 837 5752 consecrati
865 5692 1048 5737 essent
1075 5722 1090 5745 ,
1138 5690 1230 5737 aut
1257 5681 1362 5736 vim
1395 5681 1560 5737 ullam
1607 5691 1702 5736 aut
1725 5696 1818 5752 po-

223 5763 482 5810 testatem
510 5751 862 5809 consecrandi
893 5753 1153 5824 haberent
1179 5768 1195 5818 ;
1223 5769 1287 5809 ac
1319 5753 1545 5824 proinde
1571 5768 1695 5808 cum
1728 5751 1828 5809 ur-

228 5825 596 5886 thodoxorum
620 5824 824 5894 templa
873 5823 1221 5893 invaderent,
1274 5825 1498 5897 pedibus
1536 5827 1828 5898 proiectam

799 5921 1076 5985 ΡΛΤιιοι.
1133 5915 1248 5982 XI.

1913 3247 2072 3328 undis
2109 3248 2460 3328 abluebatur_,
2496 3247 2638 3328 quin'
2669 3270 2787 3308 nios
2820 3254 2888 3328 ab
2929 3256 3184 3328 episcopo
3214 3261 3508 3317 chrismate

1913 3321 2264 3390 perficeretur
2303 3331 2356 3374 et
2393 3323 2783 3396 absolveretur.
2817 3321 3001 3396 Itaque
3021 3321 3141 3382 cum
3175 3329 3509 3388 orthodoxos

1915 3403 2186 3468 tamquam
2229 3407 2337 3446 non
2368 3393 2724 3463 rebaptizatos
2755 3393 2943 3451 rursus
2989 3399 3316 3468 intingerent
3341 3442 3354 3465 ,
3389 3419 3510 3458 eos—

1911 3462 2034 3518 dem
2070 3474 2339 3532 tamquam
2371 3479 2475 3520 non
2504 3462 2855 3522 continuatos
2887 3471 3082 3525 iterum
3120 3462 3280 3526 etiam
3309 3462 3509 3528 contir-

1912 3535 2132 3614 mabant
2156 3549 2181 3614 :_
2201 3533 2651 3614 quemadmodum
2683 3543 2966 3614 episcopos
2994 3551 3088 3597 aut
3123 3543 3467 3614 presbyteros
3489 3588 3504 3611 ,

1911 3621 2047 3683 quos
2074 3607 2140 3660 de
2171 3607 2380 3683 integro
2420 3607 2800 3675 baptizabant,
2841 3607 3042 3683 iterum
3085 3607 3303 3683 paritcr'
3333 3632 3396 3672 ac
3438 3607 3508 3672 dc

1912 3678 2122 3747 integro
2149 3676 2469 3732 ordinabant
2495 3689 2548 3732 et
2577 3682 2984 3737 consecrabant.

1983 3748 2208 3825 Sextum
2229 3748 2626 3825 crimenerat,
2659 3753 2802 3822 quod
2839 3769 3064 3821 omnes,
3097 3757 3188 3825 qui
3218 3757 3270 3811 in
3313 3757 3503 3814 Eccle-

1913 3819 1999 3896 sia
2048 3821 2241 3876 initiati
2284 3829 2339 3875 et
2381 3820 2612 3896 ordinati
2669 3819 2885 3890 essent,
2939 3819 3188 3896 proin-ou
3243 3831 3506 3885 ordinatis

1914 3891 2214 3947 haberent:
2245 3899 2407 3961 atque
2435 3891 2508 3946 ita
2542 3896 2593 3948 in
2628 3903 2734 3950 tota
2768 3891 3010 3952 Ecclesia
3065 3907 3119 3952 et
3148 3899 3200 3952 in
3233 3907 3346 3953 toto
3371 3902 3504 3956 orbe

1915 3974 2221 4045 terrarum,
2252 3976 2610 4045 praeterquam
2636 3965 2689 4045 in
2716 3968 2911 4045 angulo
2933 3967 3166 4045 Africm,
3193 3970 3280 4024 ubi
3310 3986 3500 4045 eorum

1917 4035 2151 4110 schisma
2207 4047 2258 4090 et
2322 4036 2488 4110 factio
2526 4039 2755 4110 vigebat
2775 4035 2805 4102 ,ί
2839 4039 3007 4094 ullum
3054 4035 3364 4110 episcopuin
3411 4051 3504 4097 aut

1915 4107 2284 4183 presbyterum
2314 4107 2536 4183 reperiri
2569 4107 2826 4180 negarent
2847 4107 3172 4182 ,omnesque
3195 4107 3502 4183 episcopos,

1915 4177 2265 4253 presbyteros
2303 4187 2363 4253 et_
2375 4177 2664 4253 diaconos
2677 4223 2692 4248 ,
2739 4182 2828 4252 qui
2865 4183 2916 4236 in
2949 4177 3134 4237 eorum
3177 4177 3500 4253 potestatem

1914 4249 2231 4324 veniebant,
2276 4250 2435 4324 nulla
2478 4249 2658 4307 habita
2707 4249 2917 4309 ratione
2963 4249 3274 4324 dignitatis.
3305 4271 3500 4311 conse—

1915 4321 2175 4396 crationis
2222 4327 2278 4376 et
2329 4321 2440 4376 olei
2483 4327 2694 4396 sancti,
2724 4326 2882 4396 inter
2916 4321 3172 4396 profanos
3225 4337 3279 4380 et
3333 4328 3500 4383 laicos

1915 4393 2281 4466 rescriberem
2311 4412 2323 4446 :
2357 4393 2499 4466 quod
2531 4395 2826 4466 antiquitus
2855 4393 3124 4451 summum
3155 4406 3272 4452 erat
3299 4400 3495 4455 scelus.

1987 4464 2315 4534 Septimum,
2346 4463 2489 4533 quod
2529 4463 2769 4521 Orientis
2797 4479 2851 4521 et
2901 4468 3208 4524 Occidentis
3231 4468 3504 4524 Ecclesias

1916 4533 2106 4589 omnes
2136 4533 2363 4589 infectas
2381 4575 2397 4598 .
2418 4535 2649 4602 pollutas
2666 4579 2682 4604 ,
2709 4552 2772 4592 ac
2795 4552 2916 4593 reas
2939 4556 3059 4593 esse
3083 4540 3456 4594 existimarent
3486 4558 3499 4593 :

1914 4605 2056 4676 quod
2086 4621 2208 4660 cum
2239 4605 2531 4678 Caeciliano
2552 4608 2774 4678 ejusque
2806 4611 3211 4665 successoribus
3258 4627 3502 4667 commu-

1915 4679 2131 4752 nionem
2184 4692 2247 4732 ac
2297 4677 2610 4752 societatem
2640 4677 2960 4752 habuissent
2996 4698 3009 4734 :
3055 4681 3236 4752 itaque
3281 4698 3404 4738 cum
3431 4699 3500 4738 ex

1914 4749 2110 4804 Arabia
2158 4749 2450 4803 nonnullos
2497 4750 2963 4816 nanciscebantur,
3023 4749 3359 4809 non'minus
3405 4767 3500 4808 eos

1913 4819 2314 4895 rebaptizarent
2340 4835 2500 4895 quam
2523 4820 2979 4892 Carthaginenses
2997 4865 3012 4889 ,
3040 4827 3285 4895 quamvis
3311 4840 3500 4881 eorum

1910 4893 2156 5019 1qmnium
2216 4891 2388 4964 ignari
2435 4905 2617 4948 essent
2661 4910 2782 4963 qua:
2829 4895 2884 4950 in
2929 4891 3277 4952 Caecilianum
3333 4897 3500 4966 linge-

1950 4974 2130 5019 antur.

1950 4974 2130 5020 antur.

1986 5037 2269 5099 Octavum,
2311 5033 2442 5090 Jesu
2500 5033 2701 5090 Christi
2743 5037 3042 5094 Ecclesiam
3091 5039 3358 5096 visibilem
3409 5057 3505 5096 nc-

1918 5122 2024 5178 que
2039 5121 2162 5162 esse
2181 5148 2196 5172 ,
2227 5121 2402 5178 neque
2422 5115 2671 5162 constare
2713 5109 2944 5177 debere,
2980 5112 3082 5166 nisi
3113 5128 3180 5166 ex
3207 5114 3505 5168 innocenti-

1922 5177 2045 5245 bus,
2074 5177 2309 5234 innoxiis
2335 5219 2352 5244 ,
2380 5187 2436 5232 et
2482 5180 2629 5233 nulla
2677 5181 2798 5236 labe
2823 5189 2917 5235 aut
2956 5184 3163 5240 macula
3191 5187 3454 5240 contactis
3488 5200 3502 5238 :

1922 5251 2065 5305 unde
2115 5250 2185 5326 ab
2229 5249 2482 5305 omnibus
2514 5258 2572 5305 et
2605 5250 2674 5305 ab
2703 5251 2952 5326 universa
2983 5255 3226 5311 Ecclesia
3251 5270 3506 5326 segrega-

1923 5329 2038 5398 tos,
2068 5323 2450 5398 catharosque,
2472 5338 2677 5398 puros,
2698 5339 2761 5379 ac
2789 5324 3028 5396 integros
3053 5323 3507 5398 quemadmodum

1924 5393 2207 5449 Novatiani
2229 5407 2290 5448 se
2319 5407 2441 5448 esse
2464 5394 2761 5462 iactabant.

1997 5463 2207 5540 Nonum
2228 5463 2444 5540 crimen
2463 5504 2480 5531 ,
2510 5465 2651 5534 quod
2689 5481 2879 5522 manus
2907 5467 3173 5539 episcOpis
3201 5474 3258 5522 et
3282 5467 3507 5540 presby-

1930 5538 2079 5609 teris?
2106 5535 2273 5606 lapsis
2314 5536 2705 5609 imponerent,
2741 5549 2798 5592 ut
2835 5535 3109 5609 colligitur
3138 5554 3203 5594 ex
3245 5535 3514 5594 sententia

1927 5606 2266 5664 Melchiadis.
2313 5606 2514 5662 Verum
2567 5609 2619 5662 in
2677 5610 2779 5663 hoc
2849 5606 3120 5664 laboratur
3167 5609 3236 5664 de
3281 5625 3514 5679 quanam

1933 5695 2126 5737 manus
2171 5680 2513 5749 impositione
2561 5680 2632 5733 sit
2669 5681 3074 5750 accipiendum;
3113 5696 3236 5735 nam
3286 5680 3516 5748 plurinta

1933 5767 2060 5825 pars
2089 5765 2372 5825 munerum
2425 5761 2480 5806 et
2511 5751 2932 5825 ministeriorum
2975 5753 3359 5822 episcopalium
3403 5769 3520 5809 tua.

1932 5820 2098 5883 huum
2128 5820 2476 5894 impositione
2501 5822 2909 5892 conﬁciebatur,
2947 5820 3331 5895 ut‘baptismus
3348 5867 3362 5893 ,
3385 5839 3487 5884 con
3503 5851 3524 5868 ο

2865 5919 2966 6010 37.
