3972 6328
224 314 360 375 1169

1424 320 1493 378 ΙΝ
1533 319 1860 381 SANCTUM
1895 321 2247 384 OP'I‘A'I’UM.

3373 288 3513 392 i170

223 437 396 519 iione,
424 444 922 519 cpnservatiautem
947 449 1070 519 cum
1099 435 1351 492 miseram
1392 436 1440 493 ei
1486 436 1651 493 vitam
1695 421 1806 493 tra-
1834 438 1893 501 Α
1927 507 1961 519 ἢ
1986 439 2234 519 Pag._48.
2267 441 2559 519 _Decimum
2593 454 2845 519 qnartum
2889 461 2955 519 ex
2997 447 3080 503 bis
3125 463 3140 503 :
3180 446 3507 519 Deuterium,

220 507 349 563 bere
376 507 632 576 relinquit
658 508 797 563 inter
821 509 1162 577 pmnitentes.

287 578 424 634 Ibid.
455 579 755 647 Septimum
788 596 854 635 ex
885 580 970 634 his
1002 597 1014 634 :
1049 579 1367 651 Paupertate
1392 588 1571 651 sensus
1597 579 1679 634 sui
1704 579 1808 633 circ

219 651 478 723 cumuenti
494 660 617 723 sunt
636 693 651 717 ,
681 667 807 721 quos
836 653 1072 721 decipere
1110 650 1387 723 potuistis;
1418 650 1649 721 prafecti
1672 651 1808 705 enim

215 723 420 793 fuerant
440 722 522 794 iili
544 738 698 794 opere
716 722 915 794 scilicet
953 722 1074 789 Dei,
1104 725 1191 794 qui
1217 724 1271 778 in
1310 725 1421 794 ejus
1458 722 1662 778 nomine
1688 725 1806 793 fue-

216 792 332 848 rant
377 792 625 848 ordinati.
681 792 817 849 Nam
860 809 982 850 cum
1032 792 1403 865 superioribus
1455 795 1633 849 verbis
1681 792 1808 848 sunt

215 865 582 921 connectenda
612 906 627 931 ,
655 876 710 920 et
738 867 805 919 dc
835 865 1026 920 iisdem
1065 867 1335 935 episcOpis
1372 865 1569 936 quibus
1610 878 1807 936 manus

214 936 388 993 fuerat
411 936 664 1005 imposita
689 937 1001 1006 accipienda
1022 978 1039 1003 ,
1066 939 1314 1009 liuncque
1362 935 1579 993 sensum
1606 935 1807 1009 habere

212 1008 740 1080 videntur:episcopi
780 1023 917 1079 quos
940 1010 1258 1078 ptenitentes
1280 1008 1501 1075 fecistis,
1532 1008 1808 1080 etquibus

216 1080 382 1134 vitam
405 1078 612 1134 ordinis
637 1078 940 1135 et'bonoris
971 1080 1271 1148 eripuistis,
1306 1087 1464 1134 erant
1491 1078 1720 1133 ordinati
1753 1080 1806 1133 in

209 1153 429 1223 nomine
459 1150 695 1223 Domini,
727 1160 784 1206 et
812 1150 930 1207 haec
952 1152 1220 1206 ordinatio
1233 1160 1351 1206 erat
1378 1165 1515 1223 opus
1542 1150 1803 1223 divinum,

208 1222 352 1290 quod
400 1222 647 1279 vectibus
696 1222 916 1277 malitiae
961 1223 1291 1292 disjecistis:
1322 1221 1489 1292 quare
1541 1221 1609 1277 de
1649 1222 1806 1276 vobis

208 1293 504 1349 Donatistis
541 1303 692 1350 recte
722 1293 919 1350 dicitur
949 1312 963 1348 :
1005 1311 1119 1364 quae
1149 1294 1286 1349 Deus
1315 1294 1561 1366 perfecit,
1578 1293 1680 1361 ipsi
1711 1294 1802 1366 de-

207 1374 510 1422 struxerunt
535 1380 556 1421 :
581 1379 704 1436 quae
733 1380 853 1421 cum
878 1366 951 1421 ita
978 1367 1105 1427 sint.
1126 1364 1339 1421 constat
1372 1364 1683 1420 Donatistas
1709 1364 1807 1418 ali-

206 1437 337 1509 quid
378 1438 571 1493 iecisse
598 1437 651 1492 in
682 1438 967 1509 episcopos
1006 1437 1148 1509 quod
1194 1452 1331 1507 opus
1380 1436 1473 1492 Dei
1500 1443 1797 1509 everteret;

205 1508 311 1564 hoc
335 1518 519 1563 autem
558 1509 792 1564 maxime
830 1508 991 1564 flebat
1020 1507 1335 1578 pmnitentia
1364 1522 1523 1578 quam
1561 1507 1805 1574 impone-

206 1579 339 1635 bant
371 1580 644 1651 episcOpis
672 1594 810 1651 quos
838 1579 1094 1649 decipere
1121 1590 1390 1649 poterant,
1414 1590 1469 1635 et
1491 1579 1582 1647 qui
1613 1578 1678 1651 ad
1708 1592 1804 1651 eos

206 1649 510 1707 transibant
537 1649 702 1715 ,‘non‘
721 1661 904 1707 autem
946 1651 1348 1707 reordinatione
1376 1668 1388 1704 :
1417 1665 1540 1705 nam
1568 1649 1805 1720 antiqui-

205 1732 294 1779 tus
320 1723 525 1793 aliquid
552 1722 761 1794 injuria:
790 1723 899 1778 Deo
918 1733 972 1778 et
1005 1722 1123 1793 ejus
1163 1731 1505 1778 sacramento
1529 1729 1584 1777 et
1607 1718 1801 1794 clia'ra—

206 1795 348 1850 cteri
382 1792 503 1850 ﬁeri
550 1792 808 1865 putabant
840 1795 885 1849 si
913 1792 1201 1865 episcopus
1230 1804 1320 1848 aut
1348 1794 1629 1865 presbyter
1661 1792 1805 1865 inter

298 1864 854 1921 nitentes’viseretur
888 1867 1285 1936 (Augustinus,
1326 1864 1461 1919 libro
1516 1864 1688 1932 primo
1738 1864 1805 1936 de

245 1936 509 2010 aptismo)
545 1936 723 2010 :quod
761 1938 805 1992 si
840 1938 1208 2010 paenitentiam
1240 1935 1597 2010 imposuerint
1643 1935 1808 2007 lapsis

201 2005 1155 2079 episcopisDonatista‘,'verisimile
1192 2016 1275 2061 est
1315 2005 1629 2079 Melchindis
1675 2005 1807 2061 sen-

204 2077 433 2136 tentiam
465 2081 533 2136 de
555 2094 618 2136 ea
662 2096 854 2135 manus
885 2080 1231 2150 impositione
1267 2077 1635 2149 accipiendam
1661 2091 1805 2144 esse,

201 2167 312 2209 non
339 2150 623 2279 antemrde
651 2149 1059 2209 reordinatidne
1083 2166 1189 2223 qua
1219 2164 1356 2221 Opus
1389 2149 1487 2206 Dei
1519 2164 1627 2204 non
1656 2159 1811 2219 pote-

201 2233 289 2279 rat
314 2240 380 2279 δυ
424 2240 518 2279 ver
547 2242 582 2279 Ι.

199 2233 289 2279 rat
314 2225 582 2279 subverti.

272 2296 410 2368 Pag.
431 2296 521 2352 46.
550 2294 810 2352 Octavum
842 2310 912 2351 ex
944 2295 1065 2368 bis:
1095 2292 1283 2350 Docete
1312 2291 1401 2347 ubi
1430 2291 1571 2368 vobis
1586 2291 1807 2368 manda-

200 2375 311 2441 tugn
342 2364 419 2423 Est
451 2369 636 2422 radere
660 2368 835 2441 capita
858 2367 1225 2441 sacerdotum;
1256 2380 1379 2441 nam
1408 2365 1600 2441 eodem
1634 2364 1809 2434 respi-

198 2440 355 2494 ciunt
384 2455 493 2510 quo
523 2436 841 2509 superiora,
870 2448 925 2494 et
953 2439 1021 2494 de
1046 2439 1236 2510 eadem
1273 2436 1471 2510 injuria
1513 2445 1580 2510 et
1616 2446 1809 2510 contu-

199 2512 371 2566 melia
404 2505 513 2582 qua
542 2505 836 2581 episcOpos
870 2509 1184 2582 alliciebant
1207 2550 1223 2577 ,
1255 2505 1804 2582 suntintelllgenda:

196 2591 253 2636 at
276 2596 389 2636 non
422 2576 597 2651 major
629 2576 818 2638 fuisset
843 2581 1039 2652 injuria
1067 2581 1260 2636 radere
1276 2579 1457 2652 capita
1482 2579 1535 2633 in
1566 2576 1807 2652 secunda

198 2648 549 2709 ordinatione
593 2669 754 2725 quam
808 2654 861 2707 in
898 2648 1127 2725 'prima;
1193 2651 1289 2706 sed
1335 2648 1806 2725 contumeliosum

197 2740 430 2795 prorsus
457 2735 573 2780 erat
614 2719 675 2782 et
699 2740 728 2779 a
752 2726 862 2781 Deo
884 2719 1215 2795 prohibitum
1253 2720 1443 2787 radere
1491 2719 1806 2791 episcopum

197 2807 253 2852 et
290 2806 514 2852 unctum
545 2797 641 2853 Dei
673 2795 1271 2867 pmniteutite‘tradere.

273 2868 417 2924 Ibid.
460 2861 764 2924 Nonum'ex
792 2867 880 2924 his
913 2885 928 2921 :
956 2866 1037 2922 Tu
1065 2869 1178 2939 quis
1202 2883 1253 2920 es
1297 2866 1386 2933 qui
1436 2867 1644 2939 auferas
1671 2861 1809 2930 quod

197 2956 311 2994 non
346 2938 582 2995 dedisti?
604 2939 755 2996 Hanc
773 2940 916 2996 enim
962 2933 1232 3009 accipiunt
1262 2933 1761 3006 interpretationem
1790 2950 1804 2988 :

198 3011 354 3066 Deus
383 3013 557 3081 potuit
579 3010 791 3067 auferre
819 3011 999 3067 oleum
1030 3025 1185 3065 suum
1228 3018 1284 3081 et
1318 3017 1717 3081 sacramentum
1741 3022 1808 3061 ex

196 3079 398 3146 Saule,
441 3083 537 3138 sed
578 3084 781 3149 noluit,
810 3090 870 3136 ut
892 3092 943 3138 te
970 3082 1192 3138 doceret
1213 3122 1226 3143 ,
1260 3079 1510 3148 injuriam
1534 3094 1654 3149 non
1686 3091 1809 3133 esse

197 3152 513 3209 faciendam
564 3155 742 3210 unctis
770 3148 925 3223 suis;
955 3154 1051 3209 sed
1102 3163 1157 3208 tu
1197 3150 1377 3206 aufers
1403 3148 1548 3220 quod
1576 3163 1680 3223 non
1708 3149 1807 3203 de-

1912 507 2242 594 Daricnium,
2255 511 2523 594 Donatum
2543 524 2591 572 et
2612 507 2885 594 'Getulum,
2896 517 2991 573 Dei
3008 519 3295 594 episcopos,
3318 507 3511 594 lingua}

1911 581 2431 665 glqdiojugulastis;
2457 604 2578 665 nam
2611 581 2923 665 poenitentia
2948 581 3396 665 eos'jugularant.

1985 654 2121 727 Ibid}
2166 655 2443 711 Decimum
2479 654 2724 727 quintum
2752 676 2825 716 ex
2858 661 2941 716 his
2975 654 3197 718 :Muliis
3232 673 3409 717 notum
3434 672 3512 720 est

1913 734 1963 804 _et
1992 726 2262 804 probatum
2288 726 2669 804 persecutionis
2696 741 2948 804 tempore,
2996 733 3262 804 episcopos
3310 733 3510 804 aliquos

1911 795 2097 876 inertia
2126 815 2158 851 a
2177 800 2493 876 con_[essione
2516 803 2740 876 nominis
2768 795 2866 857 Dei
2889 795 3124 876 delapsos
3165 795 3507 874 Muri/icisse,

1913 875 1961 950 et
1983 877 2153 950 tamen
2177 870 2352 924 nullus
2392 888 2568 925 eorum
2593 874 2683 950 qui
2703 886 2972 950 euaserunt
2997 870 3086 928 aut
3115 870 3322 950 manum
3344 870 3505 950 lapsis

1910 941 2186 1016 imposuit,
2217 950 2305 995 aut
2343 952 2395 996 ut
2432 960 2598 1015 genua
2646 945 2863 1015 ﬁgerent
2911 946 3177 1016 imperavit
3198 964 3219 1012 ;
3259 941 3407 1001 nam'
3437 946 3509 1005 de

1911 1024 2017 1083 una
2045 1011 2343 1083 eademque
2372 1011 2561 1069 manus
2586 1011 2930 1083 impositione
2960 1011 3047 1070 liic
3076 1011 3207 1073 etin
3234 1021 3504 1075 sententia

1912 1080 2228 1159 Melchiadis
2256 1080 2340 1159 est
2366 1098 2580 1159 sermo;
2611 1080 3064 1156 quemadmodum
3097 1090 3240 1159 enim
3267 1092 3346 1145 alt
3393 1090 3503 1159 0p-

1914 1162 2101 1229 tatus,_
2136 1153 2301 1229 lapsis
2329 1153 2873 1229 episcopis—manum
2922 1158 3243 1229 imposuisse
3284 1153 3505 1215 Donati-

1911 1233 2058 1300 stas,_
2088 1224 2161 1279 ita
2185 1223 2512 1300 Melchiades
2531 1223 2756 1285 eosdem
2783 1223 3026 1296 damnat,
3048 1230 3367 1300 quodlapsis
3390 1231 3505 1300 epi-

1912 1296 2090 1384 scopis
2118 1312 2336 1384 manum
2359 1299 2745 1384 imposuissent
2777 1322 2791 1356 :
2825 1311 2880 1356 at
2907 1301 2994 1355 illa
3015 1296 3206 1384 manus
3234 1296 3508 1384 iniposiiio

1912 1368 2144 1435 pertinet
2172 1368 2239 1422 ad
2265 1371 2639 1440 paenitentiam
2662 1412 2677 1435 ,
2713 1388 2820 1428 non
2846 1383 3024 1428 autem
3051 1372 3117 1427 ad
3146 1368 3509 1428 reordinatio-

1910 1452 2074 1517 item,
2091 1449 2147 1493 ιιι
2172 1454 2237 1494 ex
2264 1440 2353 1517 bis
2380 1442 2594 1517 verbis,
2628 1452 2718 1517 aut
2747 1450 2803 1498 ut
2826 1461 2997 1517 genua
3021 1443 3236 1517 ﬁgerent
3278 1444 3507 1517 impera-

1909 1509 2004 1590 uit,
2040 1509 2165 1564 licet
2194 1511 2449 1582 colligere
2482 1531 2494 1565 :
2525 1509 3189 1590 adgenicula'tioncsenim
3237 1509 3506 1590 paeniten-

1910 1585 2041 1633 tium
2069 1591 2227 1635 erant
2274 1595 2604 1657 argumenta,
2635 1585 3027 1641 humiliationis
3060 1596 3112 1642 et
3150 1588 3504 1657 exomologe-

1908 1664 2033 1733 neos
2061 1656 2335 1733 actusqui
2360 1656 2480 1733 sine
2505 1656 2710 1725 pudore
2736 1666 2791 1713 et
2817 1657 3222 1733 dedecorean
3254 1656 3507 1733 poterant

1911 1720 2027 1804 fieri
2054 1724 2121 1804 ab
2148 1720 2457 1804 episcopis;
2618 1742 2749 1783 vero
2776 1744 2895 1799 qua:
2923 1727 2976 1782 in
3010 1720 3294 1804 ordinibus
3336 1729 3508 1804 susci:

1909 1794 2119 1876 piendis
2170 1794 2383 1876 tierent,
2434 1794 2568 1852 nulli
2611 1794 3019 1876 poterantesse
3058 1798 3509 1876 dedecorizquid

1915 1866 2059 1942 enim
2089 1866 2260 1935 magis
2286 1866 2710 1942 consentaneum
2742 1870 3147 1942 disciplinaeque
3174 1871 3345 1942 magis
3373 1866 3508 1924 con-

1912 1936 2135 2020 veniens
2160 1953 2319 2020 quam
2346 1938 2705 1996 ordinandum
2742 1936 2915 2053 genua
2956 1936 3198 2011 ﬂectere,
3238 1936 3293 1998 εἷ
3320 1955 3506 1996 coram

1912 2008 2323 2053 nrdmamnlmg
2349 2012 2713 2053 mlannimllnri
2793 2012 2933 2053 mmd
2965 2013 3008 2053 ci
3039 2013 3108 2053 iln
3140 2020 3221 2053 ml
3290 2028 3400 2053 nnn
3425 2020 3506 2053 ne!

1912 2008 2323 2088 ordinatonibns
2349 2012 2714 2088 adgeniculari
2742 2008 2770 2067 ῗ
2793 2012 2934 2085 quod
2965 2013 3011 2068 si
3039 2013 3110 2088 ita
3243 2056 3271 2088 ,_
3290 2028 3401 2088 non
3418 2020 3513 2088 est

1911 2077 2294 2162 disputandum
2332 2082 2402 2137 de
2424 2077 2825 2154 "explicatione
2851 2085 3137 2162 sententiae
3173 2077 3508 2140 Melcliiadis.

1984 2148 2117 2227 Ibid.
2159 2150 2439 2208 Decimum
2479 2148 2690 2225 sextum
2743 2171 2806 2210 ex
2856 2155 2942 2227 his
2989 2172 3004 2210 :
3050 2153 3197 2209 Dum
3242 2167 3510 2227 peccatum

1912 2219 2134 2297 [tpminis
2159 2226 2445 2297 percutitur
2476 2219 2500 2279 ι’
2529 2241 2723 2281 manus
2751 2228 2893 2281 enim
2921 2219 3268 2297 impositione
3295 2226 3365 2281 de
3402 2241 3508 2296 qua

1911 2291 2237 2367 Melcliiades
2266 2308 2319 2350 et
2349 2297 2573 2367 Optatus
2624 2291 3055 2367 conqueruntur,
3081 2307 3358 2365 peccatum
3390 2291 3511 2353 illo-

1911 2378 2031 2418 rum
2073 2366 2451 2434 episcoporum
2492 2383 2627 2437 quos
2680 2366 3002 2437 poenitentes
3036 2368 3330 2424 Donatistae
3363 2368 3509 2424 fece-

1911 2441 2065 2517 rant,
2105 2450 2420 2517 percussum
2452 2437 2627 2517 fuerat
2660 2441 2849 2517 :_quod
2893 2440 3282 2495 reordinationi
3307 2455 3508 2517 conve-

1915 2509 2036 2560 nire
2063 2509 2270 2582 nequit,
2302 2510 2397 2565 sed
2421 2509 2776 2580 pcenitentiae,
2805 2526 2910 2582 qua
2944 2521 3162 2582 peccata
3189 2512 3509 2581 percutiun-

1911 2586 2001 2633 tur
2024 2577 2373 2635 etdelentnr.
2422 2577 2437 2580 “
2761 2577 2769 2579 ’
2824 2577 2838 2582 ’
2945 2577 2956 2582 ⁷
3100 2638 3103 2641 Α

1983 2648 2119 2724 Ibid.
2143 2650 2439 2724 Decimum
2471 2654 2759 2724 septimum
2799 2668 2864 2708 ex
2898 2653 2980 2708 bis
3015 2671 3028 2707 :
3062 2650 3203 2708 Nam
3242 2668 3358 2724 qua
3393 2669 3507 2707 ma—

1901 2723 1995 2795 jor
2024 2722 2306 2795 infelicitas
2330 2739 2485 2793 quam
2524 2723 2625 2779 Dei
2667 2724 2956 2779 sacerdotes
3005 2725 3206 2792 vivere,
3255 2722 3350 2779 nec
3396 2741 3508 2779 esse

1911 2792 2049 2865 quod
2094 2792 2348 2863 fuerant?
2379 2796 2638 2851 Eumdeni
2671 2797 2817 2852 enim
2865 2805 3021 2865 urget
3062 2810 3306 2851 errorem
3355 2810 3505 2850 eam-
3558 2826 3565 2829 ι

1912 2864 2146 2989 demgue
2204 2881 2393 2922 manus
2452 2867 2850 2937 impositionem
2892 2864 3209 2940 perstringit
3261 2883 3381 2936 qua:
3434 2866 3504 2922 ad

1913 2949 2038 2989 reor
2077 2936 2370 2989 inationem
2411 2938 2600 2989 referri
2642 2940 2849 2989 neanit.
2884 2954 3008 2989 cum
3043 2938 3191 2989 dicat
3218 2940 3504 2989 episconos

1913 2936 2370 2993 reordinationem
2411 2936 2600 2994 referri
2642 2940 2849 3009 nequit,
2884 2936 3008 2993 cum
3043 2936 3191 2994 dicat
3218 2940 3505 3010 episcOpos

1912 3020 2014 3080 pet:
2037 3022 2297 3080 eanrnon
2320 3024 2443 3065 esse
2464 3012 2696 3078 amplius
2717 3012 2858 3080 quod
2886 3009 3119 3065 fuerant.

1984 3077 2112 3147 Pag.
2166 3078 2235 3133 72
2274 3091 2329 3135 et
2380 3081 2467 3135 75.
2511 3077 2790 3137 Decimum
2844 3090 3091 3136 octavum
3135 3097 3201 3138 ex
3253 3080 3340 3136 bis
3379 3081 3503 3137 libri

1918 3149 2100 3217 quarti
2115 3150 2329 3206 verbis:
2362 3151 2471 3207 Nec
2494 3153 2754 3222 apostolos
2777 3153 2968 3207 imitari
2983 3154 3237 3221 voluistis,
3266 3169 3298 3207 a
3324 3153 3506 3222 quibus

195 3224 359 3289 disti,
391 3236 448 3281 et
477 3224 609 3281 facis
641 3220 1110 3296 iniuriam—unctis
1134 3224 1245 3289 llei,
1279 3222 1405 3292 quia
1435 3235 1529 3296 ens
1556 3220 1703 3274 radis
1747 3228 1805 3275 et
1828 3224 1875 3286 C
1908 3223 2061 3296 etiam
2082 3220 2623 3296 negatordilectusest
2646 3224 2832 3296 Petrus
2859 3240 2878 3278 :
2902 3225 3099 3296 quibus
3117 3220 3297 3296 docet,
3326 3220 3504 3278 Dona-

195 3297 267 3352 ad
307 3291 937 3365 pmnitentiam'damnas
970 3311 1129 3368 ;qn:e
1166 3291 1540 3364 interpretatio
1571 3305 1678 3347 non
1708 3305 1805 3362 po-

198 3377 316 3424 test
336 3370 633 3424 convenire
656 3383 777 3424 cum
799 3368 1223 3424 reordinatione.

274 3439 421 3495 Ibid.
468 3439 745 3495 Decimum
792 3454 857 3495 ex
908 3439 993 3494 bis
1036 3457 1049 3491 :
1083 3437 1222 3507 Quid
1250 3436 1457 3507 prodest
1482 3433 1606 3501 quia
1634 3433 1810 3507 uiuunt

198 3511 448 3566 homines
466 3552 482 3575 ,
515 3522 560 3566 et
588 3512 744 3566 occisi
780 3521 900 3566 sunt
932 3505 1150 3566 honores
1175 3526 1207 3563 a
1234 3505 1560 3575 uobis?Qute
1583 3505 1801 3575 quidem

198 3597 319 3638 non
350 3583 578 3638 dixisset
613 3582 660 3637 si
719 3583 1010 3637 Donatistae
1064 3580 1473 3637 reordinassent
1518 3577 1805 3646 episcopos

197 3669 348 3723 quos
376 3655 873 3709 circumveniebant
896 3694 913 3721 ,
945 3653 1068 3722 quia
1116 3650 1802 3723 reorditiatione__rton_ma-

197 3719 289 3796 gis
328 3727 699 3795 spoliabantur
722 3736 809 3779 aut
832 3719 1230 3796 occidebantur
1253 3736 1411 3796 quam
1441 3719 1798 3796 ordinatione.

280 3790 418 3868 Pag.
468 3797 539 3853 46
585 3807 641 3853 et
670 3798 758 3853 47.
800 3795 1159 3872 Undecininm
1206 3790 1281 3848 es
1320 3792 1403 3846 bis
1434 3807 1452 3845 :
1484 3790 1803 3872 Extendistig

201 3861 426 3923 manuni
453 3884 609 3937 super
658 3884 809 3923 omne
847 3878 1026 3938 caput.
1055 3867 1182 3922 Haec
1225 3861 1802 3938 nianus__extensio_a_d

198 3930 671 3996 reordinationem
711 3954 816 3994 non
851 3930 1025 4007 potest
1062 3937 1251 3993 referri
1278 3977 1293 4000 ,
1324 3944 1385 3989 ut
1414 3934 1581 4002 liquet
1609 3948 1676 3987 ex
1716 3930 1802 3993 his

196 4029 330 4081 qua:
360 4022 666 4082 sequuntur
697 4030 711 4065 ε
748 4009 859 4065 Hoc
887 4020 962 4066 est
983 4008 1357 4082 impatientibus
1383 4021 1619 4082 inanu_m_
1647 4019 1803 4073 super

199 4076 417 4137 omnem
443 4076 665 4137 'a’tatem
703 4082 773 4137 ad
801 4076 1096 4137 evertendas
1122 4081 1340 4133 animas.
1374 4076 1645 4131 Invenistis
1672 4091 1802 4143 pue-

196 4170 318 4220 ros,
352 4154 421 4209 de
442 4155 737 4226 pmnitentia
763 4154 1054 4226 gauciastis,
1079 4169 1141 4226 ne
1168 4151 1329 4223 aliqui
1355 4148 1586 4203 ordinari
1609 4147 1804 4226 potuis-

197 4236 321 4281 sent
351 4241 374 4289 ;
400 4220 495 4281 sed
521 4226 697 4296 pntius
719 4225 784 4281 ad
815 4224 1206 4294 pmnitentiam,
1231 4220 1334 4291 qua
1352 4230 1548 4296 _status
1576 4220 1803 4273 clerico-

202 4313 335 4353 rum
396 4306 452 4352 et
482 4292 715 4353 maxime
749 4292 1136 4367 Episcoporum
1166 4292 1510 4367 evertebatur
1540 4299 1803 4367 :praster-

197 4385 272 4424 ea
308 4369 612 4425 verisimile
642 4378 726 4425 est
778 4361 901 4425 eum
934 4361 1075 4438 loqui
1105 4367 1173 4438 de
1194 4364 1382 4438 eadem
1418 4376 1612 4438 manus
1638 4361 1804 4429 impo-

199 4441 416 4496 sitione
442 4449 841 4511 propterquam
892 4453 922 4493 a
968 4433 1267 4511 Melcbiade
1304 4433 1543 4511 damnati
1590 4433 1802 4486 fuerant

204 4504 513 4567 Donatistm
542 4504 558 4567 Ξ
591 4504 759 4585 aut'si
780 4512 831 4565 id
864 4526 966 4565 non
990 4508 1327 4585 conceditur,
1351 4504 1563 4585 doceat,
1592 4517 1795 4585 quasso,

199 4598 465 4654 quanam
509 4592 656 4640 esset
711 4584 798 4637 illa
851 4579 1333 4654 manusextensio
1371 4591 1475 4654 qna
1509 4575 1800 4654 Donatistae

1910 3293 2067 3348 tistas
2092 3294 2468 3361 apostolorum
2508 3295 2758 3366 exemplo
2779 3337 2792 3361 ,
2824 3295 2913 3361 qui
2949 3295 3168 3351 Petrum
3202 3295 3414 3364 lapsum
3444 3302 3503 3350 et

1911 3374 2224 3437 negatorem
2291 3367 2630 3433 dilexerunt,
2682 3368 2968 3437 episcopos
3033 3367 3213 3437 lapsos
3273 3366 3501 3435 diligere

1908 3435 2189 3508 debuisse,
2227 3438 2371 3492 unde
2398 3438 2568 3508 magis
2610 3439 2669 3492 lit
2701 3435 2994 3493 verisimile
3024 3436 3333 3494 Donatistas
3384 3437 3502 3504 epi-

1909 3506 2095 3577 sc0pis
2121 3506 2508 3576 paenitentiam
2526 3511 2850 3579 imposuisse
2878 3524 3039 3576 quam
3068 3508 3288 3563 ordines
3316 3516 3507 3563 contu-

1911 3579 2079 3641 lisse;
2120 3580 2209 3646 qui
2241 3582 2384 3634 enim
2415 3580 2738 3635 ordinantur
2783 3589 2877 3633 aut
2926 3579 3330 3646 reordinanlur,
3359 3581 3501 3633 inter

1908 3649 2330 3704 reordinationis
2368 3652 2507 3705 ritus
2543 3653 2731 3706 osculo
2761 3650 3051 3718 donantur,
3091 3663 3147 3707 et
3176 3665 3275 3720 pro
3303 3650 3503 3705 fratri-

1906 3720 2008 3775 bus
2030 3720 2103 3793 ab
2130 3721 2531 3777 ordinatoribus
2559 3722 2939 3778 adsciscuntur
2965 3738 2981 3793 ξ
3013 3723 3104 3793 qui
3152 3736 3283 3777 vero
3325 3722 3502 3791 paeni-

1908 3791 2132 3847 tentiam
2164 3802 2355 3863 agunt,
2391 3809 2491 3864 pro
2520 3793 2795 3849 extraneis
2821 3803 2875 3848 et
2900 3808 2929 3847 a
2962 3791 3300 3849 fraternitate
3326 3793 3505 3847 divul-

1906 3864 1985 3918 sis
2021 3863 2428 3931 repudiantur:
2487 3865 2605 3919 hmc
2657 3865 2891 3934 denique
2948 3863 3070 3919 libri
3122 3866 3259 3919 sexti
3310 3864 3498 3931 verba,

1908 3948 2029 4005 pag.
2063 3934 2153 4001 98,
2185 3951 2312 4003 quos
2341 3946 2430 3990 aut
2466 3937 2866 4004 rebaptizatione
2908 3945 2998 3988 aut
3041 3935 3337 4005 pa'nitentia
3379 3951 3504 3988 sau-

1907 4006 2103 4073 ciastis,
2134 4006 2463 4062 conveniunt
2490 4024 2611 4063 cum
2648 4007 2917 4064 sententia
2946 4006 3304 4071 Melcliiadis,
3338 4016 3501 4076 atque

1905 4091 2025 4131 eam
2056 4092 2329 4148 exponere
2357 4079 2639 4144 videntur;
2668 4087 2723 4134 et
2747 4078 2891 4149 quod
2914 4078 3022 4133 illic
3047 4093 3144 4148 per
3181 4091 3372 4131 manus
3400 4079 3502 4149 im-

1907 4150 2230 4232 positionem
2260 4151 2615 4222 signiﬁcatur,
2639 4151 2726 4206 hic
2754 4148 3009 4221 explicari
3039 4164 3138 4222 per
3165 4148 3500 4221 poenitentiae

1906 4232 2332 4292 imposittonem.

2414 4314 2849 4372 OBSERVATIO
2901 4315 2986 4371 VI.

1905 4404 1975 4461 In
2000 4424 2103 4479 qua
2133 4423 2196 4463 ea:
2223 4407 2446 4478 antiqua:
2489 4408 2781 4477 disciplina:
2816 4408 3098 4463 rationibus
3125 4407 3303 4463 eadem
3333 4408 3502 4479 expli-

2432 4480 2566 4533 catio
2596 4481 2953 4548 conﬁrmatur.

1981 4567 2116 4626 Cum
2139 4570 2487 4635 Mclcbiades,
2514 4569 2756 4638 pontifex
2787 4569 3075 4641 maximus,
3096 4569 3152 4624 in
3178 4568 3356 4641 elogio
3373 4570 3519 4635 etin,

201 4621 1806 4725 ἓῖῑῖῖιϊέέιρῐῑδῖέαέῐξηεἶ’·ξῑιῑδρῖξῑῆξῖἶρξιῑειηἿάξιᾷιίίῐιλῇ
1833 4621 1890 4682 D
1916 4621 2014 4699 sua
2034 4621 2713 4725 iiiazeiszni;angue;
2728 4621 3168 4725 insinuantia.
3186 4621 3502 4723 ῑξίιῖρδεῖιξδῖ

204 4717 498 4782 fatendum
548 4736 633 4784 est
684 4717 1009 4782 sententiain
1062 4719 1376 4778 Mclcbiadis
1400 4717 1469 4774 de
1500 4718 1813 4789 poenitentia

203 4798 629 4873 inteliigendam
656 4813 798 4873 esse.
1039 4865 1054 4873 _
1079 4866 1091 4873 _
1218 4862 1241 4873 ,
1382 4864 1393 4873 _
1430 4862 1458 4873 Α,

293 4860 432 4929 Ibid:
480 4869 861 4925 Duodecinium
917 4882 984 4923 cx
1039 4865 1124 4921 his
1166 4862 1487 4919 :Invenistis
1534 4860 1813 4925 diaconos,

205 4941 567 5015 presbyteros,
591 4942 881 5012 episcopos,
915 4938 1107 5015 fecistis
1128 4937 1312 5015 laicos._
1342 4934 1477 5015 Nam
1505 4948 1571 4990 es
1597 4934 1681 4987 his
1705 4933 1819 4987 col-

209 5006 412 5084 ligitur
469 5006 779 5068 Doiiaiistas
828 5006 971 5084 inter
1018 5011 1189 5084 laicos
1236 5006 1493 5084 rejecisse
1542 5018 1640 5060 eos
1682 5017 1819 5074 quos

207 5080 514 5156 episcopos
571 5086 910 5150 invenerant,
940 5082 992 5137 in
1020 5081 1124 5136 illis
1157 5080 1311 5156 Iocis
1356 5092 1475 5146 qua:
1515 5089 1816 5156 occupave-f

208 5149 387 5212 rant:
417 5149 560 5215 unod
588 5156 633 5211 si
668 5156 741 5210 ita
784 5165 907 5221 est,
939 5150 1210 5225 quomodo
1234 5149 1560 5225 interpretes
1591 5154 1819 5216 possunt

208 5228 410 5283 dicere
435 5227 745 5284 Donatistas
769 5220 899 5282 usos
920 5220 1085 5279 fuisse
1118 5220 1522 5277 reordinatione
1541 5259 1556 5285 ,
1587 5226 1643 5274 et
1670 5232 1820 5274 reor-

210 5299 447 5354 dinasse
471 5300 758 5368 episcopos
779 5311 919 5369 quos
938 5292 1248 5369 capiebant?

303 5370 441 5425 Ibid.
486 5361 761 5426 Decimum
794 5361 1020 5424 iertium'
1068 5381 1131 5420 ex
1192 5364 1275 5418 his
1308 5380 1320 5414 :
1354 5361 1541 5417 Socius
1569 5371 1616 5415 et
1655 5377 1822 5415 comes

208 5452 393 5500 vester
427 5442 741 5516 jamdudum
788 5441 986 5516 fuerat__
1007 5439 1092 5516 cui
1143 5451 1280 5516 nunc
1304 5449 1491 5487 manus
1519 5433 1710 5516 infer-ne
1735 5448 1823 5487 co-

210 5523 384 5572 natus
412 5506 463 5569 e's
485 5532 505 5581 ;
530 5526 585 5570 et
612 5528 677 5569 ex
721 5506 1073 5583 sequentibus
1096 5549 1113 5575 ,
1135 5507 1351 5583 quibus
1394 5514 1603 5583 constat
1625 5506 1820 5583 _Dpna-

213 5590 389 5644 sistas
420 5574 653 5658 aliquam
686 5574 878 5640 manus
911 5574 1311 5651 impositionem
1340 5578 1576 5631 voluisse
1619 5574 1824 5658 inferre

214 5647 560 5717 orthodoxis
589 5658 862 5728 episcopis
893 5647 1002 5725 qua
1029 5667 1125 5707 eos
1152 5661 1579 5728 iamquamﬂreos
1612 5647 1827 5728 indi-ca-

218 5732 369 5787 bant
409 5737 467 5785 et
513 5720 987 5792 condemnabam,
1023 5724 1165 5795 quod
1194 5720 1532 5795 cotiiinodius
1581 5721 1832 5795 tribuitur

220 5801 571 5927 inippsitioui
636 5815 892 5856 manuum
953 5789 1289 5868 ptenitentia:
1339 5807 1500 5864 quam
1552 5789 1836 5850 reordina-

220 5882 275 5927 ιι
313 5876 349 5927 'n
374 5884 419 5927 Β.

219 5875 419 5930 ﬁnitis.

1918 4729 2042 4770 nem
2082 4729 2201 4786 quae
2248 4729 2279 4768 a
2335 4711 2633 4786 Donatistis
2680 4711 2940 4786 adversus
2988 4712 3169 4786 lapsos
3208 4711 3501 4786 episcopos

1919 4783 2305 4856 usurpabatur,
2331 4784 2551 4838 omnino
2594 4783 2991 4840 Ecclesiasticm
3031 4784 3348 4856 disciplinae»
3378 4796 3502 4838 esse

1919 4854 2268 4918 contrariam,
2298 4856 2509 4926 ipsique
2539 4864 2777 4910 statuere
2801 4870 2863 4910 ac
2895 4856 3221 4926 persuadere
3248 4854 3500 4922 velimus,

1922 4929 2077 4984 istam
2102 4925 2355 4983 manuum
2380 4928 2776 4996 impositionent
2803 4941 2908 4982 non
2931 4926 2997 4981 ad
3026 4925 3500 4989 reordinationem,

1922 5000 2016 5056 sed
2047 5001 2113 5055 ad
2148 4999 2518 5071 paenitentiam
2557 4999 2744 5071 referri
2769 5007 3027 5071 oportere
3061 5018 3074 5052 :
3103 4996 3426 5071 certissimis
3449 5006 3504 5052 et
3591 5065 3595 5070 .

1924 5073 2114 5127 lucidis
2136 5068 2466 5141 argumentis
2490 5078 2545 5123 et
2568 5069 2867 5125 rationibus
2896 5083 3032 5139 opus
3060 5078 3145 5125 est
3170 5068 3507 5125 demonstre-

1924 5159 2045 5198 mus
2072 5159 2136 5197 ex
2159 5143 2393 5212 antiquis
2431 5151 2486 5197 et
2512 5153 2694 5197 vetere
2723 5141 3009 5211 disciplina
3061 5156 3167 5197 non
3196 5143 3504 5211 impositam

1924 5213 2091 5270 fuisse
2127 5212 2495 5285 paenitentiam
2546 5212 2851 5284 Episcopis,
2899 5226 3240 5285 quocumque
3284 5214 3502 5285 demum

1925 5281 2140 5341 scelere
2159 5300 2281 5341 sese
2310 5281 2949 5355 obsuinxissenlfueque
2973 5281 3313 5338 mtatis’illius
3338 5281 3509 5355 pieta-

1928 5368 2035 5413 tem
2065 5357 2271 5424 tulisse,
2312 5365 2371 5410 ut
2418 5356 2558 5411 inter
2605 5352 3349 5427 lugentesadscriberentur.
3384 5352 3506 5407 Pri-

1929 5445 2074 5485 mum
2102 5428 2156 5483 in
2185 5431 2303 5499 ipso
2330 5427 2657 5500 pmnitentiee
2672 5426 2945 5483 vestibulo
2978 5428 3299 5500 ptenitentes
3329 5426 3510 5497 lacry-

1930 5502 2033 5581 mis
2078 5498 2295 5571 peccata
2334 5498 2930 5581 'suandetestabantur;
2970 5509 3023 5553 at
3065 5498 3344 5581 indignum
3385 5507 3511 5581 erat

1930 5567 2265 5645 episcopum,
2290 5574 2382 5642 qui
2406 5570 2580 5645 aliena
2605 5569 2783 5645 potius
2794 5585 2952 5639 quam
2980 5585 3076 5645 sua
3097 5567 3292 5645 delicta
3312 5567 3513 5624 deﬂere

1936 5641 2167 5701 debebat
2191 5686 2206 5709 ,
2234 5646 2374 5699 inter
2403 5642 2625 5707 ﬂentes,
2648 5641 2915 5709 eiulantes
2951 5648 3008 5698 et
3051 5641 3197 5695 humi
3243 5641 3512 5711 iacentes,

1940 5728 2091 5772 extra
2120 5717 2373 5772 Ecclesiae
2405 5712 2585 5769 limina
2608 5712 2881 5781 conspici,
2911 5723 2966 5769 et
2987 5710 3315 5769 transeuntis
3343 5710 3518 5781 plebis

1942 5790 2169 5858 vestigia
2196 5786 2520 5845 deosculari.
2548 5783 2819 5858 Secundo,
2843 5786 2894 5839 in
2918 5786 3108 5858 eodem
3137 5785 3232 5840 illo
3264 5783 3523 5858 ptenitem

1945 5858 2039 5914 lim
2066 5851 2235 5930 gradu
2254 5872 2379 5917 cum
2407 5854 2815 5915 catechumenis
2851 5856 3236 5914 erudiebantur
3263 5851 3531 5927 paniten‘
