3972 6328
534 269 672 326 1173

1639 266 2214 325 OBSERVATIONES
2238 264 2674 324 ALBASPlN/El

3603 273 3711 334 ll't'li

533 386 781 461 puriores
800 385 1192 461 et‘sanctiores
1207 383 1313 461 dici
1351 397 1418 461 _se
1439 383 1717 461 volebant,
1762 392 1816 436 et
1833 384 1925 452 qtti
1970 396 2122 437 seve-
2151 385 2201 444 Α
2229 381 2377 461 illius
2397 382 2837 453 capitislectione
2861 382 3198 461 perspicitur,
3228 398 3327 441 non
3345 396 3507 461 autem
3542 389 3712 461 imposi-

538 452 699 513 rioris
717 473 777 513 se
825 455 1120 527 disciplina:
1154 455 1550 510 Ecclesiastica:
1573 452 1814 510 vindices
1841 466 1896 509 et
1926 469 2122 525 propu-

533 538 788 601 gnatores
818 529 992 599 palam
1027 527 1433 601 profitebantur.

609 596 833 668 Quarta,
857 596 1080 654 itecesse
1105 600 1326 652 omnino
1371 607 1486 653 erat
1517 607 1573 651 ut
1615 598 1693 652 illi
1723 596 1959 667 episcopi
1989 611 2125 666 quos

540 673 1069 740 voluntinterpretcs
1110 687 1138 724 a
1173 670 1462 724 Donatistis
1492 669 1850 727 reordinatos.
1900 669 2128 724 idolola-

542 743 654 796 triae
670 743 895 797 crimine
907 741 1316 797 absolverentur
1341 741 1648 811 priusquam
1666 741 2123 804 reordinarentttr;

540 829 716 881 neque
737 815 880 868 enim
901 829 965 866 ex
997 827 1180 867 eorum
1204 813 1484 882 disciplina
1516 822 1570 867 et
1595 813 1854 874 moribus,
1873 814 1944 865 ttti
1969 820 2126 865 antea

540 885 844 948 docuimus,
868 883 972 938 ulla
1004 894 1214 953 poterat
1264 885 1402 938 inter
1451 899 1546 939 eos
1572 895 1622 939 et
1651 883 1878 938 crimine
1902 882 2132 937 obstric-

541 964 625 1010 tos
669 957 980 1010 conunuuio
1011 966 1065 1011 et
1113 957 1343 1010 societas
1385 957 1742 1010 intercedere.
1794 955 1907 1007 Duo
1951 965 2130 1008 autem

543 1027 680 1094 apud
704 1045 797 1080 eos
830 1028 894 1080 ad
943 1027 1224 1081 eluendam
1259 1027 1558 1082 traditionis
1596 1025 1860 1081 maculam
1893 1025 2130 1080 remedia

541 1099 983 1168 proponebantur
1013 1115 1026 1152 :
1056 1100 1369 1166 poenitentia
1393 1109 1448 1153 et
1474 1099 1842 1167 rebaptizatio.
1887 1096 2040 1163 Quod
2066 1097 2133 1150 ad

543 1171 1026 1236 rebaptizntiooetn
1057 1173 1270 1237 attinet,
1303 1171 1489 1236 primis
1520 1171 1626 1224 illis
1647 1170 1955 1222 scbismatis
1977 1168 2134 1223 annis

545 1255 652 1294 non
679 1250 836 1294 erant
861 1241 1229 1309 rebaptizaudi
1261 1243 1521 1311 episcopi,
1541 1240 1682 1311 quod
1719 1256 1908 1294 omnes
1953 1249 2135 1294 essent

543 1311 799 1380 baptizati
838 1323 960 1366 ante
1001 1313 1269 1376 scitisuta,
1311 1327 1415 1367 non
1457 1314 1599 1367 enim
1651 1312 1715 1364 ad
1767 1312 2135 1380 episcopatum

545 1383 966 1438 admittebantur
1004 1383 1259 1455 neopbyti
1295 1401 1307 1436 :
1356 1384 1554 1438 iilcirCo
1583 1385 1634 1438 in
1668 1383 1775 1437 illis
1805 1383 1957 1452 quasi
1989 1385 2139 1437 incu-

545 1455 760 1508 nabulis
779 1455 1082 1508 scbisntatis
1105 1473 1208 1509 non
1244 1465 1486 1523 poterant
1514 1456 1846 1523 rebaptizare
1859 1455 2140 1524 episcopos

547 1525 878 1592 Donatista),
910 1535 970 1580 ut
995 1542 1089 1581 cos
1134 1543 1161 1580 a
1210 1525 1433 1582 crimine
1481 1527 1786 1581 traditionis
1833 1526 2136 1580 abluerent.

549 1595 807 1651 llestabat
848 1599 1006 1667 igitur
1054 1599 1390 1668 paenitentia,
1413 1613 1520 1667 qua
1563 1613 1747 1653 revera
1784 1599 1857 1651 uti
1893 1606 2143 1666 poterant

555 1682 682 1740 erga
713 1670 998 1737 episcopos
1053 1672 1172 1724 illos
1201 1684 1337 1740 quos
1384 1671 1494 1724 suis
1525 1671 1732 1724 tecltnis
1781 1681 1833 1721 et
1867 1668 2145 1723 fraudibus

552 1739 1049 1795 circumveniebant
1080 1761 1091 1795 :
1119 1739 1304 1794 verum
1337 1741 1538 1795 nullum
1593 1755 1843 1808 umquam
1871 1749 2026 1794 vetus
2054 1740 2141 1794 illa

552 1809 835 1878 disciplina
884 1813 950 1866 ad
999 1814 1366 1882 episcopatum
1398 1811 1635 1872 admisit,
1683 1813 1771 1880 qui
1801 1811 2146 1882 interipmui-

553 1890 730 1937 tcntes
747 1883 893 1937 visus
919 1881 1084 1948 esset,
1112 1885 1279 1937 multo
1303 1886 1480 1938 minus
1506 1884 1794 1936 Donatista:
1817 1884 1904 1951 qui
1929 1881 2147 1936 Catbari

554 1954 910 2009 vocabantur.
940 1957 1303 2022 Quamobrem
1331 1956 1546 2009 obvium
1579 1955 1771 2023 cuique
1791 1963 1845 2007 et
1875 1964 2144 2022 apertum,

556 2023 706 2077 nullo
754 2036 909 2092 pacto
955 2042 984 2079 a
1037 2025 1326 2080 Donatistis
1368 2025 1667 2080 reordioat-i
1723 2024 2011 2094 episcOpos
2060 2033 2151 2079 aut

562 2096 907 2167 presbyteros
952 2098 1189 2167 potuisse
1222 2099 1408 2166 primis
1436 2097 1742 2150 scbismatis
1769 2095 2103 2164 temporibus
2133 2113 2146 2150 :

563 2165 796 2237 indeque
856 2167 1031 2237 sequi.
1077 2165 1390 2223 Melcbiadis
1442 2168 1787 2229 sententiam,
1837 2183 1957 2235 quae
1999 2168 2153 2222 initio

561 2235 869 2308 scbisinatis
899 2235 1046 2303 data,
1070 2239 1139 2293 de
1171 2239 1573 2294 reordinatione
1602 2253 1706 2292 noo
1741 2237 1984 2308 intelligi.

641 2307 790 2362 Nunc
820 2319 996 2363 autent
1025 2311 1093 2364 de
1124 2311 1411 2379 postremis
1436 2310 1595 2378 hujus
1618 2307 2154 2379 scbismatistempo-

565 2379 714 2432 ribus
743 2381 1031 2448 agendum,
1082 2383 1132 2436 in
1190 2383 1384 2451 quibus
1425 2381 1622 2451 largior
1667 2382 1717 2434 id
1766 2396 1870 2434 non
1927 2397 2091 2450 mgrc,
2123 2398 2154 2437 a

569 2451 858 2524 Donatistis
887 2451 1171 2522 episcopos
1193 2454 1563 2517 reordinatos;
1587 2453 1729 2521 quod
1755 2452 1908 2524 facile
1925 2463 2008 2507 est
2033 2469 2158 2524 pro-

563 2521 691 2575 bare
704 2537 769 2576 ex
795 2524 858 2576 iis
887 2525 1018 2578 locis
1039 2539 1174 2593 quos
1205 2535 1388 2595 postea
1411 2526 1715 2584 eitabimus;
1740 2521 2156 2580 videndum—ve-

563 2606 626 2666 ro
659 2601 714 2646 et
739 2595 1198 2663 perpendendum,
1230 2595 1500 2664 quomodo
1531 2606 1585 2651 et
1611 2596 1807 2666 quibus
1829 2596 2159 2650 conditioni-

567 2663 668 2718 bus
694 2681 787 2719 seu
817 2667 995 2721 causis
1025 2667 1076 2722 id
1109 2663 1500 2724 concederetur
1523 2679 1576 2722 et
1603 2663 1790 2722 liceret
1815 2685 1828 2720 :
1855 2683 1975 2720 cum
2002 2667 2160 2735 igitur

568 2737 834 2810 quispiam
867 2737 1152 2810 episcopus
1198 2749 1291 2794 aut
1327 2739 1612 2810 presbyter
1633 2739 1702 2793 ab
1751 2740 2066 2794 ortbodoxis
2090 2738 2158 2794 ad

571 2807 876 2881 Donatistas
912 2807 1170 2866 deficeret
1203 2807 1510 2881 postremis
1533 2811 1635 2865 illis
1664 2810 1996 2879 temporibus
2040 2825 2160 2881 quas

572 2880 880 2952 scliismatis
907 2891 1082 2952 ortum
1108 2880 1597 2952 consequebantur,
1634 2882 1781 2936 illmn
1803 2883 1867 2937 ad
1902 2880 2166 2950 poenitett-

573 2949 704 3022 tiam
761 2967 867 3004 non
908 2951 1194 3022 adigebant
1226 2949 1305 3008 uti
1361 2955 1460 3007 sub
1497 2954 1759 3021 Majorino
1792 2973 1804 3007 :
1833 2949 1927 3007 sed
1969 2953 2162 3007 iterum

576 3018 953 3094 baptizabant,
1003 3018 1065 3079 et
1123 3025 1174 3078 iu
1199 3025 1447 3080 ordinem
1500 3018 1758 3080 laicorum
1817 3024 2161 3094 referebant,

576 3093 740 3164 unde,
767 3109 890 3147 cum
918 3094 1111 3162 dignus
1141 3098 1287 3152 visus
1313 3107 1480 3164 esset,
1511 3097 1564 3150 in
1591 3096 1794 3150 clerum
1824 3093 2050 3164 repetita
2077 3113 2167 3150 or-

2177 1782 2223 1842 Β

2233 451 2438 508 tionem
2467 451 2844 534 Lmanuuntqua
2863 451 3135 534 ordinatio
3163 457 3515 534 peragebatur:
3536 451 3714 534 quapro-

2225 536 2345 606 pter
2370 526 2639 606 verba_i_lla
2661 527 2727 580 ad
2756 541 2867 581 rem
2889 528 3017 606 nillil
3036 527 3276 583 attinere.
3293 526 3519 586 Secundo
3545 526 3714 606 locum

2229 595 2377 650 illunt
2414 596 2696 669 manifeste
2717 609 2771 654 et
2803 599 3082 668 perSpicue
3104 614 3325 669 pugnare
3360 613 3524 656 contra
3549 603 3715 660 illorum

2227 669 2571 744 sententiam.
2589 667 2720 744 Nam
2741 670 2782 744 si
2803 667 3086 744 verborum
3100 667 3282 724 Sensus
3303 681 3434 744 recte
3453 675 3715 744 attendatur,

2229 739 2397 814 voluit
2423 739 2697 814 diceregD.
2732 740 3064 812 Augustinus
3107 756 3344 796 manuum
3383 743 3510 799 illam
3550 739 3718 814 imposi-

2232 811 2430 886 tionem
2460 812 2628 886 repeti
2665 827 2843 880 posse,
2887 827 2993 886 non
3023 825 3197 866 autem
3231 815 3541 882 baptismum;
3590 811 3718 886 neque

2232 881 2406 956 obstat
2435 882 2573 956 quod
2603 899 2668 938 ex
2695 884 3031 938 correctione
3058 895 3105 937 c1
3135 881 3483 941 emendatione
3502 881 3722 956 postrema

2236 953 2510 1015 editionis,
2538 962 2592 1008 et
2611 970 2675 1008 ex
2697 957 2913 1024 antiqua
2945 957 3312 1028 impressione,
3338 958 3477 1012 aliter
3504 953 3722 1028 legendum

2236 1039 2358 1080 esse
2405 1034 2594 1094 putent
2639 1027 2878 1092 quidant,
2924 1042 2985 1081 ac
3013 1027 3330 1081 contendant
3366 1029 3576 1083 ultimam
3620 1030 3723 1083 illam

2241 1097 2558 1164 particulam
2589 1114 2688 1150 non
2735 1097 3018 1152 delendam
3050 1113 3204 1152 esse:
3235 1114 3348 1153 nam
3375 1098 3724 1155 emendationem

2240 1167 2385 1239 illam
2419 1169 2578 1221 verba
2622 1171 2736 1222 haec
2775 1169 3015 1237 ejusdem
3060 1171 3245 1238 capitis
3275 1180 3538 1238 respuunt:
3570 1172 3728 1239 quidm

2240 1238 2374 1312 enim
2421 1239 2568 1292 aliud
2615 1241 2713 1293 nisi
2768 1242 2929 1294 oratio
2982 1257 3136 1312 super
3167 1241 3442 1295 hominem?
3489 1238 3647 1310 quibus
3683 1242 3727 1296 D.

2241 1309 2574 1378 Augustinus
2604 1313 2799 1366 asserit
2842 1323 2895 1366 et
2929 1313 2995 1364 ita
3029 1309 3234 1366 sentire
3261 1312 3476 1377 videtur,
3503 1309 3731 1380 impositio-

2245 1396 2343 1435 nes
2374 1381 2494 1435 illas
2517 1398 2768 1436 manuum
2799 1383 2994 1450 quibus
3022 1383 3163 1437 dona
3191 1382 3409 1451 Spiritus
3438 1385 3581 1437 sancti
3603 1393 3729 1437 trans-

2245 1455 2614 1525 mittebantur,
2664 1453 2733 1508 de
2775 1454 2972 1522 quibus
3014 1454 3176 1525 paulo
3204 1470 3356 1524 supra
3396 1455 3628 1516 disseruit,
3659 1469 3732 1508 non

2246 1525 2348 1578 nisi
2389 1523 2663 1579 orationes
2703 1523 3078 1595 episcoporuitt
3107 1523 3457 1596 appellandas,
3478 1542 3566 1580 non
3606 1536 3732 1578 autem

2247 1603 2604 1663 sacramenta,
2635 1597 2860 1665 ideoque
2884 1611 3040 1666 posse
3066 1602 3234 1665 repeti
3261 1617 3273 1652 :
3298 1598 3581 1668 baptismum
3605 1607 3734 1649 autem

2248 1681 2368 1739 esse
2397 1677 2814 1727 sacramentum.
2852 1677 3242 1739 proptereaque
3268 1686 3366 1722 non
3399 1668 3578 1735 iterari,
3598 1683 3649 1722 ex
3671 1682 3736 1720 tu-

2249 1738 2334 1806 jus
2366 1739 2651 1794 sententia:
2681 1753 2840 1793 sensu
2870 1749 2925 1794 et
2955 1738 3270 1808 argumento
3296 1740 3528 1808 liquidum
3551 1741 3598 1791 lit
3618 1739 3738 1806 parti-

2253 1809 2430 1863 culam
2481 1810 2622 1864 illam
2679 1828 2778 1864 non
2825 1811 3235 1880 expungendam
3263 1827 3362 1866 non
3391 1809 3741 1878 esse,verbaque

2258 1880 2345 1952 illa
2377 1881 2534 1934 aliter
2563 1881 2734 1951 accipi
2761 1897 2918 1952 quam
2950 1883 3191 1936 nonnulli
3221 1884 3524 1937 existiment.
3733 1941 3739 1948 ,

2324 1951 2496 2019 Objici
2543 1955 2703 2006 etiam
2764 1951 2940 2021 potest
2969 1969 3141 2008 canon
3171 1955 3257 2009 ille
3289 1955 3561 2023 trigesintus
3585 1962 3741 2023 octavus

2253 2023 2468 2077 concilii
2501 2023 2942 2095 Cartbaginensis
2960 2033 3202 2092 tempore
3233 2022 3588 2080 Donatistarum
3609 2022 3741 2086 habiti,

2253 2111 2381 2164 quo,
2410 2105 2465 2148 ttt
2496 2110 2561 2149 ex
2612 2096 2823 2150 duobus
2865 2097 3260 2165 superioribus,
3290 2097 3444 2150 multa
3473 2109 3691 2164 perperam
3711 2102 3746 2146 et

2257 2167 2658 2221 inconsiderate
2683 2167 2898 2221 inducta
2925 2186 2951 2218 :t
2986 2169 3276 2222 Donatistis
3297 2167 3656 2226 rescinduntur:
3679 2180 3746 2217 non

2257 2236 2404 2290 liceat
2427 2239 2537 2304 ﬁeri
2559 2239 3004 2306 rebaptizationea,
3027 2251 3114 2293 aut
3137 2240 3532 2303 reordinatiouet,
3558 2237 3618 2290 vel
3632 2247 3746 2288 tram-

2259 2309 2473 2385 (ftlt'qngs
2504 2311 2880 2385 episcoporum.
2911 2311 3115 2385 Quibus
3135 2311 3312 2385 verbis
3332 2312 3522 2385 videtur
3540 2307 3747 2385 concilium

2261 2379 2392 2434 illud
2425 2377 3290 2436 Donatistarum‘reordinationes
3317 2381 3567 2452 repudiare
3595 2377 3745 2452 acreji-

2259 2465 2405 2515 cere,
2452 2464 2512 2506 ut
2554 2466 2608 2508 et
2640 2453 2854 2507 illorum
2889 2452 3342 2522 rebaptizationes
3377 2449 3617 2521 respuunt.
3641 2449 3748 2518 quue

2260 2522 2397 2578 adeo
2444 2525 2648 2578 clarum
2677 2533 2732 2578 et
2761 2525 3104 2592 perstricuum
3134 2535 3242 2588 est,
3271 2534 3324 2579 ut
3348 2539 3516 2578 omnes
3560 2523 3748 2592 interpre-

2263 2603 2344 2671 tes
2389 2592 2564 2650 Graisci
2594 2605 2647 2650 ct
2678 2595 2861 2671 Latini
2893 2590 3057 2651 iltanc
3083 2597 3486 2671 inplicationem
3516 2590 3748 2671 comproba-

2266 2666 2372 2720 rint
2403 2683 2415 2718 :
2447 2677 2502 2720 at
2531 2683 2630 2736 ego
2659 2668 2724 2721 ad
2774 2667 2888 2720 bace
2928 2683 3193 2723 canonem
3245 2667 3362 2722 dico
3390 2667 3556 2721 factum
3593 2678 3691 2736 esse
3714 2666 3748 2714 in

2263 2739 2412 2791 exitu
2430 2732 2590 2810 illius
2614 2737 2947 2803 scltismatis,
2990 2755 3053 2793 ac
3085 2740 3312 2810 proinde
3339 2739 3518 2793 nullam
3547 2735 3630 2789 vim
3647 2732 3748 2785 adea

2265 2824 2384 2877 qnze
2413 2807 2646 2865 diximus
2698 2807 3339 2872 labefactanda—habere,
3380 2811 3489 2880 quia
3532 2818 3745 2880 nonnega-

2267 2896 2408 2946 mus,
2433 2881 2528 2936 sed
2556 2882 2830 2936 credimus
2863 2881 3171 2937 Donatistas
3199 2877 3448 2952 quosdam
3481 2877 3747 2936 reordinasse;

2268 2952 2366 3023 sed
2409 2954 2508 3006 sub
2562 2954 2722 3008 tinem
2754 2952 3061 3007 schismalis
3088 2965 3141 3008 et
3169 2969 3264 3010 eos
3301 2968 3428 3023 quos
3466 2963 3618 3007 rursus
3645 2959 3749 3000 sacro

2275 3020 2423 3078 fonte
2449 3024 2766 3087 abluissent,
2789 3041 2894 3078 non
2923 3037 3103 3080 autem
3131 3026 3287 3081 initio
3313 3020 3583 3080 schismatis
3614 3029 3655 3074 et
3681 3031 3750 3071 non

2273 3095 2503 3164 repetito
2536 3095 2876 3163 baptismate.

581 3162 859 3219 dinatione
935 3159 1318 3237 reponebatur,
1354 3159 1620 3237 nemoque
1663 3159 2001 3222 reordinatus
2067 3167 2163 3221 fuit
2191 3173 2237 3236 C
2335 3159 2498 3220 'Addo
2527 3177 2582 3220 et
2606 3159 2761 3234 illud,
2792 3182 3055 3223 canonem
3079 3183 3186 3222 non
3221 3167 3384 3224 videri
3414 3159 3751 3237 dereortlinatio-

577 3250 828 3310 umquam
878 3239 962 3310 cui
1010 3241 1060 3294 id
1107 3257 1210 3293 non
1251 3241 1364 3310 ipsa
1397 3237 1818 3310 rebaptizatione
1848 3240 2164 3308 interposita

576 3309 882 3380 contigerit.
935 3309 1209 3376 Primum,
1267 3309 1361 3364 illo
1409 3309 1639 3365 crimine
1675 3327 1794 3380 quo
1837 3311 2170 3364 orthodoxos

575 3377 824 3434 laborare
874 3380 1217 3448 dictitabant,
1256 3383 1463 3436 solutos
1491 3392 1546 3436 et
1577 3377 1778 3436 liberos
1803 3396 1924 3436 esse
1951 3391 2172 3450 oporte-

579 3450 702 3504 bat:
733 3450 930 3506 tleinde
960 3455 1088 3506 nibil
1122 3468 1256 3523 opus
1280 3465 1396 3508 erat
1422 3453 1737 3522 paenitentia
1789 3462 1846 3506 ut
1879 3467 2171 3523 purgaren-

579 3531 686 3585 tur,
717 3537 836 3576 cum
872 3524 1169 3592 baptismus
1197 3540 1316 3579 eam
1345 3524 1448 3580 vim
1481 3525 1692 3588 habeat,
1720 3534 1777 3579 ut
1795 3540 2009 3578 omnem
2042 3539 2170 3594 pec-

581 3604 823 3646 catorum
874 3597 1136 3650 maculam
1187 3597 1383 3651 deleat.
1434 3597 1640 3661 Tertio,
1683 3596 2036 3664 rebaptizatio
2079 3595 2175 3650 de-

580 3665 866 3730 positionis
912 3679 1090 3720 uotam
1131 3668 1381 3722 elidebat.
1421 3668 1514 3722 His
1537 3669 1675 3723 adde
1719 3683 1785 3722 ex
1819 3667 1930 3721 Divi
1958 3667 2170 3734 Augus-

582 3735 675 3788 tini
701 3734 835 3789 libro
867 3738 1023 3791 tertio
1059 3751 1246 3793 contra
1274 3741 1477 3794 litteras
1509 3739 1776 3806 Petiliani,
1829 3740 2172 3792 manifesutm

581 3807 695 3861 fieri
723 3807 1028 3880 Donatistas
1070 3809 1245 3864 nullos
1266 3812 1364 3863 sibi
1411 3811 1772 3880 rebaptizatos
1806 3811 2170 3874 reordinasse,

580 3887 714 3933 etex
738 3879 919 3934 multis
959 3881 1264 3935 collationis
1289 3881 1422 3935 locis
1451 3895 1546 3934 eos
1577 3883 1998 3950 rebaptizatione
2048 3896 2175 3935 usos

584 3951 893 4019 priusquam
920 3951 1334 4008 reordtttationis
1363 3968 1552 4005 manus
1577 3954 2011 4022 imponerentzet
2032 3953 2177 4006 reba-

583 4024 900 4092 ptizatierunt
924 4024 1070 4078 illum
1106 4023 1364 4078 hominem
1391 4021 1791 4089 nonagenarium
1825 4021 2134 4094 Episwpum
2158 4039 2178 4078 :

585 4096 737 4155 item,
767 4095 876 4167 ipse
913 4105 984 4147 est
1015 4095 1299 4167 Epitrapus
1325 4094 1411 4167 qui
1441 4098 1786 4163 rebaptizatae
1814 4110 1883 4146 est
1924 4104 1970 4147 et
2013 4098 2179 4167 [actus

585 4173 659 4217 est
696 4166 908 4236 audiens
937 4181 955 4218 :
986 4164 1111 4220 item
1138 4205 1152 4228 ,
1182 4167 1290 4236 ipse
1318 4164 1666 4232 rebuptizabat
1689 4175 1801 4234 post
1830 4175 2027 4231 partem
2065 4165 2177 4219 Do-

585 4236 716 4299 nati;
745 4235 1086 4301 rebaptizatae
1109 4246 1182 4288 est
1204 4235 1373 4296 antea.
1403 4245 1450 4289 et
1470 4239 1544 4289 sic
1573 4247 1644 4290 est
1685 4237 1952 4290 ordinatus
1977 4252 1995 4288 :
2026 4238 2176 4305 item,

585 4305 678 4378 iste
709 4305 897 4363 Vitulis
927 4308 1176 4360 diaconus
1209 4307 1306 4374 fuit
1337 4305 1630 4363 Catholicae
1658 4310 1711 4361 in
1737 4309 1940 4362 civitate
1961 4306 2180 4378 Sitifen-

585 4377 652 4438 si,
706 4378 1047 4448 rebaptizatur
1103 4381 1268 4450 factus
1318 4388 1391 4432 est
1444 4381 1738 4450 presbyter,
1787 4377 2073 4450 projectus'
2104 4391 2180 4436 est

585 4462 739 4522 causa
767 4451 1027 4522 adulterii,
1057 4461 1105 4503 et
1138 4451 1303 4520 factus
1334 4461 1407 4504 est
1437 4462 1610 4520 postea
1641 4451 1945 4522 Episcopus.

660 4515 946 4573 Conclusio
974 4515 1325 4592 igitttr'ltttjns
1360 4515 1584 4590 capitis:
1616 4515 1929 4578 Melcltiadis
1960 4532 2180 4579 senten—

589 4589 717 4664 tiain
749 4606 852 4664 non
879 4589 1040 4661 posse
1064 4589 1270 4647 traduci
1316 4593 1384 4647 ad
1413 4589 1894 4660 reordinatiouem,
1940 4597 2182 4664 quando-

585 4660 802 4730 quidem
821 4660 932 4733 isto
960 4665 1136 4732 capite
1163 4666 1470 4729 docuimus,
1500 4664 1809 4719 Donatistas
1839 4660 2180 4733 nou'potuis-

585 4747 644 4805 se
675 4731 988 4805 reordinare
1015 4731 1109 4789 eos
1147 4737 1237 4804 qui
1280 4737 1419 4790 intra
1452 4738 1653 4805 primos
1678 4731 1990 4792 scltismatis'
2010 4753 2181 4794 annos

587 4803 803 4859 deserta
834 4804 937 4858 lide
962 4803 1496 4862 tierent’DonatistaE.

1104 4919 1541 4978 OBSERVATIO
1579 4923 1669 4978 IX.

627 4988 912 5045 Solvuntur
932 4993 1168 5061 quaedam
1199 5003 1380 5047 contra
1409 4997 1697 5064 proximam
1726 4996 2144 5054 observationem.

661 5081 858 5160 Contra
895 5100 1054 5160 quam
1086 5085 1320 5160 diximus
1352 5086 1679 5160 Donatistas,
1705 5089 1804 5144 sub
1829 5090 2112 5160 Majorino,
2146 5108 2175 5146 a

589 5153 780 5232 primis
833 5154 1142 5232 schismatis
1187 5157 1342 5211 annis
1376 5159 1776 5232 reordittatione
1824 5153 2043 5216 uti'non
2079 5153 2174 5232 po-

586 5227 775 5300 tuisse,
806 5227 1004 5300 opponi
1037 5237 1261 5300 possunt
1288 5229 1446 5300 verba
1474 5229 1564 5282 illa
1609 5229 1674 5282 D.
1705 5234 1952 5300 August.,
1989 5227 2089 5288 lib:
2108 5251 2170 5291 ιιι

584 5301 653 5351 de
679 5296 952 5365 Baptismo
976 5307 1161 5353 contra
1196 5299 1497 5354 Donatistas
1525 5315 1643 5369 cap.
1674 5301 1769 5356 l6:
1791 5296 2164 5361 Munusantem

587 5369 846 5446 impositio
869 5385 969 5446 non
1005 5369 1135 5446 sicut
1164 5370 1447 5446 baptismus
1498 5372 1656 5440 repeti
1687 5389 1787 5426 non
1830 5384 1995 5444 potest
2023 5394 2034 5428 :
2059 5379 2178 5446 qui-

589 5440 689 5493 bus
744 5442 1026 5516 A_ugustini
1073 5442 1254 5516 verbis
1295 5442 1509 5516 quidam
1551 5457 1610 5495 se
1663 5440 1939 5516 assecutos
1988 5440 2178 5516 putant

589 5526 655 5565 ex
715 5513 983 5584 opinione
1014 5523 1070 5568 et
1091 5512 1488 5581 judicio'illius
1534 5527 1638 5584 non
1694 5515 1813 5584 plus
1861 5512 2177 5577 reordinare

585 5597 747 5659 quam
782 5583 1116 5659 rebaptizare
1142 5587 1340 5638 licitum
1369 5599 1513 5659 esse.
1543 5583 1748 5659 Sedad
1790 5585 1918 5640 illud
1951 5603 2174 5659 respon-

585 5652 689 5731 deo
719 5653 912 5731 primo,
945 5655 1086 5731 illam
1117 5670 1238 5731 esse
1272 5669 1462 5731 inaltus
1487 5656 1882 5731 impositionem
1905 5652 2176 5731 _qua'Spi-

584 5724 720 5798 ritus
741 5728 912 5779 sancti
940 5727 1099 5798 dona
1118 5727 1245 5780 olim
1275 5727 1807 5798 transfttndebantur,
1841 5728 1919 5783 uti
1945 5724 2168 5788 'donum

588 5794 914 5865 linguarum,
947 5794 1269 5867 prophetiae,
1298 5801 1635 5857 curationum
1667 5810 1722 5857 et
1751 5795 1969 5871 similia“,
2009 5815 2068 5860 ut
2095 5818 2168 5860 ex

2206 4559 2261 4620 Β
2283 4535 2446 4620 agere
2468 4535 2696 4608 .Contra.
2733 4529 3104 4609 penitentiam
3134 4521 3296 4599 quam
3328 4521 3583 4620 qui‘primi

2272 3252 2340 3291 ne
2370 3237 2612 3307 ejusdem
2648 3229 2892 3309 personae
2923 3238 3089 3309 loqui,
3131 3241 3227 3296 sed
3258 3249 3451 3302 vetare,
3494 3253 3546 3292 ne
3574 3247 3649 3288 uno
3669 3229 3750 3309 ςΡῘ·

2272 3301 2509 3376 scopoin
2539 3301 2660 3363 una
2683 3311 2899 3365 civitate
2930 3301 3200 3376 ordinato,
3232 3314 3366 3366 alter
3395 3312 3572 3377 insuper
3592 3301 3750 3377 perin

2272 3368 2446 3453 tiones
2501 3382 2923 3448 reordinaretur,
2979 3382 3123 3453 quod
3177 3368 3306 3439 alibi
3352 3368 3750 3438 ostettdemits;sed

2273 3452 2407 3534 Satis
2435 3467 2703 3523 superque
2747 3455 2913 3523 prima
2959 3452 3230 3510 selutione
3281 3453 3574 3510 satisfactum
3596 3457 3656 3502 est
3690 3457 3751 3497 ca-

2275 3538 2423 3576 110111.

2353 3593 2507 3667 14],
2534 3594 2614 3650 Ad
2643 3605 2945 3652 extremum
2962 3597 3066 3651 dici
3089 3606 3268 3668 potest
3285 3599 3345 3652 D.
3366 3593 3658 3669 Augustinum
3679 3584 3755 3669 itqu

2277 3663 2396 3741 l_au_T
2410 3663 2737 3741 tiietttionem
2765 3669 2956 3724 fecisse
2972 3669 3039 3724 de
3068 3663 3380 3738 [imlllleltlia
3402 3663 3756 3741 quamDonatile

2278 3735 2556 3806 Episcopis
2589 3738 2929 3810 imponerent
2950 3784 2963 3808 ,
2999 3735 3174 3811 tteque
3215 3756 3398 3798 contra
3419 3735 3569 3795 "illum
3592 3741 3756 3788 errorem

2277 3810 2592 3877 scripsisse,
2650 3814 2895 3880 quamvis
2950 3810 3141 3869 omnes
3200 3811 3759 3884 Donatismrumﬁthges

2279 3871 2608 3959 persecutus
2628 3871 2699 3936 sit
2745 3901 2757 3936 :
2813 3893 3146 3959 quapropter
3197 3886 3479 3940 verisimile
3524 3871 3760 3959 vitlefill‘f'

2281 3953 2504 4006 ttatistas
2525 3953 2806 4024 episcopos
2830 3951 2966 4009 inter
2984 3951 3337 4024 ptenitentes,
3351 3967 3437 4010 attt
3455 3951 3758 4024 noutlt'jte-‘Sb

2279 4031 2370 4075 attt
2427 4025 2528 4078 ltoc
2561 4016 2686 4079 'non
2713 4016 2900 4081 'fuisse
2927 4016 3115 4081 contra
3144 4016 3380 4085 veterem
3413 4016 3629 4082 Ecclesia:
3654 4016 3761 4069 disci-

2281 4095 2504 4162 plinam,
2535 4106 2626 4149 aut
2656 4097 3182 4171 deniqueimanuum
3227 4099 3595 4171 impositionetn
3631 4088 3680 4171 (le
3696 4095 3762 4171 illi}

2282 4176 2365 4219 est
2386 4181 2565 4220 sermo
2596 4176 2647 4221 in
2682 4170 2949 4224 sententia
2981 4166 3382 4227 lllelcbiadis'ad
3408 4166 3762 4238 reordinatiottetn

2284 4241 2579 4312 pertinere.
2617 4223 2941 4312 Respondeo
2970 4223 3057 4294 D.'
3079 4223 3455 4312 Anguis—tinme
3475 4253 3567 4294 non
3593 4227 3698 4300 loqui
3721 4223 3763 4312 de

2281 4308 2401 4385 aliis
2430 4308 2748 4385 criminibus
2775 4353 2790 4376 ,
2816 4328 2994 4385 quam
3022 4313 3088 4366 de
3119 4308 3192 4367 iis
3208 4331 3328 4385 quae
3379 4308 3764 4385 ipsiustemttoﬂia

2282 4378 2578 4455 Donatistis
2630 4369 3116 4455 commitierentur,
3150 4369 3327 4455 tteque
3369 4369 3490 4439 vero
3524 4379 3582 4434 de
3601 4369 3767 4455 abistis:

2282 4448 2465 4506 bttisse
2510 4454 2840 4509 mentionem
2890 4453 3070 4511 facere
3100 4448 3113 4510 ἐ
3149 4448 3431 4528 propterea
3473 4467 3563 4507 non
3603 4448 3766 4518 [inlitisse

2283 4535 2446 4570 agere
2495 4535 2682 4570 mmlra
2733 4529 3104 4570 timuimnlinm
3134 4544 3296 4570 natam
3328 4529 3414 4570 niti
3450 4521 3583 4570 nriml
3622 4515 3766 4570 fuerat“

3639 4530 3706 4569 uer

2287 4575 3296 4669 υυοηέιεέιεέξ,ιεεεεῑρίξῑέιῑιῑδῇεῑεῇῐξ
3323 4575 3577 4669 armis
3601 4575 3766 4669 ωωιεξξι

2286 4672 2556 4734 tamquam
2589 4666 2890 4724 obsoletum
2917 4666 3021 4724 non
3044 4673 3278 4739 amplius
3305 4666 3640 4739 admittebatur
3660 4666 3768 4739 attnlll'

2286 4732 2518 4813 cumque
2533 4741 2673 4792 enini
2698 4741 2762 4813 D;
2782 4739 3064 4813 Augustini
3085 4732 3326 4812 tempore
3344 4732 3766 4813 iicrentDonatidf:

2290 4807 2341 4885 ili
2371 4804 2565 4885 attines
2584 4813 2696 4865 sive
2725 4804 2998 4882 Εβὶδδοβίν
3027 4815 3142 4867 Sive
3170 4804 3650 4885 μἰεςὺγιετίνέίεηυο

2291 4875 2955 4954 ῇφιηεε-εθιιθηιυνξδυιυέ
2985 4875 3057 4939 ita
3088 4875 3206 4940 sine
3238 4875 3533 4954 νωῖιὶιθηιίρ
3560 4893 3583 4928 a

2289 4940 2687 5027 liberabantur;
2720 4940 2814 5011 sed
2865 4940 2910 5010 si
2956 4957 3018 5011 D.
3062 4940 3392 5027 Augustinus
3417 4940 3766 5027 vixisset—

2295 5024 2648 5096 temporibus.
2673 5016 2762 5080 aut
2781 5027 3049 5096 Majorini,
3074 5016 3239 5084 multa
3265 5029 3402 5083 illius
3424 5021 3598 5081 erroris
3614 5016 3766 5077 vestigia

2288 5095 2339 5149 itt
2374 5095 2516 5150 illius
2545 5098 2763 5168 scriptis
2802 5095 3190 5168 reperirentur.

2803 5185 3244 5250 OBSERVATIO
3283 5191 3350 5247 Χ.

2742 5286 2821 5340 De
2856 5288 3075 5341 concilio
3104 5286 3406 5341 Arelatensi.

2357 5378 2430 5433 De
2460 5378 2693 5433 concilio
2725 5378 3033 5435 Arelatensi
3088 5394 3194 5432 non
3227 5380 3402 5433 minor
3427 5368 3764 5450 estdisplllafﬂf

2285 5464 2405 5504 nam
2429 5450 2498 5522 ab
2519 5449 2842 5506 adversariis
2853 5451 3108 5519 objicitnr
3127 5465 3389 5520 suprenuc
3427 5447 3552 5501 illius

2282 5499 2458 5590 ait};
2469 5499 2640 5576 iam
2657 5499 2940 5589 1:53:55:
2952 5499 3286 5590 saneea:
3297 5499 3438 5575 nisi;
3464 5499 3644 5591 vestigia
3661 5499 3765 5591 pulli

2284 5567 2519 5647 Exstare.
2569 5592 2680 5647 lmo
2707 5567 2867 5646 ausits
2911 5567 3034 5648 esse
3065 5567 3366 5648 Donatistas
3405 5605 3432 5644 a
3460 5567 3763 5660 Melcliiadf

2285 5646 2667 5732 imperatorem
2689 5646 2962 5732 appellare
2979 5681 2994 5729 ;
3013 5646 3158 5719 alios
3169 5646 3378 5734 iudices
3406 5671 3509 5734 p051
3536 5646 3761 5734 ροηιίίξεὲῗ

2279 5725 2577 5804 quaesisse;
2632 5745 2685 5790 et
2727 5725 3148 5792 Constantinum
3170 5725 3324 5805 alios,
3347 5725 3504 5805 etiam
3539 5725 3760 5805 321952???

2275 5789 2499 5864 dedisse
2517 5789 2608 5878 qui
2628 5807 2697 5864 de
2720 5806 2912 5866 eadem
2939 5789 3240 5881 eausa-qua:
3258 5820 3290 5862 a
3313 5789 3758 5866 Melchiade'jutli'ctll
