3972 6328
249 318 382 375 H77

1482 317 1551 374 ΙΝ
1589 317 1911 377 SANCTUM
1951 321 2299 380 0PTATUM.

3393 329 3534 386 1178

245 446 413 518 esset,
431 445 856 518 cognoscerent;
886 437 1122 518 deniqite
1161 450 1238 518 ea
1269 445 1591 518 tempestate
1619 437 1835 518 pontili-
1861 441 1910 501 Α
1939 451 2162 518 quartus
2185 443 2458 518 respicere
2489 442 2786 518 potuisset,
2829 452 2922 500 aut
2947 445 3000 500 in
3038 459 3174 518 quos
3204 446 3376 503 videri
3407 461 3536 503 con-

247 522 367 563 cum
395 509 598 577 judicia
625 509 743 579 ejus
764 509 1101 566 auctoritatis
1122 517 1178 565 et
1206 509 1474 564 ﬁrmitatis
1497 525 1602 564 non
1635 510 1829 577 fuisse,

245 595 365 704 aute
394 580 462 635 ab
482 581 604 636 aliis
631 582 904 654 episcopis
929 581 1166 637 rescindi
1195 596 1302 636 non
1335 591 1592 650 possent;
1621 581 1836 650 quando

283 666 314 704 e
339 652 456 704 inso
484 652 779 704 Melcbiade
803 662 859 704 et
883 655 950 704 de
980 653 1096 704 eius
1131 653 1396 704 sententia
1422 653 1658 704 episcopi
1701 655 1836 704 Are-

283 666 314 706 e
339 652 456 718 ipso
484 652 779 710 Melcbiade
803 652 859 709 et
883 655 950 710 de
980 653 1096 724 ejus
1131 653 1396 708 sententia
1422 653 1658 724 episcopi
1701 655 1837 707 Are-

247 720 488 779 latenses
515 725 656 790 passi
687 726 796 780 sint
834 720 1044 795 judices
1079 740 1141 779 se
1166 724 1418 796 constitui
1445 720 1686 778 {addunt
1714 724 1838 796 Syl-

246 804 486 866 vestrum
513 796 581 866 de
614 797 712 850 hac.
761 797 978 866 injuria.
1009 806 1100 849 aut
1128 795 1271 864 quod
1327 797 1427 850 hoc
1458 797 1597 849 facto
1635 795 1836 852 sancta:

245 863 408 919 Sedis
428 864 661 935 dignitas
691 863 1000 933 laederetur,
1044 876 1290 938 questum
1321 882 1426 936 non
1459 881 1602 928 esse,
1633 877 1725 922 aut
1756 868 1835 922 le-

244 939 845 1010 gatoshinterposuisse,
865 957 933 995 ne
956 941 1010 995 in
1034 941 1127 994 illo
1155 939 1397 1010 concilio,
1406 938 1605 1010 judicia
1637 939 1836 994 summi

245 1008 516 1076 pontilicis
539 1008 590 1062 in
618 1010 839 1065 dubium
861 1019 1264 1077 revocarentur,
1295 1020 1349 1064 et
1370 1009 1438 1065 de
1463 1009 1527 1064 iis
1547 1025 1839 1076 cognosce-

244 1088 417 1133 retur.
474 1080 598 1135 lla‘c
627 1095 679 1137 et
709 1083 906 1136 similia
937 1099 964 1137 a
995 1083 1220 1139 Calvino
1245 1091 1300 1135 et
1336 1098 1365 1136 a
1400 1083 1559 1136 Petro
1588 1081 1838 1138 Molinteo

244 1163 644 1225 congeruntur;
675 1155 868 1222 quibus
889 1153 1325 1225 respondendum
1349 1163 1453 1209 est.

318 1221 559 1277 Primum
604 1221 745 1295 quod
789 1227 958 1288 aiunt,
984 1221 1309 1280 'Donatistas
1341 1240 1371 1279 a
1424 1223 1721 1280 Melcbiade
1769 1224 1836 1280 ad

243 1293 635 1366 imperatorem
663 1312 988 1366 provocasse
1033 1308 1088 1353 et
1140 1297 1473 1366 appellasse;
1508 1311 1592 1350 res
1619 1305 1704 1351 est
1747 1312 1839 1366 pa-

243 1380 367 1419 rum
400 1364 576 1439 ﬁrma,
601 1364 747 1423 et‘ex
775 1385 878 1439 qua
904 1370 1110 1424 nullum
1135 1364 1312 1437 potest
1337 1367 1529 1423 deduci
1551 1364 1840 1436 argumen-

243 1445 361 1510 tum
393 1436 538 1510 quod
569 1441 637 1493 sit
663 1436 892 1510 alicujus
918 1436 1176 1496 momenti
1204 1457 1216 1491 :
1245 1455 1367 1494 nam
1397 1439 1442 1492 si
1472 1454 1592 1504 qua:
1621 1439 1720 1493 fuit
1745 1455 1838 1508 ap-

241 1508 488 1581 pellatio,
513 1525 653 1564 vera:
698 1508 1079 1581 appellationis
1129 1512 1234 1565 vim
1270 1526 1372 1564 non
1407 1510 1630 1574 habuit,
1666 1526 1839 1580 neque

242 1578 452 1652 habere
482 1584 684 1652 potuit;
733 1578 857 1637 cum
917 1584 1149 1652 ipsemet
1176 1583 1418 1650 pontifex
1449 1583 1714 1636 maximus
1745 1578 1840 1651 per

241 1650 494 1723 legatos,
512 1651 746 1708 Marinus
774 1650 1130 1719 Arelatensis,
1157 1653 1432 1709 Maternus
1477 1650 1836 1723 Agrippinen-

238 1723 342 1786 sis,
379 1721 656 1795 itetbicius
682 1725 1184 1795 Augusmdunensis
1208 1767 1223 1790 ,
1279 1721 1545 1780 Merocles
1585 1721 1837 1779 Mediola-

242 1793 468 1867 pensis,
498 1794 746 1852 Poterius
774 1793 1102 1867 Capuensis,
1140 1812 1171 1850 a
1214 1811 1438 1865 quorum
1486 1798 1838 1867 sententiaet

234 1864 450 1934 judicio
479 1867 802 1934 appellatum
853 1864 1045 1924 volunt
1073 1884 1102 1922 a
1130 1864 1454 1930 Donatistis,
1501 1866 1844 1922 interfuerint

239 1935 486 2010 concilio
511 1937 814 1995 Arelatensi
842 1952 895 1996 et
923 1943 1064 1996 inter
1085 1941 1220 1994 alios
1248 1939 1541 2010 Episcopos
1581 1939 1844 2006 sederint,

239 2016 301 2062 et
326 2009 396 2062 de
426 2008 826 2067 Donatistarum
855 2011 1242 2082 controversiis
1269 2019 1325 2064 et
1348 2008 1706 2082 appellatione
1749 2026 1842 2065 co-

238 2082 571 2153 gnoverint:
603 2081 771 2153 i‘orma
799 2084 944 2138 enim
969 2081 1295 2153 judiciorum
1322 2081 1475 2150 pasSa
1501 2097 1604 2136 non
1656 2081 1846 2137 fuisset

240 2158 308 2224 t_tt
336 2150 500 2206 iidem
528 2151 742 2220 judices
781 2156 849 2210 de
877 2150 1239 2224 appellatione
1271 2164 1323 2207 ct
1349 2153 1417 2208 de
1439 2153 1647 2222 judicio
1702 2153 1845 2224 quod

242 2222 438 2277 Ruina:
471 2225 702 2290 primum
737 2222 1114 2290 constitutum,
1161 2234 1216 2280 et
1245 2225 1311 2280 de
1360 2241 1468 2294 quo
1517 2222 1844 2294 appellatum

239 2301 411 2368 esset,
462 2295 784 2368 judicareut.
824 2298 1148 2368 Respondeo
1179 2304 1439 2366 praeterea
1483 2295 1846 2365 appellatione

239 2364 363 2428 illa,
386 2367 489 2421 etsi
513 2380 641 2420 vera
671 2367 863 2424 fuisset
891 2364 1209 2438 appellatio,
1240 2368 1382 2420 nulla
1415 2381 1480 2422 ex
1512 2364 1664 2436 parte
1720 2367 1848 2422 laedi

237 2447 340 2489 aut
363 2439 660 2508 impugnari
682 2453 882 2496 sanctae
902 2441 1058 2495 Sedis
1089 2441 1461 2493 auctoritatem
1491 2457 1503 2492 :
1538 2454 1658 2492 nam
1682 2440 1842 2494 etiam

240 2523 394 2582 nunc
439 2525 469 2582 a
513 2511 766 2579 pontitice
795 2514 861 2567 ad
896 2513 1202 2582 pontificem
1258 2525 1650 2577 provocamus;
1681 2509 1844 2565 simili

238 2578 410 2653 modo
443 2578 737 2637 Donatistae
770 2601 797 2637 a
832 2578 1126 2639 Mélchiade
1153 2582 1219 2637 ad
1250 2581 1609 2651 Sylvestrum,
1631 2583 1721 2650 qui
1750 2597 1847 2653 per

241 2650 458 2725 legatos
469 2653 700 2707 concilio
715 2656 928 2725 praefuit
950 2654 1277 2719 Arelatensi,
1295 2653 1596 2725 appeilare,
1620 2650 1845 2724 ejusque

233 2721 450 2795 judicio
505 2725 653 2780 litem
701 2721 862 2795 quam
895 2729 1082 2782 Romae
1118 2721 1466 2795 perdiderant
1503 2721 1690 2779 rursus
1724 2721 1846 2794 per-

241 2794 469 2868 mitiere
525 2809 578 2851 et
631 2794 846 2855 deferre
901 2794 1189 2868 potuerunt
1229 2796 1509 2864 :denique
1538 2798 1840 2868 concilium

238 2865 569 2923 Arelatense
607 2883 636 2923 a
671 2865 963 2940 majoribus
991 2869 1224 2931 nostris,
1259 2869 1332 2920 uti
1363 2882 1391 2921 a
1425 2870 1483 2921 ι).
1519 2867 1841 2938 Augustino,

242 2947 476 3010 vocatur
506 2939 803 3008 plenarium
822 2941 1112 2996 c0ncilium
1139 2948 1192 2995 et
1218 2942 1494 3010 generale,
1515 2941 1567 2993 in
1591 2955 1697 3009 quo
1719 2956 1843 2995 cum

239 3008 704 3082 sederitsanctus
746 3015 980 3081 pontifex
1027 3023 1082 3066 et
1130 3008 1240 3082 per'
1283 3012 1486 3081 legatos
1536 3008 1840 3080 priefuerit,

243 3081 379 3134 nulli
410 3081 609 3154 mirum
640 3085 812 3140 videri
843 3086 1004 3140 debet
1031 3085 1076 3137 si
1103 3083 1410 3154 permiserit
1435 3083 1501 3136 de
1517 3082 1723 3152 judicio
1746 3098 1844 3138 suo

240 3152 542 3235 cognosci,
585 3165 640 3210 et
668 3171 826 3235 suam
857 3152 1178 3212 sententiam
1219 3153 1286 3210 ab
1317 3155 1586 3225 episcOpis
1613 3165 1667 3208 et
1695 3170 1724 3209 a
1756 3169 1843 3210 se-

241 3228 483 3293 metipso
506 3228 825 3284 examinari.

316 3294 596 3370 Objiciunt
623 3311 880 3367 praeterea
900 3341 916 3364 ,
949 3299 1236 3370 episcOpos
1262 3312 1397 3367 quos
1422 3297 1633 3370 judices
1661 3297 1714 3351 in
1745 3298 1838 3353 illo

240 3366 494 3445 concilio
515 3366 741 3445 dederat
777 3366 1097 3445 imperator,
1124 3366 1230 3424 non
1272 3366 1446 3424 Solum
1478 3369 1544 3423 ad
1578 3369 1633 3445 id
1658 3371 1836 3445 daios,

242 3444 306 3490 ut
336 3438 407 3511 de
432 3437 638 3507 judicio
668 3437 869 3497 “omni
896 3444 1036 3496 lacto
1081 3454 1472 3511 cognoscerent
1493 3482 1508 3502 ,
1541 3439 1635 3494 sed
1675 3441 1836 3495 etiam

241 3515 306 3562 ut
328 3509 400 3564 de
436 3512 554 3578 ipso
578 3513 874 3569 Melcbiade
899 3509 1240 3581 iudicarent;
1273 3511 1547 3579 quomodo
1575 3520 1756 3567 autem
1787 3512 1838 3568 id

243 3582 512 3656 probent.
564 3593 657 3656 aut
699 3587 784 3640 ubi
831 3586 1040 3656 legant,
1087 3585 1152 3639 de
1193 3582 1484 3656 Melcbiade
1525 3582 1840 3656 Arelatense

241 3655 538 3726 concilium
560 3655 853 3726 judicasse,
882 3653 986 3712 non
1004 3656 1224 3711 invenio
1245 3653 1515 3726 :quamvis
1532 3653 1674 3708 enim
1698 3671 1842 3726 aegre

245 3725 455 3778 terrent
485 3725 780 3783 Donatistae
805 3729 1150 3783 Ca:cilianum
1200 3725 1384 3781 Romae
1428 3725 1766 3789 absolutum,
1787 3738 1842 3782 et

243 3796 317 3850 de
345 3795 488 3849 illius
531 3799 870 3856 absolutione
902 3809 1374 3869 conquererentur
1398 3840 1411 3857 .
1455 3811 1575 3869 non,
1616 3797 1841 3868 legimus

244 3876 432 3942 tamen
481 3869 531 3942 i_u
589 3871 684 3926 illo
731 3872 961 3929 concilio
988 3868 1276 3942 quidquam
1308 3871 1361 3925 in
1389 3868 1742 3925 Melcbiadem
1773 3870 1842 3926 ab

244 3938 666 4012 illiscoulictum
694 3955 786 3998 aut
815 3938 1109 4012 objectuin.

323 4009 508 4066 Tertio
549 4015 691 4083 quod
740 4009 1056 4080 obtrudunt,
1091 4014 1334 4068 eamdem
1391 4027 1609 4069 causam
1656 4029 1843 4069 rursus

247 4083 475 4138 Arelate
492 4084 785 4154 judicatam
815 4096 864 4142 et
888 4087 1248 4142 examinatam
1272 4085 1528 4150 fuissc,et
1554 4087 1843 4142 Arelaten-

244 4167 340 4208 ses
369 4156 651 4228 episcopos
677 4159 747 4215 de
784 4160 972 4214 eadem
1005 4172 1166 4211 causa
1198 4173 1357 4228 quam
1407 4159 1699 4213 Donatista:
1736 4157 1845 4211 Ro-

246 4241 356 4300 ma;
401 4226 742 4297 perdiderant
769 4231 1039 4300 judicasse
1073 4270 1087 4294 ,
1124 4226 1229 4283 non
1281 4229 1410 4283 Satis
1437 4240 1687 4286 constat:
1719 4245 1841 4284 nam

248 4298 354 4372 etsi
383 4313 410 4372 ξι
440 4301 713 4372 plerisque
743 4298 795 4356 id
823 4301 1172 4362 concedatur,
1194 4310 1371 4354 tamen
1395 4301 1439 4354 si
1481 4317 1594 4356 rem
1624 4301 1843 4372 propius

251 4367 644 4442 inSpici’amus;
661 4383 715 4427 et
752 4375 795 4428 si
827 4389 891 4428 ex
941 4374 1110 4442 ipsius
1132 4371 1349 4426 concilii
1371 4373 1508 4426 aclis
1536 4382 1591 4427 et
1618 4367 1841 4426 canoni-

249 4439 360 4495 bus
384 4440 754 4516 conjecturam
780 4439 974 4516 capere
1003 4444 1249 4507 velimus,
1283 4447 1441 4513 longe
1469 4445 1571 4498 alia
1599 4459 1758 4516 causa
1776 4443 1842 4497 ad

249 4513 542 4585 concilium
577 4513 894 4572 Arelatense
937 4516 1110 4571 delata
1154 4525 1236 4568 est
1277 4529 1437 4585 quam
1465 4513 1843 4584 quazjudicata

254 4582 446 4638 Romae
469 4585 658 4642 fuerat.
693 4587 810 4642 Duo
839 4599 992 4643 erant
1024 4589 1166 4642 inter
1209 4582 1554 4640 Caecilianum
1579 4595 1632 4640 et
1664 4586 1844 4639 Dona-

253 4655 414 4708 tistas
438 4657 490 4710 in
519 4660 914 4724 controversia,
965 4669 1020 4713 et
1072 4657 1376 4712 traditionis
1403 4667 1458 4712 et
1499 4658 1842 4713 schismatis:

250 4725 468 4782 duobus
487 4731 804 4787 criminibus
831 4731 1187 4786 accusabatur
1208 4742 1261 4784 et
1292 4729 1572 4799 petebatur
1604 4726 1848 4783 Cmcilia—

251 4811 359 4852 nus
387 4815 402 4853 :
437 4815 665 4867 quorum
696 4804 765 4856 ab
797 4802 898 4857 hoc
929 4803 1113 4856 Romae
1154 4802 1465 4867 absolutus,
1497 4802 1565 4854 ab
1595 4801 1685 4855 illo
1716 4816 1846 4856 vero

253 4869 471 4945 Arelate
499 4874 784 4939 discessit;
817 4889 992 4945 neque
1019 4873 1163 4945 enim
1193 4887 1356 4945 causa
1381 4873 1688 4945 schismatis
1710 4872 1848 4945 Are-
1891 4893 1896 4898 ι

251 4942 362 5016 late
379 4947 687 5016 examinata
715 4941 1062 5016 antjudicata
1088 4943 1201 4999 ullo
1225 4943 1386 5016 modo
1416 4941 1534 5008 fuit,
1558 4945 1650 5016 sed
1683 4944 1844 4999 tradi-

253 5014 420 5068 tionis
444 5016 753 5083 dumtaxat;
777 5014 919 5085 quod
945 5016 1133 5071 multis
1164 5015 1465 5070 rationibus
1506 5014 1721 5086 probari
1749 5031 1842 5086 po-

251 5093 399 5141 test:
431 5088 580 5142 nulla
605 5090 749 5142 enim
792 5090 846 5144 in
886 5088 982 5143 illo
1021 5087 1254 5143 concilio
1283 5096 1459 5140 exstat
1505 5088 1705 5141 mentio
1753 5097 1847 5143 aut

250 5171 428 5229 canon
470 5159 537 5213 de
564 5160 856 5215 schismate
883 5169 939 5216 et
977 5159 1045 5214 de
1074 5159 1414 5213 ordinatione
1446 5157 1712 5229 Majorini,
1748 5159 1842 5214 sed

251 5243 322 5284 ex
351 5228 563 5285 decimo
593 5232 753 5286 tertio
781 5246 991 5287 canone
1034 5231 1379 5285 manifestum
1431 5232 1488 5283 lit
1508 5228 1840 5300 ,qutesitum

255 5301 310 5354 in
344 5301 438 5354 illo
467 5302 718 5368 concilio,
742 5318 808 5358 an
833 5303 1038 5358 crimen
1052 5311 1108 5357 et
1128 5300 1314 5356 vitium
1343 5300 1647 5356 ordinantis
1671 5311 1846 5357 trans-

257 5372 362 5426 iret
391 5373 442 5427 iu
475 5373 803 5441 ordinatum,
829 5385 882 5429 et
911 5376 954 5429 si
1007 5388 1198 5428 manus
1226 5371 1499 5442 impositio
1525 5388 1553 5427 a
1585 5389 1678 5427 reo
1705 5373 1843 5428 facta

255 5451 430 5511 totam
484 5445 880 5501 ordinationem
936 5447 1141 5501 irritam
1201 5443 1439 5510 faceret;
1493 5444 1842 5512 quamobrem

254 5515 403 5568 enim
455 5517 762 5571 sanxissent
792 5527 970 5585 patres
1002 5517 1149 5571 illius
1195 5516 1439 5578 concilii,
1471 5516 1846 5570 ordinationem

255 5603 360 5640 non
389 5587 558 5642 obesse
586 5587 860 5652 ordinatis,
893 5587 1168 5642 dummodo
1197 5588 1260 5641 de
1287 5587 1365 5642 Itis
1391 5587 1476 5657 qui
1501 5587 1727 5642 ordinati
1769 5603 1849 5642 es-

255 5669 370 5712 sent
411 5661 544 5713 ratio
575 5659 904 5723 subsisteret,
947 5659 1052 5713 nisi
1082 5659 1151 5714 de
1191 5659 1294 5714 hoc
1339 5657 1478 5712 facto
1507 5659 1850 5728 qumsiissent

258 5730 590 5798 Donatistae,
633 5743 685 5786 et
723 5746 883 5786 causa
924 5733 976 5786 in
1015 5746 1081 5785 eo
1107 5740 1437 5797 versaretur,
1470 5746 1537 5784 an
1577 5730 1847 5786 ordinatio

254 5802 535 5874 celebrata
568 5804 635 5858 ab
665 5802 990 5874 idololatria:
1011 5814 1195 5874 lr_eo_et
1218 5812 1630 5874 suspectoppro
1649 5801 1844 5874 infecta

254 5867 505 5932 habenda
526 5872 711 5933 esset?
734 5867 824 5931 aut
847 5877 982 5946 quo:
1011 5869 1245 5945 denique
1269 5867 1442 5933 ctinott
1466 5867 1554 5933 an
1601 5871 1845 5932 decimus

1939 511 2182 608 stitutus,
2232 529 2332 583 quo
2379 514 2465 608 (id!
2493 515 2687 608 capitum
2727 511 3406 608 communioneprivantur
3435 520 3538 608 ‘qui

1939 583 2074 659 [aleo
2103 596 2403 659 accusarent
2437 589 2641 659 fratres.
2675 588 2790 659 nisi
2838 587 2890 643 in
2928 583 3237 646 Donatistas
3263 632 3277 654 ,
3316 590 3410 659 qui
3435 583 3539 646 Fe-

1942 654 2100 708 licem
2124 664 2179 709 et
2203 654 2547 711 Caecilianum
2578 658 2901 714 idololatriae
2928 659 3064 716 falso
3107 654 3534 718 insimulabant?

1940 725 2019 780 Ex
2043 726 2236 794 quibus
2269 727 2488 782 dubium
2514 743 2619 784 non
2649 740 2751 792 est,
2773 731 3105 796 Donatistas,
3133 735 3336 789 omissa
3359 733 3537 789 schis-

1942 797 2104 870 matis
2133 813 2293 854 causa
2324 815 2442 868 qua:
2476 801 2661 854 ltomte
2694 804 2975 857 terminata
3016 807 3213 870 fuerat,
3244 806 3310 860 ad
3339 819 3535 860 secun-

1939 868 2065 945 dum
2106 870 2407 945 traditionis
2441 872 2644 945 crimen
2685 873 3023 945 confugisse.
3073 889 3125 931 et
3153 868 3349 931 nullam
3373 876 3531 931 aliam

1939 942 2206 1016 actionem
2237 944 2288 995 in
2306 942 2659 1016 Caecilianum
2686 942 2902 1001 Arelate
2922 947 3236 1016 intendisse,
3263 947 3367 1002 nisi
3389 946 3531 1016 quod

1941 1011 2059 1081 ejus
2083 1013 2353 1067 ordinatio
2385 1030 2452 1068 ex
2497 1014 2794 1070 ordinantis
2817 1018 3044 1072 crimine
3067 1011 3421 1074 rescindenda
3446 1033 3535 1073 es-

1940 1091 2046 1138 set.
2091 1083 2244 1138 Nulla
2285 1093 2547 1161 praeterea
2578 1096 2757 1161 potest
2799 1088 3060 1159 assignari
3091 1093 3228 1145 ratio
3267 1091 3534 1161 quamob-

1941 1169 2056 1210 rem
2109 1165 2288 1225 patres
2339 1156 2684 1213 Arelatenses
2729 1158 2796 1213 de
2839 1156 3130 1215 schismate
3201 1156 3531 1218 mentionem

1943 1226 2144 1299 nullam
2178 1229 2424 1294 fecerint,
2448 1228 2575 1283 etin
2605 1245 2700 1284 eos
2721 1231 2812 1299 qui
2845 1230 2982 1285 falso
3005 1243 3320 1287 accusarent
3342 1233 3535 1288 fratres

1936 1297 2138 1378 judicia
2173 1307 2278 1378 tam
2326 1297 2935 1378 severantnlerintpuisi
2965 1303 3107 1372 quod
3141 1304 3270 1358 nihil
3307 1304 3459 1378 aliud
3479 1304 3532 1378 in

1943 1368 2037 1441 iilo
2063 1371 2295 1425 concilio
2327 1383 2381 1426 et
2433 1373 2483 1426 in
2533 1372 2616 1426 illa
2647 1373 2947 1441 quaestione
2978 1368 3313 1439 versaretur,
3360 1376 3461 1430 nisi
3491 1375 3537 1430 si

1940 1437 2152 1515 Caecilia
2159 1441 2492 1515 nungelicis
2507 1437 2733 1498 crimine
2769 1453 2914 1515 esset
2935 1437 3309 1502 removendus
3329 1446 3398 1501 ab
3424 1447 3539 1515 epi-

1941 1511 2097 1588 scopi
2139 1512 2442 1588 dignitate._
2481 1514 2748 1588 Przeterea
2803 1514 2917 1570 lucc
2965 1532 3088 1571 cum
3119 1517 3343 1588 hujusce
3392 1511 3535 1573 sebi-

1940 1583 2215 1659 sm‘aiiset
2256 1586 2653 1659 Donatistarum
2687 1585 2910 1641 historia
2941 1583 3537 1659 mirifice'congruunt,

1941 1653 2110 1730 quiin
2141 1656 2521 1730 D._Attgusliu0
2541 1670 2948 1725 Conquerunlnr
2971 1659 3114 1727 quod
3143 1666 3294 1730 pauci
3320 1653 3536 1729 judices

1944 1727 2092 1780 nullo
2133 1727 2322 1802 ordine
2366 1738 2580 1802 servato
2612 1730 2930 1802 sententiam
2963 1727 3158 1785 Romae
3193 1727 3535 1802 prmcipitas-

1948 1807 2106 1851 sent:
2143 1799 2288 1861 prius
2311 1803 2453 1853 enim
2487 1799 2770 1854 videbatur
2792 1800 3161 1868 judicandum,
3188 1799 3255 1856 an
3286 1799 3543 1858 ordinan-

1951 1869 2019 1922 tis
2048 1869 2273 1925 crimine
2312 1871 2540 1943 alicujus
2566 1870 2834 1943 ordinatio
2859 1883 3300 1943 corrumperetur
3325 1883 3378 1930 et
3416 1873 3540 1928 inli-

1950 1949 2182 2006 ceretur,
2201 1951 2330 1996 etan
2348 1942 2495 1997 Felix
2512 1942 2739 1997 traditor
2756 1941 2963 2009 fuisset,
2983 1941 3141 2012 quam
3161 1944 3228 2000 de
3249 1944 3542 2000 schismate

1949 2027 2214 2080 quaerere.
2256 2014 2366 2067 lloc
2392 2014 2536 2068 illius
2565 2029 2741 2068 causa:
2769 2015 2904 2069 ordo
2927 2017 3200 2084 postulare
3228 2016 3538 2070 videbatur:

1950 2084 2077 2156 quid
2107 2086 2250 2156 enim
2285 2100 2508 2142 necesse
2539 2093 2655 2140 erat
2704 2085 2972 2154 inspicere
3018 2101 3261 2156 quaenam
3287 2102 3352 2142 ex
3379 2086 3543 2156 Majo-

1950 2154 2055 2208 rini
2103 2153 2457 2228 etCteciliani
2487 2153 2920 2228 ordinationibus
2965 2153 3134 2228 magis
3178 2153 3542 2214 consentanea

1949 2236 2107 2298 esset
2150 2226 2450 2296 disciplina:
2504 2227 2930 2293 Ecclesiasticae,
2984 2229 3031 2284 si
3063 2226 3249 2298 'penes
3279 2228 3539 2292 Felicem,

1950 2296 2275 2369 idololatria
2323 2315 2492 2361 reum,
2541 2300 2741 2354 nullum
2791 2300 2983 2356 fuisset
3013 2296 3204 2355 manus
3233 2300 3543 2369 imponendi

1941 2367 2035 2434 jus
2074 2379 2129 2424 et
2157 2370 2469 2426 arbitrium?
2497 2371 2835 2441 Quapropter
2885 2373 3134 2427 dicebant
3165 2367 3455 2428 Donatista:
3475 2372 3545 2428 de

1949 2441 2180 2514 crimine
2237 2441 2432 2497 Felicis
2475 2442 2623 2514 prius
2650 2443 3030 2512 inquirendum
3070 2443 3238 2499 luisse
3283 2458 3444 2514 quant
3474 2444 3544 2500 de

1949 2511 2244 2586 schismate
2274 2529 2334 2568 ac
2362 2514 2430 2570 de
2466 2511 2809 2586 ordinatione
2832 2515 3083 2586 episcopi
3105 2511 3545 2586 carthaginensis

1942 2581 2300 2651 judicaretur,
2354 2601 2420 2640 ne
2467 2585 2560 2639 illo
2589 2586 2790 2638 scilicet
2821 2581 3026 2652 judicio
3054 2584 3120 2640 de
3145 2581 3420 2641 Catciliani
3455 2601 3544 2641 or-

1948 2656 2228 2726 dinatiooc
2268 2657 2635 2726 pra'judicium
2673 2655 2954 2710 habt-rent.
2985 2656 3228 2726 Denique
3270 2659 3410 2712 inter
3447 2657 3545 2712 hu-

1944 2724 2099 2796 jusce
2144 2724 2860 2796 concilii'subscriptiones,
2908 2724 3184 2782 Caeciliani
3234 2742 3431 2782 nomen
3463 2730 3546 2782 in-

1948 2799 2163 2852 venitur
2189 2810 2244 2854 et
2275 2799 2486 2869 legitur,
2517 2797 2659 2868 quod
2690 2813 2785 2869 pro
2822 2807 3142 2868 argumento
3173 2799 3543 2869 accipiendum

1946 2877 2051 2932 est,
2080 2869 2274 2926 Felicis
2306 2868 2480 2940 potius
2506 2885 2665 2940 quam
2687 2868 2960 2925 Caeciliani
2996 2870 3203 2926 crimen
3246 2868 3302 2924 et
3325 2885 3544 2927 causam

1946 2951 2121 2995 actam
2151 2945 2314 2997 fuisse
2337 2947 2388 2996 in
2415 2943 2506 2996 illo
2536 2942 2799 3004 concilio;
2830 2957 2936 2996 non
2967 2941 3110 2996 enim
3144 2943 3287 2997 inter
3313 2951 3543 2998 caeteros

1947 3013 2234 3083 episcopos
2274 3014 2576 3070 adsedisset
2620 3023 2675 3067 et
2719 3012 3014 3082 judicasset
3039 3012 3392 3082 Caecilianus,
3442 3015 3547 3070 nisi

1946 3084 2092 3137 omni
2133 3085 2374 3139 criminis
2414 3097 2468 3140 et
2513 3086 2824 3140 schismatis
2854 3084 3165 3154 suspicione
3205 3085 3545 3141 caruissetet

1945 3169 2148 3211 vacuus
2175 3154 2383 3211 fuisset.
2398 3156 2603 3212 Cretera
2631 3172 2750 3226 qua:
2770 3155 2840 3210 ab
2860 3157 3185 3211 adversariis
3207 3156 3543 3225 adferuntur,

1867 3223 1912 3285 C
1945 3236 2036 3280 aut
2064 3241 2250 3296 parum
2281 3228 2454 3284 valida
2489 3223 2660 3295 sunt,'
2685 3237 2780 3282 aut
2811 3243 2877 3282 ex
2909 3228 2988 3282 eis
3010 3243 3129 3298 quae
3159 3228 3396 3283 diximus
3428 3223 3544 3284 disé

1944 3298 2082 3353 solvi
2117 3308 2361 3370 possunt.

2438 3390 2880 3450 OBSERVATIO
2935 3391 3029 3447 XI.

1943 3484 2024 3554 De
2071 3487 2154 3540 die
2197 3497 2245 3542 et
2293 3488 2586 3562 consulibus
2621 3489 2814 3562 jndicii
2859 3487 3237 3562 proconsularis
3257 3502 3357 3557 quo
3388 3485 3543 3542 Felix

2342 3561 2706 3630 Apungitanus
2737 3571 2988 3632 purgatus
3028 3561 3146 3630 fuit.

2015 3651 2276 3707 Constare
2325 3652 2469 3706 inter
2497 3667 2688 3706 omnes
2721 3652 2878 3707 video
2922 3653 3012 3721 qui
3045 3652 3112 3706 de
3139 3649 3540 3706 Donatistarum

1945 3721 2237 3798 schismate
2280 3725 2657 3798 scripserunt,
2684 3723 2882 3798 Felicis
2911 3721 3235 3798 Apnngitani
3267 3723 3540 3798 Episc0pi,

1943 3793 2032 3862 qui
2060 3795 2366 3859 traditionis
2396 3793 2429 3847 ’a
2470 3795 2764 3848 Donatistis
2795 3795 3173 3859 accusabatur,
3208 3793 3422 3847 causam
3474 3795 3543 3846 ab

1945 3863 2165 3919 [Eliauo
2191 3868 2534 3935 proconsule,
2560 3881 2663 3920 non
2689 3867 2789 3920 nisi
2813 3864 3258 3936 postMelchiadis
3280 3863 3541 3936 judicium

1946 3936 2000 3990 in
2059 3937 2343 4003 Donatum,
2378 3938 2614 3991 habitam
2662 3948 2716 3991 et
2767 3938 3058 4005 judicatam
3113 3935 3297 3990 fuisse.
3345 3935 3539 3990 Verum

1945 4007 2103 4079 longe
2130 4009 2416 4064 obscurius
2446 4019 2530 4064 est
2578 4023 2646 4062 an
2683 4008 2926 4077 ejusdem
2954 4007 3156 4062 [Eliani
3189 4007 3540 4062 Proconsulis

1946 4081 2212 4135 sententia
2237 4097 2339 4151 qua
2355 4080 2507 4135 Felix
2532 4079 2853 4135 idololatria:
2875 4081 3155 4134 absolutus
3175 4087 3281 4145 est,
3299 4089 3543 4151 tempore

1951 4153 2218 4220 posterior
2255 4149 2418 4207 fuerit
2446 4153 2682 4206 concilio
2737 4151 3071 4218 Arelatensi;
3129 4149 3544 4220 uamquamvis

1950 4223 2140 4278 iisdem
2185 4225 2498 4278 consulibus
2520 4265 2534 4281 .
2566 4223 2671 4278 hoc
2699 4234 2802 4288 est,
2838 4222 3128 4276 Volusiano
3155 4232 3208 4276 et
3251 4219 3502 4277 Anniauo
3523 4265 3538 4288 ,

1949 4295 2099 4350 Felix
2132 4296 2184 4349 in
2218 4297 2393 4351 Atrida
2433 4304 2490 4350 et
2516 4292 2839 4350 Caecilianus
2870 4294 3089 4349 Arelate
3132 4294 3446 4348 innocentes
3490 4303 3548 4346 et

1951 4367 2243 4420 indemnati
2273 4365 2621 4428 recesserint,
2652 4376 2828 4420 tamen
2850 4367 2918 4420 de
2943 4367 3031 4419 die
3061 4364 3420 4420 absolutionis
3443 4363 3544 4418 Fe-

1949 4438 2067 4492 licis
2099 4453 2205 4492 non
2232 4440 2363 4492 satis
2391 4445 2635 4503 conStat;
2662 4438 2994 4507 multumque
3023 4436 3263 4490 historize
3285 4437 3546 4490 interesse

1953 4509 2163 4563 videtur
2193 4508 2470 4578 indagare,
2497 4520 2552 4561 et
2600 4509 2933 4563 adamussim
2959 4523 3066 4578 quo
3093 4508 3182 4562 die
3209 4507 3333 4562 data
3364 4517 3416 4560 et
3439 4509 3544 4563 lata

1951 4580 2113 4636 fuerit
2140 4579 2341 4634 AEliani
2371 4581 2658 4642 sententia,
2695 4581 2979 4648 inspicere.

2031 4653 2091 4705 Ι).
2141 4651 2473 4721 Augustinus
2525 4661 2752 4705 tractatu
2807 4661 2925 4719 post
2980 4649 3320 4704 collationem
3370 4651 3547 4719 capite

1957 4724 2235 4794 trigesimo
2263 4727 2426 4780 tertio
2457 4765 2471 4788 ,
2513 4724 2668 4777 docet
2719 4738 2836 4777 eam
2897 4723 3088 4776 factam
3137 4736 3259 4777 esse
3301 4721 3544 4777 decimo-

1954 4800 2144 4867 quinto
2195 4795 2465 4851 Kalendas
2517 4794 2755 4856 Martias,
2804 4794 2960 4864 cujus
3011 4795 3318 4863 opinionem
3375 4794 3543 4867 secuti

1955 4866 2084 4925 sunt
2127 4868 2448 4924 Cardinales
2490 4867 2750 4921 Barouius
2795 4877 2849 4922 et
2898 4867 3227 4922 Perronius:
3258 4879 3440 4918 verum
3489 4866 3544 4919 in

1954 4940 2138 4996 libello
2183 4939 2550 5007 manuscripto
2603 4939 2844 5007 ejusdem
2897 4939 3184 4995 sententiae
3229 4945 3285 4991 et
3327 4936 3379 4990 in
3412 4936 3543 5004 ipsis

1950 5015 2088 5068 actis
2118 5013 2319 5070 Aﬂliani
2353 5012 2715 5081 proconsulis,
2737 5011 2933 5080 quibus
2963 5011 3015 5064 in
3044 5009 3241 5064 Felicis
3267 5009 3428 5081 vitam
3463 5011 3545 5064 iu-

1952 5086 2203 5153 quisivit,
2231 5079 2474 5139 decimus
2500 5085 2693 5138 tertius
2722 5079 2940 5140 kalend.
2975 5082 3282 5152 Septembr.
3313 5079 3428 5137 dies
3455 5083 3541 5137 iu-

1950 5156 2224 5212 scribitur.

2025 5228 2173 5284 lnter
2199 5228 2298 5283 has
2326 5227 2460 5282 duas
2488 5227 2796 5297 opiniones,
2823 5240 3183 5299 quarumnna
3216 5223 3544 5299 auctoritate

1950 5301 2390 5370 gravissimorum
2443 5295 2780 5367 Scriptorum
2807 5295 3017 5366 {altera
3051 5298 3153 5352 fide
3190 5295 3544 5370 vetustissimi

1951 5368 2153 5426 codicis
2183 5383 2433 5425 constare
2472 5370 2687 5426 videtur
2715 5413 2728 5436 ,
2783 5371 3127 5426 temerarium
3161 5377 3304 5422 esset
3338 5368 3542 5436 aliquid

1952 5442 2248 5512 dijudicare
2277 5461 2289 5496 ε
2323 5458 2512 5497 verum
2557 5443 2671 5498 haec
2701 5442 2969 5512 posterior
2995 5440 3058 5494 ad
3093 5440 3233 5493 hanc
3262 5438 3541 5512 historiam

1953 5511 2016 5568 et
2047 5515 2112 5567 ad
2153 5515 2442 5569 concilium
2474 5517 2788 5568 Arelatense
2834 5511 3006 5582 magis
3057 5511 3458 5582 accommodari
3490 5520 3546 5566 et

1953 5587 2244 5641 Convenire
2290 5586 2537 5641 videtur:
2581 5603 2702 5640 nam
2752 5592 2871 5653 pust
2919 5581 3232 5637 Melchiadis
3281 5581 3540 5650 judicium

1953 5672 2061 5723 quo
2090 5659 2397 5712 schismatis
2426 5673 2588 5711 causa
2635 5657 2920 5710 terminata
2952 5664 3036 5708 est
3063 5697 3077 5720 ,
3107 5665 3159 5708 et
3209 5653 3456 5706 Ennomii
3487 5662 3544 5709 et

1953 5727 2187 5800 Olympii
2231 5730 2578 5800 legationem,
2629 5735 2683 5782 et
2711 5729 2989 5800 transitqu
3034 5726 3086 5780 in
3123 5725 3385 5800 Africam,
3438 5740 3545 5794 quo

1955 5793 2240 5855 catholicae
2288 5793 2547 5856 Ecclesia:
2592 5799 2902 5854 communio
2947 5807 3162 5852 ostensa
3191 5809 3243 5851 et
3271 5793 3543 5852 declarata

1951 5879 2038 5929 est
2059 5867 2611 5944 Cartltagltteusibtll;
2645 5866 2776 5928 nihil
2806 5875 3089 5940 supererat
3113 5862 3463 5941 iudicandum
3484 5866 3540 5926 ltt
