3972 6328
403 239 546 298 1185

1691 234 2119 294 MONUMENTA
2162 234 2437 292 VETERA

3555 235 3697 298 1184

404 368 686 431 parentum
730 366 1040 414 nostrorum
1067 399 1083 425 ,
1105 354 1484 423 Constantini,
1514 352 1852 422 Constantii,
1889 353 1996 409 Va.
2029 359 2078 422 Α
2105 353 2310 420 clesiis,
2335 353 2545 408 occulto
2567 360 2744 408 tamen
2773 352 2954 408 lurore
2982 361 3317 425 grassantur,
3364 351 3482 408 loca
3503 366 3695 424 magna

405 451 689 511 lentiniani
709 495 723 521 ,
751 452 970 509 decreta
996 458 1140 508 sunt.
1165 448 1273 507 Sed
1297 449 1541 521 plerique
1557 448 1768 519 expulsi
1800 447 1868 504 de
1895 447 1999 504 Ec-

2103 447 2386 504 domorum
2411 463 2509 504 seu
2540 445 2826 503 fundorum
2866 446 3052 502 illicite
3076 445 3486 519 frequentantes
3519 465 3533 500 :
3562 459 3698 516 quos

1781 563 2329 623 ANNOTATIONES.

408 691 578 749 est.Et
602 689 902 747 Eusebeius
933 688 1019 744 lib.
1073 703 1142 743 vn
1175 687 1316 742 Hist.
1351 683 1495 740 Eccl.
1525 701 1638 752 cap.
1674 683 1692 736 1
1734 700 1746 735 :
1782 684 2004 738 Παλαιοῦ

407 767 465 839 γέ
492 785 573 821 τοι
591 762 953 839 κεκρατηκότος
985 760 1128 839 ἔθους
1153 778 1166 813 :
1193 771 1239 839 et
1261 775 1377 823 cap.
1407 757 1463 839 ἓ..
1497 754 1603 812 ἄλλ’
1631 754 1712 839 ὅςίε
1739 757 2000 839 Σίτῆἐφανος,

412 829 608 909 pasta
634 829 690 891 τὲ
713 839 957 909 νεώτερον
979 836 1238 909 mpera»
1271 834 1607 909 κραςτήρ-ασςαν
1643 829 1870 909 ξρχὴθεγ
1901 849 2004 882 πα-

449 907 648 973 αδοσιν,
678 899 1340 977 ἐπικαιῦοτομεῐῦνοίὀμινοξ,
1364 903 1630 977 ἐπὶιςούτῳ
1651 899 2002 970 διηγανάκτειε

449 929 648 973 αοοσιν,
678 929 1078 977 επικαινοτομειν
1094 929 1340 976 οιομινος,
1364 929 1448 957 rm
1461 929 1630 973 τουτῳ
1651 929 1976 970 unquamne:
1991 937 2002 950 .

411 929 466 1036 ind
498 990 614 1042 est,
651 979 949 1047 Stephanus
979 976 1108 1029 niltil
1146 977 1260 1028 novi
1301 982 1390 1047 aut
1426 972 1647 1047 alienia
1682 985 2006 1047 τιιΑυιτιρΝε

416 1067 482 1106 ΑΒ
507 1042 1092 1113 ΑΝτιοιιοδιιτιΝεΝτε,
1135 1045 1450 1099 moliendum
1494 1043 1803 1106 arbitratus,
1833 1042 2006 1095 animo

419 1123 481 1178 ob
512 1125 646 1175 hanc
687 1137 897 1192 causam
939 1117 1329 1192 indignabatur.
1378 1117 1707 1192 Augustinus
1739 1128 1963 1192 quoque
1993 1154 2008 1179 ,

418 1193 513 1249 lib.
536 1210 566 1246 v
598 1193 665 1247 de
692 1191 967 1260 Baptismo
993 1184 1178 1245 contra
1209 1189 1550 1252 Douatistas,
1579 1201 1700 1260 cap.
1734 1184 1845 1240 25:
1877 1185 2010 1260 Apo-

422 1266 542 1320 stoli
572 1257 785 1333 quidem
806 1263 935 1316 nihil
963 1262 1144 1333 exinde
1183 1267 1532 1333 praeceperunt
1555 1275 1573 1312 :
1595 1258 1685 1313 sed
1701 1257 2014 1312 consuetudo

418 1338 536 1400 illa,
568 1329 682 1405 quis
707 1333 1058 1406 opponebatur
1080 1329 1338 1404 Cypriane
1364 1372 1378 1394 ,
1409 1329 1472 1382 ab
1497 1345 1670 1406 eorum
1693 1344 2011 1406 rasotrtonc

423 1402 692 1462 exordium
716 1402 992 1476 sumpsisse
1029 1402 1349 1476 credendum
1384 1412 1455 1454 est
1476 1416 1498 1476 _:
1521 1402 1650 1476 sicut
1694 1411 1808 1476 sunt
1851 1402 2013 1476 multa

421 1495 537 1550 qua:
575 1471 989 1550 universa'tenet
1020 1475 1289 1538 Ecclesia,
1346 1482 1391 1527 et
1436 1471 1497 1526 ob
1527 1473 1620 1550 hoc
1667 1472 1729 1526 ab
1769 1471 2015 1543 apostolis

425 1545 824 1622 prwceptaibene
845 1548 1139 1612 creduntur,
1155 1561 1479 1622 quamquam
1507 1545 1697 1622 scripta
1742 1560 1845 1597 non
1871 1559 2018 1622 repe-

422 1613 645 1676 riantur.
677 1620 996 1676 Vincentius
1045 1613 1257 1673 tandem
1292 1613 1683 1672 Lirinensis'iu
1713 1613 2014 1670 commoni-

428 1694 568 1749 torio
590 1708 689 1748 suo
715 1707 766 1746 e.
790 1691 844 1758 9,
870 1706 989 1746 cum
1016 1692 1181 1744 multa
1208 1689 1344 1743 hanc
1373 1689 1423 1742 in
1443 1688 1767 1742 sententiam
1793 1686 2012 1758 scribat,

2115 690 2365 738 cumenta
2413 690 2468 737 et
2517 681 2820 738 testimonia
2854 682 3116 753 protulit,
3148 682 3341 753 quibus
3370 696 3478 736 non
3526 680 3703 737 solum

2115 753 2255 808 idem
2303 754 2691 822 colligeretur,
2737 757 2830 809 sed
2881 754 3040 824 plane
3087 755 3514 809 ostenderetur:
3559 753 3706 808 lib.t

2114 834 2299 880 contra
2325 826 2662 880 Donatistas:
2694 838 2747 880 et
2774 826 2866 880 lib.
2905 842 2963 894 tt,
2992 842 3110 896 cap.
3143 825 3232 893 M;
3263 827 3355 880 lib.
3387 841 3466 892 tv,
3491 839 3614 896 cap.
3647 825 3702 891 'l;

2115 897 2207 951 lib.
2242 913 2296 964 v,
2326 911 2444 966 cap.
2474 897 2507 950 4
2537 906 2591 952 et
2611 897 2702 952 25.

2189 968 2450 1041 Provoeat
2503 978 2557 1024 et
2603 973 2700 1022 hac
2753 974 2864 1041 tege
2904 969 3193 1025 Gratianus
3237 969 3302 1023 ad
3358 969 3708 1041 superiorum

2118 1040 2419 1107 Principum
2444 1040 2880 1107 constitutiones,
2913 1042 3247 1096 Constantini
3276 1041 3370 1106 M.,
3400 1040 3708 1095 Constantii

2113 1113 2131 1179 (
2154 1128 2254 1181 ego
2285 1112 2578 1166 Constantis
2609 1115 2812 1176 malim,
2841 1115 2925 1166 cui
2952 1114 3126 1166 Africa
3151 1121 3408 1176 cesserat,
3431 1127 3540 1166 non
3562 1112 3713 1166 Con-

2113 1183 2317 1255 stantii.
2347 1187 2434 1252 qui
2460 1189 2620 1238 etiam
2642 1183 2893 1239 hmretica
2919 1185 3038 1240 labe
3059 1182 3348 1255 adspersus
3368 1182 3524 1254 erat)
3555 1185 3710 1240 item-

2113 1272 2217 1325 que
2249 1254 2632 1310 Valentiniani.

2189 1327 2446 1383 Provocat
2466 1338 2516 1380 et
2536 1327 2599 1381 ad
2623 1327 2954 1382 sanctionem
2979 1342 3074 1384 seu
3094 1337 3414 1398 prazceptum
3434 1326 3708 1397 quoddam

2118 1400 2359 1454 anterius
2401 1399 2464 1453 ad
2494 1397 2791 1454 Nitentium
2825 1399 3008 1454 datum
3044 1418 3056 1453 :
3086 1399 3229 1469 quod
3275 1399 3436 1467 quale
3462 1401 3535 1454 sit
3576 1415 3714 1454 non-

2118 1471 2244 1526 dum
2274 1472 2549 1540 comperio
2581 1490 2592 1524 :
2628 1470 2755 1525 illud
2788 1471 3108 1525 crediderim
3141 1472 3470 1526 anteriorem
3512 1471 3715 1538 ipsius-

2120 1552 2232 1598 met
2255 1540 2495 1597 Gratiani
2524 1543 2963 1597 constitutionem
3004 1543 3088 1596 hic
3115 1541 3336 1596 indicari
3372 1559 3385 1594 :
3415 1542 3712 1612 etquidem

2119 1616 2372 1669 emissam
2399 1613 2465 1667 ad
2508 1612 2800 1669 Nitentium
2829 1614 3104 1668 tribunum
3132 1626 3190 1684 et
3217 1614 3485 1668 notarium
3518 1613 3715 1684 (cujus

2121 1688 2323 1742 mentio
2354 1685 2493 1755 apud
2524 1685 2867 1740 Ambrosium
2896 1685 3053 1754 epist.
3078 1683 3147 1740 64
3172 1686 3189 1754 )
3210 1695 3360 1740 extra
3380 1683 3633 1740 ordinem
3662 1687 3716 1740 in

425 1764 642 1820 tandem
667 1765 763 1827 ait,
795 1756 1064 1830 epistolam
1093 1779 1122 1814 a
1148 1761 1412 1830 Stephano
1443 1759 1649 1813 missam
1669 1758 1736 1812 ad
1764 1757 2014 1830 Africam,
2049 1758 2096 1818 B
2123 1757 2360 1830 Africam
2410 1756 2632 1830 missum
2679 1771 2806 1830 cum
2830 1759 3098 1830 mandatis
3125 1773 3219 1811 seu
3249 1767 3501 1830 prtecepto
3539 1759 3716 1828 (quo-

426 1837 516 1890 ubi
561 1837 640 1889 his
683 1828 845 1889 verbis
873 1835 1079 1897 sanxit,
1127 1828 1256 1887 nihil
1303 1831 1690 1898 innovandum,
1744 1830 1842 1882 nisi
1875 1828 2011 1899 quod

426 1922 699 1962 τιιΑυιτυιι
740 1915 834 1962 est.
869 1905 1001 1973 Quae
1049 1906 1162 1975 ipsa
1208 1914 1332 1958 sunt
1371 1901 1634 1975 Stephani
1660 1903 1819 1955 verba
1848 1942 1861 1966 ,
1895 1914 2014 1970 qua:

427 1977 727 2048 Cyprianus
780 1972 938 2046 supra
973 1972 1326 2048 memorabat.
1356 1975 1436 2048 Et
1476 1972 1788 2048 Cyprianus
1835 1981 2013 2048 tamen

433 2042 564 2105 illud
607 2049 658 2104 in
697 2042 970 2118 Stephano
1011 2046 1467 2118 reprehendebat,
1507 2042 1649 2118 quod
1674 2042 1967 2118 scripturis
1999 2083 2014 2108 ,

431 2123 624 2192 quibus
655 2113 808 2174 suam
834 2120 930 2174 niti
953 2113 1214 2192 docerent
1244 2117 1432 2172 Patres
1464 2115 1698 2192 Africani
1725 2157 1740 2182 ,
1781 2113 2019 2192 obduce—

432 2186 517 2248 ret
545 2202 600 2265 et
627 2199 931 2265 opponeret
958 2189 1300 2265 traditionem
1321 2231 1336 2250 .
1366 2187 1692 2265 atqueadeo
1717 2186 2020 2241 traditionis

435 2258 898 2334 nomine'pravam
926 2261 1232 2334 renditaret
1261 2258 1737 2334 consuetudinem,
1767 2273 2018 2334 (λειω-πρυ

435 2346 578 2389 esset
609 2328 1002 2402 ah'apostolis.
1047 2331 1141 2387 sed
1197 2341 1378 2401 postea
1419 2330 1748 2400 irrcpsisset.
1799 2329 1905 2384 Sed
1954 2328 2022 2402 de

439 2406 539 2460 ista
571 2409 623 2460 in
654 2401 767 2474 ipsa
797 2405 976 2460 Africa
1001 2403 1242 2474 juniores
1270 2418 1300 2457 a
1324 2403 1592 2469 Cypriano
1637 2402 1854 2474 abiere,
1885 2411 1947 2474 et
1969 2401 2020 2453 itt

436 2471 753 2546 argumento
780 2471 1034 2547 Stephani
1059 2475 1163 2530 PP.
1193 2476 1542 2547 acquievere,
1561 2471 2026 2547 quicontendebat

439 2544 567 2603 ante
592 2544 938 2621 Agrippinum
973 2562 1238 2621 nusquam
1270 2544 1320 2600 in
1340 2546 1581 2621 Ecclesia
1615 2544 1794 2599 iterari
1825 2545 2027 2621 baptis-

439 2636 584 2675 mum
613 2618 853 2675 solitum.
891 2621 954 2674 Et
983 2619 1250 2690 acquievit
1278 2619 1442 2672 etiam
1489 2625 1637 2670 tanto
1673 2626 1790 2690 post
1818 2618 2028 2690 Augus-

441 2694 604 2754 tinus,
635 2693 729 2746 lib.
766 2707 825 2758 ιι,
855 2706 976 2762 cap.
1007 2688 1161 2752 7.‘de
1183 2690 1455 2760 Baptismo
1481 2695 1670 2762 contra
1699 2688 2025 2741 Donatistas:

447 2763 614 2832 Quam
657 2760 1072 2818 consuetudinem
1102 2763 1255 2815 credo
1286 2778 1349 2814 ea:
1387 2760 1667 2827 apostolica
1706 2773 2031 2832 materno-Ns

439 2829 716 2889 venientem
745 2877 759 2899 ,
788 2836 917 2888 sicut
943 2835 1104 2888 multa
1133 2850 1231 2887 non
1257 2833 1582 2886 inveniuntur
1603 2832 1656 2884 iu
1690 2829 1830 2884 libris
1858 2846 2034 2884 eorum

447 2923 607 2976 neque
628 2908 679 2959 in
706 2906 940 2960 conciliis
961 2906 1296 2977 posteriorum
1329 2919 1348 2968 ;
1375 2915 1422 2956 et
1450 2903 1776 2977 tamenquia
1800 2918 1889 2977 per
1919 2901 2035 2955 uni-

444 2974 642 3030 versam
673 2974 1254 3032 Ecclesiaut'creduntur
1279 3018 1291 3040 ,
1316 2975 1518 3028 nonnisi
1535 2974 1596 3026 ab
1625 2975 1748 3046 ipsis
1762 2974 1963 3046 tradita
1991 2981 2036 3046 et

446 3048 800 3102 commendata
821 3050 1118 3102 creduntur.
1149 3049 1214 3102 Et
1236 3049 1327 3102 lib.
1363 3062 1438 3112 ιν,
1466 3061 1587 3114 cap.
1608 3048 1678 3098 ‘24
1706 3064 1717 3099 :
1745 3045 1894 3112 Quod
1917 3045 2036 3098 uni-

447 3136 592 3174 versa
613 3129 744 3174 tenet
777 3119 1026 3184 Ecclesia,
1057 3136 1147 3173 nec
1174 3120 1400 3172 conciliis
1436 3119 1750 3177 institutum,
1781 3116 1870 3170 sed
1900 3132 2034 3170 sem-

441 3207 540 3262 per
568 3165 817 3246 retvenvtum
843 3165 953 3258 est:
972 3165 1175 3244 nonnisi
1196 3191 1498 3262 auctoritate
1525 3165 1805 3262 apostolica
1835 3189 2036 3242 institu—
2063 3165 2108 3228 (ἶ

452 3276 562 3317 tum
602 3264 880 3318 rectissime
928 3263 1173 3317 creditur.
1208 3261 1341 3316 Vide
1373 3261 1617 3315 eumdem
1645 3269 1698 3314 et
1731 3260 1825 3314 lib.
1854 3276 1871 3315 ι
1916 3275 2038 3313 con-

454 3344 532 3389 tra
581 3335 929 3389 Cresconium
974 3349 1090 3404 cap.
1131 3335 1220 3389 35.
1252 3332 1430 3389 Secuti
1463 3341 1514 3386 et
1547 3330 1683 3385 hanc
1714 3332 2036 3404 sententiam

452 3417 506 3460 et
548 3406 850 3460 traditionis
881 3403 1287 3476 prterOgativam
1340 3407 1692 3476 imperatores
1732 3403 1801 3458 ab
1831 3405 2042 3476 episco-

452 3479 533 3546 pis
559 3478 733 3532 edocti
757 3518 772 3539 ,
808 3472 1212 3532 Valentinianus
1234 3472 1442 3531 scilicet
1471 3475 1572 3544 leg.
1600 3472 1617 3526 Ι
1650 3489 1796 3546 supr.
1829 3475 1917 3529 ubi
1948 3489 2043 3529 eo-

457 3545 580 3602 dem
610 3564 773 3602 sensu
801 3549 905 3612 ait,
932 3561 1110 3604 contra
1133 3562 1458 3606 INS‘I‘ITUTUI
1485 3546 1710 3600 omnium
1737 3545 2044 3614 baptismum

453 3620 654 3684 iterari;
673 3619 964 3695 Gratianus
995 3621 1091 3695 hac
1122 3623 1228 3695 lege
1252 3620 1338 3673 ubi
1365 3619 1562 3695 pariter
1583 3618 1678 3682 ait,
1709 3632 2042 3695 tusrrrorto-

460 3706 558 3744 aes
601 3690 905 3762 sequendas
926 3733 940 3754 .
972 3703 1024 3746 et
1055 3690 1220 3756 item',
1271 3691 1408 3762 quod
1438 3703 1692 3762 TRADtTIO
1746 3690 2046 3761 incorrupta

461 3763 653 3816 servavi
685 3777 704 3826 ;
744 3761 1010 3817 Honorius
1047 3763 1085 3818 ι.
1137 3781 1189 3819 tv
1215 3765 1338 3832 infr.
1368 3770 1422 3815 ut
1454 3761 1694 3814 traditum
1722 3769 1814 3814 est.
1846 3763 2042 3815 Eadem

463 3849 592 3888 vero
643 3835 930 3889 traditione
973 3835 1113 3890 sicut
1157 3833 1499 3905 singularitas
1551 3832 1950 3905 baptismi,ita
1994 3840 2050 3886 et

467 3905 708 3976 plerique
737 3907 868 3960 ritus
895 3907 945 3960 in
972 3903 1315 3976 baptismate,
1350 3921 1414 3957 ne
1439 3903 1507 3957 de
1530 3905 1649 3956 aliis
1677 3919 1823 3976 nunc
1846 3904 2044 3968 dicam,

465 3973 912 4042 defendebantur,
944 3987 1000 4032 ut
1028 3973 1232 4046 prolixe
1260 3988 1314 4031 et
1339 3976 1555 4046 egregie
1585 3973 1769 4028 multis
1796 3975 2050 4046 demons-

467 4056 576 4103 trat
619 4048 985 4104 Tertulliattus
1016 4044 1081 4104 de
1112 4053 1318 4104 Corona
1376 4044 1531 4101 iuilit.
1588 4059 1711 4111 cap.
1763 4044 1868 4111 ⁸54,
1901 4047 1935 4101 5
1957 4088 1971 4112 ,
1995 4055 2051 4101 et

467 4121 696 4174 Basilius
723 4121 790 4174 de
817 4121 1015 4187 Spiritu
1047 4131 1234 4174 sancto
1257 4161 1273 4186 ,
1303 4135 1421 4186 cap.
1449 4117 1517 4170 Ἦ
1535 4157 1550 4182 ,
1576 4116 1739 4170 veluti
1763 4132 2048 4172 consecra-

470 4191 545 4244 tio
571 4207 722 4261 aquzn
767 4192 980 4259 oleique
1007 4192 1294 4258 unctionis;
1324 4199 1379 4244 et
1407 4188 1578 4261 ipsius
1606 4187 1698 4261 qui
1730 4187 2048 4261 baptismum

471 4259 688 4336 accipit,
721 4262 1044 4336 renuntiatio
1076 4263 1376 4336 Satanaeet
1404 4259 1610 4336 angelis
1635 4259 1783 4336 ejus;
1819 4259 1974 4336 lactis
1999 4273 2054 4336 et

470 4330 662 4387 mellis'
698 4335 1043 4403 pra‘gustalio
1065 4377 1078 4399 ,
1123 4337 1235 4404 ipsa
1295 4334 1414 4388 ﬁdei
1447 4330 1712 4404 professio
1739 4373 1752 4395 ,
1786 4341 1840 4386 et
1871 4333 1970 4385 alia
2001 4333 2052 4388 id

471 4419 643 4474 genus
677 4423 690 4457 :
725 4405 941 4459 tandem
965 4417 1016 4460 et
1048 4403 1182 4461 trina
1213 4405 1434 4461 mersio.
1458 4403 1817 4474 Hieronymus
1843 4418 2056 4474 quoque

473 4473 732 4530 adversus
761 4475 1166 4531 Luciferiauos:
1200 4477 1281 4532 An
1313 4477 1475 4531 nescis
1510 4473 1673 4528 etiam
1700 4473 2054 4530 Ecclesiarum

477 4547 612 4600 hunc
632 4564 738 4623 esse
778 4562 990 4623 morem,
1014 4559 1070 4603 ut
1099 4549 1368 4623 bnptizatis
1394 4557 1572 4620 postea
1609 4563 1801 4623 manus
1820 4548 2056 4623 impona-

474 4629 589 4683 tur,
631 4629 678 4672 et
703 4620 782 4692 ita
817 4621 1074 4692 invocetur
1123 4616 1354 4688 Spiritus
1394 4616 1651 4692 senatui?
1698 4616 1916 4692 Exigis,
1970 4620 2055 4674 ubi

475 4690 834 4761 scriptumsit?
865 4692 916 4744 in
938 4693 1142 4746 Actibus
1156 4693 1532 4763 Apostolorum.
1562 4689 1780 4744 Etiamsi
1795 4689 2060 4762 scriptum

479 4763 758 4816 auctoritas
787 4778 887 4814 non
921 4766 1142 4816 subesset
1168 4808 1182 4831 ,
1219 4767 1370 4818 totius
1402 4763 1538 4818 orbis
1562 4763 1615 4815 in
1636 4763 1732 4816 hac
1769 4771 1913 4833 parte
1937 4780 2061 4817 con-

476 4850 657 4887 sensus
703 4835 866 4887 instar
906 4836 1144 4902 prtecepti
1173 4836 1417 4889 obtineret
1445 4852 1462 4888 :
1487 4852 1605 4887 nam
1651 4843 1698 4887 et
1725 4834 1919 4899 multa,
1952 4851 2065 4901 qtae

483 4919 572 4972 per
602 4920 964 4960 TRADITIONBI
996 4906 1047 4958 in
1077 4903 1310 4960 Ecclesia
1334 4907 1685 4970 observantur,
1710 4907 2066 4961 auctoritatem

479 4973 576 5049 sibi
601 4977 804 5049 scripta:
826 4979 948 5049 legis
971 4987 1364 5042 usurpaverant,
1391 4978 1524 5049 velut
1541 4979 1594 5030 in
1619 4980 1822 5030 lavacro
1847 4987 2069 5049 termer-

482 5045 663 5118 gitare.
692 5045 946 5112 Quare'et
969 5049 1034 5102 ad
1065 5049 1238 5118 ipsum
1275 5048 1556 5118 Dominum
1585 5055 1640 5102 et
1663 5048 1936 5117 apostolos
1969 5049 2066 5105 hos

482 5116 620 5170 ritus
663 5118 865 5194 referre
888 5135 998 5194 non
1027 5116 2066 5194 _tt_erenttt_rChrysnstomus,_si7Cbry-

484 5191 708 5243 sostomi
749 5199 832 5244 est
881 5188 1112 5244 Homilia
1155 5192 1219 5245 de
1245 5191 1346 5259 ﬁde
1395 5188 1450 5244 in
1488 5189 1737 5256 Patrem,
1775 5190 1970 5245 Filium
2006 5188 2066 5247 ἐι

485 5260 741 5332 Spiritum
766 5261 1034 5317 Sanctum.
1060 5273 1114 5316 et
1144 5262 1388 5332 Pelagius
1434 5261 1574 5332 apud
1606 5261 1925 5332 Gratianum
1953 5305 1966 5327 ,
1999 5265 2067 5319 de

487 5329 745 5404 Consecr.
773 5332 898 5388 dist.
929 5332 982 5386 4.
1014 5332 1081 5388 Ει
1121 5334 1189 5387 ita
1217 5329 1430 5404 quoque
1458 5331 1707 5404 haecnjam
1735 5332 1986 5388 dicuntur
2014 5343 2069 5390 et

488 5403 575 5459 hic
605 5404 868 5460 habentur
896 5403 1255 5477 Apostolorum
1279 5413 1552 5477 prtecept_a,
1581 5403 1695 5477 hare
1710 5405 1990 5477 apostolica
2020 5415 2068 5460 et

487 5479 834 5545 apostolorum
873 5475 1020 5546 ﬁdes,
1091 5493 1210 5532 nam
1241 5477 1449 5531 scilicet
1478 5475 1719 5531 Traditio
1758 5476 2067 5545 incorrupta

487 5549 743 5602 servavit.
796 5549 891 5602 Cui
943 5560 996 5602 et
1039 5493 1438 5602 Evanaeliorum
1481 5547 1616 5602 ﬁdes
1664 5546 1751 5601 hic
1795 5548 2067 5602 sociatur:

487 5549 743 5604 servavit.
796 5549 891 5604 Cui
943 5560 996 5604 et
1039 5546 1438 5620 Evangeliorum
1481 5547 1616 5620 ﬁdes
1664 5546 1751 5601 hic
1795 5548 2068 5620 sociatur:

489 5621 774 5688 Quomodo
799 5621 1130 5692 Augustinus
1166 5617 1379 5692 quoque
1410 5617 1572 5691 2M
1597 5620 1695 5672 etsi
1727 5618 2070 5692 traditionem

491 5702 546 5748 et
571 5689 1014 5748 consuetudinem
1045 5689 1261 5761 urgeat.
1289 5689 1635 5746 idenTtattien
1661 5731 1678 5761 ε
1709 5705 1775 5744 ne
1802 5689 2074 5748 videretur

491 5762 741 5819 hui‘nanis
773 5765 978 5819 tantum
1007 5759 1336 5834 argumentis
1356 5776 1536 5833 agere,
1565 5778 1630 5818 ex
1657 5759 1948 5832 Evangelio
1973 5763 2073 5820 dos

2121 1829 2281 1888 modo
2326 1836 2381 1883 et
2423 1827 2512 1884 hic
2553 1826 2815 1899 vocatur)
2847 1827 2912 1882 ad
2958 1828 3291 1883 cohibendos
3330 1826 3714 1883 hmretieorum

2120 1911 2296 1959 castus
2324 1919 2336 1954 :
2365 1911 2420 1953 ut
2448 1900 2996 1968 cteteroquintribuni
3027 1912 3078 1954 et
3107 1899 3300 1954 notarii
3325 1900 3393 1954 ab
3423 1902 3717 1970 imperato-

2117 1976 2268 2030 ribus
2303 1986 2423 2026 cum
2456 1972 2722 2026 mandatis
2749 1981 2798 2026 et
2834 1973 3119 2040 praeceptis
3153 1971 3298 2026 missi
3331 1973 3496 2026 etiam
3536 1973 3593 2025 in
3624 1987 3718 2026 ne-

2119 2046 2264 2118 gotio
2312 2043 2588 2167 religionis
2613 2085 2628 2106 ,
2660 2043 2727 2097 de
2769 2059 2876 2112 quo
2906 2043 3062 2112 plene
3089 2043 3155 2098 ad
3197 2045 3236 2096 ι.
3284 2043 3425 2096 unic.
3471 2060 3625 2112 supr.
3655 2043 3715 2097 de

2120 2115 2378 2167 mandatis
2433 2115 2706 2167 ’rincinum
2728 2131 2744 2167 :
2765 2115 2852 2167 ubi
2873 2113 3168 2167 Marcellini
3191 2125 3244 2167 et
3261 2114 3509 2167 Dalmatii
3533 2130 3715 2167 exem-

2120 2113 2378 2172 inandatis
2407 2113 2706 2184 Principum
2728 2131 2744 2170 :
2765 2115 2852 2169 ubi
2873 2113 3168 2170 Marcellini
3191 2125 3244 2169 et
3261 2114 3509 2169 Dalmatii
3533 2130 3716 2170 exem-

2145 2191 2206 2243 ila
2237 2188 2376 2242 inter
2415 2187 2537 2240 alia.

2259 2206 2376 2240 nter
2415 2206 2537 2240 ulla.

2125 2206 2351 2314 PlaNlunc
2393 2258 2459 2313 de
2500 2258 2654 2329 hujus
2685 2259 2809 2330 legis
2851 2259 3137 2323 sententia,
3167 2257 3404 2327 quidque
3454 2256 3717 2330 adversus

2126 2331 2523 2398 rebaptizautes
2545 2327 2838 2385 constituat
2861 2330 3150 2386 Gratianus
3175 2348 3188 2383 :
3218 2344 3412 2401 nempe
3439 2329 3542 2384 tria
3575 2327 3713 2392 haec,

2128 2404 2270 2459 hunc
2303 2403 2353 2456 in
2382 2403 2540 2455 ﬁnem
2567 2412 2871 2456 statuuntur
2902 2420 2916 2456 :

2201 2474 2438 2529 Primum
2487 2474 2751 2528 absistere
2801 2475 3015 2529 miseris
3042 2473 3321 2530 erroribus
3350 2472 3486 2528 suis.
3520 2471 3717 2528 Vicarii

2130 2546 2322 2602 Africa:
2359 2546 2678 2600 auctoritate
2711 2546 3001 2615 jubentur,
3031 2546 3081 2602 id
3110 2555 3196 2601 est
3222 2561 3410 2601 eorum
3438 2556 3615 2601 castus
3637 2547 3718 2599 in.

2133 2618 2321 2671 bibere
2369 2615 2452 2670 his
2501 2616 2741 2684 jubetur.
2782 2619 2934 2684 Quod
2980 2622 3175 2672 mirum
3207 2636 3220 2671 :
3251 2616 3548 2672 Flavianus
3579 2616 3720 2672 enim

2133 2689 2221 2744 hic
2253 2687 2498 2761 Vicarius
2528 2685 2724 2761 Africtc
2781 2689 2979 2761 (cujus
3029 2689 3265 2758 alioquin
3310 2691 3561 2761 meminit
3587 2702 3718 2758 quo-

2133 2777 2238 2826 que
2269 2760 2587 2814 Ammianus
2636 2759 2976 2815 Marcellinus
3025 2773 3246 2817 extremo
3278 2760 3410 2814 libro
3453 2775 3639 2825 xxvnl,
3669 2767 3719 2814 et

2136 2833 2467 2904 Augustinus
2515 2833 2663 2904 epist.
2708 2847 2904 2898 CLXIV;
2936 2833 3056 2888 vide
3093 2831 3476 2904 Symmachum
3526 2832 3615 2886 lib.
3659 2847 3714 2904 ιι,

2135 2902 2242 2976 ερξ
2265 2921 2414 2959 xxvu
2441 2913 2494 2957 et.
2521 2902 2671 2972 Lxut)
2705 2906 2870 2973 partis
2923 2902 3349 2976 Donatistarum
3372 2913 3493 2958 erat
3521 2946 3537 2970 ,
3562 2903 3720 2976 iquod

2139 2975 2424 3046 Augustini
2444 2977 2609 3040 locus,
2629 2976 2768 3030 dicta
2789 2979 2939 3047 epist.
2967 2993 3146 3044 cum,
3165 2975 3422 3041 ostendit,
3441 2977 3530 3030 ubi
3555 2975 3720 3030 Dona-

2142 3049 2297 3102 tistas
2327 3050 2406 3103 sic
2454 3047 2658 3101 inducit
2701 3047 3004 3117 loquentes,
3040 3058 3150 3103 tum
3181 3060 3235 3104 et
3274 3049 3355 3102 eis
3393 3047 3712 3117 respondet:

2144 3121 2208 3174 At
2239 3120 2371 3173 enim
2411 3119 2561 3192 (sunt
2595 3116 3230 3192 \‘erba’Donatistarum)
3279 3129 3328 3173 et
3356 3116 3521 3173 malos
3548 3116 3718 3192 Chris-

2143 3191 2296 3244 tianis
2317 3189 2560 3244 non‘licet
2583 3192 2844 3260 persequi?
2869 3191 2992 3247 Esto
3016 3189 3333 3318 gespondet
3356 3189 3707 3260 Augustinus),

2143 3279 2245 3316 non
2271 3263 2420 3317 liceat
2451 3277 2468 3315 :
2498 3263 2589 3315 sed
2615 3263 2862 3318 numquid
2891 3264 2986 3318 hoc
3067 3263 3365 3318 otestatibus
3391 3303 3406 3318 .
3436 3263 3500 3314 ad
3526 3260 3707 3318 hocin-

2142 3279 2245 3316 non
2271 3263 2420 3317 liceat
2451 3277 2468 3315 :
2498 3263 2589 3315 sed
2615 3263 2862 3332 numquid
2891 3264 2986 3318 hoc
3017 3260 3365 3318 Potestatibus
3391 3303 3406 3323 .
3436 3263 3500 3314 ad
3526 3260 3710 3330 hocip-

2143 3349 2256 3388 sum
2285 3334 2536 3406 ordinatis
2566 3375 2580 3399 ,
2610 3337 2690 3406 [as
2716 3347 2789 3388 est
2832 3335 3096 3403 objicere?
3124 3352 3189 3389 an
3216 3335 3507 3406 apostolum
3536 3332 3717 3386 delebi-

2144 3407 2295 3478 mus?
2319 3405 2423 3460 Sed
2467 3420 2576 3469 vos,
2605 3405 2802 3478 inquies
2862 3408 3055 3478 (altera
3077 3407 3190 3462 haec
3217 3405 3299 3461 est
3328 3405 3720 3478 Donatistarum

2144 3475 2642 3551 objectig),ntalibus
2665 3476 2685 3547 (
2708 3475 3094 3551 potestatibus)
3127 3478 3506 3551 communicare
3531 3493 3632 3551 n_on
3647 3475 3725 3551 de-

2145 3547 2270 3601 betis
2294 3548 2318 3601 ?
2343 3547 2481 3621 Quid
2505 3564 2624 3621 ergo
2657 3546 2973 3621 (respondet
2993 3546 3372 3621 Augustinus)?
3412 3563 3500 3621 vos
3531 3546 3727 3621 Flavia-

2149 3635 2213 3671 no
2240 3606 2497 3689 quondam
2535 3606 2736 3673 Vicario
2759 3606 2921 3691 partis
2949 3606 3124 3676 vestra:
3149 3606 3364 3688 homini,
3398 3620 3520 3687 quia
3548 3619 3725 3689 legibus

2148 3692 2371 3744 serviens
2400 3701 2632 3744 nocentes
2659 3709 2784 3756 quos
2811 3694 3068 3746 invenerat
3086 3735 3102 3758 ,
3131 3693 3393 3747 occidebat
3411 3731 3425 3753 ,
3455 3707 3561 3744 non
3603 3706 3727 3744 cout-

2151 3763 2447 3834 municastis
2476 3761 2500 3816 Ρ
2555 3763 2620 3815 ΕΙ.
2646 3779 2775 3820 sane
2807 3764 2843 3819 ι.
2879 3778 2933 3819 tv
2965 3781 3110 3834 supr.
3141 3765 3205 3818 de
3251 3762 3526 3834 Haereticis
3548 3803 3564 3827 ,
3599 3761 3725 3815 idem

2152 3831 2440 3907 Gratianus
2468 3834 2487 3905 (
2513 3851 2653 3907 anno
2700 3837 2944 3903 proximo
2974 3831 3078 3892 378
3108 3833 3401 3907 existimo)
3427 3843 3602 3889 cattus
3631 3834 3727 3887 ha:-

2153 3906 2350 3959 reticos
2411 3905 2838 3962 dissimulatione
2895 3907 3141 3962 Judicum
3212 3905 3402 3977 agitari
3449 3907 3728 3977 permissos

2155 3987 2399 4031 testatur.
2438 3977 2502 4031 Et
2527 3992 2655 4032 vero
2694 3994 2755 4033 ea
2788 3980 2870 4032 lex
2901 3979 3148 4048 (addatur
3171 3988 3226 4033 et
3254 3976 3353 4032 lea:
3393 3993 3424 4031 ν
3450 3976 3598 4046 cod.)
3621 3976 3728 4030 huic

2156 4048 2431 4103 lirtnandm
2476 4050 2578 4102 lata
2629 4051 2839 4105 videtur
2871 4068 2882 4103 :
2911 4063 2964 4105 et
3014 4063 3238 4119 utraque
3286 4051 3531 4104 anterior
3569 4050 3728 4117 aliqua

2155 4119 2240 4173 lex
2268 4121 2537 4191 antiquior
2557 4121 2815 4176 adversus
2838 4131 3013 4176 cretus
3044 4123 3427 4176 haereticorum
3457 4120 3730 4175 conﬁrmat-

2155 4199 2275 4244 tur:
2305 4192 2447 4258 olim,
2480 4193 2670 4260 inquit,
2696 4193 2818 4247 dict.
2857 4195 2896 4248 l.
2922 4209 2991 4257 tv,
3011 4193 3292 4248 Jussimus.
3314 4191 3426 4248 Hac
3455 4207 3585 4247 vero
3607 4191 3728 4260 lege,

2161 4261 2314 4316 Nihil
2345 4274 2396 4316 ut
2421 4263 2483 4317 ab
2507 4280 2564 4316 eo
2591 4274 2765 4318 tenore
2790 4267 2984 4320 sanctio
3011 4276 3186 4320 nostra
3212 4265 3490 4328 diminuat,
3521 4265 3607 4332 qui
3628 4264 3731 4316 dato

2157 4333 2353 4406 dudum
2375 4337 2442 4388 ad
2469 4333 2757 4390 Nitentium
2803 4349 3055 4406 praecepto
3082 4338 3249 4405 fuerat
3279 4338 3608 4390 constitutus.

2232 4405 2504 4472 Secundo,
2542 4405 2809 4462 Ecclesias
2841 4405 2978 4474 quas
3026 4409 3202 4463 adhuc
3233 4407 3528 4463 nonnullas
3553 4406 3736 4461 retine-

2159 4476 2288 4531 bant
2343 4478 2663 4546 Douatistae,
2691 4478 2951 4535 Ecclesia:
2997 4477 3289 4535 Catholica:
3345 4481 3626 4535 resutuere
3662 4479 3735 4547 ju-

2081 4581 2138 4641 D
2161 4549 2376 4641 δθῐξηΨ-Ἶῖ

2235 4619 2443 4693 Tertio,
2468 4621 2582 4676 loca
2611 4622 2662 4675 in
2689 4623 2886 4693 quibus
2907 4622 3137 4677 coierint
3162 4622 3448 4678 conﬁscari
3473 4622 3734 4693 jubentur.

2166 4690 2267 4748 Ubi
2292 4693 2588 4764 notandum
2618 4693 2683 4748 ad
2709 4690 2762 4748 id
2795 4693 3064 4762 delegisse
3092 4709 3187 4749 eos
3213 4711 3429 4764 magnas
3456 4690 3635 4748 domos
3655 4705 3738 4746 seu

2166 4762 2356 4836 fundos
2389 4781 2405 4817 :
2436 4763 2630 4836 denqua
2662 4765 3050 4819 conﬁscatione
3076 4762 3442 4836 Augustinus,
3471 4767 3562 4820 lib.
3594 4781 3611 4820 ι
3637 4780 3740 4818 con-

2167 4847 2244 4890 tra
2277 4835 2468 4890 litteras
2497 4835 2743 4890 Petiliam"
2767 4853 2813 4890 c.
2843 4836 2934 4890 24.

2243 4906 2484 4961 Tandem
2515 4907 2614 4962 sibi
2640 4910 2868 4978 quisque
2901 4907 3141 4963 nocitura
3192 4909 3334 4979 quod
3362 4911 3531 4966 sentit
3559 4907 3742 4979 sentire

2171 4988 2423 5054 monetur
2454 5000 2466 5033 :
2494 4975 2709 5054 sibique
2732 4975 3068 5054 solislovere
3095 4975 3233 5034 virus
3256 4980 3404 5054 (nam
3432 4981 3505 5036 ita
3533 4975 3740 5050 repono)

2172 5049 2351 5118 impi:c
2374 5050 2696 5120 disciplinae.
2727 5050 2882 5119 Quod
2913 5053 3138 5106 omnino
3164 5049 3448 5120 congruit,
3477 5054 3742 5108 sententiae

2174 5121 2334 5196 simul
2362 5131 2414 5177 et
2449 5123 2648 5196 verbis,
2676 5124 2713 5196 ι.
2739 5140 2769 5176 v
2799 5139 2944 5192 supr.
2970 5123 3032 5176 de
3057 5121 3371 5192 Ilwreticis.,
3402 5140 3527 5196 qua:
3548 5123 3744 5180 biennio

2176 5191 2344 5246 ferme
2375 5202 2496 5262 post
2526 5193 2663 5248 hanc
2693 5191 2873 5262 legem
2897 5196 3020 5248 data
3049 5206 3152 5250 est.

2248 5265 2314 5318 Et
2342 5265 2456 5338 haec
2482 5265 2698 5338 quidem
2733 5265 2909 5338 omnia
2955 5266 3260 5321 Donatistas
3289 5267 3613 5338 respiciunt.
3661 5264 3746 5320 Ne-

2173 5352 2276 5408 que
2304 5337 2446 5390 enim
2474 5336 2634 5390 audio
2657 5337 2943 5391 Barouium
2975 5336 3745 5408 existimantempoSIeriorem

2176 5407 2400 5480 hujusce
2431 5408 2564 5478 legis
2593 5419 2797 5477 partem
2835 5409 2900 5463 ad
2943 5409 3265 5464 Maniclueos
3309 5407 3603 5480 spectare;
3640 5423 3747 5463 nant

2177 5479 2284 5551 imo
2313 5487 2424 5534 tota
2466 5481 2811 5551 legisseries
2847 5482 3175 5535 contrarium
3221 5479 3477 5537 ostendit.
3525 5481 3750 5549 Denique

2179 5549 2288 5604 duo
2319 5549 2716 5606 Donatistarum
2743 5567 2943 5622 genera
2989 5553 3076 5608 hic
3105 5556 3513 5609 consumuntur
3545 5572 3557 5607 :
3600 5567 3746 5606 unum

2180 5636 2370 5695 eorum
2419 5625 2508 5692 qui
2549 5623 2818 5678 Ecclesias
2865 5623 3041 5678 adhuc
3087 5627 3345 5695 quasdam
3373 5638 3564 5680 contra
3609 5626 3749 5678 ﬁdem

2184 5693 2488 5767 retinebant
2520 5712 2533 5747 :
2575 5695 2818 5767 alterum
2851 5711 3038 5767 eorum
3064 5693 3218 5766 ,fqui
3251 5697 3320 5752 de
3348 5697 3609 5762 Eeclesiis
3636 5696 3748 5767 licet

2183 5765 2434 5832 expulsi.
2475 5766 2687 5822 occulto
2738 5763 2919 5823 tamen
2962 5763 3162 5826 furore
3195 5769 3610 5839 grassabuntur.
3643 5763 3743 5822 tot!
