3972 6328
526 263 662 324 II9I

525 483 746 530 arctatze
785 473 891 529 diei
933 487 1185 543 pressura
1217 473 1518 539 subducat;
1551 470 1972 541 agnoscentibus
2001 468 2124 540 qui-

525 566 762 624 buslibet
797 567 955 638 longe
989 567 1336 623 manentibus
1374 565 1810 637 praecedentibus
1867 563 2087 617 statutis
2111 602 2126 625 ,

526 662 798 718 universis
825 676 994 732 usque
1019 661 1088 716 ad
1108 661 1253 718 diem
1278 670 1531 716 octavum
1559 657 1910 714 kalendarum
1933 655 2130 710 Janua-

525 754 593 811 rii
624 755 868 825 proxime
889 753 1188 810 futurarum
1211 796 1225 820 ,
1258 754 1549 826 agnitionis
1577 751 1864 819 pandimus
1885 750 2128 820 januam,

531 855 592 902 ut
613 847 809 916 integri
861 847 1083 902 honoris
1126 861 1189 903 ac
1229 846 1354 902 fidei
1396 844 1631 917 regressi
1673 843 1910 900 habeant
1938 841 2132 897 funda-

526 947 704 995 menta
740 953 941 1008 :quam
970 938 1016 993 si
1066 938 1350 1009 quisquam
1381 935 1592 1008 ingredi
1637 935 1940 1007 nequiverit
1979 932 2130 1004 pigra

532 1031 796 1104 segnitie;
838 1031 976 1087 sciat
1003 1031 1109 1087 sibi
1157 1031 1223 1086 ad
1273 1047 1464 1088 omnes
1507 1031 1751 1088 veniales
1787 1031 1996 1096 aditus,
2036 1043 2133 1084 sua

526 1123 809 1180 voluntate
851 1123 993 1178 viam
1028 1138 1152 1180 esse
1177 1124 1520 1182 subductam.
1552 1123 1784 1180 Manebit
1819 1123 1962 1178 enim
1989 1121 2132 1176 circa

530 1230 627 1274 eos
643 1217 790 1273 dicta
810 1218 1099 1285 sententia,
1116 1227 1172 1272 et
1193 1225 1316 1286 post
1343 1216 1704 1289 praestitutum
1727 1215 1871 1271 diem
1899 1212 2133 1269 redeun-

529 1309 674 1366 tibus
703 1308 808 1364 ﬁxa
845 1308 1160 1379 poenitentia
1192 1309 1256 1384 (ι.
1292 1324 1349 1364 iv
1381 1320 1548 1364 contr.
1600 1307 1773 1365 Cresc.
1794 1325 1911 1375 cap.
1942 1305 2023 1378 4).

603 1403 739 1458 Data
767 1402 931 1475 Bagai
988 1403 1039 1458 in
1068 1402 1315 1458 Numidia
1368 1419 1462 1458 vni
1493 1402 1756 1458 kalendas
1803 1401 1967 1457 Maias
2017 1409 2140 1471 post

530 1497 872 1552 consulatum
923 1495 1214 1552 Theodosii
1268 1496 1493 1568 Augusti
1519 1495 1622 1563 III,
1647 1495 1932 1552 consulatu
1955 1495 2140 1566 Augu-

531 1599 740 1646 storum
769 1591 988 1648 Arcadii
1019 1591 1087 1646 IlI
1118 1599 1174 1646 et
1225 1589 1448 1646 llonorii
1485 1592 1682 1646 iterum
1741 1589 1801 1661 (ι.
1858 1606 1914 1646 nl
1958 1597 2140 1645 contra

532 1681 704 1740 Cresc.
732 1699 850 1756 cap.
875 1683 966 1751 56,
993 1692 1042 1739 et
1067 1684 1108 1739 ι.
1135 1699 1186 1739 tv
1207 1700 1253 1739 c.
1287 1682 1406 1755 59).

941 1777 1313 1836 lnterfuerunt
1338 1778 1594 1850 Episcopi
1625 1777 1755 1835 ⁸510.

1077 1917 1230 1974 Anno
1261 1915 1459 1972 Donum
1497 1914 1627 1973 595.

1285 2031 1397 2087 VII.

983 2144 1306 2204 SUPPLEX
1344 2144 1686 2202 LIBELLUS

534 2275 821 2320 PEREGRINI
858 2276 1180 2316 PRESBYTERI
1217 2276 1285 2316 ΕΤ
1322 2273 1588 2316 SENIORUM
1629 2274 1904 2315 ECCLRSIE
1943 2273 2135 2316 υυετι-

863 2369 1018 2410 ἸἎΝΕ
1056 2368 1298 2410 REGIONIS
1350 2367 1812 2409 PRIIIANISTARUI

965 2477 1244 2535 Adversus
1271 2477 1719 2534 Maximianistas.

614 2594 722 2671 (Ea:
741 2595 1051 2670 Augustino,
1075 2594 1165 2650 lib.
1190 2609 1247 2649 tv
1280 2601 1461 2649 contra
1489 2591 1818 2648 Cresconium
1839 2609 1958 2664 cap.
1979 2592 2062 2664 4.)

608 2709 739 2766 Post
767 2709 1104 2767 consulatum
1131 2706 1475 2764 dominorum
1499 2705 1716 2762 Arcadii
1743 2706 1809 2761 lll
1833 2715 1889 2762 et
1916 2705 2138 2762 Honorii

536 2804 731 2862 iterum
761 2809 1144 2875 Augustorum,
1164 2810 1318 2858 sexto
1346 2816 1520 2866 nonas
1546 2800 1786 2868 Martias,
1807 2799 2139 2871 Carthagine

534 2899 912 2968 insecretario
945 2897 1182 2969 praetorii
1237 2895 1480 2951 Titianus
1524 2895 1660 2950 dixit
1713 2912 1728 2948 :
1765 2913 1785 2946 ‹
1815 2893 2139 2966 Peregrinus

537 2995 826 3067 presbyter
851 3003 907 3050 et
955 2993 1200 3048 seniores
1230 2990 1492 3046 Ecclesiae
1539 2989 1845 3045 Mustitanaa
1902 2989 2140 3060 regionis

543 3087 653 3142 tale
679 3085 1013 3141 desiderium
1045 3092 1466 3155 prosequuntur.
1497 3080 1632 3139 Cum
1665 3081 1925 3138 Ecclesiae
1946 3081 2140 3139 catho-

1744 249 2204 315 'JIONUMENTA
2250 249 2527 310 VETERA

524 391 531 436 ε
597 380 677 441 Ac
706 393 773 436 ne
800 386 1084 452 angustum
1108 376 1461 435 redeuntibus
1493 385 1728 450 tempus,
1755 389 1905 447 spem
1940 372 2128 428 salutis
2156 374 2206 433 A

2167 1769 2216 1830 Β

3594 267 3695 326 nas

2627 372 2790 445 208
2829 371 2979 429 Auno
3017 371 3203 429 DOIIINI
3237 372 3350 432 397.

2963 463 3095 520 VIII.

2365 582 2743 640 DECRETUM
2771 581 3349 641 CARTIIAGINENSIS
3369 584 3610 646 CONCILII

2448 693 2515 732 DE
2557 691 2818 732 PARVULIS
2855 693 2889 732 Δ
2928 690 3229 731 ινοΜτιετιδ
3263 691 3549 735 BAPTIZATIS.

2826 771 2964 828 CAN.
3008 770 3228 826 XLVIII.

2307 884 2381 940 De
2410 885 2704 940 Donatistis
2759 885 2996 956 placuit,
3041 896 3102 941 ut
3136 886 3449 944 consulamus
3486 888 3638 948 fratres
3673 905 3710 951 et

2233 980 2652 1034 consacerdotes
2678 991 2895 1034 nosnos
2947 978 3192 1036 Siricium
3241 982 3532 1051 (romanum
3552 984 3711 1056 Episco-

2237 1084 2361 1140 pum
2391 1070 2410 1142 )
2453 1081 2509 1126 et
2535 1071 2943 1142 Simplicianum
2975 1071 2994 1144 (
3029 1072 3452 1130 Mediolanensem
3477 1074 3514 1146 ),
3537 1077 3592 1132 de
3623 1079 3713 1136 solis

2237 1161 2529 1217 infantibus
2555 1163 2645 1233 qui
2686 1163 3029 1234 baptizantnr
3076 1178 3237 1235 penes
3274 1165 3497 1233 eosdem,
3532 1183 3587 1224 ne
3616 1170 3713 1240 quod

2236 1267 2335 1308 suo
2368 1269 2472 1309 non
2503 1253 2748 1310 fecerunt
2777 1255 3007 1325 iudicio,
3040 1272 3160 1312 cum
3190 1257 3251 1312 ad
3280 1258 3542 1315 Ecclesiam
3567 1261 3636 1317 Dei
3653 1278 3712 1318 sa-

2238 1344 2377 1401 lubri
2412 1347 2691 1418 proposito
2717 1348 2916 1404 fuerint
2944 1349 3222 1416 conversi,
3254 1359 3504 1421 parentum
3550 1352 3717 1410 illoser~

2238 1453 2331 1496 ror
2388 1440 2673 1512 impediat,
2719 1455 2786 1499 ne
2827 1453 3245 1513 promoveantur
3282 1445 3412 1500 sacri
3435 1445 3588 1502 altaris
3610 1448 3718 1502 mini-

2239 1533 2358 1588 stri.

2739 1629 2891 1686 Auno
2921 1629 3260 1686 DoutN1398.

2999 1720 3089 1777 IX.

2400 1812 2468 1868 IN
2509 1811 2926 1870 HERETICOS
2979 1813 3336 1870 THEODOSII
3370 1813 3610 1871 MAIORIS

2841 1920 3216 1974 CONSTITUTIO,

2241 1996 2531 2055 Decernens
2574 2001 2820 2056 mulctam
2861 2003 3128 2056 aurarium
3153 2043 3168 2070 ,
3205 2003 3272 2055 ad
3303 2009 3443 2073 quam
3482 2003 3594 2073 ipsos
3623 2003 3723 2056 etiam

2246 2077 2261 2088 ’
2314 2092 2615 2148 Danatistas
2639 2109 2755 2147 cum
2783 2095 2982 2148 cwteris
3009 2095 3260 2150 licerelicis
3281 2097 3534 2166 pertinere,
3578 2092 3724 2148 Arcadii

2313 2198 2362 2242 et
2394 2186 2624 2244 Honorii
2650 2189 2900 2258 rescripto
2930 2200 3110 2259 postea
3146 2188 3443 2242 declaratum
3463 2188 3544 2259 fuit
3581 2187 3652 2259 (ex
3665 2185 3722 2237 lii.

2311 2295 2368 2334 tu
2392 2291 2570 2335 contra
2587 2278 2916 2335 Cresconium
2945 2322 2959 2345 ,
2991 2297 3046 2335 n.
3080 2282 3148 2337 51
3174 2298 3188 2347 ;
3220 2289 3266 2336 et
3293 2281 3566 2352 cpist.185,
3590 2298 3629 2333 η.
3650 2278 3723 2351 25).

2318 2387 2491 2461 Impp.
2522 2389 2860 2446 Tneooosws
2887 2402 2940 2448 et
2962 2393 3236 2450 ARCADIUS
3263 2395 3370 2448 AA.
3400 2392 3585 2447 Tatiano
3602 2389 3724 2446 PF.P.

2309 2501 2366 2556 In
2434 2501 2706 2558 haereticis
2757 2503 3032 2560 erroribus
3075 2520 3432 2578 quoscumque
3470 2505 3723 2567 constiterit,

2241 2595 2329 2651 vel
2361 2595 2640 2651 ordinasse
2661 2596 2888 2653 clericos
2907 2638 2922 2663 ,
2958 2598 3046 2654 vel
3075 2600 3375 2670 suscepisse
3407 2597 3599 2653 officium
3625 2595 3727 2651 cleri-

2240 2687 2474 2744 ricorum
2501 2729 2516 2755 ,
2555 2689 2712 2745 denis
2741 2690 2892 2746 libris
2921 2692 3040 2747 auri
3075 2694 3278 2748 viritim
3318 2691 3604 2748 mulctandos
3643 2702 3724 2744 esse

2241 2797 2548 2838 censemus.
2571 2783 2773 2840 Locum
2798 2799 2931 2842 sane
2953 2786 3006 2842 in
3029 2802 3140 2858 quo
3161 2787 3320 2843 vetita
3340 2796 3583 2852 tentantur,
3597 2783 3630 2838 si
3644 2797 3728 2838 con—

2244 2880 2480 2936 niventia
2497 2879 2703 2936 domini
2726 2881 2984 2949 patuerit,
3001 2881 3116 2938 fisci
3140 2884 3308 2938 nostri
3325 2881 3502 2937 viribus
3511 2877 3724 2951 aggregari.

2243 2973 2398 3040 Quod
2425 2973 2474 3030 si
2519 2975 2571 3029 id
2612 2988 2980 3044 possessorem
3004 2974 3246 3046 (quippe
3279 2973 3544 3030 clanculum
3563 2967 3726 3043 gestuin)

2246 3069 2524 3142 ignorasse
2572 3068 2909 3135 constiterit,
2968 3068 3354 3126 conductorem
3395 3070 3495 3138 ejus
3538 3063 3669 3128 fundi,
3700 3058 3729 3114 si

539 3177 661 3235 lica:
691 3180 1033 3235 sanctitatem
1065 3179 1151 3233 vir
1187 3175 1464 3233 memoriae
1496 3175 1818 3232 venerabilis
1859 3175 1928 3230 ab
1957 3183 2142 3232 errore
2169 3165 2215 3229 C
2247 3165 2509 3236 ingenuus
2529 3171 2641 3228 est.
2673 3163 2858 3218 decem
2907 3165 3024 3218 auri
3047 3162 3218 3220 libras
3263 3164 3388 3220 ﬁsco
3413 3170 3559 3218 n081f0
3592 3156 3730 3212 ίιιίεπε

539 3271 784 3344 perfidia:
829 3271 1074 3327 Donatus
1120 3278 1428 3336 assereret;
1458 3268 1513 3324 in
1544 3269 1662 3340 ejus
1700 3283 1898 3324 nomen
1929 3276 1985 3324 et
2027 3268 2144 3323 cul-

540 3373 688 3432 tum,
725 3364 909 3420 mundi
954 3379 1090 3435 pene
1132 3365 1300 3420 totius
1329 3363 1672 3418 observantia
1697 3362 1900 3418 nutrita
1920 3362 2140 3418 coaluit.

541 3455 654 3515 Sed
702 3470 824 3513 cum
883 3456 1002 3527 ejus
1052 3455 1330 3526 religionis
1380 3453 1702 3510 laudandum
1731 3454 2143 3526 mirandumque

542 3550 908 3621 propositum,
933 3549 1242 3604 Maximiani
1270 3547 1548 3618 cujusdam
1577 3561 1784 3602 venena
1812 3546 2140 3618 polluerent;

542 3641 842 3698 multorum
867 3649 1042 3696 cretus
1061 3640 1358 3694 antistitum
1385 3638 1440 3694 in
1465 3653 1628 3694 unum
1659 3638 1769 3694 Deo
1800 3638 2145 3709 conspirante

541 3733 822 3801 collectus,
856 3733 1130 3788 hominem
1157 3732 1243 3787 vel
1283 3732 1466 3804 potius
1506 3739 1743 3802 pestem,
1779 3746 1902 3802 quae
1951 3745 2146 3802 super-

541 3845 626 3887 na:
652 3828 928 3900 displicuit
968 3826 1271 3900 majestati,
1297 3827 1461 3883 etiam
1504 3841 1653 3897 pura:
1681 3826 1880 3881 mentis
1928 3825 2144 3896 propria

540 3923 869 3981 coercitione
898 3921 1196 3977 damnavit.

619 4035 638 4070 ι
671 4015 780 4071 Eos
804 4028 1056 4086 quoque,
1088 4025 1228 4083 quos
1257 4009 1448 4066 alienae
1501 4008 1944 4083 praesumptionis
1992 4022 2146 4065 error

537 4114 872 4172 attraxerat,
899 4112 1057 4177 portu
1107 4105 1291 4175 primo
1323 4104 1601 4174 proposito
1631 4101 1962 4172 paenitendi,
1985 4102 2030 4157 si
2059 4117 2146 4158 re-

539 4203 677 4259 verti
711 4210 978 4272 cuperent
1025 4199 1166 4256 intra
1210 4209 1425 4271 tempus
1453 4199 1521 4254 ad
1565 4198 1845 4270 religionis
1876 4196 2146 4252 tramitem

538 4294 932 4367 praestitutum,
974 4293 1086 4363 pari
1128 4292 1329 4364 vigoris
1369 4291 1743 4348 admonitione
1786 4291 2144 4362 compescuit.

541 4387 651 4446 Sed
681 4387 791 4444 suis
822 4386 1078 4442 institutis
1120 4386 1378 4457 iniquitas
1422 4384 1749 4454 delectatur,
1779 4393 1834 4441 et
1883 4385 2143 4457 semetip-

537 4493 654 4535 sam
708 4493 814 4534 non
846 4477 1085 4545 deserit,
1111 4493 1233 4533 cum
1273 4477 1443 4534 semel
1486 4475 1822 4548 praecipitata
1856 4477 2143 4533 corruerit.

536 4571 684 4629 Idem
711 4587 944 4644 namque
969 4571 1326 4628 Maximianus
1363 4580 1599 4642 coeptam
1631 4570 1800 4626 nutrit
1826 4569 2138 4638 audaciam,
2170 4553 2224 4617 Ῑ)

536 4677 595 4725 et
618 4667 754 4722 alios
779 4667 999 4723 sibimet
1026 4665 1305 4723 consociat
1324 4664 1390 4721 ad
1415 4663 1681 4720 furorem.

615 4778 635 4813 ι
675 4760 820 4816 Inter
853 4774 988 4830 quos
1016 4760 1179 4814 etiam
1209 4757 1511 4814 Felicianus
1556 4756 1774 4829 quidam
1795 4802 1810 4826 ,
1846 4758 1938 4830 qui
1967 4759 2140 4829 primo

535 4863 686 4910 recta
727 4860 1002 4918 sectatus,
1051 4849 1462 4920 depravationis
1517 4849 1677 4922 hujus
1727 4851 2141 4908 attaminatione

536 4943 774 5001 fuscatus
794 4987 810 5014 ,
839 4946 895 5001 in
925 4944 1214 5000 Mustitana
1248 4943 1455 5012 positus
1476 4943 1691 4999 civitate
1709 4986 1724 5008 ,
1757 4943 1871 5000 Deo
1896 4945 2143 5016 omnipo-

538 5037 674 5092 tenti
703 5038 940 5108 parietes
961 5047 1332 5102 consecratos,
1364 5047 1418 5090 et
1451 5037 1746 5093 Ecclesiam
1777 5039 2140 5096 venerandam

537 5132 692 5202 quasi
718 5130 951 5203 quadam
981 5131 1266 5187 obsidione
1293 5129 1525 5185 credidit
1563 5132 1922 5189 retinendam.

615 5243 636 5277 ι
665 5224 821 5281 Hunc
849 5223 1016 5278 etiam
1043 5221 1408 5278 Praetextatus
1438 5222 1491 5278 in
1521 5223 1856 5282 Assuritanis
1902 5227 2145 5296 partibus

536 5318 803 5376 imitatur.
837 5315 946 5373 Sed
976 5331 1100 5372 cum
1136 5299 1407 5386 aequitatis
1430 5323 1535 5371 tuae
1581 5317 1949 5375 innotesceret
1987 5330 2144 5390 pote-

451 5477 454 5480 ,
533 5412 662 5470 stati
689 5410 1027 5468 consortium
1082 5408 1460 5477 sacerdotum,
1511 5410 1754 5479 jussisti,
1785 5421 1841 5466 ut
1881 5422 2033 5483 gesta
2061 5421 2140 5468 te-

531 5516 769 5575 stantur,
793 5505 1020 5578 exploso
1043 5503 1196 5562 omni
1221 5502 1672 5559 contradictionis
1718 5503 1935 5572 effectu,
1963 5521 2144 5562 sacra-

531 5600 756 5657 tissimis
801 5598 1182 5656 sacerdmibus
1226 5613 1256 5653 a
1299 5595 1542 5669 profanis
1567 5597 1837 5654 mentibus
1869 5599 2140 5656 Ecclesias

530 5692 831 5750 vindicatas
863 5701 1118 5764 oportere
1155 5690 1365 5748 restitui
1400 5710 1416 5746 ι
1471 5690 1550 5764 (ι.
1606 5707 1664 5748 nt
1693 5701 1859 5748 contr.
1893 5689 2134 5750 Crescon.

533 5781 628 5842 56)
642 5826 654 5841 .

2245 3258 2619 3330 praecipimus;
2650 3257 2694 3313 si
2743 3256 2925 3313 servili
2958 3257 3088 3313 faece
3116 3258 3468 3324 descendens,
3505 3256 3729 3325 paupertate

2243 3353 2328 3410 sui
2355 3367 2569 3423 poenam
2598 3351 2779 3407 damni
2827 3367 2891 3408 ac
2919 3353 3132 3409 vilitate
3172 3353 3630 3418 contemnit,cesus
3665 3341 3725 3396 fu-

2243 3445 2419 3500 stibus
2439 3445 2818 3516 deportatione
2843 3437 3214 3502 damnabitur.
3234 3447 3366 3503 Tum
3388 3443 3500 3502 illud
3513 3437 3732 3512 specialiter

2243 3553 2652 3608 praecavemus,
2685 3548 2746 3593 ut
2791 3539 2838 3593 si
2864 3538 2991 3594 villa
3021 3539 3296 3596 dominica
3321 3539 3494 3604 fuerit,
3527 3549 3599 3591 seu
3613 3528 3734 3600 cujus-

2243 3632 2374 3689 libet
2405 3633 2603 3704 publici
2627 3633 2797 3704 juris,
2825 3643 2881 3690 et
2899 3633 3203 3692 conductor
3228 3645 3284 3693 et
3303 3642 3577 3709 procurator
3617 3630 3731 3683 licen-

2246 3725 2374 3782 tiam
2405 3726 2615 3782 dederit
2658 3727 2984 3800 colligendi,
3036 3730 3196 3786 denis
3229 3732 3374 3786 libris
3414 3729 3514 3785 auri
3542 3720 3733 3798 proposita

2244 3822 2696 3879 condemnatione
2750 3823 3098 3881 mulctentnr.
3150 3825 3348 3882 Verum
3384 3826 3425 3881 si
3470 3835 3580 3895 quos
3603 3815 3733 3873 talibus

2248 3926 2495 3988 repertos
2516 3916 2886 3974 obsecundare
2908 3920 3185 3990 mysteriis
3203 3963 3217 3987 ,
3249 3936 3314 3976 ac
3339 3920 3431 3976 sibi
3457 3926 3661 3988 usurpare
3677 3921 3737 3964 n0-

2246 4010 2394 4064 mina
2429 4009 2752 4066 clericorum
2796 4011 2907 4081 jam
2942 4027 3084 4068 nunc
3139 4013 3403 4082 proditum
3439 4010 3598 4071 fuerit,
3630 4003 3738 4059 denas

2248 4099 2410 4157 libras
2436 4103 2552 4158 auri
2581 4101 2723 4174 exigi
2761 4104 3002 4175 singulos
3031 4116 3084 4161 et
3105 4105 3311 4163 inferre
3340 4101 3643 4178 praecipimus.
3662 4095 3740 4150 Dato

2249 4209 2370 4250 xvn
2385 4192 2496 4251 kal.
2520 4194 3052 4268 Jul.Constantinop.
3083 4198 3290 4256 Arcad.
3321 4215 3378 4255 in
3393 4206 3445 4256 et
3465 4193 3623 4252 Ruﬁno
3639 4189 3740 4246 Cass.

2781 4311 2937 4370 Anno
2977 4313 3175 4373 DOIINI
3213 4315 3341 4374 398.

2828 4511 2971 4566 LEX
3008 4418 3292 4569 IIIiNOBII

2535 4618 2805 4661 ADVERSUS
2834 4620 3138 4662 IRRUBNTES
3171 4623 3226 4662 IN
3266 4618 3546 4664 ECCLESIAS-

2321 4717 2431 4793 (Ex
2469 4718 2597 4775 Cod.
2634 4719 2830 4776 Thcod.
2862 4719 2977 4774 Lib.
3003 4737 3113 4789 xvr,
3149 4722 3257 4778 Tit.
3295 4739 3354 4790 ll,
3379 4721 3444 4778 de
3463 4711 3702 4790 Ερίεεορὶεε

2660 4811 2906 4867 ecclesiis
2934 4820 2990 4867 et
3009 4811 3251 4881 clericis,
3277 4813 3313 4867 t.
3338 4810 3448 4883 5i.)

2246 4923 2419 4996 Impp.
2469 4924 2675 4980 ARCAD.
2717 4933 2774 4980 et
2833 4923 3107 4980 Houonws
3145 4922 3266 4980 AA.
3310 4921 3569 4979 Theodoro
3601 4911 3676 4969 PF.
3707 4907 3746 4960 Ρ·

2318 5040 2371 5096 Si
2402 5039 2525 5112 quis
2569 5038 2623 5095 in
2673 5039 2778 5094 hoc
2825 5054 2997 5112 genus
3036 5039 3311 5112 sacrilegii
3335 5021 3744 5111 proruperimllin

2213 5133 2506 5190 ecclesias
2545 5131 2840 5188 catholicas
2895 5133 3144 5200 irruens,
3177 5129 3540 5189 sacerdotibus
3583 5131 3628 5178 et
3645 5112 3748 5212 miui-
3833 5209 3836 5212 ἢ

2243 5227 2406 5294 stris,
2441 5226 2528 5282 vel
2575 5227 2675 5298 ipsi
2729 5226 2897 5282 cultui
2947 5226 3176 5298 locoque
3224 5225 3421 5299 aliquid
3475 5209 3748 5291 importetin-

2242 5319 2403 5391 iuriae
2423 5361 2439 5386 ,
2469 5319 2612 5392 quod
2643 5320 2872 5392 geritur,
2905 5320 3100 5376 litteris
3122 5319 3372 5377 ordinum
3391 5363 3406 5388 ,
3433 5312 3747 5386 magistratuum

2251 5422 2305 5468 et
2325 5424 2637 5469 curatorum
2661 5454 2677 5481 ,
2715 5421 2771 5469 et
2800 5414 3030 5470 notoriis
3054 5414 3420 5486 apparitorum
3441 5452 3456 5478 ,
3481 5421 3595 5482 quos
3616 5395 3749 5458 Statii?

2248 5509 2433 5563 narios
2455 5507 2771 5579 appellant,
2804 5507 3082 5565 deferatur
3121 5511 3171 5566 in
3201 5511 3443 5566 notitiam
3467 5504 3746 5578 potestatum.

2247 5602 2322 5659 ita
2353 5611 2411 5659 ut
2440 5602 2701 5660 vocabula
2723 5617 2914 5659 eorum
2941 5604 3036 5676 qui
3084 5604 3303 5676 agnosci
3331 5601 3599 5675 potuerint,
3624 5583 3747 5646 ded"

2245 5705 2438 5753 rentur
2466 5713 2480 5749 :
2504 5705 2560 5753 et
2582 5740 2597 5762 ,
2621 5697 2667 5752 si
2695 5711 2792 5767 per
2812 5697 3212 5754 multitudinem
3237 5695 3563 5754 commissum
3584 5685 3744 5777 dicetur.

2247 5788 2296 5845 si
2335 5804 2440 5845 non
2482 5803 2670 5846 omnes
2693 5828 2707 5856 ,
2742 5798 2970 5860 possunt
3016 5799 3191 5849 tamen
3251 5785 3496 5863 aliquanti
3530 5783 3745 5852 αοσιιοκιν
