3972 6328
195 321 335 378 H95

1042 325 1135 383 AD
1172 324 1718 414 DONATlSTARUM
1760 330 2134 390 lllSTOlllAM
2176 333 2662 392 PERTINENTIA.

3353 353 3494 413 1194

188 455 424 535 quorum
472 440 815 501 confessione
857 445 1130 504 sociorum
1161 451 1382 508 nomina
1425 450 1786 522 publicentur.
1817 459 1867 518 Α
1897 454 2100 511 minum
2126 471 2230 512 non
2258 458 2506 514 evadant.
2539 459 2658 514 Dat.
2687 472 2759 514 vn
2789 458 2898 515 kal.
2940 459 3095 534 Maii,
3132 465 3270 526 Mcd.
3303 472 3490 535 Hono-

187 532 370 607 Atque
401 535 473 592 ita
499 537 792 606 provinciae
821 539 1154 610 moderator,
1197 543 1573 610 sacerdotum,
1604 555 1659 601 et
1686 560 1790 606 ca-

186 625 411 685 tholica:
435 627 694 686 Ecclesiae
723 631 1119 702 ministrorum,
1149 634 1254 690 loci
1280 651 1493 708 quoque
1513 637 1705 709 ipsius,
1735 649 1792 696 et

186 719 359 778 divini
417 723 598 779 cultus
637 723 924 797 injuriam,
964 727 1186 799 capitali
1232 729 1287 786 in
1339 730 1647 799 convictos,
1676 731 1791 789 sive

186 815 504 886 confessos,
536 833 662 876 reos
689 821 960 877 sententiti
985 823 1198 879 noverit
1220 822 1627 882 vindicandum.
1680 825 1792 882 Nec

184 922 469 984 exspectet
489 922 548 970 ut
571 914 859 988 episcopus
889 917 1099 988 injuria:
1143 918 1377 991 propriae
1401 919 1662 977 ultionem
1691 919 1792 977 de-

181 1017 411 1081 poscat,
442 1009 534 1066 cui
565 1011 828 1067 sanctitas
859 1011 1175 1083 ignoscendi
1200 1014 1302 1070 soli
1334 1014 1566 1086 gloriam
1591 1015 1793 1072 dereli-

182 1104 324 1174 quit.
358 1103 549 1174 Sitque
568 1105 782 1163 cunctis
808 1119 916 1161 non
962 1107 1138 1162 solum
1167 1106 1397 1164 liberum
1419 1149 1434 1175 ,
1465 1107 1561 1164 sed
1590 1116 1646 1165 et
1669 1108 1792 1166 lau-

184 1195 400 1265 dabile,
449 1197 620 1254 factas
663 1206 881 1255 atroces
932 1199 1344 1269 sacerdotibus,
1402 1210 1494 1256 aut
1522 1202 1794 1258 ministris

183 1292 414 1365 injurias
435 1336 450 1361 ,
499 1295 663 1352 veluti
697 1295 971 1366 publicum
1024 1294 1230 1353 crimen
1257 1339 1270 1363 ,
1298 1298 1584 1370 persequi,
1611 1313 1675 1355 ac
1724 1298 1793 1354 de

185 1387 392 1445 talibus
417 1388 528 1446 reis
547 1389 810 1459 ultionem
841 1390 1062 1447 mereri.
1095 1390 1252 1460 Quod
1283 1391 1328 1447 si
1359 1391 1649 1448 multitudo
1677 1391 1794 1446 vin-

185 1481 334 1540 lenta
364 1480 544 1540 civilis
579 1483 934 1555 apparitionis
963 1485 1313 1542 exsecutione
1334 1527 1349 1553 ,
1382 1493 1438 1541 et
1463 1484 1793 1541 adminiculo

183 1575 438 1632 ordinum
495 1590 942 1648 possessorumve
997 1593 1105 1635 non
1151 1579 1390 1650 potuerit
1433 1580 1788 1652 praesentari,

184 1668 334 1742 quod
359 1684 420 1727 se
451 1670 654 1740 armis,
704 1681 798 1728 aut
827 1671 1070 1729 locorum
1100 1673 1419 1731 difﬁcultate
1450 1683 1684 1744 tueatur,
1706 1676 1794 1746 ju-

184 1761 342 1820 dices
367 1762 608 1820 Africani
638 1773 862 1822 armata:
887 1766 1244 1838 apparitionis
1275 1768 1618 1839 praesidium,
1650 1769 1792 1826 datis

1891 548 1974 605 rio
2002 547 2071 606 lll
2099 560 2153 607 et
2182 549 2513 624 Eutychiano
2535 551 2690 610 Coss.

2430 673 2583 730 ANNO
2621 674 2816 733 Donum
2853 678 2980 738 400.

2397 881 2538 939 Lex
2576 791 2861 943 nobbuu
2904 888 2982 962 (ι)

1895 989 1963 1030 νε
1987 988 2280 1033 κεεοκιρτο
2305 991 2444 1043 QUOD
2462 993 2774 1037 DONA'I'ISTE
2791 999 2824 1038 Δ
2848 999 3068 1042 ιυιιΑΝο
3091 1001 3492 1053 ΙΙΙΡΕΤΒΔΒΛΝΤ.

1896 1091 2007 1165 (Ea:
2032 1092 2161 1148 Cod.
2190 1091 2384 1149 Theod.
2411 1094 2604 1164 L.xv1,
2637 1096 2740 1152 Tit.
2770 1115 2822 1166 v,
2850 1099 2929 1156 De
2955 1101 3259 1177 litercticis,
3287 1110 3350 1166 L.
3377 1113 3494 1185 37.)

1949 1206 2122 1278 Impp.
2152 1207 2360 1264 Ancan.
2393 1221 2448 1265 et
2478 1209 2754 1268 Hononws
2782 1211 2898 1268 AA.
2933 1214 3204 1277 Hadriano
3235 1222 3342 1280 PF.
3373 1226 3432 1281 P.

1967 1296 2308 1372 Rcscriptum
2333 1343 2346 1367 ,
2377 1301 2520 1372 quod
2551 1302 2844 1360 Donattsm
2873 1321 2902 1360 a
2928 1307 3147 1367 Juliano
3181 1322 3308 1372 tunc
3334 1317 3492 1374 Prin-

1895 1391 2016 1463 cipe
2067 1392 2390 1464 impetrasse
2446 1397 2721 1466 dicuntur,
2772 1403 3056 1472 proposito
3104 1422 3498 1480 programmate

1895 1485 2268 1542 celeberrimis
2313 1487 2366 1543 in
2414 1488 2549 1546 locis
2592 1493 2841 1550 volumus
2886 1497 3178 1570 anteferri,
3217 1513 3274 1560 et
3312 1516 3496 1576 gesta,

1895 1581 2088 1652 quibus
2117 1591 2201 1637 est
2229 1581 2606 1652 hujuscemodi
2637 1587 2888 1659 allegatio
2921 1590 3157 1662 inserta,
3208 1601 3494 1660 subnecti:

1897 1689 2004 1746 quo
2049 1674 2303 1730 omnibus
2349 1676 2690 1745 innotescat,
2733 1688 2788 1734 et
2827 1682 3113 1741 catholica:
3156 1691 3500 1750 conﬁdentiae

1895 1768 2134 1824 stabilita
2180 1771 2486 1826 constantia
2535 1780 2590 1827 et
2621 1771 3022 1832 Donatistarum
3071 1779 3382 1852 desperatio
3412 1786 3499 1844 fu-

183 1855 255 1912 ad
277 1855 453 1913 virum
477 1857 827 1930 spectabilem
865 1861 1118 1917 comitem
1160 1860 1360 1918 Africae
1389 1862 1616 1930 litteris,
1645 1879 1786 1934 prac-
1818 1875 1866 1936 Β
1893 1870 2014 1918 cata
2056 1861 2300 1934 perﬁdia.
2336 1862 2455 1918 Dat.
2487 1879 2520 1919 v
2566 1862 2674 1920 kal.
2706 1865 2888 1933 Mart.,
2948 1868 3082 1925 Rav.
3116 1871 3414 1936 Stilichone
3444 1889 3502 1937 et

185 1953 298 2012 lato
325 1953 460 2028 legis
491 1955 649 2014 istius
673 1963 893 2026 tenore,
917 1956 1246 2030 deposcant,
1277 1967 1336 2015 ut
1362 1959 1440 2015 rei
1465 1959 1651 2015 taliqu
1681 1960 1789 2016 cri-

1901 1956 2196 2014 Aureliano
2233 1957 2388 2015 Coss.

1575 2094 2130 2156 ANNOTATIONES.

259 2235 427 2312 209
450 2235 530 2312 (1)
548 2237 771 2295 Honorii
801 2239 1141 2310 imperatoris
1170 2240 1586 2296 constitutiones
1622 2239 1790 2296 ferme

187 2321 669 2384 nunc_sequunturi
691 2328 706 2366 :
730 2327 1016 2382 namquam
1045 2321 1100 2368 et
1128 2312 1212 2367 lea:
1241 2314 1310 2370 55
1347 2329 1494 2384 supr.
1547 2312 1788 2383 ejusdem

191 2381 640 2454 fuit.Sequuntur
660 2381 1058 2454 inquam,num.
1091 2385 1182 2448 17,
1207 2381 1463 2454 putahaec
1494 2381 1787 2453 lex,etleg.

189 2454 283 2520 38,
313 2454 406 2522 59,
435 2453 524 2520 40,
555 2453 648 2520 41,
679 2453 767 2520 42,
809 2455 901 2522 45,
932 2456 1025 2520 ﬂ,
1055 2456 1148 2520 45,
1177 2454 1268 2522 46,
1312 2454 1404 2520 47,
1437 2453 1526 2522 51,
1559 2455 1650 2522 52,
1697 2456 1789 2519 55,

190 2525 286 2591 54,
311 2527 404 2593 55,
432 2525 521 2582 56.
549 2527 616 2581 Et
640 2526 855 2597 quidem
881 2568 908 2597 ,ί
929 2525 1072 2597 quod
1099 2528 1492 2583 observandum
1513 2567 1529 2594 ,
1578 2526 1793 2597 potissi-

188 2613 335 2654 mam
368 2607 572 2666 partem
596 2596 857 2653 adversus
883 2596 1181 2654 DOnatistas
1202 2640 1217 2663 ,
1241 2599 1474 2655 emissa:
1503 2596 1792 2668 de’quibus

190 2669 313 2724 haec
339 2685 552 2740 quoque
585 2670 667 2724 lex
693 2680 776 2726 est
799 2688 812 2726 :
845 2669 922 2726 sic
951 2680 1008 2724 ut
1035 2671 1283 2726 undecim
1311 2671 1363 2725 in
1387 2671 1699 2726 universum
1722 2671 1792 2726 de

191 2740 492 2796 Donatistis
522 2740 746 2796 Honorii
775 2743 1232 2798 constititutiones
1260 2745 1359 2798 hoc
1390 2741 1544 2797 titulo
1588 2741 1792 2812 liquido

191 2828 482 2868 numerare
521 2812 718 2878 liceat,
751 2829 816 2868 ex
843 2813 1040 2883 quibus
1092 2813 1353 2870 discimus
1400 2829 1520 2884 quae
1568 2813 1791 2870 Honorii

193 2885 564 2956 mensaquod
640 2885 822 2940 odium
882 2886 933 2940 in
989 2885 1294 2940 Donatistas
1348 2883 1528 2941 fuerit.
1588 2883 1793 2956 Nempe

192 2955 311 3028 haec
367 2955 459 3011 illa
513 2956 733 3028 Honorii
775 2965 1018 3028 tempora
1074 2968 1231 3022 sunt,
1289 2972 1386 3027 per
1438 2972 1565 3028 qua;
1618 2955 1794 3012 Dona-

190 3027 339 3084 tistze
389 3027 732 3098 potissimum
761 3027 1098 3084 desteviere:
1150 3037 1207 3085 et
1247 3028 1486 3099 quidem,
1539 3027 1790 3084 Circum-

189 3099 457 3156 celliones
476 3101 530 3155 in
551 3099 727 3155 Africa
755 3139 772 3166 ,
795 3115 916 3170 quae
935 3101 1332 3155 Donatistarum
1357 3100 1625 3157 nutricula
1647 3110 1788 3156 erat.

189 3170 375 3242 Atque
401 3182 459 3226 ut
485 3172 728 3226 omittam
749 3186 870 3242 qua:
895 3172 996 3226 sub
1024 3171 1214 3227 eodem
1245 3171 1484 3227 Honorio
1515 3172 1684 3227 moliti
1715 3173 1792 3228 illi

189 3254 348 3312 sunt,
395 3244 508 3313 jam
539 3244 666 3298 inde
685 3243 753 3298 ab
782 3243 990 3312 imperii
1044 3242 1212 3313 ipsius
1242 3243 1395 3298 initio
1417 3286 1431 3307 ,
1463 3252 1626 3312 atque
1655 3243 1791 3300 adeo

189 3323 318 3442 andte
349 3316 488 3371 hanc
517 3315 690 3386 legem
715 3355 730 3381 ,
757 3313 827 3370 de
848 3313 1008 3385 hujus
1032 3314 1193 3370 modo
1215 3315 1348 3386 legis
1363 3315 1631 3371 sententia
1654 3331 1795 3370 nunc

189 3402 242 3442 vi
285 3403 494 3442 eamus.

188 3402 346 3443 V1083
355 3403 494 3444 mus.

263 3458 564 3516 Donatistis
586 3458 748 3530 igitur
781 3473 880 3529 per
910 3457 1150 3513 omnium
1181 3472 1276 3514 ora
1300 3456 1673 3526 traducendis,
1700 3457 1795 3515 de-

189 3539 533 3602 sperataque
558 3541 612 3586 et
664 3535 855 3586 fucatae
890 3544 1075 3585 eorum
1124 3531 1362 3598 perﬁdia:
1415 3531 1792 3598 publicanum:

188 3613 383 3660 contra
404 3645 419 3670 ,
449 3603 854 3658 Catholicorum
887 3602 1230 3657 conﬁdentiae
1268 3611 1320 3657 et
1349 3602 1598 3657 stabilita:
1628 3617 1792 3657 cons-

191 3677 382 3731 tentia:
403 3673 693 3731 eﬂ‘erenda:
721 3714 737 3738 ,
779 3674 1050 3730 Honorius
1073 3676 1202 3745 imp.
1232 3673 1332 3729 hac
1352 3674 1738 3745 constitutione
1776 3715 1791 3740 ,

188 3763 313 3820 quae
337 3747 461 3802 data
490 3757 576 3820 est
616 3745 912 3820 δυτψ-400,
937 3744 1279 3820 Rescriptum
1323 3744 1467 3814 quod
1499 3760 1528 3799 a
1577 3744 1794 3801 Juliano

189 3815 452 3890 Apostata
478 3817 639 3891 (ante
663 3817 734 3874 40
752 3817 920 3872 ferme
947 3815 1156 3891 annos)
1183 3818 1601 3891 impetraverant
1625 3857 1640 3881 ,
1660 3833 1796 3891 pro-

189 3887 375 3962 posito
400 3887 801 3962 programmate
824 3929 840 3956 ,
873 3887 1247 3962 celeberrimis
1269 3890 1320 3942 in
1351 3888 1628 3962 civitatum
1658 3887 1792 3962 locis

188 3958 474 4033 anteferri,
502 3958 556 4018 id
584 3971 670 4017 est
696 3961 925 4033 proponi
947 3961 1026 4033 ab,
1062 3958 1332 4015 Hadriano
1365 3959 1491 4033 PP.,
1535 3959 1695 4014 simul
1738 3971 1793 4016 et
1821 4003 1828 4007 .

192 4031 380 4099 Gesta,
416 4034 610 4104 quibus
633 4031 789 4102 hujus
819 4031 1069 4104 allegatio
1094 4074 1109 4097 .
1134 4048 1230 4088 seu
1263 4032 1582 4104 rescriptum
1615 4034 1790 4104 inser-

189 4116 307 4161 tum
334 4103 541 4173 fuerat,
561 4103 999 4174 subnectijubet.
1018 4103 1147 4158 Haec
1172 4114 1358 4172 aperta
1387 4103 1610 4173 hujusce
1641 4103 1678 4157 l.
1709 4115 1794 4159 est

186 4176 461 4234 sententia
482 4217 497 4243 ,
527 4191 648 4248 quae
671 4175 871 4230 nullam
895 4176 1039 4248 juris
1061 4175 1497 4248 constitutionem
1526 4177 1787 4241 continet,

183 4249 286 4306 sed
317 4244 718 4303 Donatistarum
747 4244 951 4302 tantum
975 4246 1156 4302 odium
1183 4244 1416 4317 praefert.
1442 4245 1572 4313 Quae
1595 4255 1651 4300 ut
1678 4262 1792 4302 me-

187 4321 299 4378 lius
325 4320 688 4391 intelligatur,
739 4319 808 4375 de
825 4318 1011 4391 tribus
1038 4317 1442 4391 videndum‘est
1470 4334 1484 4370 :
1514 4318 1787 4391 quodnam

185 4392 325 4450 illud
366 4392 438 4446 sit
460 4387 783 4460 REscriptum
810 4390 1008 4447 Juliani
1031 4433 1046 4456 ,
1073 4390 1232 4446 simul
1257 4399 1311 4445 et
1333 4387 1488 4460 Gesta
1512 4387 1600 4460 illa
1625 4405 1790 4460 ;7qu:e

183 4465 414 4521 tandem
438 4459 652 4518 occasio
681 4463 842 4518 fuerit
867 4462 1088 4532 hujusce
1111 4461 1245 4532 legis
1274 4459 1603 4516 sanciendae.
1634 4459 1787 4528 Quod

181 4536 429 4611 primum
445 4535 668 4611 attinet,
717 4533 908 4611 ressic
935 4548 996 4590 se
1025 4533 1216 4611 habet:

261 4607 560 4662 Donatistae
598 4617 722 4661 ante
747 4605 1018 4660 lulianum
1070 4606 1198 4675 imp.
1244 4619 1274 4660 a
1307 4603 1602 4660 Constante
1654 4602 1784 4674 imp.

1894 2238 1967 2324 ita
1981 2238 2509 2324 Chrysostomus'lib.
2535 2255 2551 2295 ι
2575 2249 2754 2296 contra
2769 2241 2973 2324 Gentes,
2997 2253 3049 2301 et
3077 2246 3303 2324 optatus
3329 2252 3419 2316 lib.
3444 2260 3500 2324 it,

1896 2311 2314 2398 etAAqgustinus
2345 2311 2397 2366 d.
2435 2312 2525 2395 lib.
2555 2325 2817 2398 t'contra”
2844 2311 3246 2398 Pannonianth
3269 2335 3315 2378 et
3354 2311 3504 2398 epist:

1895 2383 2150 2471 i667,_hac
2171 2383 2310 2471 iure
2331 2385 2650 2471 nominatim
2681 2387 2864 2471 tradit.
2884 2388 3236 2471 Porrqhujus
3259 2383 3505 2471 rescripti

1895 2455 2140 2536 quedam
2173 2455 2559 2536 inter-caetera
2586 2457 2954 2536 etnadlocum
2979 2455 3505 2536 refert'Augustin'us

1896 2525 1988 2580 lib.
2024 2541 2062 2580 tt
2089 2536 2267 2580 contra
2294 2526 2490 2581 litteras
2515 2526 2763 2581 Petiliani
2790 2547 2834 2584 c.
2869 2530 2938 2586 97
2967 2549 2978 2584 :
3017 2533 3172 2597 Quod
3216 2525 3464 2596 Julianus

1897 2597 2111 2677 inquit,
2141 2599 2409 2677 constituit
2432 2598 2608 2677 dicens
2641 2618 2659 2677 ς
2692 2599 2807 2653 Ηοε
2851 2585 3508 2677 quoquesupplicanlibit;

1898 2669 2192 2752 Rogatiaito
2213 2710 2228 2736 ,
2254 2667 2448 2752 Pontio
2466 2712 2480 2735 ,
2505 2668 2763 2752 Cassiano.
2785 2682 2834 2726 et
2854 2667 3052 2752 caeteris
3079 2667 3328 2752 episcopis
3351 2724 3364 2745 ,
3415 2667 3505 2740 sed

1896 2749 1947 2797 et
1977 2740 2177 2796 clericis
2205 2740 2475 2821 ,_accedit‘
2499 2743 2566 2796 ad
2591 2744 2850 2796 cumulum
2869 2787 2882 2809 ,
2917 2755 2973 2798 ut
2999 2740 3208 2803 abolitis
3250 2740 3368 2821 'qua}
3411 2757 3508 2810 ad-

1897 2829 2073 2868 versus
2086 2829 2173 2867 eos
2192 2813 2301 2866 sine
2317 2813 2566 2881 rescripto
2580 2829 2847 2939 pergeram
2869 2828 3010 2887 gesta
3027 2832 3144 2874 sunt
3165 2822 3216 2874 in
3239 2813 3505 2895 antiquum

1897 2894 2089 2939 statum
2111 2893 2294 2938 cuncta
2315 2895 2634 2939 revocentur.
2712 2895 2727 2939 t
2751 2886 2867 2939 haec
2911 2887 2980 2939 de
3003 2893 3268 2939 rescrintn
3305 2895 3502 2939 111Ιίαηί

1896 2894 2089 2960 statum
2111 2893 2294 2960 cuncta
2315 2895 2634 2960 revocentur.
2665 2886 2727 2960 Et
2751 2886 2884 2960 lucc
2911 2887 2980 2942 de
3003 2893 3268 2960 rescripto
3305 2886 3503 2956 Juliani

1896 2957 1965 3011 ad
2006 2970 2201 3028 preces
2233 2957 2657 3011 Donatistarum.
2692 2957 2845 3025 Quod
2874 2960 3093 3028 quidem
3141 2957 3197 3017 ut
3225 2965 3275 3019 id
3326 2969 3507 3026 obiter

1897 3043 2188 3110 moneam)
2243 3043 2272 3110 a_
2317 3028 2530 3082 Juliano
2587 3028 2771 3110 Sirmii
2819 3029 3002 3110 datum
3049 3049 3154 3088 non
3210 3037 3504 3110 fuit,quod

1899 3099 2199 3182 prob‘athvir
2235 3099 2432 3182 doctus
2459 3141 2473 3164 ,
2525 3100 2706 3182 unita
2749 3100 2852 3156 huc
2905 3103 3080 3182 trahat
3130 3099 3451 3182 rescriptum
3487 3158 3502 3182 ,

1899 3171 2043 3255 quod
2084 3170 2267 3255 Sirmii
2291 3170 2484 3255 datum
2507 3171 2706 3254 dicitur
2733 3182 2786 3225 et
2816 3173 3124 3255 antiquetur
3150 3220 3164 3243 ,
3216 3179 3254 3234 ι.
3287 3170 3321 3236 v
3355 3170 3504 3255 supr:

1900 3243 2086 3313 Neque
2112 3244 2256 3318 enim
2282 3242 2528 3298 Julianus
2558 3243 2812 3316 princeps
2865 3242 2962 3301 seu
3000 3242 3298 3318 imperator
3323 3242 3504 3313 Sirmii

1901 3330 2152 3384 umquam
2179 3315 2294 3368 fuit.
2754 3315 2761 3316 ί
2898 3318 2900 3322 '

1971 3387 2110 3454 Quid
2139 3384 2292 3466 Gesta
2318 3385 2407 3441 hic
2437 3387 2577 3466 sint,
2617 3387 2814 3466 quibus
2851 3388 3221 3466 hujuscemodi
3251 3396 3506 3466 allegatio

1897 3457 2100 3541 inserta
2121 3458 2470 3541 ,‘vjdeamus.
2497 3459 2640 3541 Sane
2661 3459 2904 3541 bifariam
2924 3457 2979 3541 id
3002 3464 3169 3541 accipi
3196 3457 3506 3541 posse"quis

1899 3529 2092 3601 putet?
2121 3529 2360 3584 Primum
2393 3545 2487 3599 per
2526 3539 2673 3598 gesta
2708 3530 2793 3584 hic
2849 3529 3158 3602 accipienda
3196 3529 3508 3598 'videantur

1897 3610 2016 3682 acta
2049 3619 2076 3655 a
2109 3603 2366 3682 Legatis,
2397 3616 2492 3655 seu
2522 3601 2874 3682 allegationes
2924 3601 3326 3682 Donatistarum
3363 3616 3503 3682 apud

1895 3673 2165 3751 .lulianum
2191 3715 2206 3738 ,
2250 3671 2744 3751 etsicsupplicatjo
2769 3688 2862 3730 seu
2888 3690 3076 3751 preces
3117 3680 3278 3749 ipszc,
3308 3671 3506 3751 quibus

1897 3746 1950 3820 i_n
1983 3746 2183 3815 scripta
2224 3744 2497 3820 redactis,
2530 3745 2857 3820 rescriptum
2909 3744 3164 3820 deinceps
3215 3744 3500 3812 insertum.

1895 3816 2203 3891 Quo_sensu
2226 3818 2330 3891 hoc
2359 3815 2545 3870 codice
2574 3830 2679 3891 non
2711 3833 2811 3891 una
2845 3818 2933 3872 lex
2980 3835 3044 3875 ex
3071 3815 3222 3891 parte
3244 3827 3500 3884 Actorum

1894 3888 2037 3967 apud
2066 3888 2404 3967 principem,
2459 3902 2554 3942 seu
2586 3887 2989 3967 inconsistnrio
3028 3887 3158 3967 ejus
3172 3895 3461 3954 exhibetur
3487 3943 3502 3967 ,

1895 3961 1964 4016 de
1988 3976 2094 4033 quo
2122 3959 2244 4016 vide
2270 3959 2572 4033 Prolegom.
2604 3959 2866 4033 _Secundo
2891 3959 3190 4033 putct'quis
3220 3967 3304 4023 hic
3360 3959 3503 4028 acci;

1895 4029 2089 4103 piendn
2116 4041 2265 4103 gesta
2285 4029 2525 4103 iudicum
2547 4029 2778 4086 Africae:
2811 4029 2906 4086 ubi
2921 4047 3053 4090 sane
3079 4029 3369 4094 Donatista:
3393 4059 3496 4100 una

1895 4102 2018 4160 cum
2070 4102 2386 4172 reScriptoa
2427 4102 2639 4175 Juliano
2695 4103 3013 4174 impetrato,
3049 4123 3234 4175 preces
3283 4111 3500 4171 Juliano

1893 4177 2122 4242 oblatas,
2148 4175 2482 4244 allegarunt,
2511 4173 2872 4230 insinuarunt.
2897 4173 3123 4247 Optatus
3145 4181 3233 4235 lib.
3260 4183 3500 4242 tn:Benc

1894 4249 2031 4323 nosti
2055 4247 2192 4315 quod
2219 4247 2298 4301 vel
2320 4264 2352 4300 a
2377 4263 2478 4317 quo
2503 4248 2802 4323 petiverint,
2832 4260 2878 4302 et
2896 4265 3048 4318 quam
3078 4256 3372 4323 rogaverint
3393 4299 3407 4321 ,
3441 4270 3498 4312 ut

1892 4320 2119 4374 redirent
2163 4327 2402 4398 ettecum
2441 4322 2610 4372 venire
2653 4322 2957 4398 potuissent,
2988 4331 3036 4375 et
3066 4320 3158 4377 nos
3183 4320 3459 4384 didicimus
3479 4373 3496 4398 ,

1894 4408 2010 4468 cum
2053 4389 2258 4468 easdem
2306 4405 2479 4468 preces
2505 4431 2519 4453 ,
2566 4407 2696 4468 quas
2748 4391 3170 4468 dederunt_apud
3220 4389 3499 4468 Africanos

1892 4463 2093 4532 iudices
2113 4461 2436 4534 allegarent;
2460 4461 2516 4534 i_n
2545 4462 2727 4534 quibus
2755 4463 2898 4527 infra
2920 4461 3170 4534 scriptum
3189 4461 3308 4524 est':
3338 4469 3496 4528 Data:

1892 4530 1956 4588 ab
1977 4530 2234 4605 episcapis
2265 4533 2429 4602 partis
2460 4530 2675 4605 Donati.
2725 4530 3056 4602 Augustinus
3088 4539 3291 4605 pariter
3332 4543 3421 4597 lib.
3478 4563 3494 4600 ι

1892 4603 2070 4660 contra
2093 4603 2495 4658 Parmenianum
2519 4603 2572 4655 d.
2599 4619 2716 4671 cap.
2749 4605 2780 4658 7
2809 4647 2822 4666 .
2842 4606 2896 4659 in
2918 4606 3044 4674 fin.:
3069 4603 3286 4665 Juliano
3312 4611 3490 4669 Dona-

183 4679 476 4756 repressi,
503 4677 672 4747 pulsis
697 4693 883 4756 eorum
909 4674 1173 4756 ducibus,
1199 4675 1561 4756 principibus,
1609 4683 1664 4729 et
1679 4675 1787 4756 ba-
1805 4688 1868 4750 ι)
1894 4679 2026 4756 tistae
2045 4717 2060 4743 ,
2113 4677 2244 4730 sicut
2277 4674 2520 4756 jud‘icum
2555 4684 2698 4744 gesta
2727 4684 3009 4756 testantur,
3034 4681 3215 4756 quibus
3252 4684 3308 4737 hi
3354 4687 3493 4756 quod

183 4746 363 4810 silicis
400 4746 512 4806 eis
542 4749 744 4820 ereptis
775 4792 790 4818 ,
836 4749 1052 4805 Juliano
1097 4746 1355 4819 Apostata
1382 4747 1450 4820 ad
1500 4746 1786 4820 imperium

187 4833 412 4888 evecto,
442 4818 763 4893 legationem
795 4837 891 4878 seu
921 4818 1157 4894 legatos,
1195 4831 1250 4877 et
1285 4820 1358 4894 in
1398 4818 1480 4874 his
1501 4819 1787 4894 Pontium,

185 4897 260 4953 ad
295 4909 422 4950 eum
468 4891 805 4949 destinarunt
829 4935 842 4958 .
895 4891 1108 4948 restitui
1164 4909 1224 4948 se
1252 4892 1462 4961 sibique
1499 4891 1748 4947 basilicas
1774 4933 1791 4958 ,

185 4985 218 5025 a
241 4966 548 5023 Constante
569 4975 785 5035 ereptas
811 4965 964 5021 reddi
989 5006 1003 5030 ,
1038 4964 1286 5034 precibus
1339 4963 1602 5033 petituros
1627 4979 1640 5016 :
1697 4965 1788 5035 qui

183 5041 384 5109 utique
409 5037 735 5092 adulationis
761 5037 1059 5109 plenissimi
1109 5035 1390 5109 lulianum
1439 5036 1611 5109 adorti
1639 5076 1674 5109 ,Α
1710 5036 1793 5090 di-

183 5105 428 5181 centes;
465 5109 617 5177 Quod
645 5105 786 5180 apud
813 5126 927 5165 eum
951 5108 1114 5181 solum
1133 5108 1343 5181 justitia
1374 5106 1542 5181 locum
1587 5105 1792 5181 [iuberet

185 5185 359 5312 fqua
388 5180 476 5236 hic
504 5177 687 5252 fucata
709 5181 930 5251 perﬁdia
959 5177 1157 5235 dicitur
1179 5181 1219 5252 ).
1271 5178 1325 5234 ld
1353 5177 1494 5248 quod
1517 5194 1546 5234 a
1575 5177 1791 5234 Juliano

210 5255 354 5311 acile
408 5253 764 5312 impetravere
790 5294 807 5312 .
859 5269 925 5308 eo
953 5253 1246 5312 trescripto
1265 5293 1280 5312 ,
1327 5249 1481 5312 cujus
1532 5249 1630 5304 hac
1682 5251 1791 5312 lege

210 5249 354 5311 'acile
408 5249 809 5322 impetravere,
859 5269 925 5308 eo
953 5249 1280 5320 trescripto,
1327 5249 1481 5321 cujus
1532 5249 1630 5304 hac
1682 5251 1791 5320 lege

187 5324 405 5382 mentio
429 5321 505 5378 ﬁt.
533 5321 699 5394 Cujus
723 5333 832 5379 tum
859 5322 1023 5380 libelli
1047 5365 1061 5389 ,
1088 5333 1196 5377 tum
1223 5322 1469 5391 rescripti
1496 5322 1792 5394 meminere

186 5399 428 5469 Optatus
455 5393 918 5469 Milevitanuslib.
947 5411 1007 5462 ll,
1037 5396 1454 5469 Chrysostonms
1481 5393 1572 5448 lib.
1606 5410 1622 5448 ι
1647 5410 1791 5469 con-

185 5463 273 5526 tre
311 5467 544 5540 Gentes;
594 5467 922 5540 Augustinus
974 5463 1161 5522 contra
1211 5463 1747 5540 epistaAParmeniani
1775 5506 1791 5531 ,

188 5542 264 5598 lib
295 5558 337 5607 ι,
360 5539 455 5612 sub
482 5540 576 5612 ﬁn.
609 5557 662 5612 ρ.
684 5535 798 5612 Ξ2;
828 5535 1252 5612 contralitteras‘
1278 5535 1524 5612 Petiliani
1580 5538 1670 5612 lib.
1714 5553 1787 5612 ιι,

188 5630 318 5684 cap.
349 5611 422 5667 92
447 5608 494 5666 et
511 5611 580 5668 97
601 5608 626 5684 ἐκ
645 5611 863 5684 epistola
889 5610 956 5664 ad
995 5608 1315 5684 Vincentium
1341 5609 1410 5684 48
1429 5653 1444 5674 ,
1461 5618 1522 5684 _e_t
1549 5609 1694 5684 epist.
1721 5610 1790 5663 ad

188 5679 500 5741 Donatistae
531 5683 656 5740 166.
677 5679 885 5754 Nempe
911 5697 983 5754 eo
999 5681 1250 5745 consilio,
1275 5692 1333 5735 ut
1363 5682 1432 5735 ita
1451 5679 1788 5754 Christianos

189 5759 342 5814 inter
368 5770 430 5811 se
467 5753 869 5822 committeret,
900 5753 990 5809 cui
1020 5768 1122 5823 pax
1160 5764 1215 5808 ct
1261 5754 1438 5808 unitas
1495 5753 1788 5808 christiana

186 5828 429 5886 nimium
466 5827 821 5897 displicebat;
871 5841 1032 5897 quem
1071 5824 1270 5897 Juliani
1293 5825 1531 5897 animum
1555 5865 1572 5892 ,
1629 5826 1791 5897 utin

185 5916 401 5980 genere
430 5896 748 5957 Ammianus
793 5896 1141 5955 Marcellinus
1167 5896 1259 5954 lib.
1289 5912 1431 5968 ml,
1484 5896 1788 5956 describit:

487 5996 766 6064 l’arnoe.
851 5990 968 6057 X1.

1895 4746 2328 4825 impetraverunt,
2362 4746 2760 4825 ALLeoanUNr,
2793 4748 2980 4825 talibus
3019 4746 3180 4806 verbis
3228 4746 3495 4825 supplica-

1895 4817 2094 4877 verunt.
2130 4817 2406 4894 Di_xerunt_
2405 4820 2568 4882 enim,
2599 4818 2736 4894 quod
2763 4820 2903 4892 apud
2933 4837 3048 4894 eum
3092 4826 3257 4878 solum
3288 4817 3492 4894 iustitia

1895 4895 2066 4948 locum
2119 4890 2339 4945 haberet.
2367 4889 2431 4960 Et
2459 4900 2642 4944 contra
2704 4889 2908 4947 litteras
2967 4893 3240 4960 Petiliani,
3288 4889 3380 4953 lib.
3413 4917 3490 4957 tt:

1897 4963 2119 5044 Pontius
2175 4964 2324 5044 fecit,
2378 4959 2601 5044 Pontius
2649 4963 2961 5044 supplicavit
2993 5007 3022 5044 ,Δ
3074 4959 3294 5035 Pontius
3347 4977 3489 5044 apud

1897 5038 2200 5108 Apostatam
2243 5036 2408 5108 solum
2421 5033 2684 5108 justitiam
2722 5035 2890 5089 locum
2934 5036 3120 5092 habere
3168 5033 3488 5108 praedicavit.

1897 5103 1999 5162 His
2063 5105 2226 5161 verbis
2281 5105 2385 5178 sibi
2423 5103 2680 5160 Pontium
2718 5107 3037 5178 supplicasse
3079 5111 3133 5165 in
3168 5103 3355 5168 eodem
3402 5133 3489 5172 re-

1894 5181 2088 5248 scripto
2127 5193 2220 5251 suo
2249 5177 2551 5251 nominatim
2601 5178 2713 5232 sine
2732 5177 2944 5251 ambage
2973 5181 3084 5251 ipse
3106 5181 3351 5240 Julianus
3393 5203 3486 5242 ex-

1894 5247 2118 5323 pressit:
2152 5247 2375 5323 Easstant
2402 5249 2813 5323 ALet-zcntoaes
2839 5247 3093 5308 vésramz
3124 5271 3226 5309 non
3253 5258 3364 5310 [uec
3406 5261 3490 5314 in-

1892 5319 2034 5379 certa
2056 5324 2225 5393 fama,
2257 5319 2348 5393 sed
2378 5322 2582 5390 publica
2615 5325 2927 5377 monimenta
2962 5336 3234 5380 testantur.
3265 5327 3336 5382 Et
3365 5344 3489 5384 rur-

1891 5391 2064 5466 sumt'
2091 5410 2137 5446 ο.
2169 5392 2237 5466 97
2264 5409 2278 5446 :
2313 5391 2628 5464 Imperatori
2655 5411 2857 5466 pagano
2885 5403 2932 5448 et
2961 5406 3211 5465 apostatw
3237 5399 3441 5455 dixistis
3471 5419 3493 5458 :

1898 5465 2048 5535 Quod
2069 5464 2209 5536 apud
2235 5480 2350 5518 eum
2379 5467 2544 5519 solum
2564 5464 2776 5537 justitia
2806 5466 2972 5520 locum
2999 5464 3003 5465 “
3027 5466 3251 5524 haberet.
3292 5471 3491 5537 Quibus

1894 5538 2127 5608 precibus
2147 5545 2196 5591 et
2218 5539 2491 5608 rescripto.
2516 5537 2646 5610 sicut
2671 5539 2743 5591 ibi
2762 5539 3011 5610 scriptum
3032 5549 3107 5593 est
3129 5541 3293 5610 (sicut
3314 5543 3493 5600 Aur:-

1894 5607 2140 5667 Cimoms
2184 5607 2678 5680 ossntestantur),
2723 5607 3093 5680 pars‘Donati
3138 5607 3496 5671 universalitcr

1893 5699 1987 5737 usa
2013 5693 2107 5737 est.
2139 5681 2341 5751 Nempe
2366 5680 2572 5752 scripta
2610 5682 2912 5750 principum
2932 5683 3019 5752 qui
3050 5681 3492 5750 impetraverant.

1894 5769 1956 5811 ea
1982 5753 2253 5824 judicibus
2277 5749 2335 5807 et
2356 5749 2592 5827 judicum
2611 5749 3106 5827 gestisiallegahant
3132 5749 3235 5826 (les
3254 5749 3496 5827 faisaient

1893 5820 2199 5898 enregistrer
2223 5842 2291 5898 au
2319 5820 2480 5895 gre/{e
2522 5820 2837 5898 des—juges),
2888 5832 2961 5898 ut,
2989 5820 3187 5881 docent
3237 5820 3499 5898 prmterea

1896 5897 2002 5955 hoc
2016 5893 2263 5956 codicel.
2295 5893 2333 5953 ti
2362 5909 2508 5966 supr.
2538 5893 2603 5952 de
2625 5893 2811 5969 integri
2841 5897 3092 5966 restitut.;
3115 5898 3154 5954 ι.
3186 5893 3326 5957 unic.
3350 5919 3500 5978 supr.

2899 5990 2980 6055 38
