3972 6328
203 380 362 448 ita?"

1022 392 1115 448 an
1155 389 1695 450 DONATIS’I‘AHUM
1738 370 2117 450 ms‘ronmu
2157 392 2643 454 PERTINENTIA.

3362 402 3503 460 H98

197 505 392 561 ordine
411 506 634 577 antiquo
651 520 747 576 per
777 519 968 562 manus
997 505 1393 578 impositionem
1417 505 1619 577 recepti
1645 512 1789 571 sunt,
1820 505 1877 566 Α
1898 520 2159 579 compage
2189 510 2434 580 corporis
2471 510 2785 567 constitutis
2813 510 3081 585 inspirare
3111 513 3362 586 dignatus
3391 526 3497 572 est.

200 597 402 655 debere
430 598 625 653 talibus
663 599 1065 669 suscipiendum
1115 614 1309 654 munus
1357 600 1643 655 clericatus
1693 613 1801 654 non

201 692 469 762 impedire
501 707 695 747 nomen
714 692 914 748 erroris
940 735 956 760 ,
986 707 1110 748 cum
1140 708 1321 748 veram
1355 691 1649 748 Ecclesiam
1674 690 1799 745 illo-

201 802 321 841 rum
352 786 661 856 putaverint
688 786 756 841 ad
808 785 971 842 ﬁdem
992 786 1336 853 accedendo,
1392 796 1448 844 et
1490 785 1564 843 ibi
1585 785 1805 842 Christo

203 877 569 945 crediderint,
624 889 678 934 et
706 878 989 935 Trinitatis
1035 889 1374 936 sacramenta
1418 877 1801 950 perceperint;

204 988 325 1043 quae
355 972 536 1026 omnia
562 977 693 1029 vera
715 1013 732 1039 ,
758 980 813 1027 et
848 981 1073 1039 sancta,
1092 980 1258 1043 atque
1286 973 1468 1028 divina
1522 985 1644 1027 esse
1688 985 1808 1027 cer-

205 1066 478 1123 tissimum
504 1073 624 1132 est,
658 1075 714 1125 et
735 1066 788 1123 in
826 1066 909 1123 his
934 1082 1153 1124 munem
1188 1068 1386 1124 animat
1425 1082 1574 1137 spem
1604 1067 1808 1123 consti-

203 1165 398 1213 tutam.
414 1158 748 1228 Quamquam
771 1169 826 1215 et
843 1158 1218 1218 hmreticorum
1239 1169 1567 1233 praesumpta
1581 1157 1805 1215 audacia

203 1249 452 1304 veritatis
480 1248 697 1305 nomine
736 1250 951 1319 palliata
977 1292 994 1318 ,
1021 1250 1139 1309 hate
1166 1252 1379 1311 tradere
1400 1251 1640 1318 audeat,
1689 1267 1809 1323 quae

205 1342 465 1413 quoniam
497 1342 763 1413 simplicia
783 1351 939 1407 sunt,
972 1352 1031 1403 ut
1059 1352 1355 1415 praemonet
1379 1345 1570 1405 beatus
1590 1353 1807 1415 aposto-

204 1434 292 1489 lus
313 1433 579 1509 dicendo,
602 1451 743 1503 unus
771 1436 911 1495 Deus
938 1478 953 1506 ,
991 1452 1098 1499 una
1129 1436 1463 1506 fides,uuum
1499 1437 1765 1511 baptisma
1790 1480 1807 1508 ,

204 1537 267 1586 et
286 1529 477 1595 iterari
506 1546 612 1591 non
644 1530 836 1603 liceat,
862 1530 1007 1603 quod
1036 1531 1206 1593 semel
1246 1531 1361 1591 dari
1389 1541 1635 1605 Oportet,
1665 1548 1811 1590 ana—

205 1624 562 1683 thematizato
589 1626 807 1703 nomine
847 1626 1054 1689 erroris
1110 1628 1442 1699 recipiantur
1494 1643 1590 1699 per
1617 1642 1812 1693 manus

205 1719 615 1790 impositionem
663 1720 715 1789 in
766 1735 926 1777 unam
979 1719 1309 1789 Ecclesium;
1362 1720 1701 1786 columbam,
1753 1729 1814 1777 ut

204 1809 411 1867 dictum
435 1822 538 1881 est,
564 1821 617 1877 et
641 1828 804 1879 unam
826 1819 1056 1869 matrem
1081 1814 1323 1870 omnium
1348 1811 1809 1882 Christianorum,

1978 600 2184 657 Deinde
2211 605 2553 672 pertractatis
2590 612 2645 660 et
2673 604 3033 662 consideratis
3074 607 3347 675 omnibus,
3381 623 3501 681 quae

1906 691 2121 749 utilitati
2169 694 2428 751 Ecclesiae
2473 698 2768 753 convenire
2816 697 3161 765 videbantur,
3223 711 3502 759 annuente
3555 707 3561 712 “

1908 794 2069 856 atque
2095 786 2422 845 admonente
2450 787 2654 860 Spiritu
2686 790 2805 856 Dei,
2847 789 3098 863 eligimus
3127 806 3249 848 cum
3289 809 3502 851 memo-

1906 878 2043 934 ratis
2072 878 2404 949 bominibus,
2438 882 2681 953 quamvis
2707 882 2775 938 de
2804 882 3072 940 Dominici
3112 886 3356 956 corporis
3382 887 3507 943 uni.

1911 978 2019 1027 tate
2042 971 2279 1042 inquieta
2310 972 2650 1030 dissensione
2683 974 2943 1045 praecisis,
2977 975 3173 1033 leniter
3197 986 3252 1034 et
3278 977 3505 1049 pacifice

1910 1079 2073 1145 agere
2099 1065 2280 1135 (Cone.
2330 1067 2496 1135 Afris.
2548 1084 2662 1123 can.
2716 1067 2985 1140 35;jCod.
3019 1067 3149 1126 Can.
3194 1059 3341 1127 Eccl.
3384 1072 3501 1145 Afr.

1911 1172 2028 1213 can.
2062 1159 2155 1232 66)
2190 1176 2204 1213 :
2234 1169 2290 1214 ut
2316 1169 2576 1230 quantum
2608 1163 2662 1216 in
2696 1163 2852 1218 nobis
2881 1170 2984 1227 est,
3016 1164 3266 1221 omnibus
3295 1165 3388 1238 qui
3408 1181 3506 1223 eo-

1910 1267 2029 1308 rum
2056 1253 2438 1311 communione
2468 1263 2524 1311 et
2552 1255 2813 1312 societate
2848 1256 3044 1312 irretiti
3088 1267 3233 1325 sunt,
3263 1274 3357 1329 per
3384 1261 3508 1316 uni-

1912 1360 2097 1402 versas
2164 1349 2472 1419 provincias
2532 1348 2815 1405 Africanas
2876 1351 3091 1421 penitus
3164 1352 3509 1420 innotescat,

1913 1452 2075 1509 quam
2104 1438 2400 1497 miserabili
2426 1454 2613 1499 errore
2632 1441 2865 1498 devincti
2891 1453 3018 1499 sunt
3049 1461 3063 1498 :
3093 1461 3157 1500 ne
3184 1444 3342 1517 forte,
3374 1446 3515 1503 sicut

1914 1532 2044 1590 dicit
2090 1532 2387 1606 Apostolus
2416 1536 2482 1607 (Il
2517 1535 2650 1591 Tim.
2698 1538 2783 1609 ιι),
2831 1537 2976 1593 nobis
3020 1539 3076 1593 in
3116 1542 3511 1596 mansuetudine

1914 1628 2304 1700 carripientibus
2328 1629 2530 1684 diversa
2568 1630 2860 1698 sentientes,
2893 1632 2979 1686 det
3020 1631 3128 1686 illis
3168 1632 3312 1688 Deus
3337 1635 3508 1704 paeni-

1915 1720 2125 1775 tentiam
2150 1720 2219 1775 ad
2252 1720 2659 1793 cognoscendam
2687 1724 2971 1787 veritatem,
3021 1734 3070 1778 et
3116 1724 3420 1795 resipiscam
3449 1726 3513 1780 de

1916 1810 2108 1868 diaboli
2128 1813 2343 1884 laqueis,
2363 1815 2603 1885 captivati
2622 1816 2685 1870 ab
2705 1816 2816 1887 ipso
2841 1816 2910 1871 ad
2930 1817 3094 1888 ipsius
3107 1818 3437 1875 voluntatem.

204 1905 298 1962 ubi
323 1906 507 1963 omnia
552 1905 640 1962 illa
669 1916 1006 1963 sacramenta
1031 1905 1358 1974 salubriter,
1391 1919 1444 1965 et
1471 1918 1674 1964 {eterna
1704 1951 1719 1976 ,
1754 1916 1812 1964 et
1838 1899 1887 1960 Β
1987 1904 2173 1976 Itaque
2205 1906 2423 1977 placuit,
2468 1916 2529 1964 ut
2575 1923 2641 1963 ex
2690 1909 2923 1966 concilio
2959 1918 3148 1965 nostro
3179 1910 3370 1967 litterte
3412 1911 3511 1968 da-

201 1998 445 2055 vitaliter
473 1998 809 2073 accipiuntur
843 2018 855 2055 :
888 2016 1010 2073 quae
1033 2000 1504 2069 perseverantibus
1527 2003 1582 2057 in
1613 2000 1812 2061 haeresi

202 2110 459 2167 magnam
480 2094 845 2151 damnationis
893 2110 1109 2169 pinnam
1140 2096 1512 2169 conquirunt,
1549 2105 1607 2153 ut
1662 2096 1814 2168 quod

202 2187 284 2244 eis
312 2187 368 2243 in
394 2189 623 2259 veritate
645 2188 711 2246 ad
734 2198 992 2261 aeternam
1024 2189 1189 2247 vitam
1211 2190 1648 2262 consequendam
1668 2202 1815 2253 esset

203 2281 575 2349 lnminosius,
626 2281 733 2339 huc
788 2283 839 2351 in
895 2297 1083 2341 errore
1135 2283 1207 2339 sit
1257 2282 1597 2343 tenebrosius
1651 2294 1814 2355 atque

201 2378 542 2435 damnosius.
572 2377 729 2446 Quod
774 2378 1042 2449 fugientes
1084 2377 1370 2446 nonnulli,
1400 2386 1454 2434 et
1482 2378 1673 2437 matris
1702 2376 1811 2434 Ee-

199 2471 386 2527 ClCSliB
416 2470 585 2529 ubera
633 2479 1024 2545 cognoscentes
1054 2510 1068 2535 ,
1123 2471 1213 2539 qui
1260 2469 1349 2525 illa
1399 2470 1582 2525 omnia
1626 2480 1813 2527 saneta

202 2562 469 2635 mysteria
505 2578 693 2621 amore
744 2562 988 2627 veritatis
1017 2562 1397 2630 crediderunt,
1422 2570 1586 2634 atque
1621 2577 1812 2633 perce-

200 2667 400 2729 perunt
418 2656 650 2729 ,quibus
679 2655 1153 2713 Sacramentorum
1171 2656 1335 2713 rebus
1358 2671 1480 2715 cum
1514 2658 1641 2713 vitae
1660 2657 1816 2717 bona!

200 2736 448 2820 probitas
495 2745 819 2814 accesserit,
856 2747 975 2803 sine
1003 2746 1163 2803 dubio
1185 2747 1252 2803 ad
1275 2747 1513 2804 officium
1529 2748 1817 2805 clericatus

200 2846 341 2905 tales
364 2859 492 2901 esse
548 2836 935 2917 applicandos,
965 2853 1020 2899 et
1046 2843 1282 2899 maxime
1310 2843 1361 2897 in
1410 2851 1558 2898 tanta
1632 2858 1815 2907 rerum

200 2936 566 3003 neceSsitate,
593 2936 772 2992 nullus
814 2944 898 2999 est
930 2935 1018 3008 qui
1043 2951 1149 2993 non
1172 2934 1454 2995 concedat.
1476 2934 1816 3008 Quamquam

198 3028 455 3085 nonnulli
503 3027 746 3100 ejusdem
795 3037 958 3083 sectae
986 3028 1171 3082 clerici
1204 3042 1325 3089 cum
1369 3028 1618 3098 plebibus
1642 3037 1812 3099 atque

199 3122 509 3178 honoribus
537 3122 649 3176 suis
669 3121 735 3175 ad
761 3136 859 3176 nos
888 3121 1119 3176 transire
1140 3120 1486 3189 desiderent,
1512 3122 1602 3193 qui
1631 3137 1818 3179 amore

201 3216 440 3272 honoris
468 3223 562 3270 aut
611 3214 940 3285 persuadent
966 3213 1032 3268 ad
1062 3214 1266 3281 vitam,
1323 3221 1416 3269 aut
1464 3214 1700 3269 retinent
1749 3214 1817 3269 ad

1913 2007 2104 2054 rentur
2148 1997 2216 2054 ad
2280 1997 2493 2069 judices
2534 1999 2856 2068 Africanos,
2932 2016 2963 2056 a
3009 2001 3204 2074 quibus
3252 2004 3356 2060 hoc
3402 2007 3515 2076 petl

1915 2103 2217 2162 congruum
2247 2090 2548 2159 videretur,
2592 2092 2725 2148 utin
2757 2092 2861 2149 hoc
2887 2093 3142 2165 adjuvent
3167 2109 3512 2153 communem

1917 2194 2146 2240 matrem
2196 2184 2497 2242 Ecclesium
2546 2186 2892 2253 catholicam,
2936 2189 2990 2245 in
3027 2205 3133 2262 quo
3176 2189 3517 2264 Episcopalis

1915 2277 2209 2353 auctoritas
2249 2278 2577 2334 communiri
2624 2278 2724 2349 (al.
2770 2278 3071 2353 contemni)
3117 2283 3171 2336 in
3209 2282 3519 2340 civitatibus

1916 2380 2133 2442 potest;
2164 2371 2215 2427 id
2237 2380 2343 2439 est,
2375 2382 2434 2428 ut
2471 2373 2753 2450 judiciaria
2789 2384 3057 2446 potestate
3093 2386 3258 2448 atque
3296 2377 3520 2449 diligen-

1916 2465 1993 2520 tia
2019 2480 2087 2520 ex
2119 2462 2227 2519 ﬁde
2266 2465 2596 2535 Christiana,
2638 2468 2766 2538 quid
2810 2477 3023 2541 gestum
3065 2470 3136 2525 sit
3165 2474 3217 2524 in
3270 2472 3523 2527 omnibus

1915 2556 2073 2623 locis,
2108 2557 2161 2612 in
2190 2556 2385 2628 quibus
2413 2558 2827 2632 Maximianistte
2855 2560 3105 2617 basilicas
3145 2562 3521 2632 obtinuerunt,

1918 2651 2011 2721 qui
2040 2650 2108 2706 ab
2136 2651 2215 2706 eis
2238 2650 2474 2705 schisma
2500 2652 2765 2721 fecerunt,
2809 2653 3082 2724 inquirant
3110 2661 3204 2709 :ct
3231 2654 3397 2727 gestis
3426 2669 3523 2725 pu-

1918 2742 2076 2798 blicis
2106 2743 2551 2814 progiterfirmam
2576 2744 2825 2799 notitiam
2849 2745 3103 2802 omnibus
3133 2746 3520 2813 necessariam,
3572 2740 3577 2745 ’

1918 2833 2120 2891 faciant
2142 2836 2409 2893 inhaerere
2432 2836 2615 2909 (Cone.
2643 2839 2761 2910 Afr.
2782 2855 2901 2894 can.
2928 2838 3174 2907 Si;'Cod.
3205 2839 3336 2896 Can.
3370 2838 3517 2898 Eccl.

1921 2928 2038 3001 Afr.
2070 2946 2188 2984 can.
2233 2929 2348 3003 67).

1991 3022 2197 3079 Deinde
2224 3023 2425 3093 placuit
2467 3031 2527 3078 ut
2556 3024 2753 3080 littera:
2798 3024 3083 3081 mittantur
3126 3024 3195 3082 ad
3238 3025 3434 3084 fratres
3470 3035 3526 3083 et

1922 3116 2276 3187 coepiscopos
2302 3127 2540 3183 nostros,
2585 3127 2641 3173 et
2684 3120 2919 3174 maxime
2947 3120 3013 3174 ad
3040 3118 3227 3176 sedem
3267 3121 3528 3193 apostoli-

1924 3224 2043 3265 cam
2089 3209 2284 3281 (δοκε.
2341 3212 2458 3282 Afr.
2508 3229 2626 3266 can.
2679 3212 2771 3269 55.
2827 3212 2958 3269 Cod.
3008 3212 3138 3269 Ceu.
3202 3214 3346 3270 Eccl.
3406 3216 3521 3286 Afr.

201 3310 464 3366 salutem.
499 3307 607 3365 Sed
638 3307 742 3364 hoc
761 3307 956 3377 majori
982 3308 1204 3362 fratrum
1224 3306 1659 3377 supradictorum
1691 3322 1823 3362 con-
1848 3291 1895 3355 C
1925 3319 2043 3358 can.
2071 3302 2195 3374 68),
2216 3304 2271 3359 in
2297 3319 2402 3375 qua
2431 3305 2681 3375 praesidet
2708 3315 3043 3362 memoratus
3065 3306 3393 3363 venerabilis
3416 3307 3523 3363 fra-

202 3402 533 3457 siderationi
561 3399 943 3456 dimittendum
973 3413 1204 3466 censeo,
1234 3410 1295 3454 ut
1333 3398 1669 3471 prudentiori
1721 3413 1825 3456 suo

202 3494 440 3551 oonsilio
463 3502 661 3549 nostra:
688 3492 1053 3563 snggestionis
1070 3507 1379 3548 sermonem
1423 3506 1545 3547 cum
1590 3507 1822 3563 perpen-

202 3590 422 3653 derint,
468 3588 594 3660 quid
623 3588 693 3645 de
722 3588 821 3644 hac
866 3604 925 3645 re
964 3588 1044 3644 eis
1092 3586 1332 3658 place-it,
1368 3602 1467 3643 nos
1523 3587 1821 3646 informare

203 3685 524 3757 dignentur.
539 3682 771 3739 Tantum
793 3682 860 3737 de
887 3682 970 3738 his
994 3682 1086 3752 qui
1118 3681 1349 3738 infantes
1371 3682 1627 3753 baptizati
1648 3692 1777 3738 sunt
1799 3723 1817 3749 ,

203 3776 533 3847 satagimus,
561 3783 620 3830 ut
646 3784 869 3843 nostrae,
904 3774 951 3829 si
977 3774 1171 3843 placet,
1198 3775 1251 3829 iu
1285 3774 1478 3829 iisdem
1502 3774 1820 3831 ordinandis

203 3871 559 3935 consentiant
611 3870 893 3926 voluntati.
943 3868 1135 3925 Omnia
1185 3884 1348 3940 ergo,
1393 3885 1515 3940 quae
1569 3871 1820 3941 superius

203 3965 731 4039 comprehendimus
744 4008 761 4037 η
783 3964 926 4035 apud
942 3976 1163 4022 sanctos
1174 3967 1458 4036 episcopos
1477 3965 1686 4036 agenda
1699 3979 1824 4025 esse

205 4078 430 4125 mecum
464 4060 796 4119 honorabilis
828 4060 1137 4117 fraternitas
1161 4066 1340 4116 vestra
1365 4060 1683 4132 perpendat.
1724 4080 1743 4114 ι

966 4198 1009 4267 ι
1043 4193 1184 4250 Xlll.

1043 4197 1184 4250 XIII.

513 4308 599 4369 CA
608 4197 1094 4369 ΒῖΗΑϐἒέἒΞΕ
1135 4306 1509 4367 (ΣΟΜΞΙΙᾸΗΜ

244 4427 465 4471 AVII“
495 4426 854 4478 UNIVERSALE,
881 4427 950 4466 DE
979 4424 1418 4466 ηασκοιιιΑΝωδ
1454 4423 1782 4465 υοΝΑτιετιε.

290 4529 581 4592 Vincentio
609 4538 664 4585 et
703 4526 920 4584 Flavito
944 4508 1081 4582 viris
1120 4524 1437 4581 clarissimis
1476 4523 1816 4589 consulibus,

210 4625 402 4681 idibus
439 4621 774 4695 Septembris
804 4618 1136 4690 Carthagine
1158 4619 1211 4674 in
1252 4617 1546 4674 secretario
1574 4617 1821 4672 Basilicze

1926 3405 2011 3453 ter
2034 3407 2088 3453 et
2112 3398 2321 3469 collega
2350 3408 2536 3454 noster
2569 3399 2912 3469 Anastasius,
2952 3416 3061 3471 quo
3081 3401 3295 3457 noverit
3322 3400 3526 3458 habere

1924 3491 2165 3548 Africam
2188 3508 2438 3564 magnam
2467 3496 2864 3560 necessitatem,
2896 3502 3118 3565 propter
3139 3493 3399 3552 Ecclesiae
3431 3512 3526 3567 pa-

1924 3602 2042 3647 cem
2069 3594 2125 3643 et
2149 3587 2461 3654 utilitatem,
2508 3597 2564 3643 ιιι
2600 3604 2666 3644 ex
2711 3589 2842 3657 ipsis
2873 3589 3168 3646 Donatistis
3196 3591 3523 3662 quicumque

1924 3682 2109 3738 clerici
2165 3692 2417 3739 correcta
2472 3682 2704 3738 consilio
2756 3684 2825 3739 ad
2884 3684 3207 3741 catholicam
3267 3684 3524 3739 unitatem

1927 3775 2160 3831 transire
2175 3775 2465 3844 voluerint,
2498 3775 2794 3831 secundum
2825 3776 3261 3847 uniuscujusque
3280 3774 3525 3847 episcopi

1925 3867 2178 3925 catholici
2210 3869 2540 3925 voluntatem
2569 3877 2730 3938 atque
2774 3868 3085 3935 consilium,
3118 3870 3205 3938 qui
3239 3870 3293 3939 in
3326 3869 3523 3924 eodem

1926 3959 2048 4017 loco
2094 3962 2361 4031 gubernat
2404 3961 2727 4028 Ecclesiam,
2786 3962 2833 4017 si
2885 3961 2992 4018 hoc
3040 3964 3155 4032 paci
3200 3960 3526 4019 Christianae

1928 4055 2190 4124 prodesse
2213 4056 2387 4110 visum
2428 4054 2609 4121 fuerit,
2652 4054 2707 4110 in
2750 4056 2862 4110 suis
2888 4054 3187 4111 honoribus
3218 4056 3517 4127 suscipian-

1928 4158 2045 4215 tur;
2074 4148 2214 4204 sicut
2242 4147 2340 4220 (V.
2367 4148 2591 4223 August.
2615 4145 2785 4220 Epist.
2811 4145 2905 4213 45,
2935 4165 2989 4203 n.
3014 4148 3109 4215 l6,
3134 4157 3181 4203 et
3204 4147 3375 4221 Epist.
3398 4150 3523 4220 185,

1925 4258 1980 4295 n.
2008 4240 2081 4297 44
2110 4251 2158 4296 et
2185 4239 2280 4313 l7)
2312 4241 2581 4319 prioribus
2610 4240 2855 4311 ejusdem
2879 4240 3164 4297 divisionis
3189 4242 3521 4314 temporibus

1926 4331 2126 4388 factum
2174 4347 2297 4388 esse
2353 4332 2698 4388 manifestum
2756 4340 2842 4387 est
2881 4351 2894 4387 :
2933 4332 3076 4404 quod
3124 4335 3417 4391 multarum
3469 4344 3526 4392 et

1847 4492 1853 4498 .
1927 4437 2069 4493 pene
2104 4422 2345 4477 omnium
2376 4422 2757 4478 Africanarum
2788 4423 3177 4489 Ecclesiarum,
3228 4427 3281 4481 in
3328 4428 3525 4497 quibus

1926 4513 2050 4569 talis
2079 4529 2234 4571 error
2273 4522 2498 4571 exortus
2536 4523 2642 4582 est,
2692 4515 2945 4586 exempla
2976 4524 3258 4573 testantur.
3308 4518 3429 4576 Non
3470 4529 3528 4578 ut

1925 4609 2218 4663 concilium
2262 4608 2357 4681 (V.
2407 4608 2641 4663 eamdem
2682 4607 2853 4680 Epist.
2900 4609 3023 4677 185,
3074 4626 3130 4667 is.
3164 4612 3257 4684 45)
3290 4615 3435 4684 quod
3473 4617 3529 4672 in

210 4689 531 4782 Restitutus,
562 4730 685 4771 cum
731 4716 785 4770 in
834 4689 1066 4770 concilio
1111 4714 1420 4786 congregati
1471 4712 1525 4767 in
1573 4711 1820 4768 Ecclesia
1846 4689 1898 4748 D
1927 4701 2302 4786 transmarinis
2336 4701 2575 4772 partibus
2606 4701 2673 4756 de
2726 4702 2830 4756 hac
2872 4717 2930 4758 re
2973 4702 3174 4758 factum
3211 4713 3293 4760 est
3326 4705 3526 4763 dissol-

211 4809 633 4881 Carthaginensi
676 4809 1119 4869 consedissemus
1164 4823 1233 4864 ex
1263 4806 1532 4862 Africanis
1570 4806 1821 4862 omnibus

210 4902 523 4975 provinciis
556 4902 829 4973 episcopi;
861 4902 915 4958 id
962 4899 1341 4968 est,Aurelius
1386 4898 1631 4968 ejusdem
1674 4898 1825 4955 sedis

214 4999 516 5070 episcopus
540 5011 661 5053 cum
693 4996 917 5068 collegis
944 4996 1078 5065 suis,
1111 5008 1249 5065 quos
1277 5007 1464 5049 eorum
1496 4992 1825 5063 subSeriptio

215 5088 539 5146 manifestat
577 5107 593 5146 :
629 5088 870 5147 recitatis
917 5088 1159 5161 epistolis
1201 5086 1502 5142 beatissimi
1550 5084 1732 5140 fratris
1771 5094 1826 5139 et

214 5182 634 5245 consacerdotis
692 5183 866 5239 nostri
912 5178 1188 5241 Anastasii
1242 5177 1503 5234 Ecclesiae
1563 5176 1825 5232 Romana:

215 5278 494 5349 episooni,
522 5277 720 5348 quibus
750 5291 851 5331 nos
878 5285 1118 5346 paterna:
1159 5282 1217 5329 et
1244 5271 1498 5329 fraterntn
1545 5271 1827 5327 charitatis

215 5370 592 5429 sollicitudine
618 5385 683 5428 ac
712 5370 1025 5433 sinceritate
1045 5368 1367 5425 adhortatus
1395 5374 1498 5432 est,
1534 5373 1592 5419 et
1619 5363 1688 5420 de
1714 5363 1829 5419 ha:-

207 5466 525 5529 reticorum
564 5475 620 5525 et
654 5465 1119 5521 schismaticorum
1150 5459 1555 5518 Donatistarum
1611 5459 1826 5516 insidiis

206 5567 284 5617 et
325 5557 780 5626 improbitatibns,
809 5556 1005 5627 quibus
1027 5553 1339 5610 Africanam
1376 5551 1676 5608 Eeclesiam
1734 5566 1831 5607 ca-

209 5651 489 5707 tholicam
508 5652 739 5722 graviter
766 5657 983 5715 vexant,
1016 5648 1163 5717 nullo
1191 5649 1351 5704 modo
1378 5646 1782 5703 dissimulemns
1815 5664 1827 5699 :

207 5742 435 5818 gratias
477 5742 687 5815 agimus
714 5741 941 5799 Domino
972 5751 1180 5810 nosuo,
1234 5739 1377 5812 quod
1407 5740 1485 5796 illi
1511 5738 1728 5810 optimo
1769 5753 1834 5795 ac

206 5843 424 5894 sancto
461 5835 689 5890 antistiti
728 5851 846 5901 suo,
898 5844 1005 5889 tam
1031 5833 1169 5903 piam
1219 5847 1407 5888 curam
1437 5849 1534 5905 pro
1568 5831 1834 5888 membris

205 5929 463 5999 Christi,
491 5929 736 6001 quamvis
762 5930 814 5985 in
845 5927 1157 5986 diversitate
1194 5934 1478 5997 terrarum,
1526 5925 1629 5984 sed
1648 5924 1703 5981 in
1735 5938 1839 5981 una

1926 4803 2086 4851 vatur
2116 4813 2129 4849 :
2157 4795 2251 4853 sed
2279 4803 2334 4851 ut
2366 4794 2498 4851 illttd
2529 4803 2748 4853 maneat
2777 4796 2917 4852 circa
2946 4811 3042 4853 eos
3069 4799 3157 4869 qui
3188 4799 3267 4855 sic
3293 4799 3525 4859 transire

1927 4887 1995 4943 ad
2017 4886 2336 4943 catholicam
2367 4889 2576 4953 volunt,
2612 4896 2669 4943 ut
2696 4886 2846 4958 nulla
2873 4904 2969 4957 per
2993 4903 3091 4946 eos
3119 4891 3342 4948 unitatis
3372 4906 3527 4949 com-

1926 4981 2174 5050 pensatio
2206 4980 2299 5050 (at.
2344 4982 2613 5050 concisio)
2655 4990 2995 5052 procuretur.
3030 4981 3134 5037 Per
3157 4996 3295 5052 quos
3342 4994 3526 5043 autem

1927 5074 2012 5130 vel
2057 5073 2373 5131 omnimodo
2422 5075 2629 5146 perfici,
2663 5072 2749 5130 vel
2792 5072 3036 5144 adjuvari
3080 5077 3383 5136 manifestis
3414 5081 3529 5137 fra-

1933 5179 2207 5227 ternarum
2250 5169 2556 5225 animarum
2588 5169 2751 5225 lucris
2789 5169 3059 5226 catholica
3088 5173 3265 5230 unitas
3313 5174 3367 5230 in
3397 5175 3534 5234 locis

1934 5261 1989 5316 in
2014 5260 2208 5332 quibus
2231 5261 2455 5332 degunt,
2481 5262 2597 5316 visa
2620 5260 2810 5327 fuerit;
2838 5276 2944 5322 non
2968 5262 3050 5318 eis
3074 5265 3219 5321 obsit
3238 5267 3381 5336 quod
3400 5282 3534 5323 con-

1935 5365 2019 5413 tra
2052 5355 2286 5412 honores
2316 5371 2504 5413 eorum
2555 5355 2825 5431 (quamvis
2867 5355 3011 5410 salus
3059 5358 3192 5412 nulli
3234 5357 3528 5420 interclusa
3599 5392 3602 5397 ~

1936 5451 2029 5524 sit)
2059 5452 2113 5507 in
2153 5453 2515 5508 transmarino
2541 5450 2769 5507 concilio
2799 5458 3061 5507 statutum
3102 5462 3208 5520 est,
3251 5454 3303 5510 id
3334 5468 3437 5522 est,
3473 5468 3532 5517 ut

1938 5545 2170 5602 ordinati
2217 5546 2271 5599 in
2301 5554 2454 5615 parte
2488 5542 2701 5605 Donati,
2744 5542 2791 5597 si
2832 5542 2901 5597 ad
2945 5541 3268 5600 catholicam
3305 5554 3538 5610 correcti

1940 5641 2174 5697 transire
2215 5639 2499 5705 voluerint,
2562 5652 2667 5691 non
2716 5636 3083 5707 suscipiantur
3137 5640 3188 5694 in
3238 5640 3540 5705 honoribus

1940 5734 2055 5791 suis
2071 5733 2366 5792 secundum
2394 5731 2808 5787 transmarinum
2831 5729 3146 5802 concilium,
3176 5736 3271 5793 sed
3301 5745 3542 5813 exceptis

1945 5828 2031 5883 his
2064 5845 2159 5898 per
2180 5842 2319 5899 quos
2338 5823 2621 5882 catholica:
2647 5821 2839 5879 unitati
2863 5825 3193 5884 consulitur.
3216 5838 3219 5845 '

2025 5920 2230 5978 Deinde
2257 5918 2475 5991 placuit,
2505 5927 2563 5975 ut
2581 5917 2665 5974 his
2695 5918 2930 5988 peractis
2947 5916 3133 5992 (Cone.
3161 5920 3279 5994 Afr.
3303 5941 3420 5982 catt.
3449 5928 3547 5999 ὅθί
