3972 6328
249 271 384 331 1201

1099 271 1194 328 AD
1231 269 1770 331 DONATISTARUM
1808 269 2188 332 HISTORIAM
2225 273 2715 334 PER'I‘INENTIA.

3407 285 3553 345 1202

241 396 420 463 sione,
456 405 618 469 atque
647 399 782 454 actis
808 397 1026 466 innexa,
1060 399 1318 456 dicatille
1335 403 1625 474 episcOpus
1655 402 1845 460 Eccle—
1871 404 1927 467 Α
1950 405 2208 476 quietem,
2257 406 2353 463 sed
2403 409 2694 480 tranquilla
2737 410 2966 468 rationis
3013 410 3319 470 redditione
3365 414 3553 473 defen-

235 493 334 548 size
364 491 659 548 Catholica:
681 511 694 547 :
714 492 1018 549 Mandatum
1049 494 1116 550 ad
1145 496 1457 553 Donatistas
1484 513 1579 568 per
1595 509 1836 553 vestram

234 589 556 657 gravitatem
601 586 983 658 perferendum
1027 590 1246 658 audire,
1299 599 1354 646 et
1395 592 1530 648 actis
1571 592 1840 660 inserere,

231 690 289 738 et
317 681 388 738 ad
417 696 513 738 eos
543 681 786 750 perferre
830 682 1151 756 dignemini,
1185 700 1490 754 eorumque
1530 687 1841 757 responsio-

230 792 361 834 nem
397 792 586 834 rursus
626 777 768 849 apud
809 787 926 833 acta
954 787 1137 834 vestra
1169 780 1325 835 nobis
1359 780 1651 837 insinuare.
1700 781 1843 838 Con-

229 877 490 930 venimus
511 888 610 928 vos
636 887 703 929 ex
742 873 960 930 concilii
1011 875 1183 930 nostri
1225 874 1480 930 catholici
1519 875 1839 931 auctoritate

225 969 422 1036 missi,
475 968 543 1023 de
594 976 778 1024 vestra
830 969 1172 1024 correctione
1225 969 1463 1039 gaudere
1509 970 1790 1039 cupientes
1819 1011 1835 1036 ,

223 1062 641 1119 Considerantes
659 1062 871 1118 Domini
899 1063 1242 1129 charitatem,
1266 1065 1356 1135 qui
1375 1063 1545 1118 dixit:
1572 1062 1718 1117 Beati
1746 1080 1840 1134 pa-

223 1158 389 1228 ciﬁci,
421 1157 544 1226 quia
573 1157 674 1227 ipsi
697 1157 795 1225 ﬁlii
821 1156 918 1212 Dei
948 1156 1266 1211 vocabuntur
1298 1156 1513 1229 (Matth.
1541 1155 1628 1225 v):
1659 1166 1713 1211 et
1741 1154 1838 1209 ad-

221 1251 555 1321 monuitper
571 1248 914 1319 prophetam.
941 1249 1101 1306 etiam
1133 1249 1215 1305 his
1236 1249 1327 1320 qui
1349 1249 1612 1305 dicuntse
1642 1248 1834 1304 fratres

219 1354 452 1400 nostros
474 1359 578 1399 non
605 1358 749 1410 esse,
780 1342 966 1399 dicere
992 1359 1093 1400 nos
1118 1342 1320 1399 debere
1352 1363 1364 1397 :
1398 1342 1615 1398 Fratres
1667 1343 1835 1397 nostri

217 1439 351 1494 estis
377 1437 533 1509 (lsai.
564 1452 719 1504 uvt,
743 1454 847 1492 sec.
877 1435 1067 1510 LXX).
1097 1437 1248 1492 Hanc
1279 1452 1410 1509 ergo
1448 1436 1729 1507 pacificam
1765 1451 1832 1492 ex

217 1530 494 1587 charitate
514 1529 822 1587 venientem
836 1530 1318 1586 commonitionem
1336 1539 1575 1586 nostram
1589 1537 1834 1587 contem-

213 1639 360 1679 nere
389 1639 493 1679 non
505 1622 738 1690 debetis,
763 1632 822 1678 ut
847 1623 894 1678 si
916 1623 1041 1694 quid
1066 1625 1308 1679 veritatis
1340 1622 1543 1678 habere
1566 1637 1661 1678 vos
1687 1622 1832 1678 arbi-

215 1718 466 1784 tramini,
493 1732 600 1773 non
627 1717 885 1773 dubitetis
911 1732 1159 1774 asserere
1180 1733 1195 1783 ;
1213 1716 1387 1784 idest,
1421 1725 1478 1771 ut
1505 1723 1832 1786 congregato

1943 499 2095 554 dant.
2119 498 2274 555 Unde
2303 501 2540 571 petimus
2577 503 2958 560 sublimitatem
2994 514 3163 572 tuam,
3215 514 3274 561 ut
3301 522 3426 564 cum
3452 524 3550 567 eos

1944 590 2013 647 de
2032 590 2135 646 hac
2156 607 2216 647 re
2248 607 2346 662 per
2377 593 2726 665 magistratus
2752 598 2867 652 sive
2897 598 2950 652 in
2983 598 3314 667 civitatibus,
3348 603 3464 658 sive
3491 603 3551 660 in

1911 686 2338 766 pertinentibus
2385 689 2676 744 territoriis
2718 691 3016 748 admonere
3060 694 3421 764 voluerimus,
3453 711 3548 753 co-

1943 780 2085 850 piam
2117 778 2271 834 nobis
2299 781 2530 850 praeberi
2559 790 2832 852 gestorum
2873 792 2928 839 et
2969 799 3065 840 eos
3109 801 3176 841 ex
3220 787 3546 858 allegatione

1942 884 2126 928 nostra
2157 873 2383 928 honeste
2412 874 2688 930 conveniri
2719 876 3002 947 praecipias
3033 894 3046 930 :
3088 877 3231 948 quod
3261 881 3547 936 consecuti

1940 981 2163 1038 agamus
2200 966 2533 1022 excellentiae
2567 977 2673 1022 tuae
2719 969 2859 1039 apud
2888 969 3053 1024 Deum
3095 971 3291 1028 uberes
3316 974 3540 1043 gratias.

1941 1059 2061 1114 Dat.
2110 1059 2179 1114 ab
2222 1060 2490 1115 universis
2541 1062 2813 1132 episcopis
2863 1062 3154 1120 Catholicis
3203 1079 3270 1120 ex
3310 1066 3543 1122 concilio

1939 1151 2352 1221 Carthaginensi
2407 1152 2468 1206 D.
2527 1152 2591 1206 N.
2641 1152 2950 1209 Theodosio
3002 1155 3108 1210 PP.
3175 1155 3417 1226 Augusto
3487 1167 3545 1215 et

1940 1243 2240 1300 Rumorido
2268 1244 2335 1301 ν.
2380 1245 2442 1299 C.
2477 1259 2622 1302 coss.
2666 1244 2846 1302 idibus
2896 1247 3268 1318 Septembris,
3315 1249 3543 1307 Cartha-

1936 1350 2080 1406 gine.
2957 1403 2965 1412 ο

2009 1428 2343 1499 Septiminus
2400 1431 2481 1486 vir
2532 1431 2870 1488 clarissimus
2894 1417 3189 1504 proconsul
3219 1434 3387 1496 dixit:
3426 1456 3446 1490 ‹
3481 1437 3542 1494 In

1937 1519 2181 1590 quolibet
2211 1520 2334 1576 loco
2362 1523 2704 1578 antistitibus
2736 1525 2867 1594 legis
2897 1526 3224 1581 venerabilis
3244 1528 3314 1583 ob
3343 1527 3543 1599 quietis

1937 1613 2223 1683 imperium
2247 1625 2522 1684 gestorum
2566 1615 3030 1672 COnﬁciendorum
3074 1617 3333 1672 tribuitur
3371 1619 3543 1676 facul-

1937 1713 2018 1759 tas
2049 1722 2062 1758 :
2092 1704 2198 1761 hoc
2228 1707 2392 1761 etiam
2424 1716 2613 1763 tenore
2641 1708 2799 1779 hujus
2850 1710 3227 1780 praeceptionis
3262 1711 3492 1766 limitato
3519 1754 3536 1780 ,

214 1824 415 1870 vestro
455 1813 685 1870 concilio
715 1813 964 1884 deligatis
1009 1828 1075 1868 ex
1122 1811 1314 1878 vobis,
1383 1811 1579 1883 quibus
1609 1827 1827 1867 causam

1935 1804 1993 1852 ut
2024 1797 2327 1868 intelligant
2353 1815 2412 1854 se
2442 1799 2614 1855 deviae
2641 1801 2813 1870 plebis
2841 1800 3112 1872 magistris
3144 1805 3227 1875 (Ῑ.
3259 1805 3536 1875 magistri,

207 1909 544 1966 assertionis
569 1918 762 1964 vestrzc
793 1908 1178 1974 committatis;
1211 1917 1268 1963 ut
1295 1922 1392 1963 nos
1420 1907 1694 1979 possimus
1726 1907 1827 1963 hoc

211 2002 422 2068 facere,
471 2013 528 2058 ut
554 2001 717 2058 etiam
760 2001 827 2057 de
873 2011 1060 2056 nostro
1119 2000 1353 2056 concilio
1384 2000 1690 2071 deligantur
1733 2001 1826 2070 qui

206 2109 342 2151 cum
376 2096 458 2151 eis
488 2109 623 2166 quos
652 2094 1296 2166 delcgeritis,conslituto
1324 2094 1444 2150 loco
1469 2103 1526 2150 et
1555 2101 1821 2165 tempore,

203 2189 477 2262 quidquid
518 2190 835 2262 quaestionis
861 2198 967 2267 est,
1013 2189 1157 2258 quod
1183 2199 1419 2246 vestram
1465 2207 1496 2245 a
1524 2190 1686 2246 nobis
1735 2205 1824 2246 se-

203 2294 375 2357 parat
401 2281 858 2348 communidnem,
889 2298 1012 2339 cum
1056 2298 1191 2355 pace
1231 2283 1558 2349 discutiant;
1600 2293 1655 2339 et
1698 2292 1824 2340 tan-

201 2376 340 2432 dem
370 2377 662 2449 aliquando
691 2377 982 2448 adjuvante
1022 2376 1252 2442 Domino
1285 2378 1393 2432 Deo
1426 2384 1614 2432 nostro
1658 2376 1819 2433 linem

200 2481 534 2528 veternosus
575 2487 728 2528 error
755 2472 1010 2542 accipiat,
1063 2486 1132 2527 ne
1171 2479 1393 2542 pr0pter
1419 2470 1821 2526 animositatem

199 2565 492 2620 hominum
522 2564 748 2621 inﬁrmae
786 2565 985 2621 animae
1027 2574 1084 2620 et
1123 2564 1294 2636 ignari
1342 2562 1528 2636 populi
1559 2563 1820 2636 sacrilega

197 2659 556 2716 dissensione
611 2659 943 2730 dispereant.
996 2659 1051 2716 Si
1107 2659 1251 2714 enim
1307 2659 1411 2716 hoc
1438 2659 1676 2715 fraterne
1728 2675 1820 2716 ac-

198 2753 496 2825 ceperitis,
529 2753 731 2808 veritas
761 2751 922 2808 facile
950 2751 1250 2809 dilucescet
1275 2771 1289 2807 :
1319 2752 1365 2808 si
1397 2761 1578 2808 autem
1609 2751 1712 2808 hoc
1739 2751 1819 2806 fa-

197 2862 337 2904 cere
383 2846 688 2915 nolueritis,
716 2845 1018 2902 dillidentia
1040 2854 1223 2902 vestra
1255 2847 1415 2902 facile
1442 2848 1764 2904 innotescet.
1791 2867 1810 2899 ι

195 2942 456 3012 Cumque
505 2941 730 2997 recitata
774 2949 956 3007 esset,
990 2941 1058 2996 ab
1106 2942 1377 2997 universis
1423 2944 1698 3013 episcopis
1728 2943 1815 2998 di-

194 3045 356 3090 ctum
385 3042 504 3089 est:
537 3034 712 3091 «Satis
734 3033 1054 3106 placet,hoc
1084 3033 1233 3101 fiat,»
1260 3043 1314 3090 et
1335 3034 1810 3106 subscripserunt:

193 3128 464 3185 Aurelius
489 3127 777 3198 episcopus
806 3126 1069 3183 Ecclesia:
1095 3127 1542 3198 Carthaginensis
1571 3128 1696 3184 huic
1717 3129 1812 3185 dc-

1941 1889 1994 1943 id
2024 1899 2136 1957 est,
2164 1891 2566 1946 Donatistarum
2601 1894 2840 1964 episc0pi
2865 1896 3168 1965 petentibus
3195 1896 3494 1952 Catholicis
3517 1937 3535 1965 ,

1928 1983 2082 2055 etc.)
2131 1985 2429 2041 salubriter
2487 1988 2792 2056 petentibus
2863 1991 3098 2059 propria:
3164 1990 3537 2062 persuasionis

1927 2077 2211 2133 ratiocinia
2251 2080 2601 2150 persolvere,
2658 2089 2716 2135 ut
2762 2081 2924 2137 rebus
2973 2084 3026 2138 in
3073 2084 3256 2140 medio
3308 2085 3536 2156 prolatis

1926 2172 2099 2227 amica
2147 2173 2279 2246 legis
2329 2174 2640 2231 moderatio
2667 2186 2934 2246 servetur,
2976 2179 3359 2250 superstitione
3404 2195 3536 2254 sup-

1926 2263 2102 2334 plosa.
2143 2283 2162 2316 ι

2346 2361 2510 2436 214
2548 2364 2699 2421 Aaao
2734 2365 2928 2422 Donum
2957 2367 3082 2424 404.

2645 2481 2812 2539 XVII.

2251 2595 2544 2654 CONCILII
2574 2598 3170 2660 CARTHAGINENSIS
3196 2645 3212 2673 ,

1927 2725 2196 2767 ADVERSUS
2216 2726 2543 2768 DONATISTAS
2567 2729 2635 2768 AD
2660 2727 2933 2770 BONOBIUM
2960 2731 3338 2774 IIIPERATOREK
3365 2732 3533 2776 LEGA'

2147 2821 2238 2861 ΤΙΟ
2267 2823 2336 2862 ET
2365 2822 2809 2865 COMMONITORIUM
2849 2826 3070 2866 LEGATIS
3113 2828 3312 2867 DATUI.

1922 2920 2333 2977 Gloriosissimo
2361 2924 2689 2994 imperatore
2743 2925 2985 2982 Honorio
3012 2926 3255 2998 Augusto
3278 2927 3348 2983 VI
3389 2942 3523 2985 con-

1919 3015 2063 3083 sule,
2094 3030 2182 3071 XVI
2209 3014 2319 3070 kal.
2350 3015 2546 3084 Julias,
2577 3017 2903 3089 Carthagine
2933 3020 2988 3075 in
3026 3021 3249 3076 basilica
3282 3023 3522 3094 regionis

1919 3109 2190 3165 secundae.
2247 3110 2304 3164 In
2361 3109 2465 3165 hoc
2507 3111 2744 3166 concilio
2795 3111 3122 3183 legationem
3163 3126 3526 3187 susceperunt

195 3231 362 3278 creto
407 3221 678 3287 consensi,
715 3229 770 3276 et
799 3221 1058 3291 praelecto
1089 3220 1389 3293 subscripsi
1421 3238 1433 3274 :
1472 3221 1723 3279 similiter
1758 3229 1814 3278 et

1926 3201 2184 3258 Theasius
2212 3213 2268 3258 et
2295 3203 2532 3259 Evodius
2556 3213 2747 3260 contra
2777 3205 3085 3262 Donatistas
3111 3225 3124 3261 :
3160 3210 3214 3263 in
3252 3225 3360 3279 quo
3386 3225 3526 3266 con-

192 3312 393 3370 eteteri
418 3313 657 3386 episcopi
678 3313 1144 3386 subscripserunt.

739 3429 892 3485 ANNO
922 3429 1116 3486 Donum
1139 3427 1266 3485 405.

925 3523 1066 3579 XVI.

817 3639 1154 3697 LIBELLUS
1175 3682 1191 3707 ,

194 3771 268 3812 ΑΒ
338 3768 520 3810 EODEM
591 3770 1015 3812 CARTHAGINENSI
1069 3771 1262 3811 TOTIL'S
1312 3771 1519 3812 AFRICAS
1568 3771 1811 3812 CONCILIO

565 3867 736 3908 DATUS
785 3867 1069 3908 SEPTIMINO
1107 3867 1450 3908 PBOCONSULl.

277 3970 613 4042 xEquitatem
648 3978 792 4024 tuam
836 3971 1104 4041 petimus,
1145 3968 1443 4038 Septimine
1490 3969 1572 4024 vir
1617 3967 1810 4024 claris-

196 4068 367 4133 sime,
417 4065 797 4136 proconsulum
844 4080 1056 4119 summe
1101 4062 1374 4118 sublimis.
1425 4063 1590 4118 Multa
1621 4071 1810 4118 contra

195 4160 418 4217 divinas
434 4159 801 4230 humanasque
820 4159 967 4229 leges
989 4157 1056 4211 ab
1077 4157 1342 4211 hzereticis
1357 4157 1422 4211 de
1445 4166 1594 4226 parte
1612 4156 1806 4211 Donati

195 4253 452 4311 Ecclesia
505 4252 784 4307 Catholica
815 4251 1068 4314 sustinet,
1102 4265 1221 4320 quae
1251 4251 1295 4304 si
1323 4249 1406 4304 vel
1438 4248 1807 4304 anterioribus

193 4347 288 4402 vel
319 4344 714 4401 recentioribus
754 4341 1123 4414 imperialibus
1163 4341 1330 4412 jussis
1375 4339 1712 4411 prohibenda
1757 4349 1813 4396 et

197 4441 444 4498 tollenda
497 4439 817 4511 postulanda
868 4437 1159 4502 vellemus,
1218 4449 1557 4505 nequaquam
1607 4433 1811 4489 audere

193 4536 467 4592 deberent
489 4534 556 4588 de
587 4533 784 4588 nostris
806 4530 1112 4587 actionibus
1142 4527 1429 4598 conqueri,
1456 4527 1692 4582 scientes
1723 4541 1804 4594 se,

1920 3297 2048 3353 cilio
2080 3298 2345 3354 insertum
2377 3309 2458 3355 est
2483 3300 2981 3368 commonitorium,
3016 3303 3158 3374 quod
3190 3303 3266 3358 ita
3293 3319 3355 3360 se
3393 3318 3526 3362 con—

1919 3392 2085 3448 tinet:
2595 3383 2604 3392 Χ

1992 3487 2487 3543 Commonitorium
2535 3488 2790 3544 fratribus
2826 3487 3061 3544 Theasio
3090 3497 3147 3546 et
3175 3489 3403 3557 Evodio,
3446 3490 3525 3547 lc-

1916 3579 2056 3652 gatis
2103 3595 2172 3634 ex
2215 3580 2626 3651 Carthaginensi
2659 3579 2917 3648 concilio,
2963 3581 3030 3635 ad
3073 3581 3520 3652 gloriosissimos,

1917 3672 2462 3744 religiosissimosque
2477 3672 2745 3741 principes
2767 3673 2969 3728 missis.
2985 3671 3120 3728 Cum
3134 3673 3519 3730 Dominiauxi-

1917 3767 1992 3822 lio
2024 3767 2294 3836 piissimos
2317 3767 2674 3837 imperatores
2699 3767 2968 3834 adierint,
2998 3775 3060 3822 ut
3083 3768 3163 3822 eis
3196 3768 3473 3824 insinuent
3499 3810 3517 3837 ,

1915 3861 2371 3932 quemadmodum
2413 3862 2570 3932 plena
2622 3861 2815 3916 fiducia
2868 3861 3168 3917 secundum
3220 3862 3520 3933 superioris

1915 3957 2043 4012 anni
2075 3957 2400 4024 concilium,
2450 3957 2851 4022 Donatistarum
2896 3957 3172 4027 praepositi
3223 3958 3357 4013 actis
3395 3972 3518 4012 mu-

1916 4050 2240 4122 nicipalibus
2294 4061 2421 4106 sunt
2463 4050 2755 4117 conventi,
2803 4059 2862 4104 ut
2902 4050 2949 4105 si
2989 4050 3314 4106 confiderint
3342 4050 3411 4106 de
3433 4065 3520 4106 as-

1916 4145 2247 4201 sertionibus
2293 4145 2436 4211 suis,
2499 4144 2691 4200 electis
2727 4160 2792 4198 ex
2832 4159 2930 4199 suo
2982 4159 3210 4200 numero
3249 4143 3519 4214 aliquibus

1917 4239 2129 4295 idoneis
2149 4281 2164 4306 ,
2207 4239 2489 4294 nobiscum
2521 4239 2743 4310 pacifice
2766 4239 3098 4306 conferrent,
3126 4247 3182 4295 et
3206 4247 3519 4295 mansuetu—

1914 4331 2041 4388 dine
2065 4331 2376 4399 christiana,
2402 4333 2447 4386 si
2465 4332 2590 4402 quid
2604 4331 2848 4388 veritatis
2867 4341 3132 4398 tenerent,
3158 4348 3264 4386 non
3283 4331 3521 4404 ambige-

1911 4434 2036 4481 rent
2059 4426 2468 4481 demonstrare:
2510 4439 2619 4496 quo
2649 4425 2720 4478 ita
2745 4425 3027 4480 sinceritas
3057 4425 3363 4493 Catholica,
3397 4441 3518 4497 quae

1910 4520 2018 4590 jam
2051 4518 2260 4589 pridem
2306 4517 2676 4588 superioribus
2733 4517 3067 4587 temporibus
3096 4518 3321 4586 claruit,
3373 4534 3519 4576 nunc

193 4643 323 4684 cum
350 4627 494 4681 nulla
528 4624 617 4680 tali
647 4625 763 4695 lege
787 4623 1196 4694 adjuvarentur,
1226 4617 1603 4676 schismaticos
1627 4628 1807 4674 tamen
1835 4607 1890 4666 D
1914 4629 2129 4685 quoque
2174 4627 2268 4683 per
2297 4611 2646 4682 imperitiam,
2680 4611 2766 4665 vel
2819 4610 3171 4680 pertinaciam
3216 4612 3516 4667 resistenti-

193 4736 331 4777 suos
383 4719 803 4774 Maximianistas
859 4732 954 4786 per
979 4715 1221 4786 judicum
1265 4713 1415 4784 jussa
1456 4713 1593 4769 locis
1629 4728 1693 4768 ac
1722 4728 1808 4770 se-

193 4816 364 4871 dibus
417 4828 605 4870 eorum
651 4809 937 4883 pellendos
1011 4807 1486 4877 exturbandosque
1561 4820 1802 4861 curasse.

194 4909 588 4964 Verumtamen
605 4919 706 4961 nos
735 4904 895 4960 saluti
912 4917 1099 4958 eorum
1117 4910 1170 4958 et
1192 4908 1394 4956 nostra:
1413 4898 1804 4956 existimationi

195 5001 428 5077 pacifice
475 5000 845 5064 consulentes,
898 5007 1122 5069 propter
1159 4995 1487 5052 charitatem
1516 5010 1619 5065 qua
1649 4993 1806 5050 Chri-

194 5097 362 5154 stiani
391 5110 598 5162 sumus,
632 5095 830 5151 leniter
855 5107 951 5148 eos
981 5091 1233 5147 volumus
1273 5089 1590 5155 admonere,
1635 5096 1693 5142 ut
1721 5103 1807 5144 er-

194 5205 384 5248 rorem
425 5205 581 5244 suum
603 5187 890 5260 cogitando
911 5194 966 5242 et
992 5184 1337 5257 agnoscendo
1360 5199 1468 5239 non
1493 5183 1802 5254 negligant:

196 5294 296 5343 aut
325 5285 372 5339 si
403 5293 590 5355 putant
642 5299 701 5338 se
753 5282 952 5337 habere
1000 5279 1204 5351 aliquid
1232 5278 1496 5342 veritatis,
1544 5293 1653 5333 non
1683 5291 1801 5333 eam

197 5377 426 5434 furiosis
452 5375 962 5433 Circumcellionum
992 5373 1268 5431 violentiis
1298 5383 1484 5429 contra
1528 5372 1800 5444 publicam

199 5560 872 5640 ﬁant._ltgitur_profecto_
917 5557 1191 5640 isthicude
1235 5557 1348 5640 ipsa
1375 5598 1389 5622 ,
1421 5570 1540 5626 quae
1569 5553 1812 5640 ejusdem

203 5627 905 5702 concilii'Cartliaginensis
939 5629 1192 5700 precibus
1221 5629 1383 5702 petita
1429 5643 1554 5702 mox
1581 5627 1716 5702 fuit,
1758 5634 1821 5702 et

213 5713 512 5780 impetrata
563 5721 591 5757 a
641 5698 971 5780 Septimille
996 5700 1352 5780 proconsule,
1401 5699 1516 5754 sive
1545 5698 1823 5780 a_vicari:e

270 5770 574 5837 rfefecturae
604 5770 753 5839 sede,
784 5771 1242 5828 conﬁcicndorum
1270 5782 1545 5842 gestorum
1575 5770 1822 5825 facultas.

212 5800 261 5910 EI
282 5852 388 5908 ‘nde
413 5847 633 5910 dicitur,
667 5847 902 5901 Recitata
922 5844 1356 5910 antemjussione,
1387 5843 1530 5899 illius
1560 5842 1822 5910 videlicet,

1911 4708 2013 4763 bus
2042 4707 2444 4770 innotesceret;
2472 4705 2565 4759 sed
2605 4704 2728 4774 quia
2763 4702 3062 4758 difﬁdentia
3104 4705 3512 4775 premebantur,

1912 4803 2046 4860 nihil
2069 4817 2207 4874 pene
2229 4802 2344 4858 ausi
2377 4807 2502 4855 sunt
2528 4798 2878 4868 restiondcre.
2908 4798 3061 4854 Unde
3082 4801 3206 4869 quia
3229 4799 3513 4868 impletum

1910 4908 2130 4969 esterga
2153 4910 2248 4953 eos
2264 4893 2571 4966 episcopale
2591 4908 2654 4948 ac
2677 4894 2961 4963 pacificum
2983 4892 3239 4957 officium,
3259 4891 3402 4946 etilli
3421 4892 3515 4962 qui

1909 4993 2124 5050 veritati
2152 4989 2486 5062 respondere
2515 4988 2892 5059 nequiverunt,
2922 4986 2988 5040 ad
3015 4987 3280 5040 immanes
3303 4985 3512 5042 violen-

1911 5092 2012 5142 tias
2035 5095 2161 5142 sunt
2184 5085 2433 5140 conversi
2461 5101 2472 5136 :
2504 5083 2573 5138 ita
2607 5092 2662 5137 ut
2690 5081 2887 5136 multos
2911 5081 3193 5151 episcopos
3209 5080 3514 5152 multosque

1907 5181 2136 5238 clericos
2165 5181 2246 5251 (ut
2265 5177 2335 5234 de
2365 5177 2514 5232 laicis
2542 5172 2839 5246 taceamus)
2880 5173 3092 5230 insidiis
3111 5173 3510 5244 oppresserint,

1906 5272 2182 5329 Ecclesias
2211 5271 2378 5326 etiam
2407 5269 2618 5341 aliquas
2647 5268 2970 5332 invaserint,
3007 5267 3216 5335 aliquas
3258 5263 3514 5320 invadere

1905 5367 2356 5442 pertentaverint,
2377 5364 2619 5435 ipsorum
2637 5363 2747 5434 jam
2772 5361 3076 5418 clementiae
3102 5368 3186 5413 est
3199 5355 3510 5422 consulere,

1925 5551 2258 5625 amplissima:
2295 5549 2456 5625 sedis;
2481 5562 2586 5625 qua
2619 5545 2867 5625 iussione
2891 5541 3293 5625 magistratibus
3322 5541 3517 5612 praeci-

1923 5616 2195 5696 piebatur,
2230 5629 2288 5696 ut
2312 5616 2603 5696 Catholicis
2632 5616 2900 5696 episcopis
2926 5617 3361 5696 lieretupotestas
3385 5628 3516 5696 conf

1923 5685 2192 5752 veniendi
2235 5693 2542 5747 Donatistas
2588 5685 2685 5758 per
2731 5688 2944 5743 codices
2985 5688 3246 5756 publicos.
3292 5685 3418 5740 Hrec
3460 5692 3518 5739 et

1928 5767 2282 5824 illustrissima
2316 5763 2458 5818 sedes
2504 5771 2558 5816 et
2587 5760 2730 5820 sedes
2769 5759 3049 5814 illustrium
3093 5767 3405 5831 potestatum
3420 5771 3519 5831 vo-

282 5826 902 5917 iid'cvdi‘ciuir—,‘Reciiatn
922 5826 1356 5914 arttenijrissioue,
1387 5843 1530 5899 illius
1560 5842 1828 5910 videlicet,
1931 5849 2084 5896 eatur
2113 5838 2168 5892 in
2197 5835 2482 5893 collatione
2508 5831 2917 5903 Carthagincnsi
2949 5846 3006 5886 ιιι
3029 5871 3044 5896 ,
3080 5826 3131 5886 c.
3160 5830 3260 5884 I67
3287 5828 3342 5884 et
3385 5826 3512 5884 I70.
