3972 6328
484 277 624 333 1-307

1748 267 2179 327 MONUMEN'I’A
2221 267 2499 325 VETERA
3586 281 3698 340 4208

479 399 690 454 suimus
714 439 730 464 ,
779 411 899 468 quae
930 411 998 453 ne
1041 396 1266 452 haeresis
1303 402 1614 461 vocaretur,
1661 392 2081 464 appellationem
2111 400 2157 460 Α
2189 390 2361 445 cultas
2386 431 2402 457 ,
2433 397 2491 445 ut
2528 389 2644 460 ejus
2670 391 2924 460 praesidio
2949 391 3213 448 adversus
3236 392 3384 464 hujus
3418 395 3628 454 criminis
3658 411 3704 459 et

481 492 796 548 schismatis
823 490 1162 562 praeferebat.
1194 489 1249 544 ltt
1284 498 1492 544 tantum
1523 488 1670 544 cnim
1701 487 1929 544 sceleris
1954 502 2081 558 pro-

482 587 659 659 gressi
693 587 946 642 dicuntur
989 586 1024 640 ii
1045 627 1058 651 ,
1097 599 1234 656 quos
1265 585 1578 640 Donatistas
1606 591 1834 650 vocant,
1865 590 1922 636 ut
1952 581 2084 653 bap-

479 680 641 735 tisma
671 689 1098 746 sacrosanctum,
1134 678 1408 751 mysteriis
1439 676 1746 742 recalcatis,
1776 677 2083 731 temeritate

483 773 647 829 noxia
681 773 905 839 iterent,
951 782 1006 829 et
1043 773 1293 828 homines
1323 772 1528 837 semel,
1576 779 1634 826 ut
1669 769 1926 824 traditum
1957 777 2039 824 est
2063 811 2079 837 ,

483 882 709 922 munere
736 865 1034 921 divinitatis
1057 867 1291 931 ablutos,
1317 862 1644 934 eontagionc
1672 861 1913 934 profana:
1936 877 2088 932 repe-

481 961 689 1015 titionis
720 959 1028 1014 infecerint.
1074 959 1151 1014 lla
1189 958 1440 1028 conligit,
1475 967 1532 1012 ut
1559 957 1784 1012 haeresis
1809 973 1872 1010 ex
1904 956 2083 1012 schis-

481 1061 625 1106 mate
649 1062 984 1105 nasceretur.
1009 1050 1137 1106 lntle
1161 1051 1302 1105 male
1329 1049 1578 1104 credulas
1605 1058 1814 1102 mentes
1840 1048 1906 1102 ad
1931 1063 2084 1118 spem

479 1144 733 1200 secundae
765 1143 1118 1214 indulgentia:
1163 1142 1400 1198 blandus
1437 1159 1594 1198 error
1645 1143 1856 1199 invitat.
1903 1142 2084 1199 Facile

478 1245 563 1292 est
589 1237 733 1292 enim
765 1235 1095 1307 persuadere
1123 1235 1496 1306 peccantibus,
1522 1236 1736 1290 veniam
1769 1236 1917 1305 prius
1947 1251 2084 1307 pra:—

475 1332 658 1386 stitatn
693 1331 875 1386 denuo
907 1345 1066 1401 posse
1099 1330 1382 1399 praestari;
1416 1346 1534 1400 qute
1561 1330 1604 1384 si
1633 1329 1860 1386 concedi
1885 1330 2082 1386 iterum

480 1426 672 1482 eodem
707 1425 870 1479 tnodo
899 1433 1078 1496 potest
1104 1467 1118 1491 ,
1149 1441 1253 1478 non
1288 1424 1638 1496 intelligimus
1668 1440 1764 1480 cur
1797 1425 1958 1480 tertio
1985 1425 2083 1480 de-

483 1528 732 1587 negetur.
760 1518 824 1572 f-li
862 1533 992 1572 vero
1021 1526 1075 1572 et
1097 1532 1288 1573 servos
1321 1519 1407 1574 vel
1436 1517 1682 1574 homines
1716 1519 1826 1589 juri
1864 1518 2086 1589 proprio

484 1610 775 1674 subditos,
835 1609 1016 1663 iterati
1072 1609 1412 1680 baptismatis
1469 1611 1717 1682 polluunt
1775 1611 2082 1682 sacrilegio.

481 1704 662 1771 Quare
692 1703 792 1758 hac
823 1704 943 1774 lege
972 1705 1247 1759 sancimus
1273 1747 1287 1772 ,
1317 1714 1375 1760 ιιι
1396 1707 1636 1774 quisquis
1662 1705 1890 1776 posthac
1924 1705 2087 1761 fuerit

2187 481 2464 538 societatis
2491 492 2766 548 auctores,
2793 483 3080 540 adtributa:
3110 484 3362 543 libertatis
3389 490 3610 559 praesidio
3625 494 3702 551 de-

2188 575 2500 641 fenduntur,
2542 575 2810 647 liceatque
2856 577 2938 634 his
2981 578 3086 635 sub
3135 579 3232 636 hac
3267 580 3543 640 conditione
3577 585 3705 645 ﬁdem

2189 668 2348 733 tueri,
2377 683 2537 739 quam
2581 678 2903 742 extorquere
2942 670 3011 726 ab
3057 670 3234 728 invitis
3277 673 3470 730 Dominl
3506 685 3702 737 tentare-

2188 761 2316 818 rint.
2346 762 2456 818 Nec
2481 772 2787 822 assertores
2814 765 3084 837 dogmatis
3109 767 3396 834 Catholici,
3427 785 3484 826 ea
3518 787 3607 842 qua
3629 789 3709 831 ae-

2191 868 2336 913 tcros
2366 859 2458 928 qui
2487 859 2538 912 in
2568 867 2837 930 potestate
2863 871 2988 917 sunt
3018 862 3203 932 positi,
3235 875 3435 933 oportet
3461 866 3520 920 ad
3543 866 3708 926 facinus

2188 949 2305 1020 lege
2329 952 2624 1023 constringi
2650 969 2664 1018 ;
2695 963 2748 1008 ct
2780 955 3015 1010 maxime
3041 957 3290 1011 convenit
3318 971 3495 1012 omnes
3513 958 3711 1018 homines

2185 1043 2305 1098 sine
2355 1045 2465 1100 ullo
2511 1046 2827 1103 discrimine
2857 1049 3186 1105 conditionis
3232 1061 3322 1105 aut
3360 1060 3518 1106 status
3562 1054 3712 1112 infusa:

2187 1136 2397 1192 caelitus
2424 1138 2723 1195 sanctitatis
2750 1157 2873 1197 esse
2899 1143 3171 1198 custodes.
3205 1142 3379 1200 Sciant
3407 1146 3440 1200 ii
3467 1161 3581 1202 vero
3603 1152 3712 1220 quia

2188 1229 2512 1299 supradictis
2549 1231 2749 1288 iterare
2779 1234 3042 1305 baptisma
3085 1250 3192 1291 non
3227 1237 3505 1305 timuerint,
3545 1249 3620 1295 aut
3644 1241 3711 1310 qui

2187 1323 2576 1379 consentiendo
2629 1325 2732 1381 hoc
2777 1325 2988 1384 facinus
3035 1331 3254 1400 propria
3303 1330 3450 1402 hujus
3488 1334 3713 1390 societatis

2188 1418 2550 1489 permixtione
2576 1418 2953 1477 damnaverint
2981 1464 2996 1487 ,
3037 1439 3148 1477 non
3174 1423 3348 1477 solum
3379 1425 3589 1480 testandi
3610 1429 3714 1493 sibi,

2186 1526 2372 1566 verum
2403 1511 2737 1582 adipiscendi
2767 1513 2973 1584 aliquid
3002 1514 3104 1570 sub
3130 1515 3311 1585 specie
3336 1516 3626 1585 donationis,
3651 1522 3716 1576 vel

2187 1603 2564 1673 agitandorum
2605 1614 2981 1662 contractuum
3021 1608 3071 1662 in
3105 1618 3418 1679 perpetuum
3446 1611 3626 1681 cupiant
3648 1613 3718 1668 de-

2188 1705 2434 1767 negatam
2462 1738 2475 1763 ,
2506 1697 2610 1753 nisi
2653 1713 2832 1768 prava:
2861 1700 3058 1755 mentis
3087 1715 3334 1758 errorem
3365 1703 3650 1759 revertendo
3671 1705 3720 1760 ad

481 1795 853 1866 rebaptizasse
885 1797 1150 1864 detectus,
1179 1799 1372 1868 judici,
1416 1800 1510 1871 qui
1555 1800 1856 1855 Provinciae
1887 1800 2078 1870 przesi-
2115 1809 2158 1870 Β
2186 1805 2368 1844 veram
2400 1790 2559 1846 fidem
2596 1793 2810 1848 consilii
2839 1793 3225 1850 emendatione
3267 1798 3600 1853 correxerint.
3627 1797 3722 1853 Illos

482 1891 617 1955 det,
655 1889 935 1956 offeratur,
979 1902 1034 1947 ut
1079 1892 1392 1948 facultatum
1425 1897 1670 1949 omnium
1718 1894 2087 1965 publicationc

480 1983 766 2050 multatus,
797 1983 998 2054 inopiae
1028 2000 1262 2055 poenam,
1305 2002 1408 2052 qua
1451 1988 1503 2042 itt
1533 1996 1854 2058 perpetuum
1884 1987 2088 2043 afficia-

483 2084 588 2142 tur,
621 2075 912 2146 expendat.
944 2076 1021 2131 Ita
1050 2086 1108 2130 ut
1137 2077 1260 2131 filiis
1281 2093 1494 2147 eorum,
1521 2081 1564 2133 si
1591 2094 1621 2134 a
1645 2089 1883 2150 paternae
1911 2083 2084 2136 socie-

478 2171 604 2226 tatis
644 2171 912 2241 pravitate
948 2171 1319 2242 dissentiunt,
1363 2189 1425 2229 ea
1467 2190 1587 2245 qua:
1634 2174 1832 2230 fuerint
1861 2184 2083 2246 paterna

484 2279 590 2320 non
628 2275 875 2334 pereant;
903 2276 960 2320 ut
983 2267 1027 2321 si
1055 2267 1204 2337 ipsos
1233 2267 1456 2323 forsitan
1485 2270 1702 2324 saevitas
1725 2278 1964 2340 paternae
1987 2271 2086 2326 de-

482 2359 767 2429 pravitatis
809 2360 1105 2431 implicavit
1128 2403 1142 2430 ,
1173 2376 1237 2417 ac
1275 2363 1477 2418 reverti
1516 2363 1628 2434 jam
1659 2364 1724 2417 ad
1749 2362 2085 2420 Catholicom

483 2452 804 2522 religionem
854 2453 1101 2520 malunt,
1153 2455 1632 2526 adipiscendorum
1687 2456 1772 2512 liis
1817 2457 2086 2513 bonorum

480 2548 634 2616 c0pia
682 2561 787 2601 non
820 2555 1067 2617 negetur.
1105 2549 1179 2602 Ea
1227 2556 1489 2618 praeterea
1539 2549 1655 2604 loca
1699 2563 1794 2604 seu
1841 2549 2042 2619 praedia
2071 2591 2086 2615 ,

485 2656 607 2711 quae
656 2642 915 2696 feralibus
957 2641 1262 2713 sacrilegiis
1301 2641 1562 2714 deinceps
1601 2643 1911 2698 constiterit
1951 2659 2088 2712 prac-

478 2733 664 2789 buissc
694 2745 992 2803 secretum,
1027 2736 1142 2790 fisci
1177 2735 1384 2790 viribus
1413 2737 1756 2806 applicentur
1789 2754 1802 2789 :
1833 2737 1876 2791 si
1907 2747 2086 2792 tamen

482 2827 736 2884 dominus
765 2839 858 2883 aut
897 2829 1146 2893 domina,
1184 2837 1278 2884 aut
1308 2844 1548 2899 praesens
1585 2829 1726 2884 forte
1765 2829 1962 2894 fuisse,
1996 2838 2090 2884 aut

481 2937 810 2978 consensum
839 2922 1157 2991 praestitisse
1181 2922 1443 2992 probetur
1468 2941 1482 2978 :
1507 2938 1644 2994 quos
1668 2923 1885 2994 quidem
1911 2922 2087 2978 inusta

483 3017 644 3071 etiam
681 3030 775 3086 per
814 3015 1139 3070 sententiam
1185 3016 1398 3070 notabit
1442 3015 1683 3072 infamia.
1732 3016 1786 3072 Si
1829 3031 1961 3072 vero
2002 3015 2088 3072 his

485 3110 685 3167 nesciis
715 3126 810 3181 per
851 3111 1236 3167 conductorem
1287 3121 1763 3182 procuratorcmve
1802 3126 1991 3166 corum
2033 3112 2086 3168 in

482 3207 645 3263 domo
697 3207 954 3278 agitatum
1012 3205 1325 3276 hujusmodi
1386 3208 1594 3262 facinus
1646 3209 2036 3276 comprobatur
2067 3217 2158 3282 ,ρ

485 3300 803 3373 praejudicio
835 3316 861 3353 a
899 3300 1226 3372 praediorum
1256 3299 1620 3370 publicationc
1656 3314 1954 3370 suspenso,
1989 3299 2089 3353 im-

482 3393 666 3464 pliciti;
694 3393 916 3449 sceleris
963 3402 1218 3448 auctores
1246 3393 1470 3449 coerciti
1517 3392 1762 3464 plumbo,
1793 3393 2089 3458 exsilium,

481 3487 535 3543 in
567 3504 673 3559 quo
701 3489 850 3544 omni
881 3489 1004 3544 vitae
1035 3489 1197 3562 217
1231 3505 1346 3544 sua:
1368 3498 1611 3558 tempore
1639 3488 1970 3552 afficiantur,
1998 3501 2088 3542 ac-

481 3582 708 3651 cipicnt.
738 3581 815 3636 Ac
844 3598 911 3637 ne
941 3582 1170 3637 forsitan
1199 3584 1269 3637 sit
1296 3583 1525 3638 liberum
1553 3583 1942 3638 conscientiam
1968 3582 2084 3652 pia-

485 3675 686 3731 cularis
723 3677 1026 3746 perpetrati
1061 3676 1202 3731 intra
1233 3677 1564 3732 dome5ticos
1597 3677 1835 3746 parietes
1867 3675 2086 3731 silentio

485 3768 670 3824 celare
711 3777 924 3823 secreto
950 3810 964 3834 ,
1005 3768 1088 3824 his
1133 3770 1223 3839 qui
1266 3768 1492 3824 forsitan
1535 3769 1601 3824 ad
1637 3770 2086 3840 rebaptizandum

484 3869 769 3934 cogentur,
802 3859 1098 3933 refugiendi
1129 3859 1196 3916 ad
1225 3860 1524 3916 Ecclesiam
1545 3861 1885 3918 Catholicam
1907 3866 1979 3920 sit
2010 3862 2087 3918 fa-

2191 1899 2407 1954 quoque
2443 1899 2538 1954 par
2569 1884 2920 1940 nihilominus
2964 1901 3119 1956 pmua
3151 1888 3517 1958 constringat,
3543 1890 3618 1959 qui
3641 1905 3724 1945 nte-

2191 1987 2527 2031 tnoratorutn
2567 1977 2870 2035 interdictis
2896 1982 3130 2037 coetibus
3169 1995 3267 2036 seu
3298 1983 3586 2038 ministeriis
3618 2000 3722 2054 pra:-

2191 2071 2407 2126 bucrint
2437 2074 2838 2130 conniventiant
2888 2093 2900 2128 :
2952 2078 3022 2130 ita
3056 2084 3114 2130 ut
3155 2076 3523 2133 moderatores
3560 2079 3727 2148 provin-

2191 2164 2442 2232 ciarum,
2505 2166 2550 2220 si
2611 2167 2663 2221 in
2711 2176 3081 2240 contemptum
3130 2171 3431 2226 sanctionis
3478 2171 3726 2240 hujusmodi

2191 2276 2519 2318 consensum
2551 2262 2857 2334 putaverint
2887 2264 3373 2332 commodandum,
3409 2265 3565 2321 sciant
3593 2282 3641 2322 se
3671 2269 3728 2322 vi-

2191 2355 2326 2428 ginti
2375 2357 2630 2413 librarum
2678 2359 2796 2412 auri
2844 2374 3002 2429 paena
3053 2374 3178 2415 esse
3221 2360 3534 2416 multandos.
3581 2360 3726 2416 Ollicia

2192 2450 2355 2506 etiam
2381 2465 2477 2506 sua
2504 2451 2667 2506 simili
2709 2451 3170 2510 condemnatione
3201 2453 3544 2525 sttbjuganda.
3570 2453 3730 2509 Princi-

2193 2546 2341 2616 pales
2373 2546 2458 2602 vel
2489 2546 2808 2602 defensores
2845 2546 3161 2614 civitatum,
3199 2549 3302 2604 nisi
3347 2550 3397 2604 id
3427 2549 3554 2620 quod
3581 2549 3727 2620 pracci-

2193 2638 2370 2708 pimus
2399 2638 2600 2694 fuerint
2626 2641 2894 2706 exsecuti,
2923 2641 3007 2695 vel
3039 2641 3124 2696 Itis
3151 2643 3506 2713 prmscntibus
3532 2641 3730 2698 Ecclesiae

2191 2728 2474 2785 catholicae
2518 2731 2598 2786 vis
2639 2729 2803 2788 fuerit
2833 2733 3001 2799 illata,
3031 2732 3228 2788 eadem
3264 2735 3430 2789 multa
3460 2749 3514 2790 se
3539 2733 3730 2788 noverint

2191 2823 2536 2880 adtinendos.
2570 2825 2687 2881 Dat.
2727 2825 2865 2896 prid.
2911 2826 3030 2883 idus
3060 2826 3227 2884 Febr.
3262 2827 3466 2885 Ravcn.
3494 2825 3730 2884 Stilichone

2194 2918 2259 2987 ll,
2290 2926 2344 2975 et
2373 2918 2667 2977 Anthemio
2694 2921 2852 2978 Coss.

2930 3016 3073 3072 XXI.

2552 3107 2840 3178 QUARTA
2876 3111 3015 3168 LEX
3049 3110 3434 3187 ll0NORll(l)

2699 3221 2751 3259 IN
2785 3221 3242 3262 REBAPTIZA‘NTBS.

2305 3293 2389 3350 Ea:
2415 3293 2544 3352 Cod.
2575 3295 2776 3353 Theod.
2811 3297 2926 3355 Lib.
2960 3315 3068 3368 xvt,
3099 3300 3205 3356 Tit.
3240 3317 3316 3368 νι,
3349 3300 3427 3358 Ne
3446 3309 3642 3360 sanctum

2631 3392 2895 3464 baptisma
2927 3396 3174 3452 iteretur.
3205 3396 3266 3451 L.
3299 3396 3353 3452 5.

2412 3486 2583 3559 lmpp.
2610 3489 2813 3544 Ancan.
2847 3489 3053 3546 Hoxoa.
3085 3506 3151 3545 ετ
3175 3490 3388 3548 Tusco.
3414 3491 3564 3548 ΛΑΑ.

2746 3582 3020 3638 Hadriano
3045 3583 3148 3638 PF.
3181 3584 3240 3640 P.

2268 3673 2347 3730 Ne
2399 3675 2634 3730 divinam
2693 3679 2962 3747 gratiam,
3019 3678 3122 3734 sub
3195 3680 3431 3750 repetito
3476 3678 3734 3749 baptismate

2196 3767 2478 3839 pollutam,
2509 3770 2904 3824 Donatistarum
2929 3783 3138 3826 secreta
3167 3772 3458 3841 violarent,
3498 3782 3547 3828 et
3568 3767 3734 3826 fallendi

2198 3864 2562 3931 occasionem,
2593 3865 2880 3920 severitate
2904 3862 3064 3936 hujus
3086 3865 3471 3937 prtcceptionis
3490 3864 3732 3925 aboletntts,

1867 3952 2306 4016 ΑΝΝὉΤΑΤΙΟΝ
2317 3957 2419 4019 ES.

481 4060 750 4114 sententia
787 4056 1194 4113 constitutionis
1237 4055 1379 4110 illius
1405 4097 1418 4118 ,
1466 4070 1628 4122 quam
1660 4065 1926 4111 memorat
1975 4058 2085 4111 Au-

480 4131 732 4201 gustinus
778 4131 929 4200 epist.
974 4129 1116 4201 166_,
1165 4143 1325 4201 quam
1353 4126 1676 4201 _Balduinus
1726 4128 2084 4201 Constantino

479 4197 768 4271 perperam
810 4197 1028 4263 tribuit,
1063 4198 1190 4251 Not.
1243 4199 1311 4271 in_
1341 4197 1628 4271 Optatum,
1677 4216 1733 4265 p.
1779 4199 1884 4271 8‘2,
1929 4200 2084 4265 cujus

480 4269 644 4328 etiam
679 4271 844 4326 verba
875 4271 1131 4325 nonnulla
1163 4269 1476 4335 consignat:
1512 4269 1770 4323 Attendite
1791 4270 2083 4340 (Donatis-

481 4353 564 4398 tas
605 4342 930 4412 compellat)
973 4340 1586 4412 quantintanifeslissima
1625 4342 1832 4396 veritate
1877 4357 1968 4410 per
1995 4359 2084 4395 cor

479 4417 616 4487 regis
633 4413 780 4487 quod
807 4414 860 4466 in
902 4409 1084 4467 manus
1121 4411 1218 4465 Dei
1249 4409 1342 4475 est,
1375 4412 1482 4480 ipse
1511 4409 1665 4487 Deus
1690 4413 1877 4487 dixerit
1901 4413 1957 4466 in
1981 4415 2082 4468 ista

477 4483 594 4558 ipsa
621 4483 750 4556 lege,
773 4502 928 4554 quam
955 4493 1135 4539 contra
1167 4501 1252 4537 vos
1279 4487 1536 4558 prolatam
1565 4483 1734 4558 dicitis
1761 4500 1779 4538 :
1809 4495 1885 4558 est
1910 4496 2079 4558 autem

479 4555 526 4612 si
551 4555 851 4628 intelligetis
887 4559 1092 4628 prolata
1119 4573 1214 4628 pro
1237 4555 1394 4609 vobis.
1424 4555 1682 4628 Attendite
1707 4556 1831 4624 quid
1858 4557 2077 4612 habeant

478 4631 630 4684 verba
655 4627 1102 4700 principis._Nam
1135 4627 1179 4680 si
1209 4629 1262 4680 in
1290 4627 1475 4700 eisqni
1503 4627 1884 4700 printoinitinti
1927 4639 2076 4694 sunt,

477 4698 677 4754 idcirco
706 4701 890 4772 religio
921 4698 1256 4769 Baptismutis
1273 4698 1549 4772 judicatur
1586 4699 1796 4768 infirma
1819 4742 1833 4765 ,
1864 4701 2003 4770 quod
2039 4703 2077 4754 ii

479 4789 514 4826 a
541 4773 725 4843 quibus
755 4771 1028 4840 accipitur,
1057 4771 1348 4839 peccatores
1373 4778 1642 4841 putantur,
1673 4771 1817 4826 toties
1840 4774 2078 4826 renovari

479 4859 682 4898 necesse
718 4844 812 4898 erit
853 4843 1120 4915 traditum
1147 4844 1797 4915 sacramentum,_quoties
1833 4843 2078 4915 indignus

481 4915 638 4984 fuerit
676 4916 910 4970 inventus
948 4914 1124 4968 collati
1164 4912 1403 4982 baptismi
1444 4913 1835 4968 administrator
1870 4924 1915 4967 et
1947 4912 2077 4983 fides

481 4983 662 5039 nostra
688 5003 791 5039 non
818 5003 883 5041 ea:
916 4995 1106 5040 nostra:
1135 4983 1408 5038 voluntatis
1438 4985 1650 5037 arbitrio
1671 5025 1686 5047 ,
1717 5002 1877 5054 neque
1901 5002 1964 5040 ex
1992 4986 2074 5039 di-

480 5057 585 5112 vini
613 5059 836 5110 muneris
863 5059 1031 5126 gratia
1051 5098 1064 5119 ,
1099 5055 1188 5110 sed
1224 5069 1287 5107 ex
1318 5055 1518 5126 meritis
1545 5055 1869 5110 sacerdotum
1896 5069 1942 5109 et
1973 5058 2075 5111 cle-

477 5129 705 5182 ricorum
739 5123 987 5195 qualitate
1014 5126 1269 5195 pendebit.
1307 5123 1532 5178 Faciunt
1559 5127 1698 5197 mille
1722 5129 1940 5181 concilia
1970 5129 2078 5197 cpi-

477 5200 622 5272 scOpi
651 5199 804 5253 vestri
826 5199 980 5253 :Ituic
999 5199 1090 5251 uni
1116 5197 1378 5250 sententia:
1403 5196 1766 5266 respondeant,
1799 5210 1906 5254 etc.
1935 5196 2075 5256 LG.

551 5290 628 5363 (ι)
653 5291 939 5347 Honorinae
961 5287 1381 5353 constitutionis,
1399 5288 1782 5363 adAdrianum
1798 5291 2081 5346 PP.'emis-

475 5359 572 5429 sm,
610 5359 884 5418 adversus
915 5363 1344 5430 anabaptismum
1399 5359 1824 5428 Donatistarum,
1857 5378 2075 5418 eorum-

475 5438 709 5506 demquc
741 5435 841 5490 hac
871 5444 1020 5506 parte
1051 5435 1159 5488 vim
1207 5440 1262 5486 et
1287 5430 1553 5506 fallaciam
1578 5471 1592 5496 ,
1636 5446 1779 5506 anno
1822 5434 1886 5506 D_._
1920 5434 2028 5506 405
2053 5477 2070 5501 ,

469 5501 729 5573 Ιίιιςηξιιω
751 5501 886 5560 (ιυπέ
903 5516 1080 5575 partes
1108 5511 1234 5558 sunt
1261 5520 1276 5558 :
1301 5512 1356 5558 et
1381 5501 1599 5575 quidem
1623 5502 1812 5557 eodem
1835 5504 1923 5560 die
1949 5505 2073 5561 fine-

477 5597 584 5652 que
624 5579 859 5640 ctnissa:,
891 5574 1001 5652 quo
1020 5577 1349 5652 llenoticum.
1369 5574 1626 5652 edictum,
1661 5576 1814 5652 cujus
1841 5591 1964 5652 pars
1986 5587 2072 5652 est

475 5645 559 5707 lex
585 5652 619 5705 5
639 5666 812 5718 supr.,
836 5659 890 5703 et
912 5645 950 5704 l.
973 5650 1040 5703 58
1078 5665 1222 5716 supr.
1245 5648 1308 5700 de
1329 5645 1605 5708 hwreticis,
1630 5647 1824 5717 quibus
1841 5648 2069 5718 proinde

471 5725 556 5777 ha:
581 5723 699 5774 dtnc
728 5736 941 5790 quoqtte
962 5719 1273 5775 conssanda:
1305 5719 1548 5790 veniunt.
1578 5719 1802 5789 Nempe,
1825 5719 1969 5789 quod
2000 5719 2068 5774 ad

477 5795 531 5846 α.
568 5793 606 5847 ι.
639 5794 672 5848 5
709 5789 920 5862 quoque
945 5791 1054 5862 iam
1086 5790 1336 5857 iudicavi;
1367 5789 1560 5846 eodem
1600 5805 1815 5861 semper
1867 5790 1971 5848 fine
2013 5799 2070 5848 et

2194 4059 2510 4114 llenoticum
2538 4059 2772 4117 edictum
2829 4059 2895 4113 ad
2937 4060 3194 4130 populum
3225 4076 3326 4131 per
3358 4059 3619 4131 Africanas
3642 4071 3734 4126 pro-

2191 4131 2396 4185 vincias
2431 4133 2784 4202 propositum,
2821 4131 3110 4186 Donatistis
3138 4132 3202 4185 ad
3229 4130 3496 4188 unitatem
3522 4130 3740 4202 adducen-

2188 4203 2296 4268 dis,
2338 4201 2629 4258 invitandis
2658 4220 2670 4255 :
2698 4213 2753 4258 et
2780 4203 2895 4258 inec
2943 4204 3260 4258 constitutio
3294 4215 3502 4263 nostra,
3533 4203 3591 4257 ad
3633 4201 3741 4255 fran-

2186 4274 2418 4345 gcttdatn
2445 4291 2636 4330 eorum
2669 4277 3083 4339 contttntaciattt,
3139 4275 3455 4341 audaciam,
3481 4272 3741 4346 fallendique

2189 4349 2506 4418 occasionem
2539 4347 2622 4417 (ut
2653 4347 2701 4418 ι,
2739 4348 2771 4401 5
2827 4347 3045 4412 dicitur)
3084 4345 3508 4418 prtecidendant.
3552 4346 3644 4402 llac
3665 4345 3741 4418 sci-

2188 4417 2311 4472 licet
2335 4414 2641 4486 duplici'via
2668 4417 2937 4472 Honorius
2963 4414 3272 4474 Donatistas
3305 4422 3409 4475 hoc
3433 4431 3652 4488 tempore
3671 4414 3740 4468 ad-

2185 4490 2334 4559 gredi
2359 4489 2610 4553 instituit,
2635 4497 2692 4544 et
2712 4491 2870 4544 edicti
2905 4491 3218 4555 monitorio,
3248 4504 3305 4546 et
3334 4507 3604 4561 poenarum
3625 4502 3742 4542 sere.

2185 4561 2368 4632 ritate,
2397 4572 2455 4614 ιιι
2483 4563 2976 4632 θκβιδθεδρλιιὶρὶιιιι·
3023 4563 3060 4616 ι.
3086 4562 3143 4628 5,
3173 4565 3377 4618 emissa
3406 4563 3742 4620 Constitutione

2182 4631 2250 4686 ad
2281 4631 2580 4708 Adrianum
2636 4632 2741 4688 PP.
2768 4631 2883 4708 qui
2934 4633 3284 4708 severitatem
3313 4635 3474 4708 hujus
3504 4636 3594 4706 leg.
3615 4646 3741 4708 exer-

2183 4704 2294 4775 ceri
2324 4715 2558 4768 curaret,
2587 4719 2682 4774 per
2711 4702 3082 4760 moderatores
3131 4702 3562 4775 provinciarum;
3580 4702 3741 4775 officia-

2185 4774 2284 4846 les,
2335 4775 2669 4846 defensores,
2720 4776 2921 4846 dequo
2948 4777 3050 4846 ﬁne
3077 4774 3178 4846 leg.
3226 4777 3425 4833 Mirum
3477 4786 3656 4832 tantum
3690 4774 3740 4846 ab

2185 4845 2345 4915 hujus
2374 4845 2579 4919 codicis
2617 4845 2990 4919 conditoribus
3018 4849 3070 4902 in
3097 4845 3235 4902 duas
3267 4850 3420 4919 leges
3444 4864 3556 4904 eam
3580 4845 3741 4919 consti-

2185 4919 2446 4992 tutionem
2496 4917 2585 4974 hic
2634 4918 2962 4987 discerptum
2994 4939 3037 4992 7:7
3081 4927 3136 4974 ct
3184 4917 3498 4992 posteriore
3546 4918 3739 4990 quidem,

2183 4989 2427 5064 eamdem
2518 4991 2855 5064 sanctionem
2909 4991 3134 5048 totidem
3179 4989 3373 5050 verbis
3420 4989 3601 5064 repeti,
3648 5001 3738 5060 qua:

2185 5061 2365 5130 priore
2387 5060 2498 5130 jam
2522 5062 2919 5119 continebatur.

2256 5151 2558 5226 Antequam
2602 5154 2668 5208 ad
2703 5154 2872 5223 ipsam
2920 5156 3330 5212 constitutionis
3377 5154 3738 5226 dispositionem

2187 5223 2410 5300 accedo,
2437 5223 2547 5300 duo
2571 5227 2895 5300 priestanda,
2915 5228 3408 5300 prtemitlendaque
3438 5223 3738 5300 sunt._Prittt_0

2191 5294 2482 5350 tenendum
2536 5295 2673 5352 hanc
2706 5294 3170 5362 constitutionem,
3202 5309 3259 5354 ut
3291 5294 3346 5356 οἰ
3379 5294 3674 5358 llenoticum
3695 5295 3742 5349 il-

2180 5366 2272 5421 lud
2324 5366 2828 5443 cilictttnt,_etn_issa_
2853 5371 2918 5423 ah
2951 5371 3188 5427 Honorio
3231 5372 3436 5443 lmper.
3470 5373 3532 5426 ad
3561 5369 3742 5440 legatio.

2179 5453 2302 5494 nem
2333 5438 2554 5514 concilii
2580 5438 3025 5514 Carthaginensis
3064 5443 3206 5514 quod
3239 5438 3487 5500 habitum
3519 5438 3740 5514 fuit'anno

2178 5512 2461 5579 superiore
2494 5509 2620 5576 404,
2652 5509 2892 5567 Honorio
2923 5515 2987 5568 A.
3018 5509 3149 5570 vt'et
3174 5515 3506 5572 Aristteneto
3534 5516 3688 5575 Coss.,
3714 5509 3740 5563 6

2178 5578 2288 5656 ita].
2317 5581 2504 5656 Julias.
2539 5582 2697 5656 Quod
2727 5593 2784 5638 ιιι
2814 5584 2932 5652 ipsa
2961 5595 3260 5656 temporum
3288 5588 3431 5642 ratio
3459 5587 3655 5648 suadet,
3685 5583 3738 5636 ita

2177 5652 2337 5729 fidem
2356 5654 2574 5729 omnino
2589 5655 2784 5729 faciunt
2797 5657 2970 5726 capita
2988 5652 3266 5729 legationis
3280 5658 3462 5725 istius,
3481 5673 3637 5729 caque
3650 5668 3742 5725 qua:

2174 5725 2243 5777 ab
2271 5724 2401 5794 itnp.
2450 5725 2690 5781 llonorio
2731 5724 2922 5797 legatis
2968 5724 3202 5797 petendo
3225 5724 3520 5785 conttniSsa
3561 5724 3740 5782 fuerunt

2174 5797 2571 5866 comprehensa
2625 5812 2692 5856 co
2719 5795 3148 5858 Co’mtnonitorio
3185 5801 3333 5872 quod
3378 5811 3554 5860 exstat
3597 5800 3645 5856 iu
3669 5807 3740 5852 co-
