3972 6328
173 320 319 378 1ἓο9

1029 327 1122 381 AD
1164 324 1702 396 DONATISTARUM
1743 331 2118 391 HISTORIAM
2158 328 2642 388 PERTINENTIA.’

3329 329 3470 387 1210

172 452 494 510 statuentes,
543 452 603 500 ut
629 450 825 500 uetera
878 443 1186 514 huiusmodi
1217 447 1464 506 homines
1497 466 1654 523 plena
1685 467 1774 509 se-
1799 466 1856 528 Α
1879 454 1931 511 in
1965 454 2297 510 Catholicam
2321 452 2634 523 religionem
2662 464 2920 522 perverso
2963 449 3217 522 dogmate
3246 453 3472 510 commi-

172 550 388 614 quatur,
421 540 662 613 legisque
693 553 978 596 censuram
1010 540 1358 613 experiantur
1384 543 1634 603 ultricem
1676 547 1766 620 qui

1878 549 2100 606 sissent.
2143 547 2406 607 Jubemus
2433 547 2615 620 igitur,
2665 543 2734 602 Ut
2759 545 2805 604 si
2845 545 2934 618 qui
2961 545 3175 618 posthac
3210 546 3368 618 fuerit
3388 562 3475 604 re-

1557 664 1998 723 ANNOTATION
2005 667 2106 724 ES.

171 757 294 814 dice
317 755 595 813 Canonum
646 755 906 813 Ecclesia:
934 754 1204 814 Africana:
1244 773 1291 813 c.
1329 758 1418 827 65,
1464 768 1653 831 postea
1684 775 1775 818 os-

171 830 481 884 tendemus.
743 855 746 858 ~

171 840 481 886 tenuemus.
743 855 746 858 ’

243 901 500 976 Secundo
549 903 670 958 loco
699 901 993 976 spectanda
1026 901 1185 976 nobis
1217 918 1279 976 ea
1303 904 1545 970 veniunt,
1575 906 1771 976 quibus

170 974 464 1031 conludere
523 986 578 1030 et
629 973 962 1032 confundere
990 974 1184 1046 nititur
1223 975 1494 1031 Honorius
1523 973 1605 1032 his
1633 978 1769 1046 legi-

171 1047 276 1101 bus
311 1047 618 1102 Donatistas
644 1057 698 1102 et
727 1060 913 1102 eorum
940 1045 1404 1114 anabaplismum;
1433 1058 1618 1104 contra
1651 1045 1771 1117 qui-

170 1117 275 1190 bus
323 1117 482 1173 fidem
529 1117 886 1184 catholicam,
919 1117 1320 1190 legitimumque
1341 1128 1397 1173 et
1443 1120 1769 1189 singularem

172 1189 430 1262 baptismi
478 1205 632 1245 usum
661 1189 1100 1262 commendatum
1132 1191 1202 1257 it;
1240 1189 1413 1262 atque
1435 1191 1572 1248 adeo
1600 1193 1767 1250 ratio-

169 1275 270 1318 nes
291 1261 490 1332 quibus
516 1277 638 1318 eum
668 1261 920 1318 adstruit.

244 1333 559 1406 Singulares
588 1344 714 1390 ante
758 1334 961 1400 omnia,
993 1334 1277 1405 variasque
1307 1334 1625 1406 baptismatis
1674 1351 1770 1406 ap-

168 1404 687 1488 pellationesmuai.
730 1405 821 1488 hic.
847 1404 1200 1488 usurpantur,
1236 1404 1488 1488 coliigere
1521 1409 1572 1462 in
1601 1404 1766 1488 unum

162 1475 346 1550 juvat.
378 1475 551 1534 Vocat
573 1476 779 1532 scilicet
811 1477 861 1531 id
893 1479 953 1532 1°
978 1475 1297 1550 mysterium,
1329 1475 1392 1532 2ο
1417 1495 1602 1550 munus
1631 1479 1768 1534 divi-

170 1549 386 1616 uitatis,
417 1551 482 1605 3°
530 1549 923 1619 indulgentiam,
977 1549 1041 1605 4“
1072 1549 1302 1604 infusam
1331 1549 1548 1606 coalitus
1575 1554 1766 1606 sancti-

167 1629 352 1694 tatem,
371 1691 384 1694 _
407 1621 469 1694 ὅς’
496 1621 737 1694 divinam
767 1622 987 1694 gratiam
1035 1621 1128 1692 (de
1182 1636 1286 1692 qua
1317 1623 1500 1694 gratia:
1526 1624 1768 1694 appella-

169 1692 324 1746 tione
353 1691 462 1747 dixi
484 1693 596 1758 jam
616 1693 682 1746 ad
705 1692 740 1746 ι.
772 1693 824 1748 1.
850 1694 1045 1762 supr.).

163 1788 178 1824 ι
220 1763 615 1836 ΔΡιὌίιιςόεικιηι
645 1765 767 1820 dein
795 1780 856 1820 ea
883 1767 1078 1836 quibus
1105 1764 1284 1820 odium
1313 1781 1468 1820 suum
1493 1764 1764 1823 llonorius

165 1834 437 1890 adversus
461 1836 856 1892 Donatistarum
884 1834 1087 1893 sectam
1111 1846 1165 1892 et
1183 1837 1615 1907 anabaptismum
1645 1854 1764 1906 pas-

1877 761 2054 816 scelus
2082 775 2178 817 seu
2211 760 2418 818 facinus
2446 761 2529 819 vel
2559 761 2763 818 fallacia
2797 761 2969 820 hacin
2995 777 3054 817 re
3076 759 3464 832 processerint.

1875 832 2083 906 Nempe
2106 834 2340 906 domos,
2371 835 2486 893 loca
2519 849 2614 889 seu
2649 833 2846 906 praedia
2876 834 3194 904 seligebant,
3233 849 3352 905 quae
3381 834 3466 906 fe-

1876 905 2079 960 ralibus
2101 905 2341 974 ipsorum
2371 905 2664 976 sacrilegiis
2697 906 3000 975 przeberent
3041 914 3307 961 secretum
3341 923 3356 960 :
3383 905 3465 960 id-

1874 992 1979 1046 que
1999 978 2043 1032 si
2076 993 2183 1032 non
2209 977 2463 1043 dominis,
2489 989 2543 1032 at
2563 978 3000 1042 conductoribus,
3029 978 3467 1045 procuratoribus

1875 1063 2060 1120 eorum
2093 1049 2579 1114 consentientibus,
2629 1064 2765 1120 quos
2794 1050 2849 1104 in
2903 1057 3080 1118 partes
3110 1062 3236 1103 suas
3287 1048 3468 1106 trahe-

1874 1118 2002 1191 bant
2034 1137 2046 1173 :
2075 1129 2130 1175 et
2155 1121 2232 1176 sic
2262 1118 2659 1176 conscientiam
2680 1120 2970 1191 piacularis
2999 1121 3292 1190 perpetrati
3324 1120 3463 1178 intra

1871 1190 2201 1248 domesticos
2243 1194 2476 1262 parietes
2511 1190 2728 1248 silentio
2774 1191 3023 1248 celabant
3068 1200 3320 1247 secreto:
3347 1207 3467 1249 ser-

1875 1277 1975 1318 vos
2003 1264 2132 1319 item
2186 1280 2316 1320 suos
2369 1264 2436 1320 ad
2488 1264 2543 1319 id
2575 1265 2774 1320 invitos
2813 1263 3115 1334 cogebant:
3147 1263 3363 1319 tandem
3410 1273 3468 1321 et

1870 1337 2223 1406 conniventes
2249 1335 2350 1392 sibi
2370 1352 2515 1406 saepe
2540 1338 2591 1391 in
2619 1335 2798 1391 ofﬁcio
2822 1336 3144 1392 constitutos
3167 1334 3459 1392 habebant.

1872 1405 1966 1461 lla:
1999 1417 2106 1462 tres
2132 1407 2355 1463 fallacia:
2385 1405 2849 1477 Rebaptizanlinm
2878 1416 3054 1463 erant.

1942 1478 2038 1533 His
2064 1477 2246 1549 igitur,
2277 1478 2577 1550 horumque
2605 1481 2914 1545 temeritati,
2941 1479 3051 1534 imo
3077 1480 3222 1533 omni
3247 1479 3468 1550 fallendi

1868 1551 2144 1617 occasioni,
2187 1561 2246 1606 ut
2269 1551 2464 1606 dicitur
2489 1552 2527 1606 ι.
2569 1553 2624 1617 5,
2656 1552 2752 1606 Ιιοσ
2782 1552 2862 1605 tit.
2886 1551 3086 1620 justam
3115 1552 3465 1607 severitatem

1870 1629 1927 1678 et
1953 1624 2373 1694 propositionem
2420 1625 2642 1694 opponit
2670 1623 2753 1678 his
2781 1623 2989 1694 legibus
3020 1623 3311 1688 Honorius,
3339 1639 3467 1693 sep-

1869 1703 2086 1765 temque
2113 1695 2250 1750 adeo
2279 1694 2452 1749 media
2483 1704 2536 1749 et
2583 1694 2820 1749 remedia
2851 1712 2866 1750 :
2895 1694 2983 1750 cui
3012 1694 3234 1765 omnino
3265 1694 3462 1750 similis

1866 1775 1950 1820 est
1976 1764 2215 1835 ejusdem
2251 1766 2468 1821 Honorii
2519 1767 2610 1821 lex
2643 1766 2862 1821 biennio
2913 1776 3034 1835 post
3077 1764 3171 1829 40,
3203 1782 3347 1835 supr.
3401 1767 3465 1820 de

1865 1835 2139 1892 haereticis.
2181 1839 2233 1893 in
2283 1838 2630 1904 Manicharos,
2686 1837 2952 1908 Phrygas,
3000 1837 3461 1908 Priscillianistas.

164 1907 276 2000 sim
313 1908 618 1976 proﬁtetur,
651 1909 1043 2000 verborumque
1067 1908 1204 1966 adeo
1232 1911 1604 2000 atrocitai‘e'ea
1634 1925 1762 1965 cou-
1794 1940 1841 2000 Β
1869 1908 2072 1973 Primo,
2123 1911 2387 2000 publicam
2435 1907 2996 1994 haneaccusationem
3022 1907 3195 2000 'facii,
3227 1907 3354 1963 dum
3377 1911 3463 2000 lin

167 1978 291 2034 fidit
323 1997 336 2032 :
371 1990 526 2035 vocat
566 1995 696 2047 eos,
763 1978 1108 2036 adversarios
1151 1980 1434 2036 catholica:
1464 1981 1585 2036 lidei
1620 1999 1634 2036 :
1667 1997 1763 2037 eos

169 2052 482 2119 exstirpare
511 2051 669 2120 hujus
699 2051 900 2108 decreti
934 2053 1253 2107 auctoritate
1281 2055 1624 2122 proSpexisse
1650 2067 1710 2108 se
1745 2070 1758 2108 :

167 2122 603 2178 intercidendam
632 2125 766 2194 (non
811 2125 1234 2188 interdicendum,
1264 2132 1321 2179 ut
1347 2124 1563 2194 quidam
1599 2141 1761 2195 repo-

166 2194 328 2265 nunt)
361 2195 671 2264 specialiter
707 2211 826 2251 eam
852 2207 1054 2251 sectam
1086 2214 1098 2250 :
1129 2198 1305 2252 scelus
1326 2238 1340 2261 ,
1371 2194 1758 2262 temeritatem,

165 2266 388 2339 noxiam
421 2267 738 2339 pravitatem
791 2265 873 2322 eis
928 2267 1146 2334 tribuit;
1174 2268 1494 2338 contagione
1523 2268 1761 2339 profante

170 2337 520 2411 repetitionis
547 2338 1007 2411 ablutos'inliccre
1038 2341 1112 2394 ait
1144 2359 1156 2394 :
1193 2337 1368 2394 iterati
1419 2337 1756 2411 baptismatis

164 2410 456 2481 sacrilegio
481 2410 721 2480 polluere
751 2429 764 2463 :
789 2412 1086 2466 suavitatem
1110 2411 1458 2481 depravitatis
1489 2410 1717 2481 imputat
1745 2429 1757 2466 :

164 2480 355 2536 feralia
378 2482 682 2551 sacrilegia,
714 2482 941 2549 facinus,
971 2480 1241 2553 piaculare
1265 2480 1632 2552 perpetratum
1657 2483 1764 2538 cri-

163 2568 315 2626 men,
354 2569 531 2622 pravae
559 2555 755 2610 mentis
798 2570 1063 2617 errorem,
1107 2555 1333 2625 gratiam
1384 2555 1484 2610 sub
1532 2555 1762 2626 repetito

161 2625 492 2698 baptismate
515 2626 795 2696 pollutam,
826 2641 1138 2698 perversum
1169 2626 1382 2696 dogma.

234 2696 380 2760 Jam,
432 2712 779 2770 summopere
829 2696 1127 2754 notandum
1178 2698 1320 2768 quod
1379 2698 1444 2753 ad
1480 2698 1760 2754 historiam

162 2769 572 2825 Donatistarum
595 2769 848 2839 pertinet,
878 2771 1108 2826 simulet
1132 2770 1488 2827 adhaereseos
1517 2772 1763 2827 etschis-

162 2844 330 2897 rnatis
361 2841 741 2898 differentiam.
798 2843 1002 2914 Nempe
1044 2843 1122 2898 ait
1146 2843 1455 2899 Donatistas
1478 2855 1628 2899 sectis
1655 2859 1764 2899 sua:

161 2915 458 2982 praetulisse
483 2915 882 2985 appellationem
925 2915 1236 2981 schismatis,
1266 2925 1320 2969 et
1359 2930 1548 2970 revera
1581 2927 1758 2970 tamen

161 2987 405 3040 haeresim
431 3002 496 3041 ea:
545 2988 820 3042 schismate
848 2997 1035 3049 ortam,
1063 2987 1190 3042 dum
1219 2987 1649 3055 anahaptismum
1682 2988 1764 3042 in—

161 3058 390 3113 vehunt.
414 3057 570 3126 Quod
601 3057 872 3115 hzereseos
891 3068 948 3114 et
971 3058 1276 3114 schismatis
1295 3058 1654 3114 dili‘erentiam
1681 3069 1763 3114 at-

159 3129 328 3194 tinet,
359 3141 444 3185 est
472 3146 535 3185 ea
556 3130 665 3200 jam
699 3131 832 3187 satis
856 3139 1007 3194 nota,
1035 3145 1101 3186 ex
1129 3129 1302 3186 obviis
1328 3133 1572 3187 veterum
1607 3132 1760 3187 testi-

155 3202 385 3266 muniis,
438 3201 691 3272 Cypriani
742 3203 795 3258 in
849 3203 954 3261 his.
988 3202 1270 3272 Augustini
1300 3213 1352 3258 et
1403 3202 1756 3258 Balsamonis.

156 3272 341 3327 Verus
369 3273 559 3328 saltem
589 3284 778 3331 auctor
819 3273 1017 3344 dialogi
1065 3289 1159 3328 seu
1210 3274 1624 3329 consultationis
1667 3285 1759 3330 aut

153 3345 536 3402 altercationis
580 3356 770 3402 auctor
820 3337 1328 3414 inter'Apollonium
1379 3346 1759 3413 Philosolrhum
1788 3337 1833 3398 C

155 3425 215 3471 et
239 3416 530 3472 Zachzeum
554 3416 918 3472 Christiamnn
950 3416 1040 3471 lib.
1065 3417 1117 3482 Ξ,
1133 3417 1207 3475 ,(Ιθ
1228 3417 1538 3472 Novatianis
1560 3434 1752 3487 agens:

154 3487 406 3544 Fuerunt
444 3491 497 3543 Iri
536 3491 814 3560 aliquando
841 3489 1126 3550 nobiscum,
1170 3489 1260 3542 sed
1291 3487 1497 3543 Novato
1537 3489 1762 3558 quodam

152 3571 378 3615 auctore
394 3561 617 3630 disrupti
631 3573 774 3615 sunt:
797 3577 896 3614 non
916 3571 1084 3615 tamen
1100 3560 1348 3616 haereticis
1367 3562 1629 3630 quandi,
1642 3564 1763 3629 quia

152 3649 269 3687 non
294 3649 327 3685 a
349 3631 672 3703 confessione
684 3631 958 3696 catholica,
983 3633 1072 3686 sed
1089 3650 1121 3686 a
1141 3633 1392 3686 charitate
1427 3631 1756 3698 dissentiunt,

151 3715 318 3774 atque
347 3707 402 3759 in
429 3705 596 3760 solam
625 3706 861 3774 pietatem
882 3705 1091 3759 rebelles
1125 3703 1218 3758 Dei
1245 3704 1614 3758 misericordite
1641 3705 1763 3758 sub-

152 3774 400 3842 trahunt,
431 3793 556 3840 quos
581 3777 738 3832 semel
760 3777 957 3830 inimici
978 3777 1171 3844 laqueis
1192 3776 1414 3828 irretitus
1435 3777 1636 3829 restitui
1659 3794 1763 3832 non

149 3847 466 3919 admittunt,
515 3850 734 3903 mundos
763 3864 837 3913 se,
885 3858 1058 3919 atque,
1108 3855 1162 3900 ut
1188 3849 1416 3919 ips_orum
1442 3849 1590 3900 verba
1622 3857 1759 3915 utar,

150 3918 421 3974 Cat/raros
449 3929 652 3985 uocant,
685 3929 730 3972 et
765 3917 1043 3974 conventus
1071 3929 1216 3974 extra
1246 3917 1531 3974 Ecclesium
1559 3928 1764 3975 contra-

149 3991 315 4045 hunt.
355 3991 458 4046 Par
487 3993 624 4046 ratio
657 3991 1054 4047 Donatistarum
1088 4000 1143 4046 et
1190 3989 1498 4045 schismatis
1529 4005 1716 4047 eorum
1744 4009 1758 4047 :

147 4064 227 4118 de
262 4079 376 4131 quo
401 4063 664 4119 videndus
695 4063 778 4120 vel
808 4063 1036 4132 Optatus
1065 4063 1422 4118 Milevitanus.
1454 4062 1562 4118 Sed
1591 4065 1759 4132 enim,

149 4145 214 4190 ut
242 4133 348 4189 hac
379 4136 477 4206 leg.
519 4135 736 4200 dicitur,
779 4135 986 4190 Itwresis
1035 4151 1097 4189 ea:
1118 4132 1389 4189 schismate
1431 4145 1552 4188 nata
1582 4145 1674 4202 est,
1705 4145 1763 4192 ut

147 4206 336 4262 ferme
361 4208 498 4262 alias
523 4207 752 4262 adsolet.
803 4207 1006 4276 Nempe
1034 4215 1242 4268 notum,
1288 4206 1592 4261 Donatistas
1617 4208 1763 4262 nullo

148 4281 404 4349 primum
443 4279 512 4334 de
543 4279 803 4350 religione
851 4294 948 4334 seu
977 4279 1152 4348 capite
1178 4277 1426 4344 dissidio,
1459 4279 1526 4332 ab
1577 4278 1764 4335 Eccle-

145 4353 235 4406 sia
273 4360 482 4406 tantum
513 4351 779 4406 catholica
801 4393 816 4417 ,
871 4360 926 4406 et
976 4351 1056 4405 sic
1101 4365 1128 4402 a
1158 4364 1390 4417 corpore
1425 4352 1716 4406 recessisse
1745 4368 1759 4405 :

145 4439 353 4479 verum
401 4431 588 4494 postea
616 4422 894 4477 schismati
927 4422 1176 4494 lueresim
1218 4428 1272 4494 et
1313 4421 1758 4487 obstinationem,

145 4491 543 4565 anabaptismo
595 4496 825 4558 invecto,
891 4493 1018 4548 odio
1067 4491 1461 4547 catholicorum
1512 4494 1760 4565 superin-

146 4564 464 4629 duxere,et
494 4568 546 4621 in
569 4576 766 4621 tantum
796 4565 1042 4620 scelerum
1066 4565 1322 4633 progressi
1350 4572 1491 4626 sunt,
1525 4564 1666 4632 quod
1709 4573 1763 4620 et

145 4638 502 4708 Augustinus
551 4653 656 4694 non
708 4653 814 4693 uno
865 4635 1026 4693 etiam
1078 4637 1198 4708 loco
1237 4634 1441 4708 traditi:
1471 4635 1613 4690 inter
1655 4636 1762 4690 alia

1871 1991 2096 2052 utraque
2137 1984 2173 2036 Ι.
2207 1983 2240 2037 4
2267 1991 2312 2035 et
2341 1982 2374 2035 5
2425 1983 2644 2050 statuit,
2687 1996 2780 2036 eos
2828 1981 2916 2050 qui
2959 1980 3464 2052 rebaptizassede-

1868 2053 1996 2108 tecti
2015 2051 2249 2116 fuerint,
2277 2052 2443 2121 judici
2467 2053 2558 2123 qui
2587 2052 2874 2124 provinciae
2898 2060 3098 2121 pricest
3117 2051 3424 2124 oll‘crendos
3449 2070 3464 2108 :

1865 2134 1918 2180 et
1965 2139 2091 2179 mox
2147 2125 2330 2187 addit,
2377 2122 2610 2180 maxime
2641 2125 2932 2181 convenire
2976 2138 3164 2178 omnes
3214 2122 3464 2181 homines

1864 2195 1986 2252 sine
2037 2198 2148 2251 ullo
2191 2197 2504 2253 discrimine
2550 2197 2878 2252 conditionis
2907 2205 3000 2251 aut
3043 2203 3239 2262 status,
3270 2194 3464 2252 infusa:

1865 2267 2078 2324 cmlitus
2125 2269 2428 2324 sanctitatis
2477 2284 2599 2326 esse
2649 2267 2946 2325 custodes:
2989 2267 3058 2323 de
3109 2281 3214 2336 qua
3247 2267 3462 2335 publica

1867 2339 2139 2395 haereseos
2161 2383 2176 2407 ,
2229 2351 2287 2394 ut
2315 2352 2367 2396 et
2406 2341 2697 2408 apostasia:
2727 2339 3099 2406 accusatione,
3134 2339 3242 2392 suis
3273 2339 3463 2395 titulis.

1864 2409 1933 2466 Et
1976 2412 2055 2466 sic
2105 2414 2396 2466 lnnnanum
2441 2411 2838 2482 quodammodo
2869 2428 3040 2482 genus
3087 2425 3249 2464 omne
3280 2411 3332 2465 in
3365 2410 3466 2465 hos

1864 2484 2090 2555 animat.
2138 2483 2392 2540 Secundo
2421 2481 3029 2555 Rebaptizantesbonis
3077 2483 3190 2555 suis
3241 2482 3459 2555 multari

1860 2554 2044 2626 jubet,
2077 2572 2197 2624 qua)
2226 2555 2356 2611 lisco
2398 2553 2783 2626 adquirantnr,
2818 2554 2918 2626 nisi
2954 2554 3092 2626 filios
3129 2553 3240 2624 jam
3273 2553 3464 2612 ortho-

1864 2625 2036 2682 doxos
2065 2625 2319 2695 habeant,
2353 2627 2436 2681 vel
2460 2625 2548 2694 qui
2575 2625 2690 2682 fieri
2723 2625 2865 2681 serio
2888 2625 3074 2680 velint.

1935 2721 2145 2787 Tertio,
2179 2723 2292 2776 loca
2341 2723 2392 2776 in
2450 2721 2644 2794 quibus
2677 2721 3054 2794 rebaptisatior
3084 2719 3227 2794 facta
3275 2719 3462 2794 fuerit,

1864 2793 2084 2849 domino
2107 2794 2333 2861 sciente,
2362 2793 2754 2860 consentiente,
2778 2793 3058 2848 conﬁscari
3082 2793 3337 2862 imperat:
3355 2793 3464 2846 imo

1864 2877 1919 2922 et
1962 2866 2242 2920 dominum
2274 2865 2494 2920 infamia
2540 2866 2739 2920 notari.
2795 2865 3019 2932 Quarto,
3076 2863 3462 2928 conductores,

1865 2948 2246 3008 procuratores
2267 2938 2516 2994 eonscios
2540 2937 2827 3008 plumbatis
2849 2951 3042 3000 caesos,
3067 2936 3119 2990 in
3141 2944 3462 3008 perpetuum

1865 3007 2116 3066 exsilium
2144 3009 2371 3064 dandos.
2413 3007 2635 3076 Quinto,
2677 3007 2847 3064 servis
2873 3017 2925 3063 et
2951 3008 3178 3079 colonis,
3205 3023 3340 3079 quos
3369 3007 3466 3062 do-

1865 3082 1994 3136 mini
2035 3082 2102 3137 ad
2132 3082 2564 3151 anahaptismum
2596 3096 2791 3151 cogere
2821 3077 3011 3142 velint,
3045 3077 3302 3134 Ecclesiae
3333 3094 3462 3150 per-

1863 3153 2065 3223 fugium
2111 3165 2296 3224 patere
2323 3153 2543 3218 debere,
2574 3162 2628 3208 et
2657 3152 2723 3206 ad
2753 3152 3053 3224 libertatem
3101 3151 3224 3206 ideo
3246 3166 3465 3224 perve-

1865 3222 2002 3288 nire,
2027 3222 2141 3291 seu,
2169 3235 2226 3279 ut
2257 3224 2517 3296 loquitur,
2545 3223 2804 3278 attributa:
2831 3222 3076 3280 libertatis
3104 3222 3346 3296 pra’sidio
3372 3223 3468 3276 de-

1867 3297 2029 3367 fendi.
2060 3297 2212 3365 Quod
2241 3295 2456 3368 quidem
2496 3297 2767 3366 adjectum
2797 3296 2967 3351 videri
3000 3295 3189 3368 possit,
3245 3303 3466 3362 propter

1867 3368 2171 3438 Crispinum
2225 3367 2602 3423 Galalrrenserrr
2657 3368 3050 3421 Donatistarum
3103 3367 3461 3436 episcopum,

1863 3440 1955 3508 qui
1986 3437 2212 3494 colonos
2233 3441 2496 3510 quosdam
2529 3437 2780 3494 mercede
2805 3449 3065 3510 attractos
3087 3439 3464 3510 rebaptizave-

1865 3522 1948 3565 rat
1979 3529 2011 3584 :_
2025 3511 2094 3567 de
2119 3527 2226 3581 quo
2256 3509 2838 3584 Atlgustinus‘epislola
2862 3509 2996 3584 7175,
3027 3518 3072 3562 et
3121 3517 3298 3584 contra
3328 3509 3466 3584 litte-

1863 3599 1948 3636 ras
1972 3579 2220 3638 Petiliani
2243 3579 2365 3654 cap:
2395 3585 2482 3645 88;
2515 3593 2568 3638 et
2598 3581 2683 3636 hic
2712 3580 2930 3654 interim
2963 3595 3122 3654 casus
3149 3579 3268 3654 aliis
3297 3579 3466 3634 adda-

1864 3662 1972 3719 tur,
2013 3655 2209 3724 quibus
2261 3650 2402 3710 servi
2446 3665 2500 3710 et
2546 3652 2724 3709 coloni
2757 3669 2853 3722 pro
2885 3650 3464 3724 prtemiohlibertatem

1864 3722 2257 3796 adipiscuntur.
2288 3725 2476 3787 Sexto,
2513 3725 2771 3792 testandi,
2805 3722 3143 3793 adipiscendi
3174 3722 3376 3796 aliquid
3397 3739 3463 3796 ex

1863 3794 2179 3864 donatione,
2211 3798 2298 3854 vel
2330 3795 2689 3852 contrahendi
2711 3799 2799 3866 jus
2830 3794 3315 3865 rebaptizantibus,
3345 3795 3466 3865 qui-

1863 3885 1968 3938 que
1997 3885 2185 3925 eorum
2218 3871 2446 3925 cmtibus
2477 3884 2571 3924 seu
2614 3865 2930 3924 ministeriis
2972 3865 3302 3938 praebuerint
3322 3881 3462 3938 conj-

1865 3936 2186 4000 tiiventiam.
2239 3943 2290 3996 iu
2333 3956 2521 3996 errore
2566 3936 3006 4011 permanentihus
3057 3936 3459 4011 adimit._Quod

1867 4013 1933 4067 ad
1964 4015 2184 4068 Patrum
2243 4009 2621 4068 Africanorum
2685 4013 2999 4082 petitionem
3053 4020 3108 4065 et
3139 4009 3464 4082 legationem

1864 4089 2183 4150 sancitum;
2245 4085 2325 4140 sic
2377 4085 2519 4140 enim
2570 4084 2642 4138 illi
2689 4081 2750 4138 in
2805 4081 3220 4138 connnonitorio
3275 4081 3465 4152 legatis

1865 4160 2034 4219 dato;
2071 4156 2357 4211 Petendnm
2413 4159 2589 4223 etiam,
2623 4164 2677 4210 ut
2725 4156 2808 4210 lea:
2836 4170 2949 4226 qua:
2993 4152 3268 4226 hwreticis,
3301 4151 3377 4226 uel
3403 4167 3468 4226 ea;

1865 4229 2253 4294 donationibus,
2299 4229 2378 4282 uel
2405 4245 2468 4282 ea:
2513 4227 2823 4282 testamentis
2847 4223 3048 4298 aliquid
3103 4223 3340 4292 rapiendi
3385 4223 3468 4298 uel

1865 4302 2187 4370 relinquendi
2217 4301 2434 4372 denegat
2474 4301 2804 4371 facultatem,
2833 4301 2894 4372 ab
2925 4295 3099 4372 eorum
3128 4311 3330 4372 quoque
3359 4295 3469 4372 pie:

1867 4382 1969 4426 tate
1998 4366 2243 4426 hactenus
2264 4366 2543 4442 rep'etatnr,
2576 4382 2631 4424 ut
2671 4372 2743 4425 eis
2782 4368 3103 4442 relinquendi
3133 4370 3210 4442 vel
3233 4366 3467 4442 smnertdi

1855 4445 1948 4513 jus
1971 4443 2186 4508 adimat,
2220 4437 2634 4515 quipertinacia!
2671 4442 2847 4512 furore
2882 4437 3056 4515 cruenti
3082 4441 3134 4491 in
3161 4437 3466 4515 Donatista:

1865 4509 1980 4568 rum
2013 4530 2186 4568 errore
2230 4509 2548 4584 perseverare
2591 4509 2865 4568 uoluerint.
2909 4511 3158 4584 (litteram
3202 4510 3335 4584 illis,
3373 4509 3468 4584 qui

1867 4581 2276 4639 consideratione
2311 4586 2522 4639 unitatis
2551 4594 2598 4638 et
2640 4584 2781 4654 pacis
2828 4600 2883 4637 se
2907 4581 3464 4654 corrigerevoluerint,

1865 4659 2054 4726 absque
2080 4656 2531 4728 interdictohujus
2562 4651 2978 4728 legiscapiendw
3017 4656 3112 4728 jus
3151 4651 3467 4728 Iucreditatis

144 4707 386 4798 epistola
419 4711 556 4798 £64.,
588 4710 676 4764 ubi
728 4710 806 4764 ait
839 4728 850 4762 :
885 4724 969 4798 eps
990 4707 1300 4798 ﬁsco/tisntatis
1331 4707 1559 4774 crimen,
1610 4709 1763 4762 etiam

2212 4707 2384 4781 adhuc
2478 4707 2918 4798 sitsic/ieiuno
2940 4707 3240 4798 constitutis
3258 4723 3467 4798 aliquid

141 4783 404 4839 haeresim
430 4782 564 4836 male
583 4780 955 4853 perseverando
981 4781 1179 4851 fecisse.

228 4875 680 4951 218Notandte
699 4875 861 4930 etiam
887 4873 1389 4951 Honoriirationese
1410 4873 1767 4951 media’fheo-

145 4944 834 5022 leg—Ta—iriariabaptismum
853 4989 865 5008 ,
881 4946 950 4999 ab
963 4946 1236 5016 episcopis
1248 4960 1382 5015 quos
1405 4946 1588 5022 procul
1601 4944 1766 5000 dubio

145 5017 523 5080 in'consilinm
556 5018 803 5074 adhibuit
829 5029 1097 5089 suggesta:
1114 5035 1127 5072 :
1145 5017 1766 5089 prietergeneralesqum

143 5096 332 5151 etiam
385 5091 504 5146 aliis
537 5091 742 5159 legibus
769 5087 1151 5154 continentur,
1187 5089 1286 5144 isra
1322 5090 1478 5156 plane
1526 5087 1762 5144 Theolo-

141 5168 335 5239 gica_:
371 5162 523 5239 Inde,
543 5164 745 5239 inquit,
774 5162 908 5239 male
933 5161 1172 5239 credulas
1199 5169 1386 5239 mentes
1415 5160 1484 5213 ad
1511 5176 1652 5239 spem
1680 5177 1763 5214 se-

143 5232 356 5294 cunda:
406 5232 743 5306 indulgentia:
787 5232 1006 5306 blandus
1057 5247 1202 5306 error
1251 5232 1434 5306 invitat
1463 5247 1482 5285 :
1512 5233 1668 5306 facile
1694 5241 1769 5286 est

142 5312 304 5364 enim
349 5303 660 5376 persuadere
708 5304 1055 5376 peccantibus,
1086 5303 1291 5376 veniam
1323 5304 1463 5374 prius
1486 5304 1768 5376 prwstitam

143 5375 357 5438 denuo
375 5395 524 5449 posse
547 5375 798 5450 prmstare
822 5391 842 5429 :
868 5390 986 5446 qua:
1011 5380 1055 5429 si
1083 5375 1294 5450 concedi
1323 5377 1590 5450 iterum__eo
1617 5375 1770 5429 modo

141 5445 483 5527 potesth'non
503 5445 842 5527 i_ritelligi_mus
868 5445 965 5527 cur
1010 5446 1156 5527 tertio
1178 5445 1472 5527 denegemr:
1502 5445 1619 5527 Huc
1642 5462 1763 5527 per-

141 5515 310 5582 iinet
340 5520 475 5577 illud
503 5515 828 5576 Tertulliani
860 5517 949 5573 lib.
999 5518 1062 5570 de
1083 5515 1350 5589 Baptisnio
1379 5533 1397 5571 :
1430 5516 1602 5572 Semel
1640 5515 1770 5588 bap-

142 5600 377 5653 tismum
407 5593 616 5660 inimus,
646 5589 804 5646 semel
832 5589 1020 5645 delicta
1042 5589 1329 5656 diluuntur,
1357 5589 1476 5660 quia
1505 5590 1682 5645 iterari
1711 5606 1770 5645 ea

141 5685 269 5725 non
301 5673 520 5736 Oportet.

236 5731 550 5807 Aniequam
579 5736 741 5807 etiam
773 5733 1057 5807 riemediis
1081 5731 1322 5807 agimus,
1356 5740 1526 5807 atque
1542 5732 1672 5807 ideo
1703 5733 1771 5790 de

137 5815 308 5886 iusta
343 5804 570 5886 Honorii
615 5806 700 5862 his
730 5805 937 5886 legibus
967 5805 1256 5886 severitate
1302 5804 1770 5886 adﬁcohibendum

139 5875 642 5954 ithabaplismum;
699 5877 992 5936 videndum
1046 5883 1327 5948 queusque
1373 5875 1770 5934 Donatistarum

1872 4795 1991 4854 ante
2020 4799 2315 4853 donationis
2359 4799 2436 4852 vel
2477 4797 2794 4852 lia’rcditatis
2824 4797 3078 4852 obvenerit
3121 4813 3140 4850 :
3182 4795 3272 4850 ubi
3315 4795 3466 4849 vides

1871 4873 2119 4928 eamdem
2174 4884 2392 4941 quoque
2429 4870 2805 4938 exceptionem
2837 4887 2850 4923 :
2883 4869 2985 4941 nisi
3012 4909 3028 4936 ,
3070 4868 3240 4937 inquit
3271 4865 3469 4941 Hono-

1870 4947 2006 5005 rius.
2041 4938 2212 5015 praete
2231 4938 2414 5015 mentis
2437 4957 2660 4996 errorem
2682 4940 2978 5015 revertendo
3007 4955 3187 4992 rursus
3214 4938 3280 5015 ad
3309 4938 3467 5015 ﬁdem

1871 5008 2074 5070 consilii
2112 5013 2397 5069 emendatio
2437 5015 2734 5068 correxerit.
2788 5011 2930 5082 Ergo
2960 5008 3356 5082 revertentibus
3397 5011 3466 5065 ad

1873 5087 2032 5142 fidem
2063 5084 2394 5141 Catholicam
2415 5095 2470 5140 et
2497 5085 2650 5153 ipsis,
2674 5094 2724 5139 et
2749 5081 2935 5138 eorum
2967 5081 3092 5136 filiis
3118 5095 3281 5153 supra
3311 5082 3464 5137 venia

1870 5160 1995 5214 data
2025 5176 2039 5211 :
2073 5167 2128 5214 et
2154 5158 2233 5211 sie
2261 5165 2382 5226 post
2423 5152 2727 5227 propositas
2758 5170 2946 5222 plenas
2971 5152 3347 5210 severissimas
3374 5169 3469 5209 ve-

1872 5233 1976 5285 nia:
2002 5245 2119 5300 Spe,
2145 5228 2544 5300 Donatistarum
2577 5227 2930 5298 pervicaciam
2966 5227 3135 5296 frangi
3153 5239 3320 5300 posse
3338 5240 3468 5300 ere-

1871 5303 2009 5359 didit
2035 5295 2328 5356 Honorius
2359 5318 2371 5354 :
2406 5307 2462 5354 et
2509 5295 2759 5354 limitatio
2801 5307 2980 5353 tamen
3011 5295 3256 5367 quietlatlt
3287 5295 3467 5350 addita

1873 5390 1900 5428 a
1925 5373 2176 5428 Patribus
2204 5371 2470 5426 Africanis
2497 5387 2510 5424 :
2540 5371 2620 5426 his
2647 5386 2768 5425 sane
2792 5371 3036 5438 exceptis,
3066 5368 3154 5438 qui
3177 5369 3262 5420 lite
3277 5367 3469 5438 pulsati

1875 5447 2269 5517 putaverintad
2303 5441 2622 5497 Catholicam
2649 5442 3017 5517 transeundum
3049 5441 3216 5517 {quia
3245 5440 3309 5492 de
3343 5439 3463 5492 talio

1875 5510 1971 5572 bus
1991 5516 2234 5592 credibile
2254 5527 2350 5592 est,
2377 5531 2490 5592 non
2499 5524 2636 5592 metu
2657 5513 2876 5592 caelestis
2893 5510 3277 5592 judiciipotins
3315 5527 3470 5582 quam

1878 5589 2069 5645 terreni
2093 5587 2346 5642 commodi
2373 5586 2616 5640 aviditate
2641 5582 2905 5638 unitatem
2925 5582 3234 5636 catholicam
3267 5598 3470 5652 perp-

1880 5673 2034 5717 tasse.
2078 5660 2231 5729 Quod
2263 5671 2440 5713 tamen
2489 5656 2731 5729 Honorio
2775 5654 3048 5725 displicuit
3089 5668 3232 5707 :umo
3257 5654 3382 5729 607,
3435 5669 3471 5709 ιι

1881 5735 1920 5790 l.
1952 5735 2044 5788 M.
2072 5726 2216 5802 supr.
2247 5731 2308 5785 de
2338 5731 2514 5802 lueret,
2543 5743 2663 5798 qum
2712 5727 2848 5782 hanc
2893 5729 2946 5781 in
2978 5741 3092 5781 rem
3120 5735 3206 5781 est
3249 5726 3471 5797 elegan-

1879 5805 2091 5862 tissima
2119 5800 2176 5860 et
2208 5800 2620 5857 humanissima.

1955 5876 2239 5934 Postremo
2266 5871 2569 5932 rectoribus
2591 5868 3014 5946 provinciarum,
3037 5867 3362 5928 ofﬁcialibus
3382 5882 3475 5929 co-
