3972 6328
511 284 656 344 HIS

1778 272 2210 334 MONUMENTA
2255 267 2535 334 VETERA

3620 287 3728 346 1216

510 402 753 477 episcopi
779 401 846 458 ad
868 399 1233 468 Catholicam,
1263 397 1366 469 ipsi
1393 409 1486 453 eas
1537 395 1787 452 obtinere
1843 392 2101 449 debeant:
2131 399 2183 461 Α
2213 391 2433 463 piissimi
2466 391 2803 446 constitutas:
2846 408 2948 463 quo
2986 393 3233 448 nesciente
3268 395 3342 450 vel
3369 396 3550 453 nolente
3579 401 3726 471 factas,

511 512 705 554 verum
732 511 762 551 a
786 495 905 566 lege
935 493 1178 558 unitatis,
1207 500 1262 547 et
1285 491 1541 560 deinceps
1589 495 1840 554 oporteat
1889 485 2105 540 univer-

512 606 601 648 sas
633 589 902 646 Ecclesias
928 587 1202 644 vindicare
1237 586 1339 643 sibi
1383 585 1668 657 episcopos
1693 582 1991 640 catholicos
2014 593 2108 636 co-

511 697 630 740 rum
655 682 896 738 locorum
928 722 946 750 ,
993 681 1060 736 ad
1107 695 1243 752 quos
1271 679 1387 735 loca
1430 678 1531 734 sub
1561 677 1832 733 haereticis
1865 675 2107 748 pertine-

511 775 644 833 hant
670 774 754 831 vel
783 787 1168 830 conversorum
1197 771 1266 828 ad
1293 770 1627 828 Catholicam
1657 810 1673 836 ,
1705 769 1795 825 vel
1840 783 1950 823 non
1975 782 2108 822 con-

512 881 794 924 versorum
826 865 1206 923 limrelicorum
1239 904 1254 932 ,
1316 873 1372 920 et
1422 863 1730 932 dimceses,
1784 872 1838 917 et
1895 860 1943 917 si
1999 876 2106 932 qua

511 962 654 1020 forte
669 971 797 1020 sunt
819 963 1176 1019 inStrumenta
1199 961 1479 1026 Ecclesiae,
1508 961 1594 1016 vel
1610 959 1676 1014 ad
1704 959 1918 1031 ejusjus
1939 959 2108 1031 perti-

513 1059 717 1116 nentia.
748 1059 849 1128 Qui
879 1073 1010 1114 vero
1056 1057 1234 1128 aliqua
1287 1064 1683 1128 usurpavcruut
1717 1096 1733 1122 ,
1766 1063 1888 1126 post
1931 1055 2122 1124 legem.
2200 1066 2202 1068 '

513 1162 770 1221 usurpata
800 1150 1052 1206 conventi
1104 1149 1406 1206 restituant.
1457 1146 1640 1222 (Cone.
1690 1148 1808 1220 Afr.
1857 1163 1973 1202 can.
1999 1145 2105 1214 66;

512 1243 642 1304 Cod.
674 1243 806 1302 Can.
840 1243 986 1302 Eccl.
1008 1245 1128 1316 Afr.
1159 1262 1274 1301 cun.
1309 1243 1430 1315 99.)

1211 1366 1404 1424 XXVI.

857 1497 1078 1540 OCCASIO
1107 1497 1284 1540 ιιουιι
1310 1497 1762 1548 ευιιεεουεκτιυκ.

585 1599 642 1656 In
675 1597 908 1656 concilio
942 1598 1360 1670 Carthaginensi
1396 1598 1780 1670 subsequentis
1815 1596 1941 1652 anni
1978 1596 2106 1664 407,

512 1691 602 1750 die
634 1693 700 1748 16
729 1693 865 1764 jnnii
895 1693 1198 1764 legationem
1223 1693 1408 1747 iterum
1438 1693 1666 1761 suscepit
1699 1690 2109 1746 Fortunatianus

2209 486 2315 540 sive
2336 485 2514 540 dolose
2530 488 2756 558 jactant,
2778 487 2882 541 sive
2908 487 3122 541 libenter
3145 498 3351 558 putant;
3373 501 3509 561 atque
3527 495 3627 550 hinc
3641 499 3728 554 ani-

2211 596 2323 636 mos
2343 581 2702 650 imperitorum
2724 581 3182 636 turbulentissimos
3203 583 3434 651 reddunt,
3456 597 3500 639 et
3521 585 3728 658 (Catholi-

2210 677 2307 747 cis)
2336 674 2624 749 periculose
2645 694 2708 731 ac
2736 677 3052 732 uehementer
3080 678 3309 750 infestos.
3343 679 3471 737 Hinc
3492 697 3604 740 vero
3627 688 3728 742 sub-

2209 771 2549 843 scquentium
2581 771 2795 827 occasio
2825 772 3026 842 legum.

2637 888 2797 960 22],
2840 901 2976 942 ΔιηΝο
3018 901 3199 944 DOIINI
3240 885 3361 943 408.

2896 1001 3113 1058 XXVII.

2690 1115 2852 1172 LEG
2874 1116 2968 1172 ES
3009 1116 3336 1173 HONORII

2208 1224 2392 1276 corpus
2437 1210 2640 1282 :mzzvxs
2695 1226 2962 1266 anvensus
3011 1225 3328 1266 nonunsus
3378 1225 3606 1276 mosque
3643 1227 3733 1270 tu:-

2624 1321 2848 1361 BETICOS
2897 1321 3067 1361 LATAS
3116 1320 3380 1360 RENOVAT.

2251 1396 2331 1452 Ex
2362 1396 2491 1452 Cod.
2523 1396 2723 1453 Theod.
2758 1399 2792 1452 ι.
2827 1414 2938 1466 xvr,
2970 1401 3050 1452 tit.
3079 1398 3133 1464 5,
3162 1397 3240 1452 De
3268 1397 3542 1465 ereticis,
3569 1400 3600 1454 l.
3621 1415 3706 1455 xu.

2211 1489 2387 1563 Impp.
2410 1494 2616 1548 Aacuo.
2646 1491 2854 1549 Houon.
2879 1502 2933 1549 et
2954 1493 3160 1548 Tueoo.
3186 1492 3347 1550 ΑΑΛ.
3373 1491 3594 1566 Porfyrio
3613 1495 3732 1550 Proc.

2893 1585 3108 1642 Africae.

2283 1691 2434 1746 Licet
2481 1690 2708 1746 erimina
2766 1689 2938 1746 soleat
2982 1708 3130 1760 pinna
3178 1707 3422 1762 purgare,
3469 1705 3559 1747 nos
3596 1699 3735 1747 tamen

512 1786 784 1856 episcopus
815 1795 999 1840 contra
1033 1783 1278 1857 Paganos
1298 1795 1345 1839 et
1367 1785 1656 1840 htcreticos.
1691 1784 1747 1839 ln
1777 1785 1952 1840 altero
1981 1784 2110 1840 item
2145 1805 2192 1864 Β
2220 1800 2416 1856 pravas
2441 1784 2720 1840 hominum
2763 1783 3067 1840 voluntates
3099 1785 3459 1839 admonitione
3489 1785 3736 1856 pmnitentia:

511 1879 744 1935 concilio
784 1879 1028 1951 ejusdem
1073 1879 1200 1934 anni
1247 1878 1372 1943 407,
1422 1879 1608 1934 habito
1653 1878 1980 1948 Carthagine
2023 1878 2115 1934 die

514 1971 582 2027 15
609 1971 790 2027 octob.
823 1971 1128 2043 legationem
1149 1980 1328 2024 contra
1350 1968 1592 2041 Paganos
1623 1979 1670 2024 et
1701 1968 1972 2024 hwreticos
1991 1985 2114 2023 sus-

511 2075 756 2138 ceperunt
788 2065 1072 2120 Restitutus
1107 2074 1153 2118 et
1181 2061 1483 2118 Florentius
1523 2063 1774 2134 episcopi,
1807 2079 1866 2118 eo
1892 2073 2118 2135 tempore

512 2176 614 2231 quo
645 2159 867 2215 Severus
893 2168 940 2214 et
969 2156 1236 2212 Macarius
1261 2156 1417 2211 occisi
1442 2165 1597 2211 sunt:
1628 2166 1673 2210 et
1706 2165 1915 2227 prapter
1939 2172 2117 2210 eorum

514 2271 727 2309 causam
769 2251 1000 2308 Euodius
1039 2261 1088 2308 et
1127 2251 1381 2308 Theasius
1430 2261 1476 2307 et
1526 2251 1699 2307 Victor
1735 2252 1964 2324 episcopi
2000 2252 2118 2308 caesi

514 2358 656 2404 sunt.

586 2439 895 2512 Legationis
941 2453 1160 2495 causam
1195 2439 1410 2497 discere
1447 2439 1573 2497 licet
1611 2455 1680 2496 ex
1718 2440 2006 2512 Augustini
2045 2441 2113 2497 ad

515 2533 822 2606 Olympium
851 2534 1081 2605 epistola
1110 2533 1200 2602 96,
1227 2551 1282 2590 n.
1307 2535 1366 2600 2,
1393 2552 1492 2606 quo
1520 2535 1774 2591 nimirum
1799 2551 1895 2606 per
1917 2552 2114 2592 novum

516 2627 860 2698 Imperatoris
895 2627 1133 2682 edictum
1172 2628 1404 2683 noverint
1431 2628 1626 2682 inimici
1656 2627 1934 2692 Ecclesiie,
1979 2630 2114 2701 leges

512 2721 634 2777 illas
648 2738 764 2793 qua:
784 2721 848 2775 de
867 2722 1023 2777 idolis
1045 2721 1435 2793 confringendis
1457 2731 1502 2775 et
1526 2720 1782 2776 hwreticis
1804 2721 2120 2794 corrigendis

513 2815 627 2870 vivo
664 2814 956 2871 Stilichone
988 2817 1160 2872 missa:
1193 2826 1353 2884 sunt,
1395 2831 1458 2871 επ
1487 2817 1746 2870 voluntate
1781 2813 2118 2886 Imperatoris

2219 1880 2479 1934 volumus
2504 1879 2812 1935 emendare.
2845 1879 3181 1950 Quicumque
3230 1880 3385 1950 igitur
3422 1879 3734 1934 lncreticorum

2220 1973 2357 2046 (sive
2381 1973 2675 2028 Donatistae
2698 1973 2826 2038 sint,
2859 1972 2976 2027 sive
2995 1971 3297 2038 Manichazi,
3323 1971 3405 2026 vel
3424 1971 3739 2040 cujuscumque

2220 2067 2445 2122 alterius
2471 2081 2646 2136 pravae
2676 2064 2948 2136 Opinionis
2970 2106 2984 2130 ,
3018 2079 3081 2120 ac
3108 2065 3320 2135 sectae),
3352 2061 3569 2134 profanis
3592 2061 3740 2118 ritibus

2219 2158 2520 2230 adgregati,
2549 2155 2869 2212 catholicam
2892 2156 3052 2212 ﬁdem
3077 2166 3131 2211 et
3159 2158 3409 2211 meritum
3449 2156 3574 2227 (qute
3595 2167 3740 2210 omnes

2222 2253 2469 2309 homines
2519 2253 2764 2322 capimus
2832 2248 3149 2320 observare)
3199 2247 3426 2320 simplici
3467 2246 3740 2303 confessione

2227 2345 2592 2415 susceperint,
2616 2343 2745 2399 licet
2766 2342 2904 2398 adeo
2929 2344 3288 2397 inveteratum
3317 2341 3506 2396 malum
3534 2340 3662 2409 longa
3693 2351 3740 2392 ac

2219 2439 2471 2495 diuturna
2517 2436 2866 2492 meditatione
2901 2434 3227 2490 nutriverint
3255 2475 3271 2500 ,
3313 2443 3367 2489 ut
3402 2433 3546 2489 etiam
3583 2429 3741 2502 legibus

2219 2543 2346 2588 ante
2382 2531 2508 2587 latis
2542 2529 2828 2586 videantur
2865 2527 3120 2594 obnoxii;
3159 2537 3340 2583 tamen
3375 2526 3500 2594 hos,
3531 2526 3677 2580 statim
3700 2530 3742 2578 ut

2222 2625 2428 2682 fuerint
2469 2625 2640 2679 Deum
2689 2622 2921 2693 simplici
2964 2621 3231 2691 religione
3274 2620 3514 2686 confessi,
3545 2618 3602 2673 ab
3631 2615 3740 2672 omni

2221 2736 2360 2777 noxa
2412 2717 2772 2776 absolvendos
2798 2732 2918 2772 esse
2960 2731 3252 2772 censemus
3279 2715 3356 2788 (l)
3383 2725 3472 2772 :nt
3494 2713 3553 2769 ad
3575 2725 3738 2769 omnem

2223 2825 2454 2879 reatum,
2500 2828 2598 2869 seu
2637 2822 2763 2867 ante
2798 2819 3112 2867 contractus
3147 2819 3254 2878 est,
3298 2825 3391 2868 seu
3427 2817 3587 2882 postea
3615 2801 3740 2877 (quod

1897 2913 2452 2971 ANNOTATIONES.

514 3008 997 3082 violentisitantum
1031 3009 1313 3066 Donatistis
1339 3022 1384 3066 et
1415 3009 1924 3066 Circumcellionibus
1955 3011 2121 3082 impo-

517 3080 977 3154 neretur-.Yerum
1030 3092 1084 3138 et
1109 3082 1343 3154 Crispini
1372 3083 1788 3154 provocatioﬂet
1838 3080 2120 3137 cicatrices

518 3153 760 3223 episcopi
787 3151 1029 3223 Vagitani
1063 3155 1113 3209 id
1145 3151 1286 3223 apud
1313 3151 1608 3209 Hunorinm
1641 3152 1897 3218 ellecere,
1921 3163 2117 3208 utom-

519 3227 676 3281 nibus
710 3224 1111 3280 Donatistarum
1161 3226 1374 3281 clericis
1405 3235 1462 3281 et
1512 3226 1774 3280 ministris
1825 3224 2118 3279 fatentibus

516 3297 604 3352 vel
633 3295 898 3352 convictis
954 3312 1166 3368 pmnam
1223 3298 1490 3351 aurariam
1544 3298 1863 3364 imponeret.
1917 3296 2120 3365 Quam-

518 3384 680 3438 quam
708 3368 810 3423 hoc
835 3370 951 3440 ipso
977 3385 1121 3424 anno
1153 3379 1276 3424 ante
1305 3369 1444 3424 hanc
1480 3369 1654 3439 legem
1679 3411 1694 3433 .
1718 3378 1925 3438 septem
1965 3384 2119 3423 men-

517 3440 669 3496 sibus
697 3449 818 3508 post
846 3441 1164 3511 legationem
1190 3441 1406 3496 Patrum
1436 3440 1834 3505 Africanorum,
1873 3441 2117 3495 severio-

520 3527 632 3567 rem
659 3512 817 3580 longe
849 3514 916 3567 ab
947 3511 1187 3567 Honorio
1219 3528 1432 3582 ptenam
1463 3513 1755 3568 Donatistis
1777 3512 2119 3580 rebaptizan-

521 3583 665 3654 tibus
696 3584 1024 3651 impositam,
1056 3595 1179 3652 puta
1211 3587 1474 3640 bonorum
1529 3583 1941 3654 proscriptionis
1971 3582 2116 3654 ,do-

519 3662 611 3728 cet
703 3654 749 3728 ί.
774 3655 916 3728 4,-5,
951 3656 1008 3728 in
1041 3657 1162 3723 ﬁne.
1196 3653 1280 3710 Ne
1309 3655 1704 3728 sanctumbapt.
1733 3653 1852 3728 iter.
1895 3653 1944 3709 J.

594 3723 641 3797 (l
658 3725 1096 3797 )Pmttitcntibus
1119 3741 1213 3781 seu
1250 3729 1526 3783 conversis
1557 3723 1830 3782 haereticis
1855 3741 1952 3796 per
1976 3725 2121 3781 Afri-

520 3796 662 3861 cam,
684 3796 976 3852 Donatistis
997 3807 1051 3851 et
1071 3798 1380 3853 Maniclueis
1401 3809 1456 3854 et
1476 3799 1764 3864 similibus,
1782 3797 1883 3854 hac
1898 3797 2119 3853 Honorii

519 3869 908 3923 constitutione
953 3872 1182 3941 luimana
1215 3885 1439 3941 prorsus
1481 3881 1534 3924 et
1575 3871 1802 3938 benigna
1841 3869 2000 3924 venia
2030 3870 2120 3924 da-

521 3948 627 4004 tur,
670 3941 870 4010 pariter
909 3950 967 3995 ut
998 3940 1100 3995 hoc
1133 3940 1252 4008 ipso
1284 3941 1395 4011 jam
1429 3957 1571 3995 anno
1601 3943 1636 3994 l.
1681 3957 1754 3996 xx.
1784 3957 1935 4012 prox.
1971 3957 2114 4012 supr.

520 4025 650 4065 vers.
684 4012 936 4080 alioquin,
969 4014 1111 4067 circa
1139 4013 1279 4066 lilios
1298 4021 1502 4066 tantum
1529 4012 1948 4066 Manichmorum
1972 4029 1983 4062 :
2011 4028 2117 4066 non

520 4082 663 4153 circa
698 4084 842 4152 ipsos
866 4099 880 4136 :
914 4085 1119 4152 pariter
1141 4093 1198 4138 ut
1225 4083 1614 4153 paenitentibus
1637 4093 1692 4137 et
1711 4083 1988 4153 conversis
2017 4082 2121 4136 Do-

522 4152 842 4225 natistarum
892 4154 1017 4208 llliis
1073 4155 1110 4208 l.
1141 4154 1174 4208 4
1206 4156 1332 4225 infr.
1368 4171 1431 4209 ne
1473 4162 1706 4207 sanctum
1733 4152 2021 4223 Baptisma.
2052 4155 2120 4209 Et

522 4223 641 4297 hac
661 4225 877 4297 quidem
923 4226 1032 4297 lege
1077 4227 1213 4280 adeo
1259 4223 1646 4297 paenitentibus
1695 4241 1792 4280 seu
1841 4229 2119 4280 conversis

519 4295 678 4368 venia
723 4295 919 4360 datur,
971 4295 1030 4350 ut
1067 4297 1298 4367 simplici
1343 4296 1729 4359 confessione.
1776 4311 2118 4368 quocumque

523 4366 738 4438 tandem
762 4376 1041 4438 tempore,
1067 4366 1228 4424 etiam
1261 4369 1628 4425 exsecutionis
1662 4366 2114 4438 mox'l‘aciendaz,

521 4437 649 4492 licet
690 4437 771 4493 vel
808 4453 928 4494 sera
969 4439 1313 4496 confessione
1341 4442 1620 4496 conversis
1650 4440 1842 4506 detur,
1879 4442 2004 4495 licet
2033 4437 2114 4495 in;

2233 3008 2332 3064 llis
2359 3026 2484 3064 sane
2517 3010 2741 3078 exceptis
2779 3011 2867 3082 qui
2896 3010 2984 3082 lite
3018 3009 3214 3082 pulsati
3239 3008 3521 3082 putaverint
3535 3005 3593 3058 ad
3610 3003 3740 3057 catho-

2228 3082 2381 3137 licam
2412 3078 2815 3155 transeundum',
2847 3081 2971 3155 quia
2999 3082 3062 3135 de
3097 3078 3290 3135 talibus
3327 3078 3546 3155 credibile
3568 3086 3642 3155 est,
3668 3090 3740 3155 non

2225 3165 2363 3227 metu
2384 3153 2598 3227 caelestis
2619 3154 2807 3227 judicii
2831 3148 3018 3227 potius,
3043 3169 3200 3225 quam
3221 3153 3402 3227 terrcn_i
3429 3148 3648 3227 commodi
3659 3148 3737 3198 avi-

2223 3226 2385 3279 ditate
2415 3218 2655 3278 unitatem
2677 3218 2982 3298 catholicam
3004 3218 3334 3298 pra’optasse.
3357 3223 3506 3277 Certe
3523 3220 3609 3274 etsi
3627 3218 3736 3298 App:

2221 3298 2799 3372 s_latis_p(nnitentibus
2821 3297 2975 3372 venia
3008 3296 3310 3372 proposita,
3332 3303 3550 3372 attamen
3575 3296 3739 3372 nonnisi

2223 3364 2642 3424 Catechumenis
2669 3369 2942 3438 Apostatis
2969 3364 3030 3423 ea
3061 3364 3212 3432 data,
3235 3376 3292 3422 at
3319 3381 3419 3423 non
3445 3364 3584 3420 etiam
3607 3364 3656 3414 iis
3672 3364 3741 3429 qui

2222 3455 2286 3495 ex
2321 3439 2572 3494 lidelibus
2615 3456 2710 3495 seu
2739 3439 3174 3514 competentibus
3195 3481 3210 3505 ,
3245 3439 3296 3514 id
3327 3446 3440 3500 est,
3474 3443 3740 3514 post_susce-

2221 3520 2370 3582 ptum
2393 3520 2637 3567 sanctum
2670 3508 2928 3580 baptisma
2958 3512 3010 3566 in
3033 3513 3359 3580 ap0stasiam
3389 3508 3612 3578 prolapsi.
3637 3515 3739 3572 (ιυο-

2222 3598 2339 3638 rum
2371 3582 2627 3653 flagitium
2660 3583 2976 3654 pmnitentia
3007 3599 3113 3637 non
3145 3583 3500 3643 oblitteratur,
3525 3591 3627 3654 (ιρις
3647 3589 3738 3654 scn-

2223 3655 2387 3726 tentia
2411 3648 2580 3726 est}.
2624 3648 2680 3720 Ιιζ
2730 3655 2878 3724 infr.,
2923 3654 2986 3708 de
3023 3654 3323 3726 Apostatis,
3369 3666 3515 3724 quam
3549 3648 3738 3716 Cuiacius

2223 3724 2472 3780 Paratitl.
2496 3725 2624 3782 Cod.
2659 3741 2949 3790 numquam
2983 3724 3272 3781 intellexit.

2297 3797 2573 3868 Sull‘ragio
2617 3798 2777 3866 igitur
2801 3798 2960 3868 justac
3001 3797 3333 3866 ptenitentia:
3361 3794 3738 3868 quiamlibetserre

2222 3861 2516 3941 hereticos
2559 3861 2766 3923 absolvi
2801 3861 3320 3926 Voluit-Honorius.
3365 3861 3533 3936 I‘ied“e
3571 3861 3737 3941 “hi9!!!

2223 3939 2354 4010 mihi
2390 3941 2439 3995 id
2473 3940 2540 3994 ab
2568 3941 2808 3995 Honorio
2846 3943 3236 4010 constitutum,
3282 3929 3546 4010 occasione
3563 3929 3736 4010 concilii

2221 4008 2666 4086 Carthaginiensis
2693 4013 2788 4086 tt),
2805 4013 2949 4081 quod
2974 4012 3074 4066 hoc
3098 4002 3380 4082 ipso'anno
3412 4012 3468 4066 Ι).
3496 4008 3604 4086 4072
3625 4002 3737 4086 habi-

2223 4092 2332 4158 tum
2364 4081 2460 4137 fuit
2489 4095 2730 4158 antesex
2768 4077 2938 4158 ferme
2981 4077 3196 4158 menses
3227 4087 3518 4158 pariter,_u_l-
3550 4077 3738 4158 θύρηθ’

2225 4154 2348 4228 dem
2381 4155 2798 4228 postulationem
2831 4157 2990 4226 legent
3013 4155 3105 4220 '54,
3125 4144 3298 4228 supia,
3326 4157 3386 4210 de
3415 4144 3647 4228 Episwpis
3667 4144 3738 4198 de-

2221 4225 2321 4289 dit,
2350 4219 2472 4295 quae
2497 4228 2580 4298 lex
2610 4226 2735 4282 huic
2755 4219 3030 4298 jung'enda
3059 4238 3144 4284 est
3164 4219 3202 4282 ι’
3227 4219 3368 4284 ιιιέιίι
3391 4219 3496 4298 eam
3517 4219 3738 4298 probatum

2221 4286 2325 4352 est.
2358 4286 2513 4365 Quod
2545 4286 2774 4373 primum
2805 4286 2963 4369 huius
2985 4301 3061 4373 rei
3097 4300 3459 4373 prmjndicium
3483 4286 3646 4373 habet}.
3668 4286 3739 4373 All:

2222 4357 2403 4446 terum
2425 4357 2635 4446 accedit
2656 4386 2736 4446 _ex_
2751 4357 2976 4446 caudae
2987 4357 3107 4440 ejus
3133 4357 3410 4446 quod_di_xi
3437 4363 3650 4446 concilii,
3672 4357 3739 4446 tibi

2221 4439 2336 4496 hcce.
2362 4443 2502 4496 inter
2522 4442 2624 4496 alia
2655 4442 2919 4498 habentur
2939 4431 3236 4500 Conone-99
3263 4443 3384 4498 Cod.
3421 4433 3645 4509 Africani;
3667 4431 3742 4509 Saf

520 4520 826 4585 veteratutn
855 4510 1051 4585 malum
1079 4513 1234 4585 longa
1263 4522 1317 4568 et
1343 4512 1600 4585 diuturna
1630 4512 1978 4585 meditatione
2011 4529 2112 4566 nn-
2143 4509 2193 4568 D
2221 4521 2360 4585 neut
2397 4514 2504 4569 illa:
2545 4512 2715 4583 plebes
2734 4556 2748 4578 ,
2777 4531 2891 4585 qtae
2927 4531 3184 4570 conversa:
3211 4524 3327 4569 sunt
3351 4531 3381 4566 a
3411 4506 3683 4585 Donati-stis2
3705 4507 3740 4552 et

521 4579 788 4656 triverint,
815 4583 957 4637 inter
979 4584 1093 4652 ipsa
1113 4579 1329 4656 qu'oque
1356 4584 1778 4656 periculaiatque
1801 4584 1853 4638 in
1879 4585 2112 4656 miseriis

517 4651 652 4726 ipsis
695 4651 1259 4726 invocatogreligibnis
1297 4651 1559 4711 subsidio.
1599 4651 2108 4726 Ncqtteigquidquam

518 4725 784 4798 interesse
815 4726 929 4798 vult
957 4725 1229 4782 llonOrius
1254 4769 1266 4791 ,
1305 4728 1373 4783 de
1414 4742 1521 4798 quo
1549 4725 1731 4782 tamen
1762 4727 1845 4781 vel
1877 4729 2111 4782 maxime

517 4795 822 4869 dubitatum
854 4795 1088 4862 videtur,
1120 4799 1238 4869 sive
1268 4809 1392 4852 ante
1422 4795 1568 4869 leges
1597 4815 1626 4853 a
1653 4813 1714 4854 se
1744 4799 1795 4852 in
1830 4798 2112 4853 hmreticos

519 4867 686 4933 latas,
711 4868 833 4940 sive
864 4878 986 4940 pust
1012 4883 1111 4940 eas
1133 4868 1268 4923 latas
1304 4871 1370 4923 ad
1399 4867 1648 4924 luercsim
1678 4870 1950 4940 prolapsi,
1983 4884 2113 4923 con-

520 4939 662 4991 versi
691 4939 814 4993 dein
846 4939 1065 5011 fuerint.
1091 4939 1224 4995 Sera
1255 4955 1447 5009 nempe
1470 4957 1758 5011 numquam
1786 4939 1871 4996 est
1899 4941 2114 4995 haereti-

517 5010 1011 5082 corum_conversio
1039 5011 1106 5064 ad
1129 5011 1411 5066 evitandas
1432 5010 1899 5080 poenashzereticis
1917 5027 2113 5082 propo-

518 5077 668 5153 sitas.
703 5078 778 5134 Ita
797 5122 812 5145 ,
843 5083 1058 5150 inquam
1081 5125 1094 5147 ,
1126 5082 1392 5137 Honorius
1411 5077 1993 5153 generaliteretquo'ad
2012 5077 2125 5138 cvi-

520 5147 710 5204 tandas
749 5147 934 5225 pinnas
955 5192 970 5217 ,
1011 5161 1063 5225 et
1088 5153 1153 5206 ad
1185 5147 1566 5219 abolitionem,
1589 5163 1648 5208 ut
1684 5147 1937 5225 loquitur.
1969 5156 2122 5222 Quod

518 5238 680 5296 omne
711 5225 859 5279 velut
887 5223 1162 5293 singulare
1198 5226 1499 5280 notandum
1532 5234 1634 5280 est.
1670 5223 1920 5295 Alioquin
1946 5228 2121 5296 quoad

520 5295 733 5368 lucrum
753 5311 1038 5366 emergens
1052 5306 1206 5368 capta
1213 5297 1372 5368 udum
1388 5298 1621 5351 concilio
1638 5295 2044 5368 Carlltaginehsi
2064 5300 2120 5366 8,

518 5366 662 5493 iuod
705 5368 944 5424 habitum
991 5383 1133 5421 anno
1181 5367 1310 5434 404,
1357 5377 1483 5423 ante
1530 5366 2116 5424 triennium'Patribus

573 5438 794 5493 fricanis
810 5439 1027 5493 alianod
1053 5439 1314 5493 temporis
1336 5439 1624 5493 discrimen
1649 5441 1914 5493 nlacuisse
1937 5442 2116 5493 video.

573 5438 794 5494 fricanis
810 5439 1027 5510 aliquod
1053 5439 1314 5510 temporis
1336 5439 1624 5496 discrimen
1649 5441 1914 5510 placuisse
1937 5442 2117 5506 video,

519 5520 835 5593 u‘tlpatetex
857 5508 1526 5593 (ἔρξιοηᾳιεὶόςϐοιζ,Ἃρ-ξε.ε
1554 5508 1820 5593 Ctrlerum,
1848 5514 2118 5593 inquiunt,

521 5581 627 5654 illis
648 5582 739 5654 qui
767 5581 1180 5654 consideratione
1201 5581 1490 5652 unitatislct
1514 5585 1652 5654 pacis
1673 5600 1726 5638 se
1755 5587 2006 5654 corrigere
2033 5601 2115 5638 vo-

521 5651 715 5729 luerint
734 5695 749 5716 ,
783 5651 970 5729 absque
994 5651 1446 5729 interdicto/udus
1477 5651 1601 5729 legis
1624 5697 1637 5720 ,
1668 5651 1930 5729 capienda:
1956 5656 2120 5710 luere-

532 5721 713 5775 ditatis
731 5724 908 5776 aditus
932 5734 1124 5793 pateat,
1157 5728 1198 5780 ti
1219 5721 1390 5779 adhuc
1410 5728 1462 5780 in
1492 5721 1660 5780 errore
1682 5721 1918 5778 [iuvetite
1940 5729 2127 5779 consti-

529 5792 653 5845 tutis
696 5793 892 5864 uliquid
934 5792 1052 5849 ante
1092 5797 1386 5854 donationis
1421 5799 1500 5854 vel
1535 5795 1847 5852 hereditatis
1884 5797 2120 5863 obvenit;

2221 4583 2506 4638 habuerunt
2529 4574 2813 4654 episcopos,
2835 4587 2944 4640 sine
2964 4586 3142 4651 dubio,
3163 4585 3444 4640 inconsulto
3467 4577 3647 4654 concilio
3667 4574 3739 4624 ha-

2222 4657 2338 4711 bere
2356 4668 2666 4731 mereantur:
2685 4651 2799 4731 una:
2819 4668 2986 4731 autem
3005 4659 3176 4729 plebes
3197 4660 3470 4712 habuerunt
3486 4651 3738 4731 episcopttﬁf.

2221 4736 2267 4802 et
2299 4744 2354 4780 eo
2385 4715 2916 4802 defunctoruoluerint
2952 4715 3053 4784 min
3093 4731 3385 4802 episc0pum
3421 4715 3651 4802 ρνρὶινίωπ

2219 4797 2366 4864 bere,
2396 4799 2484 4852 sed
2511 4799 2578 4852 ad
2607 4801 2830 4868 alicujus
2866 4801 3093 4870 episcopi
3119 4796 3357 4856 diazcésin
3387 4796 3636 4868 pertinere,
3665 4800 3740 4870 not!

2219 4872 2291 4923 eis
2321 4865 2842 4942 essedenegandum.
2886 4865 2998 4926 Nec
3039 4865 3140 4927 non
3165 4884 3217 4928 et
3249 4865 3740 4942 illud'suggestu‘ntest,

2219 4941 2358 5016 (Ιαοά
2398 4941 2566 5012 plebes
2596 4933 2715 4997 ante
2745 4944 2904 5014 legem
2929 4945 3296 5016 imperatorum
3323 4943 3384 5016 de
3407 4933 3580 5016 nntiate
3603 4933 3742 5016 latam,

2224 5009 2532 5088 quicumque
2573 5009 2925 5088 converterunt
2967 5009 3192 5088 episcopi
3234 5017 3302 5070 ad
3316 5009 3636 5088 Catholicam.

2226 5065 2317 5168 éas
2339 5065 2562 5172 obtinere
2585 5065 3094 5172 debeantsperurit'a
3110 5065 3330 5172 'Ide'ﬁd
3344 5065 3434 5142 est
3461 5065 3741 5172 Ροξίριίξξξξςξ]

2227 5157 2473 5231 unitatis,
2499 5166 2543 5208 et
2566 5156 2806 5231 deinceps
2836 5169 3066 5231 Oporteat
3093 5141 3351 5231 universas
3368 5141 3590 5209 ecclesias
3610 5141 3739 5231 nitidi:

2226 5244 2343 5281 care
2377 5217 2474 5281 sibi
2505 5217 2768 5298 episcopo's
2807 5217 3085 5291 caiholicos
3121 5248 3295 5286 eorum
3323 5230 3550 5286 locorum,
3574 5217 3740 5298 ad‘qttos

2225 5299 2456 5373 locagsub
2488 5288 2737 5373 licerelicis
2765 5288 3118 5368 pertinebant,
3144 5303 3221 5356 uel
3241 5309 3582 5373 convenerunt
3593 5288 3649 5343 ad
3670 5301 3739 5373 clt-

2227 5369 2470 5425 tholicam
2487 5371 2564 5424 vel
2585 5387 2686 5425 non
2707 5365 3064 5428 conversorum
3089 5365 3453 5433 hcereticorum,
3476 5374 3519 5420 cl
3537 5365 3738 5440 ᾴὶανςαςερ

2223 5452 2271 5498 et
2300 5443 2346 5496 si
2381 5459 2484 5508 qua
2522 5443 2654 5505 forte
2683 5454 2799 5498 sunt
2834 5445 3170 5499 instrumenta
3204 5431 3450 5506 Ecclesia,
3481 5437 3551 5492 vel
3578 5431 3634 5508 ad
3654 5431 3740 5500 ei“

2222 5516 2314 5586 jus
2333 5502 2657 5584 pertinentia.
2691 5515 2792 5578 Qui
2813 5531 2929 5570 vero
2940 5518 3114 5588 aliqua
3135 5502 3491 5588 usurparerunt
3511 5502 3738 5588 ροξιίεαςῖξι

2227 5584 2478 5654 usurpata
2514 5588 2743 5640 conventi
2777 5584 3068 5644 restituant.
3103 5588 3264 5643 Vides
3291 5586 3355 5642 de
3380 5584 3742 5655 εοηιιεζξὶῌδπῗ

2231 5668 2314 5712 ter
2335 5651 2441 5728 agi;
2467 5655 2627 5730 vides
2645 5666 2912 5728 tempora,
2935 5675 3055 5730 qua:
3080 5659 3165 5714 hic
3185 5660 3489 5730 miscentur,
3514 5651 3734 5730 distinsl'];

2229 5737 2353 5799 puta
2369 5715 2793 5802 "conversionem
2821 5715 3150 5802 ante'legem
3183 5730 3251 5787 de
3291 5715 3485 5802 unitate
3513 5715 3740 5802 latam_,_fl

2229 5791 2352 5870 post
2374 5815 2493 5856 eam
2514 5800 2696 5855 latam.
3031 5791 3061 5802 ”
3313 5799 3486 5856 luens.
3509 5791 3734 5847 GOTIOI‘IH
