3972 6328
189 341 343 398 1217

1021 343 1114 398 AD
1154 339 1693 401 DONATISTARUM
1735 340 2108 401 HISTORIAM
2145 343 2636 406 PERTINEN’I‘IA.

3297 402 3302 407 .
3355 354 3496 412 1218

188 464 472 534 nolumus)
517 460 872 529 contrahitur,
919 460 1137 520 etiamsi
1187 463 1422 520 maxime
1460 479 1584 520 reos
1626 479 1792 533 poma-
1815 471 1867 532 Α
1892 473 2039 532 sunt,
2063 466 2357 522 nonsolum
2383 484 2602 525 manere
2628 466 2994 537 decernimus,
3024 485 3217 528 verum
3251 472 3304 529 in
3330 489 3500 532 exse-

187 561 444 616 vidcatur
473 571 694 628 urgere,
739 554 976 611 sufﬁciat
1012 555 1080 611 ad
1118 556 1506 625 abolitionem,
1548 573 1790 615 errorem

185 650 414 724 proprio
434 647 776 704 damnavisse
801 646 1009 718 judicio
1029 688 1046 715 ,
1075 657 1128 704 et
1160 649 1252 704 Dei
1279 651 1670 721 omnipotentis
1696 666 1793 707 no-

183 760 315 803 men
339 784 355 810 ,
394 743 538 798 inter
571 741 687 812 ipsa
711 736 942 812 quoque
966 739 1202 811 pericula
1232 741 1551 813 requisitum
1573 785 1590 812 ,
1622 743 1792 800 fuisse

182 838 534 909 complexum
555 851 570 892 :
597 835 733 903 Quia
749 849 1002 906 nusquam
1024 833 1168 889 debet
1188 834 1242 889 in
1262 823 1481 890 miseriis
1495 836 1790 892 invocatum

181 932 454 1005 religionis
493 931 665 985 deesse
707 929 1013 985 subsidium.
1066 927 1137 983 Ut
1176 928 1339 999 igitur
1372 928 1615 999 priores,
1655 945 1791 1001 quas

182 1024 485 1082 statuimus
513 1023 690 1094 leges,
728 1020 783 1076 in
816 1019 1090 1078 excidium
1114 1021 1501 1092 sacrilegarum
1527 1023 1788 1078 mentium

181 1117 340 1176 omni
355 1115 728 1174 exsecutionis
753 1113 932 1185 urgeri
953 1114 1207 1185 iubemus
1228 1113 1445 1182 effectu,
1461 1115 1532 1170 ita
1561 1114 1681 1181 hos,
1696 1116 1787 1188 qui

182 1209 456 1282 simplicis
508 1206 612 1264 fide
653 1205 965 1277 religionis,
1017 1205 1145 1261 licet
1186 1221 1342 1275 sera,
1387 1205 1786 1263 confessionem

181 1303 520 1370 maluerint,
561 1314 848 1357 censemus
877 1298 1018 1354 datis
1056 1299 1263 1368 legibus
1294 1315 1402 1355 non
1432 1301 1624 1357 teneri.
1656 1301 1788 1369 Quae

180 1397 314 1455 ideo
329 1394 638 1461 sanximus,
667 1409 776 1465 quo
797 1393 1041 1448 universi
1063 1403 1414 1465 cognoscant,
1440 1411 1530 1450 nec
1551 1395 1788 1468 profanis

179 1490 452 1548 hominum
473 1490 660 1546 studiis
679 1489 852 1544 deesse
872 1488 1168 1555 vindictam,
1199 1500 1248 1544 et
1269 1490 1338 1544 ad
1365 1499 1562 1546 rectum
1587 1491 1785 1546 redun-

178 1586 308 1640 dare
344 1585 560 1652 cultum,
603 1584 772 1656 legum
810 1600 1011 1655 quoque
1056 1584 1235 1638 adesse
1283 1584 1610 1658 sulfragium.
1661 1586 1783 1642 Dat.

177 1697 288 1736 xvn
317 1679 443 1736 Kal.
477 1679 608 1738 Dec.
644 1678 804 1736 Rom.
836 1676 1077 1734 Honorio
1106 1676 1197 1734 VII
1227 1687 1282 1735 et
1312 1679 1522 1737 Theod.
1562 1677 1627 1736 II.
1662 1679 1787 1736 AA.

178 1773 340 1831 Coss.

865 1866 1108 1924 XXVIII.

724 1980 909 2036 IBID.
950 1981 1014 2036 L.
1045 1978 1272 2038 XLIII.

580 2097 726 2156 Idem
773 2100 889 2154 AA.
938 2096 1126 2154 Curtio
1170 2097 1278 2153 PF.
1331 2098 1391 2154 P.

246 2197 446 2255 Omnia
492 2211 616 2268 qurc
655 2196 709 2250 in
753 2195 1063 2252 Donatistas
1107 2193 1222 2266 (qui
1255 2203 1310 2251 et
1355 2195 1649 2250 Montemes
1691 2210 1786 2251 vo-

178 2289 396 2362 cantur)
431 2290 781 2356 Manichaeos,
805 2289 921 2344 sive
947 2287 1412 2356 Priscillianistas,
1440 2288 1524 2345 vel
1554 2289 1608 2344 in
1638 2288 1788 2345 Gen-

179 2385 338 2456 tiles,
368 2399 396 2440 a
425 2385 582 2440 nobis
617 2383 953 2456 generalium
993 2382 1172 2454 legum
1203 2382 1526 2438 auctoritate
1553 2382 1783 2456 {decreta

1815 1879 1864 1940 B

1893 559 2166 614 cntionem
2212 559 2580 629 plenissimam
2628 561 2988 634 effectumque
3034 565 3273 624 deduci:
3317 566 3393 624 ita
3432 577 3494 625 ut

1894 650 2120 707 aedilicia
2147 667 2386 726 quoque,
2417 655 2502 711 vel
2532 655 2750 724 horum,
2781 659 2866 715 vel
2892 660 3263 717 caelicolarum
3297 662 3489 732 etiam,

1895 743 2046 817 (qua:
2080 747 2264 801 nescio
2289 747 2446 818 cujus
2473 748 2744 820 dogmatis
2771 752 2898 808 novi
2923 763 3222 810 conventus
3251 753 3492 828 habent)

1893 837 2153 893 Ecclesiis
2167 839 2532 898 vindicentur.
2569 842 2736 900 Poma
2760 859 2892 900 vero
2921 845 3043 918 lege
3071 848 3350 919 proposita
3377 849 3496 904 vel-

1891 928 1970 985 uti
2001 932 2283 988 convictos
2312 941 2498 991 tenere
2533 935 2758 991 debebit
2799 951 2930 1004 eos,
2968 940 3059 1010 qui
3093 939 3400 998 Donatistas
3431 956 3494 998 se

1891 1022 2130 1079 confessi
2155 1023 2378 1090 fuerint,
2409 1026 2494 1082 vel
2521 1026 2927 1086 Catholicorum
2949 1035 3386 1091 communionem
3407 1051 3496 1092 re-

1891 1113 2128 1185 fugerint
2147 1132 2305 1173 saevae
2323 1118 2600 1192 religionis
2617 1120 2862 1187 obtentu,
2885 1125 3130 1195 quamvis
3151 1124 3494 1186 Christianos

1891 1221 2014 1262 esse
2052 1222 2114 1264 se
2147 1208 2434 1278 simulent,
2477 1223 2581 1269 etc.
2627 1215 2751 1270 Dat.
2795 1231 2903 1272 xvu
2958 1215 3175 1274 kalend.
3209 1219 3487 1292 ,Decemb.

1890 1297 2080 1356 Romae
2105 1301 2272 1360 Basso
2305 1313 2362 1360 et
2388 1304 2639 1378 Philippo
2667 1307 2824 1366 Coss.

2493 1423 2654 1494 222
2699 1421 2895 1481 xxnx.

2353 1535 2538 1592 IBtD.
2571 1539 2635 1593 L.
2677 1538 2807 1596 XLI
2827 1541 2864 1596 γ
2909 1541 3012 1615 (1).

2218 1628 2362 1688 Idem
2390 1629 2507 1687 AA.
2536 1632 2686 1690 Habe
2719 1635 2923 1694 Donate
2951 1639 3017 1695 K.
3045 1641 3153 1699 NB.

1960 1722 2361 1782 Donatistarum
2392 1726 2798 1801 haereticorum,
2827 1733 3143 1795 Judzcorum
3167 1756 3306 1799 nova
3331 1753 3492 1818 atque

1892 1818 2145 1906 inusitata
2172 1821 2378 1878 detexit
2404 1825 2663 1895 audacia,
2695 1829 2841 1898 quod
2871 1832 3297 1894 catltoliczelidei
3320 1841 3492 1897 velint

1891 1925 2231 1970 sacramenta
2274 1917 2511 1973 turbare.
2552 1919 2684 1989 Qua:
2725 1924 2892 1993 pestis
2932 1937 3094 1998 atque
3129 1933 3381 2004 contagio
3423 1950 3492 1992 ne

1890 2006 2052 2062 latius
2090 2018 2308 2064 emanet
2352 2025 2415 2065 ac
2464 2011 2712 2082 proﬂuat.
2753 2015 2810 2071 In
2844 2033 2938 2074 eos
2972 2020 3136 2091 igitur
3165 2025 3254 2094 qui
3291 2025 3490 2096 aliquid

1890 2100 2033 2171 quod
2072 2101 2145 2157 sit
2188 2100 2482 2160 Catholicae
2525 2117 2688 2163 secta:
2723 2112 3057 2170 contrarium
3097 2116 3493 2192 adversumque

1890 2196 2248 2264 tentaverint,
2302 2197 2626 2269 supplicium
2668 2202 2830 2274 iustae
2882 2207 3368 2270 animadversionis
3393 2230 3496 2271 cx-

1892 2287 2067 2357 promi
2100 2289 2464 2358 prazcipimus.
2510 2293 2626 2351 Dat.
2673 2311 2767 2353 vui
2797 2296 3018 2357 kalend.
3065 2303 3323 2362 Decemb.
3353 2305 3490 2364 Rav.

1892 2379 2060 2434 Basso
2089 2390 2143 2435 et
2169 2380 2423 2454 Philippo
2447 2383 2602 2441 Coss.

1604 2482 2160 2553 ANNOTATIONES.

181 2599 209 2668 Ἀ
253 2597 336 2668 (Ι)
370 2594 774 2668 Conﬁrmantur
807 2594 892 2650 his
944 2593 1190 2668 legibus,
1210 2601 1268 2648 ut
1293 2600 1348 2668 et
1373 2593 1417 2668 l._
1443 2609 1532 2648 XIX
1559 2593 1686 2668 infr.
1721 2592 1787 2650 de

187 2664 427 2742 Paganis
472 2669 614 2740 (quae
656 2667 740 2722 his
778 2664 1050 2742 jungenda
1097 2665 1236 2736 est),
1266 2665 1334 2720 ab
1376 2664 1786 2742 Honorio'anno

184 2737 426 2808 1).’408,
467 2737 606 2810 post;
635 2754 832 2794 caesum
877 2737 1252 2802 Stilichonem,
1296 2738 1608 2810 superiores
1651 2752 1681 2790 a
1723 2752 1786 2810 se

185 2812 310 2868 latae
329 2807 746 2868 constitutiones
769 2811 820 2865 in
842 2809 1167 2871 Donatistas,
1189 2807 1536 2874 Manichzeos,
1553 2809 1784 2864 .‘PrisciI-

186 2885 456 2949 lianistas,
480 2884 756 2946 Gentiles;
783 2883 911 2952 quin
942 2890 998 2937 et
1027 2881 1092 2935 ad
1120 2881 1407 2952 leicolas
1426 2882 1637 2952 eaedem
1665 2897 1787 2946 pro-

184 2964 457 3028 pagantur
476 2954 582 3028 ;de
600 2950 981 3028 quibusdicam
1015 2967 1113 3007 suo
1143 2953 1297 3007 titulo
1315 2951 1390 3028 _de
1410 2950 1609 3007 Judwis
1635 2952 1788 3009 (Itali-

187 3023 339 3082 colis.
375 3023 801 3093 Confirmantur,
817 3026 1056 3096 inquam,
1079 3040 1174 3094 per
1195 3023 1571 3094 praefecturam
1597 3036 1796 3092 prdato-

187 3099 400 3155 rianam
424 3098 610 3164 Italizc,
638 3113 701 3152 ac
730 3097 1045 3152 nominatim
1070 3096 1431 3166 Romze(qnod
1449 3097 1794 3153 Montensium

187 3172 400 3226 mentio
440 3169 712 3237 ostendit,
755 3171 842 3238 qui
883 3167 1319 3240 utiquenonnisi
1359 3168 1545 3224 Romae
1591 3169 1787 3240 fuere).

189 3243 491 3297 Donatista:
520 3243 718 3312 quippe
750 3241 1044 3296 Montenscs
1076 3239 1262 3294 Roma:
1291 3239 1453 3304 dicti,
1498 3242 1620 3297 ideo
1647 3244 1792 3313 quod

188 3313 388 3397 gmnzn
418 3315 647 3397 primum
691 3314 985 3397 Ecclesium
1026 3327 1177 3397 suam
1221 3314 1272 3366 in
1311 3324 1494 3367 monte
1527 3314 1784 3397 habuere.
1820 3333 1865 3396 ρ

190 3383 429 3456 Optatus
448 3385 786 3456 Milevitanus
815 3384 902 3438 lib.
927 3384 963 3437 9.
987 3401 1000 3436 :
1027 3383 1342 3456 Speluncam
1366 3385 1640 3454 quamdam
1661 3387 1790 3454 foris

191 3476 223 3512 a
240 3455 463 3513 civitate
486 3455 730 3528 gradibus
755 3465 1044 3524 senserunt,
1075 3455 1160 3509 ubi
1188 3457 1300 3528 ipso
1322 3465 1546 3528 temiiore
1569 3473 1790 3513 conven-

192 3532 414 3602 ticulum
457 3527 643 3602 habere
687 3528 1174 3602 potuissent,_unde
1213 3527 1506 3602 Montanae:
1541 3530 1792 3602 appellati

189 3613 339 3672 sunt.
387 3601 715 3672 Augustinus
754 3599 882 3672 libro
911 3600 974 3653 de
1003 3599 1185 3672 (iteres.
1225 3598 1295 3651 ad
1337 3598 1791 3664 Quodvultdeum:

191 3671 292 3728 Isti
325 3670 554 3728 haeretici
578 3673 630 3725 in
653 3672 776 3725 urbe
809 3671 974 3725 Roma
1001 3670 1291 3725 Monteuses
1313 3682 1578 3734 vocantur,
1610 3674 1794 3736 quibus

192 3747 315 3801 hinc
346 3762 412 3799 ea:
432 3745 608 3812 Africa
631 3745 793 3798 solent
816 3744 1114 3812 episcopum
1141 3743 1354 3795 mittere.
1382 3741 1627 3800 Meminit
1649 3745 1789 3800 idem

193 3827 246 3872 et
273 3819 431 3886 epist.
469 3816 590 3871 165.
626 3815 986 3885 Hieronymus
1011 3813 1269 3886 chronico
1295 3829 1437 3869 anno
1467 3816 1624 3886 556;:
1662 3817 1795 3881 Qui-

194 3889 316 3943 dam
351 3897 620 3944 sectatores
645 3885 832 3942 Dvuati
854 3887 1005 3942 etiant
1035 3885 1092 3939 Μ
1096 3896 1328 3959 ontenses
1353 3897 1552 3948 vocant,
1578 3885 1634 3943 eo
1655 3889 1792 3959 quod

194 3960 492 4015 Ecclesiam
520 3959 699 4014 Roma:
727 3961 947 4029 primum
986 3959 1039 4013 in
1072 3968 1242 4012 monte
1279 3958 1467 4014 habere
1510 3971 1815 4030 cmperunta

195 4032 264 4088 Et
305 4033 362 4087 in
387 4032 634 4088 Lucifer:
667 4030 1024 4095 Marcionitar,
1058 4030 1469 4099 Valentinianos,
1502 4032 1795 4087 Montenses

193 4107 300 4159 sive
322 4102 612 4176 Campates.
636 4102 704 4158 Et
732 4103 782 4158 in
811 4105 971 4174 epist.
1004 4103 1070 4157 ad
1102 4103 1408 4159 Marcellum
1435 4121 1449 4159 :
1487 4103 1657 4171 Quum
1687 4106 1792 4160 Re-

196 4178 306 4231 ticii
337 4177 818 4248 Augustoduuensis
845 4176 1071 4248 episcopi
1095 4176 1184 4248 qui
1195 4177 1461 4248 quondam
1489 4194 1520 4228 a
1542 4176 1796 4232 Constan-

197 4250 305 4302 tino
335 4249 499 4319 (male
527 4249 721 4318 legitur
737 4247 1357 4319 Constantinopolitano)
1372 4250 1678 4317 imperatore
1700 4250 1793 4302 sub

197 4317 468 4392 Sylvestro
502 4317 745 4391 episcOpo
775 4322 837 4374 ob
867 4317 1460 4392 Causum__.l!ontentium
1491 4321 1676 4375 missus
1720 4329 1796 4375 est

195 4389 444 4464 Romam.
477 4389 821 4464 Augustinus
844 4393 994 4464 epist.
1020 4389 1125 4445 165
1144 4433 1157 4455 ,
1190 4391 1258 4445 de
1285 4392 1515 4460 quodam
1539 4394 1795 4464 episcopo

196 4463 479 4519 Deitatista
505 4462 759 4534 loquens:
784 4462 890 4518 Sed
911 4480 973 4518 ex
993 4472 1301 4528 transverso,
1329 4463 1523 4532 inquit,
1540 4479 1602 4516 ea:
1621 4462 1796 4532 Africa

197 4537 500 4590 Ordinatum
537 4537 778 4590 miserunt
806 4536 891 4604 qui
903 4538 1096 4606 paucis
1117 4535 1397 4606 prcvsidens
1416 4535 1566 4606 Afris
1589 4536 1642 4588 in
1671 4535 1796 4589 urbe

198 4606 373 4662 Roma
404 4606 753 4662 Montensium
781 4607 857 4660 vel
884 4605 1253 4674 Cuzupitarum
1278 4605 1580 4660 vocabulum
1609 4622 1796 4677 prepa-

199 4681 358 4752 gavit.
383 4679 499 4752 AUbi
537 4679 828 4752 Iialduinus
861 4694 957 4752 pro
997 4679 1386 4752 Cuzupitarutn
1421 4677 1796 4752 suspicabatur

1893 2593 2378 2669 sum_no_minatim
2430 2611 2528 2666 per
2573 2598 2856 2668 Africam;
2921 2603 3166 2662 Donatus
3211 2609 3356 2666 enim
3405 2611 3492 2669 cui

1894 2663 2492 2753 lepitiig‘iuscribituti,“
2515 2673 2807 2753 proconsul
2843 2663 3049 2753 Africa:
3074 2678 3200 2753 _hoc
3226 2663 3493 2753 iéiiipJFé

1895 2745 2043 2825 erat,
2078 2735 2402 2825 tudocetl-l;
2427 2735 2528 2810 ως
2557 2759 2729 2815 supr.,
2761 2746 2827 2800 de
2853 2749 3038 2818 ρωιιὶε.
3070 2750 3139 2806 Et
3163 2735 3493 2825 Augustinus

1893 2807 2044 2874 epist.
2087 2807 2189 2862 157
2221 2820 2270 2864 et
2302 2810 2424 2867 158.
2511 2807 2518 2810 ⁷
2618 2807 2630 2815 ’
2717 2807 2725 2812 ⁷
2817 2836 2822 2841 ι

1967 2879 2032 2934 Ει
2054 2881 2550 2964 νθςρχςξιςθηάαιςιιηι
2575 2884 2764 2964 harum
2785 2887 2961 2960 legum
2979 2890 3095 2949 haec
3116 2897 3333 2954 occasio
3357 2897 3490 2956 fuit:

1893 2949 2100 3031 Rempe
2124 2951 2419 3031 Stilichone
2442 2955 2544 3013 hoc
2567 2958 2692 3031 ipso
2721 2949 2867 3016 anno
2884 2979 3047 3031 causa,
3072 2949 3494 3029 anté'ir‘iﬁééiié

1900 3024 2292 3112 fermenillico
2335 3024 2907 3112 hznretici'etpagani
2938 3024 3148 3112 jactare
3176 3024 3492 3112 caper-unt,

1898 3098 2047 3179 leges
2070 3096 2329 3179 adversus
2353 3115 2412 3179 se
2439 3100 2575 3179 latas
2597 3096 2850 3179 de_ii_l_olis
2874 3096 3281 3179 confringendis
3302 3096 3356 3170 et
3370 3096 3498 3171 lite-'-

1898 3172 2081 3251 reti_cis
2099 3170 2462 3251 corrigendis,
2502 3173 2623 3226 vive
2653 3174 2952 3251 Stilichone
2980 3170 3194 3248 missas,
3226 3199 3294 3241 ac
3322 3170 3496 3242 nomi-

1900 3242 2064 3296 natim
2095 3242 2148 3294 in
2179 3242 2448 3305 Africam,
2481 3260 2586 3298 non
2617 3259 2684 3300 ex
2715 3246 2993 3306 voluntate
3031 3242 3252 3310 Honorii
3287 3259 3494 3313 (ξοπιειί-

1899 3322 2060 3400 tutas,
2072 3328 2264 3400 verum
2283 3329 2351 3396 eo
2364 3317 2640 3400 nesciente
2653 3317 2734 3400 vel
2752 3319 3035 3400 nolente,_q
3047 3325 3147 3400 ttod
3164 3325 3499 3400 Augustinus

1896 3385 2116 3468 disertis
2144 3386 2326 3468 verbis
2355 3386 2544 3468 scribit
2583 3390 2738 3468 epist.
2780 3389 2894 3468 l29_
2937 3385 3348 3468 ad'Olympiitnt
3396 3385 3494 3456 co;

1897 3457 2418 3535 mitemniagistrum
2450 3458 2778 3535 ofﬁciorum,
2809 3462 2896 3517 cui
2923 3457 3172 3535 superior
3193 3457 3278 3526 lex
3302 3473 3497 3528 inscri—

1895 3527 2060 3613 bitur.
2090 3527 2244 3585 Unde
2275 3544 2366 3584 eas
2397 3527 3017 3613 irritas_es§e_putabant
3043 3548 3096 3595 et
3118 3527 3493 3613 intendebant,

1898 3602 2204 3672 pariterque
2252 3615 2375 3672 cum
2415 3603 2626 3657 caeteris
2669 3603 2983 3663 Stilichonis
3042 3613 3251 3668 actibus
3291 3602 3497 3672 rescin;

1895 3671 2101 3728 dendas
2121 3671 2140 3724 ':
2174 3671 2417 3742 quinimo
2447 3684 2500 3728 et
2526 3673 2628 3729 hac
2655 3677 2943 3735 occasione
2978 3680 3030 3735 in
3058 3671 3372 3743 Catholicos
3408 3671 3497 3742 in-

1895 3757 2206 3828 sumen-tere,
2238 3746 2450 3828 vimque
2481 3747 2558 3800 eis
2598 3745 2959 3828 intentavere.
3000 3752 3125 3828 Ideo
3155 3766 3211 3811 et
3244 3758 3496 3828 privatim

1896 3826 1952 3886 et
1987 3817 2200 3885 publice
2239 3831 2332 3872 eas
2376 3818 2522 3883 leges
2574 3822 2839 3874 rccentari
2870 3836 2936 3876 ac
2964 3817 3271 3884 conﬁrmari
3302 3829 3494 3886 catho-

1897 3885 1987 3968 lici
2011 3888 2133 3968 δίψα
2160 3888 2382 3968 petiere.
2410 3888 2614 3968 Nempe
2642 3890 2841 3968 Patres
2863 3893 3101 3952 Africani
3130 3897 3234 3956 hoc
3261 3916 3428 3968 anno,
3458 3902 3494 3958 5

1898 3957 1976 4012 Id.
2031 3959 2277 4023 0ctobr.,
2316 3957 2642 4031 legationem
2686 3963 2754 4018 ad
2799 3964 3096 4023 Honorium
3146 3957 3494 4029 destinavere

1898 4040 2083 4112 contra
2110 4046 2368 4112 paganos
2401 4043 2464 4112 et
2497 4033 2806 4112 haereticos,
2850 4039 3091 4110 episcopi
3139 4044 3384 4112 privatim
3424 4045 3491 4100 ad

1899 4104 2212 4184 comitatuin
2243 4101 2504 4184 profecti:
2549 4101 3397 4184 Augustinus'quoq'ue'privatim
3426 4132 3494 4173 eo

1899 4174 2006 4230 fine
2037 4176 2105 4256 a_d_
2135 4175 2478 4256 Olympium2
2509 4191 2627 4256 eam
2645 4174 2818 4256 quam
2852 4174 3280 4256 ditiiepistolam
3311 4188 3492 4256 dedit,

1898 4261 2020 4317 quae
2053 4246 2142 4300 hic
2189 4246 2296 4301 tota
2345 4247 2620 4303 reddenda
2664 4246 2840 4316 foret,
2883 4253 2987 4308 nisi
3031 4246 3248 4312 modum
3299 4246 3495 4317 horum

1899 4318 2409 4402 commentariorum
2439 4320 2779 4402 eucedereni.
2810 4324 2888 4379 Ex
2909 4339 2974 4402 eo
2997 4342 3190 4399 nempe
3211 4329 3401 4402 liquet,
3428 4332 3499 4389 de

1898 4388 2168 4470 quas
2197 4389 2308 4444 dixi
2333 4392 2617 4470 gentilium
2649 4401 2705 4448 et
2746 4388 3497 4470 hmreticorum'post'cmsutn

1901 4461 2265 4544 Stilichonem
2298 4462 2704 4544 molit_ioni_bus.,
2740 4464 2808 4520 de
2850 4461 3180 4544 privatorum
3218 4477 3496 4544 querelis,

1899 4541 1971 4610 et_
1994 4535 2058 4586 ad
2106 4532 2421 4610 comitatum
2451 4536 2816 4610 fprofectione,
2851 4532 2931 4610 'de
2977 4539 3170 4610 legatis
3209 4532 3274 4600 e'x
3315 4532 3499 4603 Africa

1899 4604 2177 4675 mittendis
2203 4605 2268 4657 ad
2293 4603 2590 4660 Honorium
2617 4607 2987 4675 admittendis,
3009 4603 3079 4667 d'e
3101 4615 3382 4675 celeritate
3407 4636 3503 4675 cx-

1902 4674 2156 4759 liibenda.
2182 4675 2312 4730 Tam
2344 4677 2598 4759 gravibus
2615 4674 3045 4759 igituﬁquerelis
3066 4686 3276 4759 ascitus
3296 4731 3311 4758 ,
3343 4674 3426 4759 et,
3444 4701 3502 4747 ut

199 4742 495 4831 legendum
534 4742 893 4831 Rupitarum.'_
909 4749 1042 4831 Nam
1087 4742 1163 4831 et-
1187 4750 1327 4831 idem
1354 4742 1694 4831 Augustinus
1734 4747 1799 4831 de
1824 4742 1878 4801 D
1903 4747 2128 4831 credere
2158 4762 2262 4831 par
2279 4742 2384 4813 est,
2415 4742 2858 4831 Qlympiiistudio
2880 4752 3190 4831 ,.Honorius
3210 4742 3326 4830 thas
3349 4742 3502 4831 ié’géé

205 4822 250 4877 U
257 4819 420 4876 nitate
447 4819 693 4876 Ecclesia:
719 4838 836 4889 cap.
862 4824 928 4879 ὃς
959 4823 1021 4877 Si
1045 4824 1200 4887 enim,
1223 4822 1413 4892 inquit,
1437 4819 1628 4875 sancta:
1653 4821 1799 4876 Scri-

201 4907 372 4968 ptura:
401 4896 464 4968 in
498 4894 674 4968 Africa
715 4895 824 4968 sola
861 4895 1254 4968 designaverunt
1313 4893 1597 4968 Ecclesium
1645 4902 1690 4968 et
1741 4892 1797 4946 in

203 4963 384 5038 paucis
422 4963 604 5021 Romte
633 4963 1021 5038 Rupitanisiv'el
1063 4966 1436 5032 Montensibus,
1473 4965 1610 5038 etin
1645 4964 1796 5038 domo

203 5035 281 5092 vel
310 5039 622 5110 patrimonio
644 5035 796 5110 unius
826 5049 871 5091 et
903 5037 1151 5110 Hispana:
1174 5037 1431 5098 mulieris,
1460 5036 1710 5110 quidquid
1733 5035 1800 5090 de

202 5107 400 5165 chartis
445 5109 562 5165 aliis
608 5109 753 5180 aliud
793 5107 1118 5180 proferatur,
1163 5126 1264 5163 non
1304 5118 1474 5164 tenent
1514 5107 1794 5162 Ecclesium

204 5184 301 5237 nisi
337 5179 638 5254 Donatistis.
670 5179 874 5254 Nempe
891 5179 1146 5254 Rupitani
1164 5181 1316 5254 dicti,
1345 5179 1792 5254 similiallusione

203 5261 261 5309 et
297 5253 530 5308 ludibrio
559 5269 666 5324 quo
698 5251 1007 5307 Montenses
1049 5264 1102 5309 et
1139 5253 1423 5322 Campates
1448 5251 1790 5324 iVDOIIHIISILB

204 5324 371 5396 igitur
392 5323 701 5379 Montenses
731 5324 856 5378 dicti
889 5324 1092 5380 Romrc.
1124 5326 1300 5393 Quare
1327 5323 1644 5378 allucinatur
1666 5323 1796 5391 Epi-

204 5397 438 5466 phanius
457 5398 546 5467 qui
576 5397 900 5451 Novatianos
931 5398 1113 5451 Romae
1140 5398 1447 5450 aitvocatos
1469 5398 1791 5456 Μοντεσίους.

206 5468 315 5525 Sed
360 5468 530 5522 multo
570 5468 742 5538 magis
777 5477 960 5538 errant
999 5467 1091 5538 qui
1131 5468 1441 5523 Montenses
1469 5482 1499 5520 a
1543 5467 1796 5538 Montano

206 5539 380 5594 dietos
408 5537 707 5594 autumant.
747 5537 898 5593 Nunc
928 5540 994 5595 ad
1018 5537 1160 5594 rem.
1200 5539 1339 5607 Quin
1379 5545 1435 5594 et
1470 5537 1796 5608 subscriptio

207 5611 335 5682 legis
375 5609 446 5666 45
482 5627 628 5681 supr.
671 5609 766 5665 hoc
808 5611 890 5664 tit.
929 5620 975 5682 et
1007 5612 1042 5666 Ι.
1106 5611 1140 5666 9
1193 5615 1321 5679 infr.
1353 5611 1416 5665 de
1444 5608 1694 5680 Paganis,
1741 5609 1795 5664 id

206 5681 440 5745 evincit,
484 5683 621 5739 hanc
660 5683 830 5749 legem
874 5681 940 5736 ad
986 5683 1173 5738 urbem
1214 5683 1440 5738 Romam
1483 5684 1793 5752 pertinere:

207 5753 348 5810 Data
394 5754 596 5821 Romae,
648 5755 700 5810 id
747 5762 849 5819 est,
900 5754 1130 5820 reddita,
1181 5755 1472 5824 proposita.
1514 5753 1646 5809 Nam
1696 5753 1798 5806 hoc

212 5836 458 5897 tempore
504 5827 770 5882 Honorius
810 5825 1063 5881 Ravenna
1104 5827 1432 5882 consiStcbat
1479 5825 1562 5892 (ut
1606 5833 1799 5896 praeter

209 5895 628 5973 Cltronologiam
651 5897 782 5955 Cod.
813 5897 1018 5956 Theod.
1049 5897 1210 5957 docet
1229 5907 1284 5955 et
1310 5895 1618 5969 Zosimus).
1657 5897 1790 5953 Rur-

1904 4820 2182 4904 prtiiuulga
2195 4818 2714 4904 vit,.copﬁr‘mandis
2739 4824 3105 4904 anterioribus
3133 4818 3246 4887 sui's
3269 4818 3505 4904 legibus.

1905 4891 2127 4958 Omnia,
2162 4891 2339 4971 inquit
2369 4891 2665 4971 Hortarius,
2705 4910 2822 4964 qua:
2849 4899 3054 4971 agnobis
3083 4891 3402 4971 generalium
3429 4905 3505 4960 le-

1900 4981 2022 5037 gam
2048 4966 2354 5037 auctoritate
2379 4962 2585 5018 decreta
2620 4962 2760 5033 sunt,
2807 4967 2993 5022 nedum
3027 4962 3243 5030 uiuant;
3273 4975 3507 5032 decemi-

1901 5035 2038 5122 utus,
2070 5050 2247 5122 verum
2278 5035 2331 5088 in
2357 5039 2736 5122 exsecutio-nem
2770 5038 3124 5122 plenissimam
3167 5045 3506 5122 elfectumque

1901 5107 2105 5189 deduci.
2134 5107 2469 5189 Qpamquam
2495 5108 2625 5162 mihi
2655 5107 2806 5189 meus
2829 5127 2913 5189 ea,
2935 5111 3100 5189 hasce
3132 5107 3280 5189 leges
3301 5107 3505 5178 non'ad

1901 5179 2117 5233 Patrum
2162 5177 2542 5264 Africanorum
2601 5181 3019 5264 postulationem
3070 5177 3212 5246 latas
3267 5177 3506 5264 (utpote

1901 5265 2128 5331 quorum
2162 5249 2366 5331 legatos
2393 5251 2570 5331 serius
2598 5249 3360 5331 ad_i_lonorium'pervenisse,
3380 5249 3507 5319 ’Λιι-

1900 5322 2146 5405 gustinus
2167 5321 2406 5405 ἀπέρξει.
2441 5322 2544 5405 I79
2566 5325 2633 5378 ad
2649 5325 2971 5405 _O_ly_tnp_ium
3009 5321 3286 5405 testatur),
3313 5321 3502 5391 verum

1905 5396 2039 5478 latas
2065 5394 2132 5448 ad
2167 5395 2408 5478 priva-tas
2427 5394 2748 5478 Augustini:
2766 5394 2935 5478 ipsius
2963 5409 3016 5455 et
3045 5394 3282 5478 aliorum
3313 5422 3510 5478 quere-

1905 5464 2171 5548 la_s,_qu:e
2209 5467 2385 5547 media
2417 5464 2623 5537 hyeme,
2649 5476 2707 5522 ut
2733 5464 2863 5548 ipse
2878 5469 3213 5542 Augustinus
3244 5464 3500 5548 tesiatur,

1905 5535 1972 5617 ad
2023 5535 2316 5617 Honorium
2354 5535 2714 5617 pervenerunt
2739 5535 3054 5617 _e_t__legaios
3093 5535 3500 5617 praevenerunt:

1905 5611 2083 5680 Atque
2105 5611 2221 5682 ipse
2249 5609 2581 5682 Augustinus
2610 5610 2752 5681 apud
2779 5609 3212 5682 Olympium'hoc
3238 5623 3508 5678 insunter

1905 5682 2042 5764 egit,
2092 5692 2152 5764 ut.
2197 5681 2469 5754 negmium
2505 5681 2611 5736 hoc
2644 5681 3061 5764 diligentisSima
3107 5694 3510 5750 acceleraretur

1905 5756 2183 5821 instantia,
2215 5768 2556 5824 quacumque
2579 5756 2830 5824 primitus
2854 5769 3042 5814 exorta
3072 5766 3360 5823 occasione
3386 5781 3507 5821 ma-

1907 5832 2207 5882 turaretur:
2241 5841 2414 5906 neque
2445 5825 2574 5879 illud
2604 5825 2714 5906 ullo
2736 5827 2900 5883 modo
2919 5830 3315 5906 dill'ercndum;
3342 5840 3516 5896 etiam

1907 5906 2195 5968 antequam
2219 5897 2505 5969 episcopos
2535 5898 2627 5969 qui
2659 5898 2782 5956 ideo
2811 5902 3039 5972 protecti
3062 5919 3240 5984 erant,
3271 5897 3518 5990 videret,
