3972 6328
431 319 573 377 1223

1392 320 1614 382 GESTA
1653 322 2110 384 COLLATIONIS
2146 323 2765 388 CARTHAGINENSIS.

3604 331 3765 392 1224

1193 438 3757 471 W

1583 528 1745 601 225
1797 528 1948 585 ANNO
1986 529 2179 587 Domm
2217 529 2344 588 Ml.

1045 587 1743 808 GESTX
1797 587 3146 818 COLLATiONIS

1635 871 2142 937 CARTHAGINI
2213 873 2541 937 HABITJE

1367 995 1838 1069 HONORII
1921 993 2402 1070 CAESARIS
2479 999 2796 1073 JUSSU

749 1115 1176 1201 INTER
1275 1116 2166 1205 CATHOLICOS
2542 1121 3448 1258 _DONATISTAS

1087 1253 1306 1298 COBAM
1336 1253 1748 1299 MARCELLINO
1778 1254 1838 1300 ν.
1877 1253 1936 1298 C.
1964 1255 2141 1301 TRIB.
2168 1256 2251 1300 ΕΤ
2278 1255 2430 1301 NOT.
2454 1255 2513 1301 Ρ.
2534 1255 2595 1302 C.
2629 1257 2898 1306 VARANIS
2926 1261 2987 1304 ν.
3025 1262 3085 1306 C.

908 1473 1284 1535 PREFATIO
1306 1475 1553 1535 OPERIS

941 1633 995 1674 Ρ.
1026 1629 1298 1673 ΜεδουΝο
1331 1628 1601 1672 Αυετοιιε.

508 1757 643 1813 Acta
689 1755 980 1814 collationis
1029 1753 1480 1826 Carthaginensis,
1527 1746 1831 1805 Innocentio
1873 1745 2040 1820 primo

434 1849 681 1924 pontifice
754 1850 1022 1919 Romano,
1096 1847 1324 1903 Honorii
1378 1842 1760 1901 clementissimi
1819 1837 2040 1895 Ctesaris

421 1947 581 2018 jussu
610 1943 782 2000 habita
807 1953 958 2010 sunt,
979 1959 1116 1998 anno
1134 1951 1248 2016 post
1276 1941 1600 1996 consulatum
1633 1936 1893 2003 Varanis,
1923 1951 2041 1989 cum

431 2037 608 2093 nullus
631 2037 683 2092 in
704 2036 978 2093 Occidente
993 2035 1176 2092 consul
1201 2044 1356 2103 esset,
1392 2042 1601 2107 propter
1624 2031 1836 2085 nimiam
1865 2043 2040 2083 rerum

433 2131 907 2202 perturbationem,
979 2129 1146 2187 Roma
1206 2129 1268 2183 ab
1322 2127 1532 2181 Alarico
1584 2123 1871 2178 Gothorum
1921 2135 2040 2192 rege

430 2238 609 2280 recens
633 2234 807 2296 capta.
849 2222 1096 2278 Mandata
1145 2222 1303 2294 igitur
1323 2237 1426 2291 quo
1463 2219 1572 2273 haec
1611 2215 1895 2287 disputatio
1924 2212 2039 2284 ﬁeri

421 2313 661 2388 jubelur,
694 2315 836 2370 locus
863 2315 1069 2386 quidem
1099 2323 1146 2370 et
1184 2313 1294 2368 dies
1318 2312 1587 2385 appositus
1625 2319 1731 2378 est;
1761 2317 1814 2363 at
1839 2307 2040 2363 Consu-

433 2403 568 2474 lem,
595 2407 685 2478 qui
708 2408 884 2464 nullus
903 2418 1015 2463 erat
1035 2448 1049 2471 ,
1091 2408 1281 2464 curiosi
1311 2410 1506 2480 frustra
1536 2406 1814 2476 requirent.
1841 2401 2036 2458 Catho-

431 2499 548 2557 lica:
605 2500 856 2558 Ecclesia:
916 2502 1142 2575 episcOpi
1212 2502 1539 2556 collationem
1602 2499 1715 2568 ﬁeri
1781 2486 2034 2569 petierant

427 2593 670 2650 adversus
691 2593 886 2651 Donati
914 2605 1112 2667 partem
1143 2611 1163 2663 ;
1193 2595 1249 2650 id
1291 2596 1432 2650 enim
1466 2605 1787 2667 agnoscunt,
1842 2601 2034 2666 septem

427 2703 494 2744 ea:
521 2688 594 2745 eis
619 2689 800 2744 delecti
821 2728 839 2756 ,
873 2689 1116 2745 Aurelius
1141 2730 1156 2755 ,
1204 2687 1426 2760 Alypius
1451 2730 1468 2757 ,
1513 2687 1861 2757 Augustinus,
1907 2684 2036 2740 Vin-

428 2785 645 2851 centius,
692 2783 1037 2853 Fortunatus,
1093 2783 1526 2850 Fortunatianus,
1576 2792 1623 2837 et
1688 2780 1963 2837 Possidius
2011 2795 2031 2834 :

2056 1477 2112 1544 Α
2135 1486 2306 1527 causa:
2325 1472 2624 1545 defensione
2651 1475 2935 1534 Donatiani
2955 1479 3279 1552 delegerant,
3307 1491 3358 1539 et
3373 1482 3461 1554 qui
3485 1483 3548 1539 in
3567 1484 3773 1541 eadem

2147 1581 2305 1622 causa
2335 1571 2559 1626 maxime
2589 1572 2941 1641 laboraverat,
2974 1575 3109 1630 libro
3144 1578 3365 1634 secundo
3399 1577 3778 1636 Retractatio-

2143 1673 2267 1714 num
2304 1659 2624 1732 Augustinus
2673 1666 2871 1733 tradit;
2919 1683 3076 1739 eoque
3125 1680 3329 1725 mortua
3379 1670 3668 1728 Possidius
3714 1675 3774 1729 in

2142 1755 2258 1826 ejus
2279 1755 2384 1810 vita
2427 1757 2582 1811 etiam
2626 1759 2800 1829 refert.
2845 1759 3080 1832 Denique
3103 1764 3348 1821 adversus
3389 1763 3772 1822 Gaudentium

2142 1841 2622 1920 Thamugadensem
2673 1852 3002 1924 episcoyum,
3060 1871 3210 1926 quem
3277 1873 3343 1912 ea:
3383 1858 3476 1914 illo
3530 1877 3771 1918 numera

2141 1940 2306 2012 fuisse
2352 1943 2528 1998 eadem
2576 1961 2777 2016 quoque
2831 1948 2961 2003 libro
3017 1950 3362 2021 demonstrat,
3408 1954 3573 2009 libros
3619 1957 3770 2013 duas

2142 2034 2465 2107 conscripsit.
2517 2037 2583 2091 At
2630 2055 2832 2094 summa
2874 2041 3075 2097 utilitas
3101 2045 3215 2116 ejus
3235 2045 3420 2116 iudicii
3447 2047 3552 2120 fuit
3577 2065 3599 2104 :
3629 2067 3768 2105 nam

2141 2123 2256 2179 licet
2279 2124 2557 2183 Donatiani
2577 2127 2831 2186 Caesarem
2860 2135 3191 2205 appellarunt
3213 2166 3242 2206 ,ι
3259 2138 3324 2192 ab
3351 2137 3601 2196 Honorio
3623 2159 3768 2198 con—

2139 2220 2402 2290 ﬁrmatum
2430 2233 2549 2292 est;
2581 2241 2774 2298 nosque
2808 2229 3028 2282 edictum
3067 2246 3131 2286 ea:
3157 2232 3330 2287 codice
3375 2231 3765 2293 Theodosiana

2139 2312 2259 2368 huic
2301 2315 2640 2386 disputationi
2665 2321 3008 2378 annexuimus
3036 2339 3054 2378 :
3086 2325 3171 2379 cui
3195 2323 3435 2382 obediens
3461 2328 3611 2398 plebs
3641 2329 3766 2385 Do-

2139 2409 2448 2465 natistarum
2468 2454 2483 2478 ,
2517 2412 2731 2469 desertis
2755 2417 3016 2489 episcopis
3034 2419 3140 2474 suis
3163 2420 3232 2474 ad
3249 2419 3540 2478 Ecclesiam
3567 2426 3765 2481 catho—

2137 2500 2290 2556 licam
2316 2507 2489 2558 statim
2519 2507 2698 2573 rediit,
2729 2518 2777 2564 et
2821 2526 2885 2565 ea:
2933 2509 3112 2584 Optati
3139 2513 3503 2585 antiquissima
3561 2534 3761 2574 manu.

2135 2597 2328 2668 scripta
2399 2599 2576 2654 codice
2643 2601 3073 2674 interrogationes
3160 2608 3408 2676 quasdam
3477 2609 3761 2667 callationi

2133 2691 2482 2763 intelligenda:
2510 2696 2823 2752 necessarias
2867 2699 3027 2769 adjici
3069 2701 3381 2758 curavimus.
3411 2702 3757 2776 Cognitorem

2132 2781 2340 2853 quidem
2373 2783 2590 2840 Orosius
2621 2787 2751 2843 libro
2791 2791 3008 2860 septimo
3029 2785 3370 2862 prudentem,
3427 2798 3753 2855 industrium

424 2878 637 2934 totidem
667 2877 974 2946 Donatistae,
1007 2878 1332 2946 Primianus,
1382 2875 1675 2932 Petilianus
1694 2915 1710 2942 ,
1741 2873 2024 2940 Emeritus,
2059 2888 2104 2948 Β
2132 2886 2183 2932 et
2203 2879 2492 2934 studiorum
2517 2881 2765 2937 bonarum
2780 2887 3263 2957 appetentissimum
3290 2890 3454 2960 fuisse
3476 2901 3704 2948 testatur
3731 2912 3752 2948 :

424 2969 746 3038 Montanus,
805 2969 1157 3040 Gaudentius,
1206 2970 1543 3036 Adeodatus,
1604 2977 1650 3023 et
1697 2967 1972 3024 Protasius
2011 2983 2030 3022 :

421 3075 574 3139 atque
600 3067 652 3120 hi
679 3067 812 3122 inter
836 3065 1067 3122 absentes
1097 3067 1364 3138 episcopos
1390 3065 1554 3138 partis
1577 3079 1717 3131 suas,
1770 3073 1826 3117 ut
1852 3063 2029 3135 fucum

419 3163 688 3232 facerent,
736 3157 970 3215 Felicem
1013 3159 1162 3232 quasi
1204 3159 1346 3215 urbis
1395 3157 1579 3213 Roma:
1604 3157 1902 3228 episcOpum
1931 3170 2028 3209 na-

427 3253 660 3321 minant,
692 3252 810 3308 licet
837 3252 1091 3308 Catholici
1136 3251 1500 3306 Innocentium
1539 3259 1658 3304 tunc
1705 3249 1880 3304 sedere
1929 3255 2029 3301 tes-

419 3353 614 3414 tentur,
635 3354 693 3400 ut
719 3361 894 3400 verum
921 3354 1059 3410 erat,
1089 3353 1244 3414 utque
1264 3343 1640 3414 probatissima:
1669 3341 1792 3410 ﬁdei
1815 3341 2027 3396 annales

421 3439 638 3493 tradunt
663 3479 677 3502 ,
707 3436 776 3492 ad
801 3454 996 3492 annum
1042 3453 1074 3490 a
1117 3446 1270 3509 partu
1317 3435 1546 3508 Virginis
1585 3433 2028 3505 quadringentesi-

420 3547 567 3586 mum
623 3530 969 3586 undecimum.
1026 3528 1330 3599 Disputatio
1387 3527 1636 3582 dividitur
1695 3527 1750 3580 in
1801 3527 2025 3598 primani

415 3623 761 3696 cognitionem
782 3664 798 3691 ,
847 3622 1160 3690 secundam,
1193 3631 1241 3677 et
1270 3622 1492 3677 tertiam.
1518 3619 1692 3676 Tertia
1717 3629 1858 3676 sexto
1894 3618 2024 3672 ldus

402 3714 592 3788 junias
615 3713 791 3769 habita
819 3724 894 3769 est
921 3730 941 3770 .°
987 3732 1087 3788 qua
1113 3714 1195 3769 die
1230 3713 1491 3786 profertur
1523 3712 1820 3769 Marcellini
1848 3711 2026 3785 cogni-

412 3805 542 3861 toris
569 3806 839 3872 sententia,
880 3805 1171 3876 confutatos
1198 3823 1231 3860 a
1257 3805 1539 3862 Catholicis
1565 3803 1868 3861 Donatistas
1907 3822 2020 3860 ont-

412 3898 559 3954 nium
579 3899 1006 3955 documentorum
1038 3897 1454 3969 manifestatione
1472 3899 1744 3954 asserentis
1765 3940 1782 3966 ,
1823 3907 1876 3952 ut
1917 3897 2021 3952 divi

409 3990 688 4066 Augustini
708 3991 869 4047 verbis
899 4000 1035 4045 utar.
1064 3988 1218 4044 Hanc
1241 3991 1546 4046 sententiam
1565 4001 1618 4046 ut
1639 4001 1864 4062 emptam
1884 4009 1915 4046 a
1935 4007 2022 4046 co-

408 4089 613 4160 gnitore
643 4087 913 4142 Catholica
937 4095 987 4141 et
1013 4095 1164 4141 noctu
1184 4085 1446 4158 prolatam
1468 4127 1482 4153 ,
1507 4086 1820 4140 calumniose
1843 4095 2018 4156 postea

409 4180 673 4237 Emeritus
702 4190 751 4236 et
774 4181 985 4252 quidam
1042 4182 1329 4253 pertinaces
1369 4179 1660 4236 Donatista:
1694 4185 1974 4254 arguebant
1998 4199 2017 4238 :

406 4289 534 4346 quas
563 4273 881 4348 Augustinus
908 4274 1200 4329 acutissime
1226 4273 1418 4344 refellit
1443 4291 1461 4339 ;
1483 4274 1565 4329 cui
1589 4291 1714 4330 sane
1736 4275 1878 4330 laudi
1901 4292 2013 4332 esse
2039 4293 2084 4356 ρ

406 4367 583 4433 debet,
612 4367 751 4438 quod
772 4367 1029 4438 epitomen
1074 4365 1365 4422 collationis
1396 4367 2011 4438 brevissimamscripsit,

403 4462 522 4518 ideo
564 4463 824 4518 utiliorem
853 4464 1078 4535 futuram
1101 4461 1227 4533 quia
1269 4462 1432 4518 tertia:
1470 4463 1774 4534 cognitionis
1824 4479 2013 4535 magna

404 4574 562 4630 pars,
604 4574 718 4629 qua:
759 4559 842 4613 hic
899 4557 1108 4627 deficit,
1159 4559 1450 4614 necessario
1498 4558 1617 4614 inde
1659 4559 1876 4632 petenda
1913 4568 2007 4618 est.

408 4648 508 4706 Ubi
535 4653 598 4705 de
626 4648 905 4706 Caeciliano
937 4661 983 4706 et
1009 4650 1276 4706 Mensurio
1295 4693 1309 4719 ,
1352 4653 1515 4724 deque
1559 4653 1894 4710 traditoribus
1920 4670 2008 4709 sa-

399 4761 608 4803 crarum
635 4745 872 4800 codicum
925 4754 976 4799 et
1014 4745 1353 4816 supellectilis
1386 4746 1767 4802 Ecclesiasticte
1806 4748 1997 4820 agitur,

404 4837 730 4895 Diocletiano
773 4846 823 4893 et
864 4835 1186 4892 Maximiano
1216 4837 1511 4893 Ecclesium
1549 4840 1798 4895 acerrime
1832 4855 2001 4906 perse-

397 4931 702 5001 quentibus:
730 4938 776 4986 et
806 4929 852 4985 si
880 4936 999 4984 ante
1020 4929 1367 4999 Augustinum
1395 4932 1448 4984 in
1469 4930 1600 4985 libra
1623 4932 1685 4986 de
1704 4929 2000 4986 Hazresibus

396 5019 456 5076 id
483 5037 681 5092 quoque
707 5020 770 5076 ab
801 5020 991 5093 Optata
1043 5019 1344 5076 Milevitana
1374 5022 1579 5093 copiose
1617 5032 1883 5077 narratum
1903 5033 1996 5079 est.

394 5114 473 5171 Ac
497 5113 778 5186 disputavit
805 5115 1014 5185 quidem
1056 5114 1378 5186 Augustinus
1423 5117 1667 5171 adversus
1698 5115 1999 5174 Donatistas

2134 2973 2207 3024 ad
2233 2988 2446 3044 eumque
2488 2991 2591 3028 non
2637 2976 2799 3032 multa
2838 2988 2954 3049 post
2996 2978 3214 3035 Romam
3274 2992 3512 3053 captam,
3558 2987 3752 3057 scripti

2131 3074 2249 3120 sunt
2270 3065 2333 3119 ab
2362 3065 2650 3137 Augustino
2678 3071 2797 3126 libri
2817 3073 2999 3144 viginti
3025 3074 3089 3129 de
3115 3074 3330 3132 Civitate
3356 3075 3486 3146 Dei,
3520 3089 3579 3133 ut
3605 3098 3750 3149 pra:-

2131 3160 2258 3228 fatio
2279 3159 2348 3212 ad
2376 3175 2462 3215 eos
2482 3160 2697 3218 indicat.
2727 3162 2809 3219 De
2837 3175 3000 3220 morte
3019 3177 3190 3222 autem
3210 3167 3514 3226 Marcellini
3545 3172 3746 3231 Hiera-

2131 3266 2316 3322 ngmus
2355 3253 2580 3325 loquitur
2631 3256 2720 3312 lib.
2753 3260 2789 3316 ὅ
2824 3271 3004 3316 contra
3050 3261 3235 3335 Pelag.
3283 3265 3571 3324 violentam
3626 3290 3740 3327 eam

2129 3343 2290 3414 fuisse
2310 3360 2511 3402 necesse
2535 3357 2634 3402 est.
2680 3347 3050 3409 Percussorem
3099 3355 3232 3410 enim
3264 3359 3380 3429 ejus
3409 3368 3459 3414 et
3488 3363 3738 3418 sicarium

2127 3436 2265 3491 idem
2295 3437 2508 3495 Orosius
2529 3443 2778 3502 nominat.
2795 3445 3118 3505 Laudandus
3137 3467 3337 3524 quoque
3352 3463 3429 3509 est
3453 3455 3738 3517 Marcellus

2127 3532 2215 3602 qui
2244 3534 2342 3588 hoc
2367 3535 2604 3592 volumen
2629 3539 2873 3600 Actorum
2913 3544 3234 3616 collationis,
3262 3550 3405 3620 quod
3431 3553 3736 3624 copiosissi-

2128 3639 2269 3678 mum
2289 3635 2440 3696 atque
2464 3627 2862 3696 diffusissimum
2885 3645 2996 3689 erat
3012 3676 3027 3701 ,
3071 3637 3336 3695 modulata
3352 3681 3368 3707 ,
3391 3652 3449 3697 ut
3486 3644 3602 3715 ipse
3629 3648 3731 3713 ait,

2126 3719 2370 3774 brevitate
2396 3720 2632 3779 distinxit
2651 3734 2801 3797 atque
2821 3728 3066 3802 collegit,
3099 3742 3154 3786 ut
3189 3748 3253 3788 ea:
3281 3734 3502 3806 epistola
3523 3741 3639 3810 ejus
3664 3740 3732 3794 ad

2127 3811 2468 3871 Severianum
2501 3827 2549 3872 et
2587 3817 2856 3875 lulianum
2887 3823 3052 3881 videri
3089 3836 3276 3899 potest.
3306 3827 3422 3885 Nec
3447 3831 3606 3901 plura
3635 3835 3731 3888 hac

2126 3907 2240 3962 loco
2271 3908 2489 3964 dicenda
2516 3912 2869 3970 existimamus
2895 3956 2911 3983 ,
2941 3919 3062 3984 quia
3105 3917 3401 3976 Balduinus
3446 3936 3727 3997 prwceptar

2124 4019 2265 4085 meus
2319 4004 2375 4058 in
2413 4008 2537 4078 jure
2601 4008 2774 4077 civili,
2829 4010 2917 4081 qui
2971 4022 3086 4066 acta
3138 4015 3469 4071 commodata
3527 4027 3722 4072 tantum

2121 4099 2177 4153 in
2225 4100 2477 4156 veteribus
2523 4102 2693 4158 adhuc
2718 4105 3028 4160 membranis
3065 4107 3128 4161 ab
3167 4109 3396 4164 antistite
3429 4109 3721 4166 Meldorum

2121 4189 2261 4252 Tillo
2284 4194 2568 4264 habuerat,
2599 4197 2880 4270 elegantem
2910 4201 2965 4254 in
2995 4217 3055 4256 ea
3079 4205 3510 4262 commentarium
3539 4207 3717 4263 edidit.

2533 4334 2698 4409 226
2725 4337 3096 4399 ΡΙὶέΕΕΑΤΙΟ

2203 4462 2503 4507 (ςιΑιιιεεικι
2530 4468 2639 4508 VIR!
2668 4470 2876 4512 ΒΑιυῑιι
2903 4450 2955 4512 lsi
2986 4474 3202 4518 EAHDEI
3230 4478 3626 4522 COLLATIONEI.

2188 4563 2343 4621 Gesta
2367 4566 2659 4623 collationis
2690 4569 3108 4643 Carthaginensis
3138 4575 3271 4630 inter
3319 4579 3587 4651 episcopos
3615 4579 3713 4635 Ca-

2113 4655 2330 4714 tholicos
2357 4670 2406 4716 et
2438 4659 2738 4718 Danatistas
2768 4681 2882 4736 quia
2935 4683 3071 4722 nunc
3110 4678 3343 4740 exstant,
3383 4674 3580 4747 integra
3609 4692 3707 4730 non

2112 4760 2270 4817 sunt,
2307 4753 2400 4807 sed
2447 4753 2830 4812 abbreviataea:
2878 4758 2985 4814 illis
3030 4777 3145 4830 qua:
3169 4765 3465 4838 conscripta
3511 4771 3710 4838 fuerant

2109 4860 2284 4899 caram
2327 4845 2640 4904 Marcellino
2679 4849 2927 4908 Notario.
2961 4851 3103 4908 Nam
3129 4871 3245 4910 cum
3283 4858 3380 4912 illa
3414 4860 3563 4914 valde
3589 4877 3707 4930 pro-

2109 4939 2216 4994 lixa
2241 4951 2439 5007 essent,
2491 4954 2544 4998 ut
2574 4945 2894 5017 Augustinus
2922 4949 2994 5003 ait
3031 4949 3087 5004 in
3135 4952 3352 5021 epistola
3395 4955 3704 5028 quinquage-

2109 5031 2270 5098 sima,
2317 5034 2700 5106 timendumque
2731 5046 3000 5110 propterea
3031 5052 3161 5097 esset
3188 5059 3250 5098 ne
3280 5045 3337 5099 in
3361 5057 3702 5117 contemptum

2107 5126 2368 5194 venirent,
2414 5127 2724 5186 Severianus
2767 5142 2816 5186 et
2859 5133 3106 5190 Julianus
3143 5153 3176 5190 a
3207 5137 3466 5195 Marcello
3513 5139 3698 5196 Memo-

392 5217 514 5264 aute
539 5206 903 5272 collationem,
937 5214 986 5260 et
1034 5205 1192 5261 libros
1242 5206 1306 5261 de
1355 5206 1610 5276 baptisma
1664 5211 2000 5281 parvulorum
2031 5210 2078 5270 1)
2103 5217 2256 5285 rialt,
2289 5221 2378 5291 qui
2405 5221 2671 5277 collatiani
2695 5224 3000 5296 interfuerat
3021 5237 3069 5282 et
3096 5245 3212 5284 cum
3237 5229 3543 5289 Marcellino
3566 5249 3692 5287 coni-

394 5300 558 5357 e'didit
590 5316 606 5369 ;
648 5299 802 5356 simul
847 5297 1090 5354 disseruit
1119 5297 1366 5354 adversus
1398 5297 1650 5355 Petiliani
1695 5303 1895 5358 litteras
1935 5321 1997 5360 ea:

393 5393 593 5465 forensi
619 5394 869 5450 advocato
915 5391 1176 5463 episcopi,
1220 5400 1267 5446 et
1313 5389 1638 5448 Crescanium
1683 5394 1999 5451 Grammati-

392 5502 512 5542 cum
540 5485 760 5542 dicendo
787 5502 916 5558 pene
944 5484 1171 5540 obtrivit.
1207 5481 1339 5538 Post
1369 5485 1702 5542 collationem
1742 5504 1857 5544 vero
1882 5489 1998 5546 IIo-

392 5580 542 5636 naria
573 5579 666 5636 XII
689 5590 739 5636 et
768 5578 1064 5636 Theodosio
1083 5576 1194 5635 Vlll
1223 5576 1368 5635 Cass.
1403 5590 1458 5634 ut
1487 5582 1697 5651 ipsemet
1717 5586 1989 5656 prazfatur,

392 5671 520 5742 quid
545 5673 703 5744 egerit
729 5687 848 5727 cum
874 5670 1108 5727 Emerita
1152 5671 1279 5727 satis
1308 5673 1526 5728 ostendit
1565 5675 1696 5729 libra
1740 5677 1995 5748 singulari

393 5761 468 5815 sic
496 5761 740 5833 inscripta
782 5779 802 5818 :
856 5762 934 5819 De
981 5761 1154 5833 gestis
1197 5777 1319 5817 cum
1351 5763 1612 5821 Emerita.
1665 5765 1830 5839 Atque
1854 5766 1992 5824 hunc

395 5851 600 5924 quidem
644 5855 805 5926 fuisse
858 5870 1017 5910 unum
1055 5868 1228 5909 eorum
1272 5866 1491 5929 septem,
1544 5876 1672 5930 quos
1735 5880 1829 5934 pro
1881 5881 1989 5921 sua:

2105 5313 2450 5368 municaverat
2470 5315 2693 5372 laborem
2716 5317 2970 5375 libranda:
2991 5320 3405 5393 disceptationis,
3429 5335 3689 5400 exegerunt

2102 5407 2179 5461 uti
2227 5406 2438 5478 fastidia
2489 5410 2724 5468 lecticaris
2770 5414 2996 5470 remedio
3051 5417 3312 5474 brevitatis
3388 5423 3681 5477 excluderet.

2106 5500 2313 5573 Quippe
2353 5503 2642 5562 Donatistis
2661 5549 2674 5574 ,
2705 5525 2820 5563 cum
2866 5509 3094 5566 obtinere
3122 5529 3154 5566 a
3179 5513 3445 5585 cognitore
3481 5532 3580 5570 non
3605 5530 3686 5586 pa-

2104 5595 2319 5652 tuissent
2340 5614 2403 5652 ne
2429 5599 2637 5656 collatio
2662 5601 2808 5671 ﬁeret
2836 5613 2888 5659 et
2929 5614 2986 5660 ut
3021 5621 3234 5677 prorsus
3261 5625 3420 5664 causa
3459 5611 3571 5684 ipsa
3597 5625 3686 5663 non

2100 5699 2360 5760 ageretur,
2386 5691 2490 5747 hoc
2516 5690 2817 5750 eﬂ‘ecerunt
2843 5737 2859 5763 ,
2901 5697 3070 5769 inquit
3098 5699 3444 5771 Augustinus,
3472 5702 3680 5758 multum

2098 5777 2369 5852 loquendo
2417 5793 2474 5840 ut
2516 5786 2659 5857 quod
2725 5797 2907 5845 actum
2963 5799 3078 5859 est,
3129 5792 3352 5850 dimcilc
3404 5795 3676 5866 legeretur.

2100 5874 2217 5943 Qua
2241 5889 2448 5957 propter
2475 5879 2758 5940 Marcellus
2781 5884 3104 5945 Memorialis
3139 5889 3494 5948 vbsecundans
3519 5899 3682 5965 postu-
