3972 6328
225 278 362 339 ωδ

1169 279 1398 339 GESTA
1433 278 1885 338 COLLATIUNIS
1921 280 2543 343 GARTHAGINENSIS.

3352 287 3515 362 {1226

220 393 340 451 latis
365 391 648 447 amicorum
673 406 883 447 suorunt
903 431 919 459 ,
967 393 1230 466 superflua
1275 395 1517 450 resecavit
1538 435 1554 460 ,
1598 402 1644 447 et
1672 404 1814 464 gesta
1841 401 1895 464 Α
1919 396 2084 451 limus
2103 415 2196 470 pro
2223 399 2433 454 modulo
2460 399 2647 454 virium
2687 408 3007 467 nostrarum,
3056 401 3220 456 secuti
3238 401 3292 457 in
3319 403 3413 459 hoc
3438 406 3516 459 vel

222 503 282 544 eo
307 485 456 542 modo
480 487 803 542 concinnavit
828 503 930 558 quo
978 504 1113 543 nunc
1139 505 1172 542 a
1226 489 1372 543 nobis
1427 489 1686 561 leguntur.
1734 485 1817 543 Ea

218 595 341 638 sane
367 578 493 634 olim
515 577 746 635 studiose
765 588 975 652 excepta
998 623 1013 648 ,
1042 582 1360 654 conscripta,
1398 579 1685 651 collataque
1705 586 1818 652 fue-

217 682 369 740 rant,
391 674 556 747 inquit
581 672 876 730 Balduinus
898 717 916 743 ,
965 675 1056 731 sed
1100 676 1344 747 temporis
1369 675 1565 749 injuria
1603 675 1815 749 posteri-
1846 664 1851 669 ’

219 768 439 836 talisque
467 765 776 839 negligentia
800 767 1169 824 interciderant
1187 812 1202 838 ,
1260 768 1423 823 donec
1451 768 1655 824 tandem
1680 784 1818 824 anno

221 856 359 916 i566
384 860 439 914 in
478 875 661 914 nimus
688 859 924 934 ejusdem
963 860 1212 916 Balduini
1237 876 1417 918 venere
1447 860 1692 933 beneficio
1722 861 1818 917 viri

216 951 494 1012 clarissimi
530 951 753 1010 Joannis
785 953 909 1010 Tilii
927 955 1156 1029 episcopi
1186 954 1487 1012 Meldensis.
1534 955 1686 1024 Quod
1724 972 1820 1010 au-

215 1056 317 1104 tem
345 1064 449 1103 non
478 1046 687 1102 omnino
707 1048 1007 1120 perierunt,
1039 1047 1276 1104 debemus
1302 1090 1317 1115 ,
1348 1049 1552 1120 opinor,
1578 1046 1820 1119 quicquid

212 1139 310 1197 alii
336 1149 514 1196 contra
531 1140 787 1207 sentiant,
814 1140 1146 1196 nobilissimae
1173 1139 1419 1195 Ecclesia'
1445 1138 1783 1212 Lugdunensi
1801 1183 1814 1206 ,

217 1251 335 1309 quia
360 1234 564 1291 illustre
605 1234 705 1291 hoc
732 1235 1057 1307 antiquitatis
1105 1247 1491 1290 monumentum
1537 1235 1591 1288 in
1638 1231 1821 1288 biblio-

218 1325 374 1383 theca
403 1344 501 1383 sua
525 1328 764 1384 seruauit.
797 1325 896 1382 Cui
929 1328 1004 1381 rei
1032 1327 1227 1382 indicio
1253 1337 1326 1383 est
1350 1327 1504 1381 etiam
1546 1325 1821 1397 inscriptio

215 1434 361 1481 vetus
388 1423 556 1494 posita
574 1423 629 1488 in
653 1423 802 1478 initio
829 1423 1011 1478 veteris
1039 1422 1372 1490 exemplaris,
1413 1422 1457 1476 ei
1497 1420 1680 1477 similis
1706 1433 1822 1491 quia

215 1525 384 1575 exstat
428 1517 485 1571 in
521 1517 691 1589 capite
715 1514 907 1572 codicis
938 1514 1278 1571 Tertullianei
1297 1556 1313 1582 ,
1342 1530 1492 1586 quem
1536 1513 1699 1568 eidem
1721 1510 1823 1566 Ec-

214 1609 393 1666 clesia:
413 1607 598 1664 obtulit
630 1607 937 1682 Agobardus
958 1608 1401 1680 archiepiscOpus.
1433 1605 1527 1663 Sic
1547 1621 1670 1679 ergo
1694 1604 1823 1677 legi-

214 1709 302 1758 tur
327 1701 385 1757 in
408 1704 579 1775 fronte
604 1702 822 1759 istorum
849 1710 1127 1775 gestorum.

803 1811 975 1861 ,ιιιιςιι
994 1810 1237 1853 οΒιΑτυε

607 1906 678 1947 AD
704 1904 923 1947 ALTARB
939 1903 1128 1945 SANC'I'I
1157 1902 1419 1944 STEPHANI

614 1999 759 2041 νοτο
795 1999 1082 2041 ευιοιιειιη
1123 1998 1392 2040 CANONICI.

284 2076 432 2136 Tum
454 2092 574 2134 vero
596 2075 889 2133 Balduinus
910 2120 926 2146 ,
948 2077 1037 2147 qui
1054 2076 1380 2132 existimabat
1400 2115 1415 2142 ,
1459 2081 1504 2129 et
1530 2089 1676 2142 vere,
1709 2088 1823 2128 ma-

213 2187 380 2249 gnum
407 2169 505 2226 sibi
535 2169 807 2240 quemdam
837 2168 1136 2224 thesaurum
1159 2184 1268 2225 esse
1290 2168 1521 2224 oblatum
1545 2209 1561 2234 ,
1588 2183 1652 2222 ea
1684 2176 1828 2240 gesta

215 2276 465 2322 accurate
483 2266 608 2338 legit
646 2276 694 2320 et
722 2264 997 2337 expendit,
1044 2273 1094 2318 et
1139 2264 1335 2319 interea
1358 2264 1479 2317 dum
1532 2262 1826 2328 ederentur,

217 2359 497 2417 historiam
539 2359 688 2414 istius
715 2358 1016 2413 collationis
1063 2356 1307 2428 vulgavit.
1367 2353 1575 2410 Poterat
1622 2354 1711 2410 ille
1757 2354 1830 2409 le-

216 2453 365 2510 uiore
414 2451 717 2521 compendio
746 2459 888 2523 gesta
931 2449 1115 2517 edere,
1167 2449 1215 2503 si
1256 2447 1517 2503 voluisset.
1557 2446 1663 2503 Sed
1689 2444 1830 2501 haud

217 2546 379 2604 dubie
398 2546 719 2619 intelligebat
742 2544 1125 2601 multa'menda
1148 2552 1356 2600 exstare
1382 2530 1438 2599 in
1454 2542 1609 2599 veteri
1633 2541 1827 2608 codice,

216 2656 343 2716 qum
364 2643 574 2713 auferre
592 2639 919 2707 destinabat,
949 2639 1115 2694 multa
1143 2638 1297 2693 etiam
1321 2653 1437 2708 qute
1482 2635 1830 2708 explicatione

216 2735 550 2808 indigerent,
582 2743 640 2790 ut
660 2747 726 2790 ex
744 2733 816 2789 eis
841 2732 1022 2805 colligi
1062 2739 1234 2805 posset
1252 2731 1440 2803 aliquis
1463 2734 1686 2801 fructus.
1730 2727 1834 2783 Fe-

218 2828 383 2885 cisset
429 2843 554 2883 sane
576 2842 686 2882 rent
731 2826 1081 2898 gratissimant
1111 2825 1349 2896 theologo
1389 2821 1704 2878 Lovaniensi
1746 2821 1835 2892 qui

214 2936 403 2978 curam
423 2922 650 2993 suscepit
686 2919 995 2975 emendandi
1022 2917 1280 2975 Breviculi
1307 2916 1700 2989 Augustiniani.
1726 2914 1753 2970 1
1762 2916 1835 2971 lle

216 3018 364 3075 enim
384 3025 605 3073 testatur
631 3032 717 3085 se,
743 3031 861 3071 cum
886 3014 996 3070 hcce
1023 3022 1139 3072 acta
1191 3029 1375 3084 magno
1398 3015 1661 3083 redempta
1687 3020 1836 3081 opta-

216 3111 414 3177 visset,
442 3118 596 3180 atque
640 3108 784 3181 apud
820 3105 1073 3162 Balduini
1117 3114 1224 3160 tum
1264 3104 1495 3177 defuncti
1546 3102 1740 3158 amicos
1787 3112 1835 3157 et

1920 486 2330 545 doctissimorum
2378 492 2605 546 virorum
2651 492 2949 564 judicium,
2995 494 3084 565 qui
3110 495 3255 549 varia
3300 495 3514 550 istorum

1918 593 2179 655 gestorum
2207 584 2323 639 loca
2367 601 2551 639 sanare
2589 601 2678 657 per
2702 595 3032 641 transennant
3056 586 3391 655 studuerunt,
3437 587 3516 642 vel

1918 677 2238 747 conjecturas
2268 686 2490 743 nostras,
2520 693 2678 749 quum
2716 687 2866 732 certi:
2888 676 3031 734 nobis
3058 679 3181 734 view
3207 688 3346 734 sunt.
3372 677 3513 733 Nam

1919 768 2059 839 quod
2088 766 2312 824 Iacobus
2341 768 2586 841 Cujacius
2611 771 2697 824 lib.
2731 786 2788 825 ιν
2821 769 3085 825 Observat.
3118 788 3234 841 cap.
3264 774 3325 828 51
3352 814 3367 839 ,
3419 772 3515 827 ad-

1921 870 2064 917 notat
2091 862 2278 917 multos
2304 877 2502 918 errores
2526 863 2579 917 in
2605 863 2761 918 libros
2791 865 2930 936 juris
2957 864 3120 920 civilis
3171 866 3404 920 attulisse
3432 881 3518 920 ve-

1923 964 2081 1011 terem
2122 971 2213 1027 per
2260 965 2406 1010 notas
2453 955 2709 1011 scribendi
2756 957 3043 1023 rationem,
3090 957 3154 1012 de
3203 957 3354 1027 gestis
3405 957 3517 1012 istis

1921 1049 2179 1121 afﬁrmttri
2209 1058 2374 1121 potest
2426 1049 2613 1122 absque
2656 1048 2764 1103 ullo
2808 1051 3035 1122 periculo
3091 1051 3515 1124 reprehensionis.

1922 1140 2185 1197 Prteterea
2205 1140 2537 1198 adhibuimus
2556 1144 2913 1198 auctoritatem
2934 1155 3154 1199 veterum
3182 1146 3513 1216 scriptorum,

1923 1236 2183 1307 praecipue
2212 1253 2329 1292 vero
2370 1238 2538 1293 sancti
2566 1238 2842 1312 Augustini
2870 1238 3100 1311 episcopi
3133 1235 3515 1312 Hipponensis,

1922 1331 2009 1384 cui
2034 1330 2120 1384 uni
2141 1332 2261 1405 plus
2288 1347 2444 1404 quam
2468 1335 2667 1388 creteris
2696 1333 2750 1387 in
2777 1330 2878 1386 hac
2902 1348 3058 1386 causa
3088 1331 3232 1387 debet
3262 1331 3516 1387 Ecclesia.

1926 1422 2274 1480 Mutationum
2301 1442 2456 1499 porro
2486 1426 2717 1481 omnium
2742 1444 2774 1481 a
2805 1426 2950 1481 nobis
2974 1426 3031 1481 in
3062 1437 3254 1482 textum
3281 1426 3522 1481 inducta—

1923 1531 2039 1571 rum
2082 1518 2333 1573 rationem
2360 1519 2578 1575 reddere
2599 1528 2648 1574 et
2677 1519 3007 1590 fastidiosum
3034 1521 3216 1592 fuisset
3251 1520 3523 1576 lectoribus

1924 1620 2103 1667 etnon
2152 1612 2435 1668 admodum
2480 1614 2635 1681 utile,
2687 1613 2833 1668 nobis
2876 1630 2992 1669 vero
3040 1615 3189 1669 valde
3229 1631 3519 1671 onerosum.

1925 1702 2114 1776 Itaque
2147 1704 2211 1761 de
2231 1703 2313 1760 his
2350 1722 2467 1779 qua:
2508 1707 2794 1780 manifesta:
2830 1717 2979 1761 erant
3032 1708 3329 1779 plerumque
3376 1707 3523 1764 silui-

1852 1808 1901 1869 Β
1929 1814 2079 1865 ntus;
2124 1814 2302 1853 earum
2354 1814 2473 1855 vero
2518 1800 2771 1855 rationem
2823 1799 3142 1856 reddidimus
3167 1816 3283 1872 qua:
3326 1800 3527 1871 aliquid

1927 1891 2241 1963 difﬁcultatis
2294 1892 2479 1947 habere
2526 1892 2849 1959 videbantur,
2898 1905 2989 1948 aut
3018 1910 3132 1966 quin
3176 1892 3526 1951 illustrations

1923 1984 2244 2057 indigebant.
2297 1984 2440 2042 Sane
2490 1986 2744 2057 affirmare
2784 2003 2898 2042 vere
2934 2002 3205 2055 possumus
3253 1986 3525 2042 editionem

1928 2079 2064 2134 hanc
2116 2090 2344 2136 nostram
2395 2081 2558 2137 multo
2608 2082 2873 2137 meliorem
2915 2098 3024 2137 esse
3060 2081 3294 2137 omnibus
3320 2080 3384 2136 iis
3411 2097 3527 2151 qut:

1926 2186 2087 2244 usque
2112 2171 2181 2226 ad
2201 2170 2337 2227 hanc
2379 2173 2517 2229 diem
2565 2174 2896 2247 prodierunt,
2944 2175 3095 2246 idque
3121 2175 3274 2246 facile
3298 2174 3529 2229 intellec-

1931 2274 2072 2319 turos
2098 2280 2187 2320 eos
2225 2265 2314 2336 qui
2362 2265 2505 2320 illam
2558 2268 2869 2323 contulerint
2925 2285 3039 2323 cum
3100 2267 3436 2322 Massoniana
3481 2278 3525 2323 et

1929 2353 2207 2411 Pithaeana
2229 2398 2245 2425 ,
2291 2373 2356 2412 ex
2378 2356 2563 2429 quibus
2591 2360 2807 2431 reliqua:
2844 2371 2972 2414 orta:
3019 2368 3159 2413 sunt.
3191 2358 3332 2414 Nam
3375 2360 3419 2414 si
3447 2361 3528 2413 cui

1930 2453 2130 2501 tantum
2163 2447 2255 2501 otii
2282 2448 2407 2515 erit,
2439 2449 2484 2504 is
2514 2454 2743 2520 profecto
2784 2450 2941 2522 facile
2967 2450 3334 2505 animadverlet
3373 2466 3530 2517 quam

1931 2541 2096 2596 multa
2118 2541 2403 2597 exciderint
2448 2542 2693 2600 Massono
2739 2554 2790 2599 et
2829 2544 3064 2612 Pithteo,
3111 2561 3226 2616 qua:
3255 2563 3347 2601 nos
3380 2563 3529 2618 repo-

1932 2636 2134 2691 suimus
2161 2652 2226 2691 ex
2269 2637 2426 2692 veteri
2470 2638 2675 2706 codice,
2716 2655 2871 2709 quant
2917 2639 3081 2693 multa
3107 2649 3278 2694 errata
3317 2639 3379 2693 ab
3421 2640 3528 2694 illis

1932 2745 2037 2784 non
2065 2731 2462 2801 animadversa,
2511 2748 2625 2800 qua:
2671 2750 2764 2787 nos
2793 2734 2920 2788 satis
2961 2733 3197 2806 feliciter,
3242 2743 3297 2788 ut
3321 2734 3528 2805 quidem

1934 2825 2235 2896 opinamur,
2268 2827 2670 2882 emendarimus.
2698 2827 2845 2883 Illud
2873 2829 3155 2883 dolendum
3181 2870 3195 2896 ,
3242 2829 3378 2900 quod
3413 2830 3527 2885 hia-

1936 2926 2017 2973 tus
2042 2937 2215 2975 omnes
2235 2921 2476 2994 supplere
2499 2922 2840 2996 nequivimus,
2874 2923 3155 2992 praesertim
3175 2921 3264 2977 ubi
3285 2924 3528 2993 agebatur

1935 3010 1999 3065 de
2020 3013 2347 3068 restituendis
2374 3014 2664 3069 nominibus
2688 3013 3043 3087 episcoporum
3066 3016 3246 3088 viginti
3281 3013 3528 3070 Ecclesia:

1936 3105 2203 3161 catholicae
2237 3123 2354 3177 qua:
2396 3107 2691 3162 exciderunt
2748 3109 2802 3161 in
2861 3109 3171 3181 recitatione
3198 3108 3528 3179 subscriptio-

217 3204 457 3261 heredes
506 3202 701 3274 inquiri
735 3202 981 3277 jussisset
1004 3241 1021 3266 ,
1044 3200 1359 3256 intellexisse
1403 3199 1610 3270 dilapsa
1663 3197 1833 3252 nescio
1859 3206 1905 3270 ο
1937 3212 2078 3251 num.
2109 3197 2366 3266 Quoniam
2393 3214 2509 3255 vero
2544 3216 2732 3273 magna
2755 3217 2876 3270 pars
2898 3202 3059 3256 tertia:
3103 3201 3410 3273 cognitionis
3440 3201 3529 3256 de-

216 3313 325 3371 quo
348 3298 531 3368 fuisse.
564 3294 909 3353 Transierant
930 3294 1025 3351 illa
1044 3295 1100 3349 in
1114 3296 1209 3365 jus
1230 3304 1276 3348 et
1297 3288 1596 3366 potestatem
1616 3291 1835 3347 celeber-

216 3391 346 3447 rimi
392 3389 493 3445 riri
530 3387 713 3461 Angeli
746 3386 970 3462 Vergetii
991 3429 1005 3455 ,
1038 3386 1260 3441 hominis
1282 3384 1489 3457 quidem
1516 3382 1716 3447 Graci,
1742 3383 1834 3437 sed

223 3485 419 3543 Latine
444 3483 768 3551 doctissimi;
813 3499 844 3536 a
877 3498 979 3554 quo
1008 3497 1068 3537 ea
1117 3480 1298 3535 deinde
1350 3478 1529 3534 habuit
1584 3474 1835 3532 Claudius

218 3577 518 3635 Nondinus
561 3575 858 3633 Adsecutus
888 3573 1230 3639 Parisiensis,
1278 3575 1425 3642 cujus
1456 3570 1701 3640 beneficio
1725 3585 1834 3624 ser-

218 3683 347 3730 vata
373 3688 483 3729 esse
503 3670 677 3728 scribit
702 3669 949 3743 Papirius
971 3666 1271 3734 Hassonus.
1304 3663 1489 3721 Prima
1505 3664 1628 3719 hinc
1656 3680 1833 3721 eorum

217 3766 385 3824 editio
436 3764 631 3840 prodiit
663 3762 889 3819 Parisiis
913 3778 1053 3818 anno
1084 3760 1223 3819 1589
1244 3776 1399 3834 opera
1426 3760 1658 3832 ejusdem
1680 3757 1832 3813 Mas~

219 3861 341 3918 soni
366 3902 383 3928 ,
402 3858 494 3916 sed
516 3899 533 3925 ,
554 3856 693 3930 quod
720 3855 997 3913 dolendum
1019 3865 1093 3912 est
1120 3896 1136 3921 ,
1162 3854 1236 3909 ita
1263 3852 1506 3909 mendosa
1522 3893 1539 3921 ,
1562 3860 1620 3906 ut
1646 3862 1835 3924 praeter

218 3964 397 4012 errata
422 3952 605 4008 veteris
630 3950 864 4018 librarii,
893 3948 1058 4004 multa
1099 3947 1269 4003 adhuc
1314 3962 1443 4002 nova
1468 3945 1740 4001 commissa
1769 3943 1833 3998 ab

216 4048 316 4105 illo
338 4048 464 4104 sint.
495 4045 728 4102 Tandem
756 4061 893 4100 anno
925 4041 1095 4111 1594,
1128 4058 1300 4099 mense
1351 4040 1636 4097 Februario
1686 4054 1835 4095 vene-

216 4140 425 4198 randus
450 4139 534 4195 hic
562 4141 727 4195 codex
750 4149 799 4193 et
844 4153 972 4193 auro
1002 4146 1182 4191 contra
1226 4134 1561 4193 testimandus
1600 4133 1669 4188 ad
1720 4150 1832 4188 nta-

217 4248 384 4307 gnum
424 4231 575 4288 illum
626 4229 845 4286 Petrum
896 4229 1153 4284 Pithceum
1204 4228 1461 4299 pervenit,
1508 4227 1556 4282 ei
1599 4225 1750 4281 datus
1801 4242 1834 4280 a

219 4326 485 4384 Hondino
509 4341 670 4380 causa
695 4323 1086 4398 permutationis
1105 4337 1222 4376 cum
1243 4320 1419 4375 codice
1449 4318 1664 4374 Henrici
1689 4315 1787 4372 111
1815 4360 1830 4386 ,

219 4422 559 4480 Francorum
585 4422 741 4494 regis.
774 4419 839 4476 Et
872 4418 1105 4475 Pithaeus
1122 4418 1329 4490 quidem
1349 4456 1366 4485 ,
1400 4414 1675 4471 collatione
1694 4418 1833 4485 facta

218 4533 342 4573 cum
371 4516 529 4571 veteri
558 4511 844 4586 exemplari
868 4553 884 4575 ,
934 4511 1198 4566 meliorem
1236 4508 1355 4581 fecit
1385 4506 1659 4563 editionem
1688 4505 1834 4561 Mas-

1936 3289 2213 3356 sideratur,
2248 3308 2387 3367 qua:
2434 3293 2720 3349 necessario
2770 3293 2988 3366 petenda
3028 3302 3102 3348 est
3152 3311 3215 3348 ex
3250 3292 3524 3350 Breviculo

1936 3386 2101 3439 sancti
2121 3384 2417 3459 Augustini,
2442 3398 2497 3442 ut
2514 3388 2712 3459 pridem
2734 3389 2929 3443 monuit
2950 3388 3200 3459 Papirius
3225 3388 3522 3457 Hassonus,

1935 3477 2090 3546 gestis
2117 3477 2450 3547 adjunximus
2475 3480 2820 3555 fragmentum
2840 3497 2903 3536 ex
2929 3480 3023 3537 illo
3043 3479 3312 3537 Breviculo
3339 3525 3354 3550 ,
3385 3484 3446 3538 ab
3464 3500 3521 3539 eo

1935 3566 2168 3621 videlicet
2194 3568 2307 3623 loco
2337 3569 2424 3624 ubi
2459 3580 2602 3643 gesta
2640 3569 2910 3641 deﬁciunt.
2965 3571 3227 3638 Quantum
3254 3585 3424 3630 autem
3450 3576 3530 3630 in-

1937 3661 2079 3715 tersit
2104 3660 2402 3730 reipublica:
2443 3664 2739 3719 christiana!
2782 3681 2842 3719 ea
2872 3665 3056 3720 habere
3083 3683 3211 3721 sana
3241 3676 3290 3721 et
3324 3668 3524 3738 integra

1934 3752 2013 3808 vel
2040 3752 2160 3808 hinc
2181 3752 2339 3824 liquet
2358 3757 2496 3826 quod
2535 3772 2625 3825 per
2649 3772 2813 3812 annos
2841 3758 3070 3830 singulos
3098 3758 3323 3814 lectitata
3343 3760 3397 3813 in
3419 3758 3524 3814 Ec-

1934 3846 2104 3901 clesiis
2124 3847 2387 3919 Africanis
2402 3848 2565 3915 fuisse
2579 3858 2793 3905 testatur
2802 3849 2940 3905 idem
2958 3851 3274 3923 Augustinus
3295 3854 3455 3926 227
3468 3854 3526 3908 in

1878 3958 1885 3964 ί
1935 3939 2153 4011 epistola
2180 3956 2311 3995 Lvm
2363 3951 2411 3996 et
2448 3941 2503 3996 in
2534 3940 2664 3997 libro
2694 3943 2758 3997 de
2798 3941 2965 3997 Gestis
2993 3960 3110 3998 cum
3140 3929 3391 3999 Enierito.
3428 3944 3528 4000 De-

1936 4031 2109 4087 dimus
2154 4040 2202 4086 et
2240 4032 2374 4087 illud
2417 4035 2757 4104 quorumdam
2798 4034 3121 4090 suasionibus
3149 4046 3202 4090 ut
3225 4033 3359 4092 huic'
3385 4037 3528 4109 frag-

1935 4136 2104 4182 mento
2145 4125 2570 4201 subjungeremus
2613 4131 2823 4185 nomina
2869 4131 3228 4201 episcoporum
3266 4133 3530 4204 utriusque

1936 4221 2098 4290 partis
2115 4237 2230 4292 qua?
2250 4221 2466 4277 recitata
2487 4232 2606 4278 sunt
2636 4224 2689 4279 in
2714 4224 3004 4298 cognitione
3051 4225 3236 4297 prima:
3265 4226 3400 4295 diei,
3427 4238 3531 4282 tum

1936 4314 2091 4369 etiam
2116 4315 2328 4371 seorsim
2339 4316 2550 4371 nomina
2573 4333 2747 4371 eorum
2767 4317 2855 4387 qui
2882 4317 2946 4371 ab
2968 4328 3184 4392 utraque
3212 4329 3358 4389 parte
3379 4320 3526 4376 electi

1934 4418 2053 4462 sunt
2082 4408 2152 4461 ad
2179 4408 2560 4476 suscipiendam
2580 4410 2921 4464 collationem.
2958 4410 3035 4465 0b
3062 4429 3218 4482 quam
3242 4414 3393 4468 etiam
3407 4431 3530 4470 cau-

1934 4517 2047 4556 sam
2072 4500 2223 4555 isthic
2262 4501 2517 4556 edidimus
2553 4518 2640 4556 eos
2686 4517 2945 4557 sermones
2985 4519 3114 4573 quos
3160 4503 3295 4559 ident
3323 4518 3533 4585 sanctus

217 4611 377 4676 soni,
407 4608 499 4664 sed
528 4624 631 4662 non
659 4608 732 4661 ita
761 4614 930 4660 tamen
956 4603 1081 4675 quin
1099 4592 1269 4657 adhuc
1290 4601 1451 4655 multo
1477 4599 1629 4670 plura
1649 4613 1831 4668 super-
1856 4611 1912 4672 ι)
1935 4596 2205 4667 episcopus
2230 4593 2408 4649 habuit
2428 4595 2648 4671 instante
2671 4596 2947 4650 collatione
2966 4604 3012 4650 et
3038 4605 3152 4665 post
3174 4595 3526 4666 collationem,

220 4703 422 4777 fuerint
448 4699 770 4757 emendanda
793 4708 906 4770 post
936 4698 1221 4753 laboriosas
1247 4704 1295 4751 et
1319 4694 1496 4751 doctas
1525 4693 1714 4748 summi
1735 4691 1833 4747 viri

218 4794 456 4868 vigilias.
490 4790 604 4849 Nos
630 4792 800 4863 itaque
822 4831 837 4857 ,
863 4805 1021 4861 quum
1064 4788 1475 4860 intelligeremus
1517 4782 1695 4856 quanti
1722 4798 1833 4838 mo-

220 4887 386 4945 menti
415 4893 542 4941 esset
563 4886 672 4940 lucc
692 4892 835 4956 gesta
883 4880 1071 4937 habere
1116 4897 1274 4949 sana,
1319 4887 1665 4950 quantumque
1710 4875 1834 4931 hinc

219 4980 471 5037 utilitatis
498 4975 761 5032 accederet
792 4973 1042 5029 Ecclesia:
1081 4973 1126 5029 si
1151 4969 1501 5028 emendatiora
1531 4961 1830 5041 prodirent,

223 5074 370 5129 hunc
395 5070 622 5127 laborem
641 5068 873 5123 lubenter
892 5067 1209 5138 suscepimus
1232 5106 1248 5132 ,
1285 5063 1414 5118 satis
1453 5062 1680 5134 amplam
1707 5076 1835 5131 qua-

222 5171 517 5240 liscumque
542 5180 711 5239 operat
749 5174 938 5219 nostra:
961 5162 1250 5218 mercedem
1273 5158 1531 5225 recepturi
1575 5159 1618 5212 si
1663 5166 1837 5212 noster

222 5265 316 5321 hic
365 5270 580 5318 conatus
625 5256 873 5315 Ecclesiae
897 5257 1146 5331 placuerit
1171 5264 1218 5310 et
1259 5253 1431 5309 ordini
1470 5253 1832 5308 litteratorum.

226 5357 476 5415 Primum
497 5356 671 5428 itaque
689 5353 1096 5410 clarissimorum
1123 5351 1349 5406 virorum
1376 5348 1623 5404 editiones
1648 5356 1831 5402 contu-

225 5451 394 5508 limus
424 5465 544 5505 cum
561 5449 756 5518 eoipso
775 5448 930 5503 veteri
956 5445 1242 5515 exemplari
1285 5459 1385 5514 quo
1429 5443 1513 5497 illi
1550 5442 1632 5496 usi
1675 5448 1827 5508 sunt,

223 5543 376 5617 quod
402 5557 542 5597 nunc
577 5551 814 5597 censetur
838 5541 892 5594 in
933 5537 1333 5611 locupletissima
1376 5535 1678 5591 bibliotheca
1715 5531 1837 5590 Col-

229 5640 477 5706 bertina,
510 5637 640 5693 tanti
670 5636 881 5708 plurimi
923 5635 1285 5691 testimandum
1310 5631 1451 5705 quod
1496 5630 1645 5687 aliud
1690 5629 1839 5686 ullibi

226 5743 442 5789 exstare
468 5733 712 5787 hactenus
743 5739 816 5786 est
843 5731 1236 5802 incompertum.
1288 5726 1489 5782 Deinde
1515 5735 1686 5780 errata
1711 5738 1840 5795 quo-

227 5844 334 5902 que
360 5829 549 5887 veteris
577 5826 811 5893 librarii,
842 5840 955 5895 qute
978 5823 1260 5879 admodum
1287 5822 1453 5881 multa
1481 5829 1636 5890 sunt,
1664 5827 1840 5878 sustu-

680 5923 956 5987 PAIROL.
1005 5919 1117 5982 X1.
1216 6006 1219 6009 _

1933 4704 2150 4761 quorum
2195 4688 2504 4743 mentionem
2550 4688 2675 4758 facit
2737 4686 3008 4743 Possidius
3055 4688 3285 4744 indicato
3320 4706 3530 4762 operum

1935 4784 2179 4857 ejusdem.
2215 4782 2523 4839 Addidimus
2548 4790 2796 4852 prwterea
2821 4784 3207 4837 constitutiones
3253 4792 3366 4854 post
3394 4782 3529 4837 hanc

1933 4878 2261 4935 collationem
2321 4875 2384 4931 ab
2429 4875 2755 4947 lmperatore
2806 4873 3043 4930 Honorio
3082 4876 3280 4941 editas;
3325 4874 3453 4945 quas
3480 4884 3529 4931 et

1935 4988 2027 5029 nos
2072 4981 2318 5045 putamus
2356 4969 2611 5041 respicere
2650 4968 2719 5023 ad
2747 4984 2807 5023 ea
2835 4984 2949 5039 qua:
2971 4979 3114 5040 gesta
3158 4969 3213 5022 in
3253 4968 3531 5024 collatione

1936 5073 2088 5131 sunt,
2114 5072 2163 5120 et
2193 5063 2266 5117 ita
2302 5060 2425 5115 viris
2453 5059 2653 5131 aliquot
2696 5060 2858 5114 doctis
2884 5075 3187 5129 persuasum
3226 5060 3387 5132 fuisse
3408 5062 3528 5115 ani-

1937 5155 2321 5212 madvertimus.
2374 5151 2648 5222 Reliquum
2687 5161 2762 5206 est
2800 5162 2856 5204 ut
2902 5151 3151 5206 nonnulla
3197 5151 3428 5206 dicamus
3468 5151 3532 5205 de

1940 5262 2077 5303 anno
2102 5233 2203 5317 quo
2224 5246 2323 5300 ista
2344 5253 2460 5300 acta
2487 5252 2627 5299 sunt.
2662 5242 2790 5311 Qua!
2812 5241 3102 5314 disquisitio
3135 5253 3262 5298 esset
3301 5246 3530 5314 profecto

1940 5338 2179 5405 inutilis,
2215 5354 2332 5393 cum
2353 5335 2581 5392 habitam
2604 5335 2935 5401 collationem
2966 5342 3158 5390 constet
3185 5351 3320 5389 anno
3339 5340 3425 5404 qui
3448 5352 3531 5391 se-

1938 5444 2087 5490 cutus
2133 5442 2208 5488 est
2245 5441 2360 5505 post
2412 5430 2735 5487 consulatum
2789 5426 3040 5493 Varanis,
3085 5427 3191 5482 nisi
3220 5428 3296 5481 vir
3332 5445 3533 5485 summe

1940 5530 2123 5586 doctus
2152 5526 2396 5601 nobisque
2420 5538 2701 5597 numquam
2744 5523 2856 5577 sine
2884 5521 3040 5576 laude
3065 5521 3411 5580 nominandus
3437 5522 3534 5579 Ja-

1942 5624 2098 5681 cobus
2126 5620 2437 5679 Sirmondus
2465 5635 2577 5672 eam
2606 5616 2862 5687 rejecisset
2887 5614 2942 5668 in
2972 5631 3163 5669 annum
3180 5615 3397 5670 alterum
3424 5628 3536 5682 post

1945 5718 2271 5775 consulatum
2327 5712 2541 5769 Varanis
2560 5753 2577 5779 ,
2608 5711 2665 5765 id
2690 5722 2764 5765 est
2793 5711 2848 5763 in
2871 5726 3065 5764 annum
3099 5710 3539 5781 quadringentesi-

1948 5828 2091 5877 mum
2118 5808 2507 5874 duodecimum,
2548 5819 2609 5859 eo
2646 5803 2702 5859 in
2741 5803 2920 5875 primis
2960 5811 3259 5874 argumento
3285 5804 3421 5876 quod
3453 5807 3533 5864 in.

2967 5898 3046 5961 39
