3972 6328
240 253 378 322 1229
483 253 513 276 ’

1199 252 1423 324 GESTA
1462 252 1920 330 COLLATIUNIS
1954 259 2578 330 CABTHAGINENSIS.

3409 272 3550 344 ηδε)

1333 369 1751 430 CUSTODES
1788 371 2288 434 CHARTARUM
2330 378 2426 433 IV.

314 467 360 520 1.
409 466 717 522 Βευτειιιυε
754 466 1138 524 Caesareensis.

309 560 362 613 2.
406 559 519 615 LEO
556 560 868 630 Mopteusis.

309 652 362 704 5.
402 651 668 708 Αετειιιυε
730 652 994 708 Viccnsis.

307 743 361 800 4.
398 743 741 801 Βεετιτυτυε
774 744 1116 817 Tagorensis.

1857 483 1909 554 Δ
2010 475 2060 530 1.
2095 473 2302 532 anma
2344 476 2704 547 llippauensis
2739 475 3168 549 Diarrltylorum.

2007 566 2063 622 ‘2.
2094 567 2428 626 Mmmuuas
2465 571 2715 628 OEensis.

2010 661 2065 717 5.
2106 661 2454 723 Veen-unus
2491 664 2833 740 Carpitanus.

2005 753 3478 821 4.Vicrou.............

1651 859 1986 922 NUTARH
2026 866 2124 924 IV.

315 953 364 1010 1.
407 951 721 1014 insanias.

305 1046 360 1106 3.
408 1046 656 1105 Vinus.

2018 959 2066 1015 1.
2106 960 2334 1018 Vtc'ron.

2009 1051 2062 1105 9.
2107 1052 2459 1110 Caesaouws.

1391 1284 1555 1368 229
1626 1303 2095 1382 NOTITIA

269 1454 753 1515 EPISCOPORUM
789 1454 1019 1526 SUPRA
1057 1455 1592 1515 MEMORATORUM
1629 1458 1749 1534 QUI
1786 1460 2278 1536 COLLATIONEM
2317 1469 2958 1544 CARTHAGINENSEM
2989 1433 3516 1556 SIiSCEPERUNT.

307 1694 438 1754 Νωι
463 1711 640 1759 amnes
657 1693 885 1764 episcopi
907 1694 995 1765 qui
1017 1690 1378 1764 Carthaginem
1409 1697 1649 1752 venerant
1675 1731 1690 1756 ,
1723 1698 1833 1750 tum
1861 1695 1910 1755 B
1939 1693 2197 1750 Ambrosii
2224 1713 2340 1770 cap.
2373 1700 2580 1758 ultimo.
2615 1701 2895 1760 Fortunati
2937 1705 3406 1766 Constantiniensis
3447 1729 3545 1768 no-

233 1789 492 1852 Catholici
519 1831 534 1855 ,
566 1799 675 1852 tum
702 1787 1009 1853 Donatista),
1036 1786 1362 1849 collationem
1393 1783 1844 1854 Carthaginensem

228 1892 607 1953 susceperunt;
634 1881 724 1942 sed
746 1880 1030 1938 octodecim
1052 1879 1322 1934 dumtaxat
1342 1893 1406 1933 ea;
1425 1887 1638 1943 utraque
1664 1883 1843 1946 parte:

230 1990 432 2048 septem
457 1979 647 2036 scilicet
672 1976 904 2042 Aetores,
931 1977 1140 2038 totidem
1156 1973 1451 2036 Cansiliarii
1472 2015 1487 2040 ,
1515 1984 1561 2030 et
1588 1983 1846 2045 gestorum

232 2071 488 2132 Custodes
523 2083 760 2140 quatuor.
795 2069 871 2126 De
897 2067 1180 2134 Catholici:
1205 2067 1345 2128 haud
1385 2067 1660 2138 ambigitur
1691 2082 1709 2120 :
1739 2065 1849 2124 sine

235 2162 486 2234 galerum
514 2163 649 2216 enim
686 2162 898 2218 nomina
932 2161 1188 2232 descripta
1212 2170 1332 2218 sunt
1370 2160 1425 2224 in
1455 2158 1700 2214 mandato
1726 2173 1848 2212 con-

233 2257 349 2312 ciiii
377 2256 829 2329 Carthaginiensis,
861 2256 999 2327 quod
1025 2257 1252 2326 refertur
1275 2255 1332 2310 in
1357 2255 1512 2326 gestis
1536 2252 1847 2325 cognitionis

235 2353 585 2423 ιιι-ἕψομαι».
632 2350 737 2418 55,
769 2362 817 2412 et
859 2352 1168 2424 singillatim
1208 2362 1570 2412 enumerantur
1613 2351 1666 2404 in
1692 2351 1850 2422 gestis

236 2448 550 2520 cagnitianis
578 2449 761 2516 tertiae,
791 2464 907 2519 cap.
937 2447 992 2507 2.
1023 2447 1138 2514 Quo
1169 2448 1220 2502 in
1249 2444 1517 2516 posteriori
1561 2444 1672 2498 loco
1714 2447 1852 2512 refe-.

236 2549 438 2598 runtur
483 2556 682 2610 quoque
734 2540 945 2600 nomina
990 2549 1180 2610 septem
1209 2537 1585 2610 Episwporum
1605 2577 1621 2603 ,
1674 2535 1854 2606 quibus

249 2643 430 2704 partes
456 2631 652 2690 Donati
680 2633 812 2688 tueri
840 2632 1162 2688 incumbebat
1202 2648 1220 2686 :
1249 2632 1311 2686 iis
1352 2631 1702 2701 adjunguntur
1731 2645 1856 2697 qua.

239 2735 366 2784 tuor
397 2737 602 2790 tantum
631 2726 917 2788 consiliarii
947 2742 964 2780 :
993 2725 1218 2782 aliorum
1242 2741 1356 2780 vero
1389 2741 1478 2784 nec
1505 2724 1587 2778 hic
1616 2740 1705 2777 nec
1731 2722 1855 2778 alibi

241 2822 308 2890 ﬁt
338 2821 550 2880 mentio.
598 2819 716 2884 Duo
761 2829 930 2883 autem
959 2817 1208 2882 Custodes
1249 2817 1546 2879 chartarum
1596 2832 1658 2871 eo:-
1711 2825 1858 2887 parte
1907 2855 1912 2860 .

240 2912 648 2974 Danatistarum
691 2913 920 2968 nominat
973 2909 1270 2974 Primianus
1329 2908 1758 2980 Carthaginensis
1803 2908 1858 2964 in

247 3007 412 3078 gestis
450 3005 753 3077 cogtutionis
782 3004 982 3076 primae,
1017 3021 1131 3075 cap.
1169 3003 1295 3069 152,
1355 3001 1607 3063 Victorem
1656 3000 1861 3073 Hippo-

1949 1806 2064 1845 men
2084 1794 2306 1848 occurrit
2330 1795 2480 1850 etiam
2502 1796 2558 1854 in
2577 1799 3010 1872 superscriptione
3030 1805 3237 1858 concilii
3259 1804 3549 1862 Milevitani

1951 1883 2075 1938 anni
2100 1883 2209 1940 416
2231 1925 2246 1952 ,
2290 1885 2376 1940 ubi
2406 1903 2604 1957 quoque
2635 1887 3003 1946 Fortunatiani
3033 1889 3219 1950 nomen
3241 1908 3505 1967 comparet
3531 1942 3545 1965 ,

1949 1978 2037 2047 qui
2059 1979 2113 2032 in
2135 1995 2192 2034 eo
2213 1981 2430 2035 concilio
2455 1983 2648 2038 electus
2671 1995 2744 2040 est
2767 2003 2900 2042 unus
2921 2004 2948 2042 e
2972 1988 3243 2046 Iudicibus
3273 1995 3550 2062 provincia:

1950 2074 2358 2143 proconsularis,
2395 2086 2441 2130 et
2468 2081 2619 2151 cujus
2646 2079 2933 2149 honorifica
2957 2084 3012 2151 fit
3042 2086 3230 2139 mentio
3270 2089 3411 2157 apud
3439 2089 3546 2143 Au-

1951 2165 2212 2235 gustinum
2233 2166 2320 2221 lib.
2346 2178 2558 2223 Icontra
2580 2171 2776 2226 litteras
2803 2170 3041 2229 Petiliani
3062 2192 3178 2246 cap.
3203 2177 3228 2230 1
3255 2186 3300 2231 et
3323 2177 3436 2232 Lib.
3467 2197 3549 2245 ιιι,

1953 2271 2069 2325 cap.
2092 2256 2185 2323 38,
2200 2275 2395 2313 necnon
2419 2260 2470 2314 in
2494 2261 2626 2316 libro
2651 2262 2714 2316 de
2731 2260 2898 2319 Unico
2925 2264 3192 2334 Baptismo
3213 2278 3390 2324 contra
3415 2287 3551 2326 eum-

1955 2347 2071 2402 dem
2098 2365 2215 2418 cap.
2251 2349 2338 2417 16,
2382 2353 2468 2406 ubi
2496 2353 2687 2408 dicitur
2732 2354 3012 2428 Profuturi
3050 2370 3169 2415 ante
3213 2365 3559 2432 paucissimos

1955 2455 2117 2494 annos
2139 2440 2367 2512 defuncti
2393 2485 2406 2508 ,
2435 2444 2488 2497 in
2511 2445 2629 2500 sede
2651 2444 3086 2506 Constantiniensi
3109 2471 3392 2512 successor.
3419 2457 3555 2513 Pos-

1955 2533 2120 2587 sidius
2148 2531 2466 2590 Calamensis
2483 2538 2767 2617 episwpus
2793 2540 3074 2614 Augustini
3104 2548 3200 2617 fuit
3229 2549 3519 2621 discipulus
3541 2593 3556 2619 ,

1956 2628 2021 2681 ab
2051 2644 2106 2682 eo
2138 2627 2235 2684 Dei
2263 2630 2410 2684 verbo
2439 2637 2694 2704 nutritus,
2741 2635 3134 2695 Donatistarum
3175 2643 3337 2700 hostis
3362 2649 3555 2702 acerri—

1957 2737 2102 2786 mus,
2137 2738 2171 2775 a
2197 2722 2380 2788 quibus
2410 2743 2535 2797 pene
2561 2728 2854 2799 interfectus
2885 2743 2957 2786 est
2983 2775 2998 2800 ,
3063 2743 3121 2788 ut
3160 2747 3337 2791 narrat
3377 2739 3557 2810 Augu-

1959 2812 2124 2866 stinus
2150 2814 2430 2886 epistJGﬁ.
2462 2817 2680 2889 Scripsit
2705 2821 2979 2894 Augustini
3012 2823 3198 2895 Vitam,
3215 2829 3269 2882 in
3296 2845 3397 2899 qua
3419 2833 3558 2886 testis

1961 2915 2036 2960 est
2063 2923 2117 2961 se
2142 2911 2482 2981 quadraginta
2522 2915 2670 2970 annis
2696 2914 2794 2970 Dei
2824 2919 2960 2972 dono
2999 2920 3188 2992 absque
3223 2939 3402 2978 amara
3447 2924 3561 2980 ulla

1963 2998 2280 3060 dissensione
2325 3008 2653 3077 familiariter
2698 3027 2759 3064 ac
2796 3011 3014 3067 dulciter
3066 3014 3268 3070 vixisse.
3323 3015 3450 3072 Hcce
3492 3019 3558 3073 de

243 3117 460 3155 nensem
510 3098 910 3170 Diarrhytorum
959 3108 1005 3158 et
1049 3097 1404 3158 Marinianum
1452 3095 1706 3153 CEeusem
1755 3112 1771 3150 :
1811 3097 1933 3162 etC
1964 3098 2218 3154 actoribus
2257 3101 2545 3157 catholicis.
2596 3095 2778 3160 Crateri
2822 3108 2908 3161 vis:
2953 3109 3105 3162 aliter
3144 3112 3249 3164 noti
3296 3127 3452 3181 quam
3503 3129 3568 3167 ea:

244 3197 384 3249 datos
405 3193 536 3247 alios
570 3191 901 3257 Veratianum,
921 3209 1099 3262 nempe
1127 3201 1172 3254 et
1201 3190 1482 3262 Victorem,
1504 3191 1631 3245 ibid.
1661 3208 1706 3244 c.
1727 3189 1855 3257 225,

258 3289 598 3343 Veratianum
623 3285 916 3354 Carpitance
949 3285 1195 3340 Ecclesia
1223 3287 1514 3357 episcopum
1538 3287 1698 3358 fuisse
1724 3302 1853 3340 con-

245 3391 354 3437 stat
395 3397 457 3435 ca:
488 3396 604 3451 cap.
641 3377 764 3434 1‘26.
798 3376 962 3454 Cujus
993 3389 1162 3440 autem
1206 3379 1339 3433 sedis
1394 3378 1570 3433 Victor
1593 3381 1858 3450 episcopus

248 3475 448 3552 fuerit,
491 3490 608 3536 cum
638 3474 812 3546 plures
837 3473 937 3535 sint
967 3472 1121 3546 hujus
1163 3474 1384 3532 nominis
1424 3473 1650 3545 episcopi
1682 3471 1861 3570 D‘ona-

249 3571 388 3623 tistaz
424 3568 476 3621 in
517 3565 788 3623 collatione
817 3564 1248 3637 Carthaginensi,
1298 3567 1468 3619 dicere
1509 3564 1738 3635 difficile
1763 3575 1856 3620 est.

252 3660 308 3718 N
320 3677 419 3720 unc
449 3659 663 3720 breviter
691 3658 815 3728 quid
844 3657 907 3714 de
932 3657 1150 3729 singulis
1185 3657 1442 3712 memoriae
1471 3657 1733 3725 proditum
1763 3657 1860 3723 sit,

253 3750 638 3823 exponendum.
674 3748 953 3803 Ordiemur
984 3766 1014 3801 a
1045 3748 1351 3802 Catholicis.

333 3845 546 3900 Primus
589 3845 722 3898 inter
752 3853 953 3908 actores
991 3840 1284 3903 Catholicos
1305 3885 1319 3910 ,
1359 3851 1434 3900 est
1465 3842 1705 3898 Aurelius
1732 3842 1860 3908 σου·-

257 3936 583 4012 thaginensis
619 3938 833 3990 antistes
853 3979 867 4002 ,
898 3935 977 3990 vir
1007 3937 1300 3991 notissimus
1325 3976 1341 4002 ,
1373 3951 1522 4006 quem
1549 3934 1865 4008 Augustinus

257 4033 356 4088 lib.
383 4048 420 4086 ιι
451 4031 910 4097 Retractationum,
944 4047 1057 4103 cap.
1079 4030 1172 4094 21,
1218 4029 1554 4084 venerabilem
1581 4046 1750 4084 senem
1773 4047 1866 4104 ap-

257 4131 444 4203 pellat.
492 4126 906 4196 Quamplurimis
933 4127 1021 4180 ille
1044 4127 1279 4180 conciliis
1308 4124 1797 4196 Ctn'thaginensibus
1821 4135 1868 4194 et

263 4221 530 4292 Africanis
557 4219 764 4290 prcefuit
789 4259 802 4283 ,
830 4219 1110 4288 meritoque
1135 4218 1324 4272 dicitur
1343 4235 1373 4271 a
1397 4218 1657 4287 Prospero
1683 4219 1736 4272 in
1757 4235 1871 4273 car-

264 4318 409 4371 mine
439 4315 502 4370 de
532 4312 782 4387 lugratis,
815 4313 1020 4366 concilii
1047 4313 1286 4384 Africani
1321 4315 1454 4378 Dux,
1484 4317 1638 4386 cujus
1688 4314 1871 4385 Augue

1960 3193 2292 3260 prasentibus
2321 3195 2474 3266 gestis
2495 3237 2509 3262 ,
2544 3213 2608 3251 ex
2648 3199 2832 3268 quibus
2856 3201 3000 3254 sedes
3039 3217 3216 3255 eorum
3250 3203 3566 3276 episebpales

1959 3283 2258 3356 collegimus
2276 3327 2290 3351 ,
2319 3289 2456 3357 quod
2483 3305 2643 3344 unum
2684 3291 2750 3345 de
2790 3292 2918 3363 ipsis
2947 3305 3200 3364 superest.

2037 3373 2079 3442 Ε
2110 3374 2503 3444 Donatistarum
2527 3383 2782 3444 actoribus
2804 3395 3022 3453 quatuor
3051 3396 3138 3448 aut
3179 3388 3404 3463 quinque
3433 3390 3564 3446 cele-

1963 3471 2076 3526 bres
2095 3483 2214 3537 sunt
2239 3489 2257 3528 .'
2279 3472 2580 3540 Primianus
2608 3478 2940 3540 Par-meniani
2970 3478 3262 3536 Donatista
3301 3500 3564 3540 successor

1960 3563 2014 3616 in
2051 3566 2169 3618 sede
2206 3564 2597 3639 Carthaginensi
2624 3571 2761 3622 circa
2801 3587 2993 3624 annum
3027 3571 3221 3627 Christi
3273 3576 3384 3633 590
3410 3588 3453 3642 ,"
3470 3577 3562 3644 qui

1963 3656 2132 3709 statim
2159 3674 2192 3710 a
2221 3655 2494 3714 Feliciano
2532 3660 2747 3727 aliisque
2790 3679 2898 3718 sua;
2937 3666 3098 3733 partis
3134 3668 3388 3739 episcOpis
3419 3670 3566 3724 dam-

1963 3757 2115 3802 natus
2163 3759 2264 3815 est,
2316 3762 2362 3805 et
2417 3752 2677 3824 depositus
2726 3756 2778 3820 in
2836 3757 3055 3811 concilio
3138 3759 3563 3828 Cabarsussitano

1965 3841 2088 3898 anni
2109 3841 2234 3909 595,
2260 3845 2533 3915 subrogato
2549 3845 2604 3900 in
2622 3846 2736 3916 ejus
2757 3846 2930 3912 locum,
2950 3846 3272 3912 Maximiano
3299 3861 3384 3905 :at
3408 3854 3563 3920 paulo

1970 3944 2083 4001 post
2124 3934 2174 3987 in
2206 3936 2419 3990 concilio
2447 3935 2721 4008 Bagaiensi
2769 3940 3034 3995 absolutus
3076 3949 3122 3996 et
3167 3943 3428 3997 restitutus
3471 3944 3562 3998 de—

1963 4025 2102 4094 jecto
2128 4024 2466 4081 Maximiano.
2499 4028 2614 4095 Qua
2645 4030 2707 4082 de
2734 4046 2788 4083 re
2817 4031 3003 4084 centies
3044 4031 3185 4102 apud
3216 4033 3560 4103 Augustinum

1971 4117 2028 4186 fit
2053 4119 2254 4188 utentia.
2303 4118 2597 4188 Petilianus
2623 4130 2738 4175 ante
2774 4122 3126 4192 episcopatum
3154 4126 3374 4194 forensis
3403 4127 3563 4182 advo-

1973 4222 2117 4264 catus
2143 4228 2170 4265 e
2193 4212 2559 4267 catechumeno
2586 4214 2638 4267 in
2665 4212 2952 4282 Catholica,
2985 4231 3074 4285 per
3103 4217 3200 4269 vim
3222 4233 3253 4269 a
3280 4215 3567 4274 Donatistis

1974 4301 2242 4361 ordinatus
2265 4304 2534 4377 episcopus
2565 4304 2934 4369 Constantiam,
2960 4310 3108 4379 cujus
3138 4320 3337 4363 exstant
3362 4311 3564 4380 litterw,

263 4413 436 4466 stinus
464 4411 754 4480 ingenium.
778 4406 887 4461 Nec
909 4408 1078 4461 minus
1101 4408 1311 4461 celebris
1332 4417 1404 4462 est
1427 4409 1671 4462 memoria
1698 4408 1862 4488 Algpii

1975 4395 2245 4449 adversum
2301 4413 2428 4466 quas
2484 4397 2801 4468 Augustinus
2847 4400 3070 4470 scripsit.
3121 4399 3406 4468 Emeritum
3456 4415 3570 4474 post

265 4501 635 4578 Thagastensis
660 4540 676 4568 ,
704 4499 978 4574 Augustini
1007 4517 1037 4553 a
1065 4499 1242 4567 primis
1273 4500 1424 4570 annis
1455 4485 1779 4565 amicissimi.
1812 4498 1862 4553 Is

1978 4485 2301 4540 collationem
2343 4503 2663 4542 communem
2710 4493 2941 4544 convenit
2987 4491 3303 4573 Augustinus
3343 4496 3397 4550 in
3441 4497 3566 4554 urbe

267 4597 550 4670 Thagasta:
574 4595 826 4650 oriundus
849 4604 956 4658 erat
979 4593 1287 4664 primoribus
1313 4592 1734 4664 municipalibus.
1767 4592 1874 4648 lio-

264 4709 412 4749 usam
436 4699 638 4745 venerat
658 4691 815 4762 paulo
847 4699 966 4744 ante
991 4689 1338 4759 Augustinum
1364 4731 1378 4753 ,
1407 4697 1454 4743 et
1493 4687 1647 4741 simul
1682 4703 1796 4740 cum
1818 4703 1874 4742 eo

273 4786 631 4852 Mediolanum
685 4787 944 4856 profectus
975 4791 1048 4840 est
1094 4783 1301 4853 .‘ltujus
1348 4782 1499 4836 etiam
1553 4781 1872 4851 prepositum

270 4879 504 4934 imitatus
525 4857 728 4931 secessit
758 4894 860 4930 una
884 4893 1000 4930 cum
1023 4891 1080 4930 eo
1110 4872 1458 4929 Cassieiacuvn
1480 4876 1875 4936 catechumenus

274 4986 394 5032 cum
423 4967 804 5028 catae/tument).
859 4965 1145 5022 Mediolani
1183 4966 1505 5037 baptizatus,
1554 4967 1607 5020 in
1644 4967 1878 5038 Africum

276 5063 580 5128 reuertitur,
648 5070 697 5114 et
742 5070 914 5130 postea
961 5060 1028 5113 ad
1073 5051 1480 5131 Thagastensem
1529 5062 1880 5134 episcopatum

281 5165 578 5234 promotus,
611 5153 825 5222 scientia
855 5162 900 5208 et
927 5153 1117 5225 pietate
1163 5152 1262 5222 fuit
1293 5151 1561 5217 illustris;
1592 5168 1652 5206 ac
1698 5151 1883 5205 Hiero-

285 5266 474 5320 nymo,
506 5247 656 5301 Sixto
680 5288 694 5313 ,
723 5245 1020 5314 ueterisque
1057 5243 1208 5300 Italis
1248 5246 1715 5314 conjunctissimus.
1754 5243 1886 5298 Plu.

1979 4595 2071 4636 sua
2099 4577 2406 4634 Cazsareensi
2427 4622 2440 4646 ,
2483 4590 2528 4635 et
2569 4598 2684 4636 cum
2721 4599 2778 4638 eo
2807 4585 2906 4653 egit
2940 4586 3279 4651 precantibus
3320 4589 3573 4660 episcopis

1981 4671 2213 4743 ejusdem
2240 4672 2534 4740 provinciae,
2560 4690 2621 4726 ac
2651 4673 2796 4741 plebe
2827 4673 3166 4731 Caesareensis
3195 4677 3440 4734 Ecclesia:
3463 4722 3480 4748 ι
3517 4690 3568 4735 et

1981 4773 2121 4833 gesta
2155 4764 2443 4819 collationis
2497 4766 2651 4837 hujus
2678 4767 2729 4821 in
2759 4784 2860 4838 qua
2897 4771 3133 4839 superior
3161 4776 3289 4844 fuit,
3328 4775 3437 4844 ipse
3474 4775 3564 4829 de-

1982 4859 2206 4932 scripsit.
2238 4858 2432 4915 Fuerat
2454 4861 2496 4915 is
2528 4859 2793 4918 Emeritus
2839 4874 3025 4920 auctor
3072 4868 3337 4926 sententia:
3375 4870 3582 4930 concilii

1982 4949 2254 5021 Bagaitani
2302 4952 2355 5005 in
2397 4951 2774 5008 Maximianum
2816 4955 2950 5010 latte.
3003 4955 3172 5010 Fama
3218 4960 3574 5030 percrebuere!

1983 5045 2152 5115 ipsum
2200 5045 2337 5099 circa
2378 5046 2532 5115 finem
2579 5048 2694 5102 vita:
2723 5051 2916 5120 factum
2957 5065 3064 5109 esse
3113 5048 3433 5108 Catholicam
3471 5071 3490 5110 .'
3516 5061 3575 5108 at.

1987 5138 2152 5210 falsus
2184 5138 2281 5208 fuit
2308 5138 2400 5192 iste
2421 5155 2598 5193 rumor
2617 5182 2629 5205 ,
2658 5149 2703 5194 et
2741 5143 2970 5210 quamvis
2996 5144 3060 5197 ab
3085 5143 3367 5216 Augustino
3389 5149 3570 5219 fuisset

1989 5231 2280 5296 convictus,
2313 5248 2594 5301 numquam
2640 5244 2807 5289 tamen
2849 5235 2916 5290 ad
2953 5240 3358 5294 communionem
3401 5242 3584 5296 catho-
3687 5231 3692 5234 ’

283 5342 430 5404 ribus
454 5340 688 5395 conciliis
727 5336 992 5410 Africanis
1017 5338 1283 5409 interfuit,
1319 5348 1364 5392 et
1395 5353 1595 5406 magna:
1625 5338 1722 5406 fuit
1748 5337 1888 5405 apud
1995 5324 2144 5379 licam
2168 5327 2414 5391 accessit,
2449 5337 2494 5379 et
2521 5327 2571 5379 in
2601 5329 2873 5383 schismate
2895 5332 3130 5398 pertinax
3159 5331 3302 5388 obiit.
3337 5331 3585 5392 Gauden-

289 5436 443 5514 Αίνοδ
466 5435 732 5512 episcopos
752 5432 1095 5487 auctoritatis.
1124 5415 1199 5486 οε
1222 5431 1525 5501 Augustino,
1551 5432 1696 5486 εει-ιῑο
1721 5441 1889 5486 actore
1993 5422 2090 5475 tius
2124 5437 2320 5492 quoque
2347 5419 2788 5494 Thamugadensis
2817 5424 3092 5494 Augustini
3125 5427 3328 5495 scriptis
3347 5469 3361 5494 ,
3395 5429 3583 5500 quibus

291 5529 365 5583 nil
392 5544 593 5592 necesse
623 5537 696 5590 est
719 5526 910 5594 dicere.
955 5523 1250 5593 Vincentius
1280 5522 1641 5589 Calusitanus,
1681 5539 1768 5578 seu
1795 5539 1889 5594 ρο.
1996 5515 2124 5570 duas
2151 5516 2393 5588 epistolas
2424 5519 2535 5590 ejus
2559 5517 2776 5587 refellit,
2810 5516 3106 5574 nobilitatus
3145 5529 3238 5575 est.
3268 5520 3348 5577 De
3389 5526 3588 5580 ctcteris

291 5623 394 5677 tius
415 5619 750 5676 Culusitauus
791 5619 845 5671 in
874 5618 1143 5688 provincia
1186 5615 1542 5687 proconsulari
1580 5615 1847 5685 episcopus
1871 5654 1886 5680 ,
1996 5606 2388 5664 Donatistarum
2411 5608 2664 5680 episcopis
2693 5608 2822 5662 nihil
2850 5619 3037 5679 praeter
3057 5611 3196 5666 sedis
3220 5630 3428 5680 nomen,
3452 5616 3589 5684 quod

294 5715 526 5786 interfuit
573 5712 806 5768 conciliis
849 5709 1342 5782 Carthaginensibus
1381 5723 1634 5764 (umorum
1685 5706 1791 5764 416
1843 5715 1893 5761 et
2002 5716 2065 5756 ex
2093 5703 2385 5770 collationis
2411 5701 2566 5772 gestis
2596 5700 2790 5800 liquet.
2835 5701 3100 5768 habemus.

295 5807 425 5864 419.
459 5805 607 5861 Idem
636 5813 846 5876 putatur
877 5820 984 5862 esse
1010 5804 1095 5880 qui
1125 5801 1365 5874 laudatur
1395 5801 1668 5870 al’auliuo
1689 5800 1744 5858 in
1778 5797 1898 5864 Vita
