1986 3164
234 136 301 164 1251

714 132 827 162 GESTA
847 131 1075 161 COLLATIONIS
1092 130 1402 160 CARTHAGINENSIS.

1790 134 1797 161 l
1802 134 1843 162 Ξ.ὖὲ

238 185 1091 199 .——-———————-——__—~’

693 227 775 263 23°
813 233 1123 274 ΡΒλΈῈΑΤΙΟ
1163 226 1202 263 (¹)

566 306 741 335 MARCELLI
762 305 974 334 MEMORIALlS
995 306 1040 333 AD
1058 306 1285 336 SEVERIANUM
1305 307 1350 335 ΕΤ
1369 307 1554 337 JULIANUM.

271 413 456 444 Dilectissimis
472 413 611 441 Fratribus
627 416 655 440 et
668 413 695 440 iu
711 412 813 440 Christi
827 411 937 440 nomine
949 419 1031 439 vene-
1044 413 1071 443 Α
1085 412 1157 440 libus
1169 412 1317 440 familiares
1329 434 1336 445 ,
1351 418 1379 440 ut
1395 413 1558 449 inquirentis
1576 413 1683 441 intentio
1700 413 1799 442 indicem
1815 423 1848 445 se.

236 462 343 495 randis,
357 461 504 489 Severiano
519 465 546 488 et
569 459 678 487 Juliano
701 459 843 486 Marcellus
858 457 1033 486 Memorialis.

270 508 425 544 Amplector
438 506 565 535 alacriter
585 505 734 541 jussionem
753 513 804 541 qua
825 505 891 532 mihi
913 508 1035 532 amanter

233 561 314 592 atque
340 555 365 582 in
390 554 505 582 Domino
529 553 690 581 liducialiter
711 553 865 588 imperastis
880 573 887 585 ,
911 557 940 579 ut
954 551 1034 579 totius

234 603 356 631 tnembra
370 602 482 638 negotii,
495 606 522 630 et
532 601 660 628 articulos
674 600 801 634 actionis,
816 599 887 635 quod
901 607 948 635 per
963 597 1034 626 istud

232 650 360 678 volumen
376 653 511 680 actorum,
527 647 730 682 prosecutiones
741 646 857 681 partium
873 653 922 680 per
937 645 1033 679 longos

236 696 392 731 explicuere
406 694 562 727 conflictus,
579 693 715 721 modulata
731 701 778 728 per
792 700 836 720 me
851 692 970 720 brevitas
981 691 1034 719 dis-

234 743 338 777 tinguat
351 745 379 769 et
398 741 507 776 colligat
523 749 530 768 :
545 745 627 776 alque
640 740 702 767 huic
726 739 801 775 operi
825 739 881 766 sola
901 737 1034 765 charitate

234 797 279 817 me
293 789 382 817 sentio
396 788 537 823 fateorque
548 787 682 815 sufﬁcere.
701 786 741 814 Ad
753 794 861 814 omnem
876 785 974 821 quippe
984 784 1034 812 de-

233 836 314 872 legati
328 835 447 864 ntuneris
469 834 660 870 obsequelam,
677 833 845 862 efﬁcaciores
864 833 936 860 vires
954 832 1036 859 habet

232 883 277 918 qui
291 882 434 917 praeceptis
445 889 538 909 amore
553 880 716 916 jubentium,
731 888 811 916 quam
825 880 871 915 qui
884 879 978 907 ﬁducia
993 878 1035 906 sui

233 933 319 964 paret.
343 929 382 956 Ac
395 927 450 962 jam
466 926 574 963 quidem
592 927 619 954 in
640 926 709 953 hanc
729 925 914 960 operationem
932 932 982 960 qua
1008 924 1034 951 in

230 974 362 1003 Ecclesia:
385 974 494 1009 negotio
510 980 559 1008 pro
578 972 746 1007 singulorum
768 972 870 998 viribus
884 971 1034 998 laboratum

230 1027 288 1054 est,
309 1027 440 1057 quantum
457 1028 516 1048 mea
539 1019 712 1047 mediocritas
736 1019 841 1054 potuit,
867 1017 953 1045 ofﬁcii
981 1018 1032 1045 mei

228 1069 381 1106 symbolam
404 1068 467 1096 dedi
485 1077 491 1095 :
508 1067 579 1103 quod
592 1075 605 1093 a
619 1067 678 1094 viro
701 1066 842 1101 spectabili
855 1087 862 1099 ,
887 1071 913 1093 et
937 1066 964 1093 in
979 1073 1034 1100 quo

1087 464 1147 487 cuta
1163 460 1324 488 brevitatem
1338 482 1346 494 ,
1361 461 1394 488 ad
1419 460 1444 488 id
1460 460 1531 496 quod
1545 461 1739 496 deprehendere
1762 463 1816 490 velit
1828 464 1848 491 in

1091 506 1195 542 paginis
1210 506 1324 534 actionis
1336 527 1345 540 ,
1362 514 1414 534 non
1430 507 1531 542 absque
1547 507 1730 535 commoditate
1741 515 1847 543 compen-

1086 552 1141 585 dii,
1155 553 1275 580 numeris
1288 553 1402 581 ducibtts
1416 553 1517 581 dii-ecta
1528 554 1673 589 perveniat.
1687 554 1763 582 Abusi
1775 554 1849 582 videa-

1086 607 1147 626 mur
1162 599 1284 627 fortassis
1298 600 1354 627 otio
1364 620 1372 633 ,
1393 600 1458 627 dum
1473 600 1506 627 ad
1521 600 1639 628 laborem
1653 601 1778 636 superllua
1789 609 1850 629 revo-

1086 654 1189 674 camus.
1204 647 1280 681 Quod
1298 654 1347 674 nos
1359 655 1423 675 vere
1446 647 1582 682 superflue
1603 647 1695 675 fecisse
1715 647 1850 683 lateremur,

1086 693 1109 720 si
1123 693 1149 720 in
1166 697 1221 720 tota
1236 693 1403 721 voluminum
1422 693 1493 721 serie
1509 693 1669 729 perlegenda
1681 715 1688 726 ,
1702 693 1794 722 habiles
1804 702 1851 723 esse

1087 739 1188 767 vellent
1202 740 1325 767 homines
1335 740 1369 767 ad
1385 741 1515 768 laborem.
1527 740 1581 768 Sed
1598 740 1756 776 periniqnum
1768 745 1804 768 est
1813 748 1850 768 eos

1086 787 1120 814 de
1135 787 1212 815 istius
1225 787 1373 823 diligentiae
1385 787 1458 815 velut
1474 787 1591 823 quadam
1609 788 1734 815 inanitate
1747 787 1851 822 causari,

1086 841 1100 861 a
1115 833 1214 869 quibus
1235 834 1257 861 si
1282 835 1308 861 in
1323 834 1496 870 perlegendis
1516 835 1617 870 jngiter
1641 834 1740 869 paginis
1752 834 1851 870 disputa-

1073 878 1168 907 tionis
1188 880 1301 914 hujusce
1323 888 1375 908 non
1401 881 1488 908 inanis
1503 880 1642 916 diligentia
1660 880 1796 916 ﬂagitetur,
1808 889 1853 908 eam

1088 934 1143 953 non
1171 934 1232 954 esse
1247 926 1433 962 diligentiam,
1463 927 1511 955 sed
1538 928 1688 955 molestiam
1709 927 1853 955 conﬁtentur.

1088 973 1176 1007 Unde,
1189 979 1320 1009 quantum
1331 982 1382 1010 ego
1395 974 1530 1007 arbitror,
1547 983 1600 1002 non
1615 982 1681 1010 opus
1695 975 1789 1002 irritum
1802 974 1854 1001 lusi-

1087 1029 1147 1048 mus
1161 1022 1207 1056 qui
1233 1020 1337 1049 fastidia
1354 1022 1481 1049 lectionis
1502 1021 1625 1049 retnedio
1639 1021 1770 1049 brevitatis
1781 1021 1853 1049 exclu-

1086 1068 1181 1095 simus.
1195 1069 1285 1099 Certe,
1300 1069 1325 1096 si
1339 1076 1372 1096 ex
1384 1068 1470 1104 ipsius
1482 1068 1650 1104 operationis
1663 1074 1738 1103 atque
1754 1067 1855 1095 utilitatis

228 1115 375 1151 plurimum
390 1115 497 1149 insigne
510 1113 654 1150 probitatis
673 1118 730 1146 est,
752 1113 860 1141 tribuno
874 1118 902 1140 et
919 1112 1032 1140 Notario
1047 1113 1071 1143 B
1085 1113 1194 1146 effectu,
1212 1114 1365 1141 absolutum
1379 1122 1439 1142 esse
1455 1122 1507 1142 non
1524 1115 1641 1150 poterit,
1662 1115 1728 1149 quod
1741 1121 1813 1141 vanus
1827 1114 1856 1141 la-

230 1161 390 1190 Marcellino
405 1168 530 1188 curarum
544 1159 645 1187 ascitus
659 1159 685 1186 in
698 1163 817 1193 partem,
835 1166 888 1185 non
904 1163 957 1185 tam
973 1165 1032 1185 me-

231 1208 285 1236 rito
301 1214 373 1239 meo,
396 1214 477 1242 quam
499 1205 656 1241 dignatione
666 1205 803 1232 censentis
814 1225 821 1236 ,
835 1204 1034 1232 communicavi

229 1262 293 1282 cum
304 1253 396 1288 judice
412 1252 541 1280 librandze
553 1251 757 1287 disceptationis
768 1251 902 1278 laborem.
913 1250 967 1278 Sed
981 1251 1032 1278 hoc

229 1308 338 1336 quoque
353 1299 424 1335 quod
449 1307 493 1327 me
504 1298 594 1326 facere
608 1298 730 1325 voluistis
743 1320 749 1332 ,
767 1297 941 1332 peculiariter
952 1297 1033 1324 adhi-

231 1348 298 1375 bere
316 1354 371 1374 non
387 1345 481 1381 piguit.
497 1344 723 1379 Quandoquidem
745 1343 811 1371 tnihi
835 1351 888 1371 non
903 1343 991 1370 minor
1006 1344 1032 1370 in

231 1392 327 1421 eadem
343 1400 372 1420 re
383 1392 507 1427 Voluptas
522 1395 549 1419 et
570 1391 655 1427 gloria
681 1396 723 1418 est
748 1390 863 1417 solvisse
884 1397 954 1417 nunc
979 1389 1032 1417 fra-

229 1441 321 1469 tribus
333 1446 438 1472 votutn,
451 1447 531 1475 quam
545 1438 678 1474 cognitori
694 1442 759 1465 tunc
775 1437 922 1473 praebuisse
937 1436 1030 1465 c0nsi-

232 1486 311 1514 lium.
333 1485 466 1521 Quicquid
489 1485 569 1520 igitur
590 1485 680 1511 laxius
702 1492 716 1511 a
734 1484 855 1518 partibus
876 1489 1031 1519 peroratum

232 1537 291 1566 est,
314 1537 342 1560 et
370 1531 497 1568 quicquid
520 1530 690 1559 interfatibus
714 1530 861 1566 jndicantis
887 1531 1032 1566 utrobique

229 1579 366 1614 signatum
393 1582 450 1611 est,
475 1577 569 1606 sedula
592 1577 761 1605 hreviatioue
781 1577 920 1610 suceiuxi.
937 1585 1033 1605 conse-

230 1630 346 1661 quenter
358 1625 472 1661 afﬁgens
483 1625 564 1653 etiam
577 1632 625 1660 per
637 1624 760 1652 ordinem
773 1646 780 1658 ,
804 1630 881 1653 notas
896 1625 1033 1654 calculan-

263 1694 304 1731 (1)
319 1693 491 1731 Hic_oltserva
502 1730 505 1731 ν
517 1693 583 1731 hanc
605 1692 781 1731 prwfqtionem
793 1701 846 1720 esse
856 1697 955 1731 tantum
966 1693 1037 1728 capi-

227 1728 340 1758 tulorum
367 1729 520 1758 Collationis
555 1728 788 1765 Carthaginiensis,
825 1728 893 1762 quod
912 1737 978 1764 opus
1001 1732 1037 1755 est

229 1765 376 1793 Marcellini
390 1765 550 1793 Memorialis
563 1773 572 1792 :
586 1773 644 1792 nam
657 1764 730 1799 quod
751 1769 848 1800 spectat
869 1764 913 1799 ad,
924 1769 991 1797 acta,
1009 1772 1038 1791 ea

1051 1749 1074 1781 C

1084 1160 1134 1188 bor
1149 1161 1200 1188 iste
1212 1169 1265 1188 non
1281 1161 1362 1189 fuerit
1378 1182 1386 1195 ,
1413 1161 1516 1189 idcirco
1537 1166 1629 1189 tamen
1647 1168 1698 1189 non
1712 1161 1856 1195 ineptumest

1084 1208 1212 1243 quiequid
1229 1208 1272 1236 hic
1284 1209 1343 1243 egi,
1355 1208 1416 1243 quia
1432 1209 1458 1236 in
1473 1209 1525 1236 hoc
1538 1208 1617 1236 vobis
1628 1208 1774 1243 jubentibtts
1784 1206 1854 1243 parui.

1084 1253 1161 1281 Nunc
1176 1255 1322 1287 oraverim,
1339 1259 1369 1282 ut
1382 1255 1408 1282 in
1426 1254 1642 1282 vicissitudinem
1664 1254 1747 1282 meriti
1763 1261 1805 1289 pro
1821 1260 1855 1280 me

1084 1309 1165 1330 orare
1184 1302 1344 1338 digni-mini.
1361 1304 1398 1331 Ita
1421 1304 1493 1331 enim
1506 1303 1568 1337 ﬁet,
1594 1309 1623 1331 ut
1644 1303 1713 1339 quod
1733 1301 1856 1338 spontefa-

1086 1349 1148 1376 citis
1159 1369 1167 1383 ,
1191 1349 1256 1376 mihi
1273 1354 1361 1377 tamen
1383 1350 1462 1377 cedat
1478 1350 1503 1377 in
1517 1350 1766 1378 remunerationem.
1782 1347 1856 1376 Omni-

1086 1396 1204 1430 poteutia
1221 1395 1379 1430 Trinitatis,
1394 1397 1419 1424 id
1431 1401 1487 1429 est,
1502 1397 1699 1433 omnipotentia
1716 1396 1757 1424 Dei
1771 1395 1850 1428 nostri,

1084 1441 1243 1470 cltaritatem
1257 1448 1376 1470 vestram
1388 1443 1488 1478 jugiter
1503 1444 1588 1472 nostri
1603 1447 1854 1478 memoremperpetua

1084 1488 1186 1523 pietate
1205 1489 1353 1522 custodiat,
1371 1489 1477 1517 Domini
1495 1491 1594 1518 merito
1611 1489 1788 1522 dilectissimi,
1802 1487 1855 1516 etin

1085 1534 1187 1563 Christi
1203 1535 1314 1563 nomine
1328 1536 1499 1564 venerabiles
1513 1536 1637 1567 Fratres.

1266 1593 1385 1629 Explicit
1396 1594 1507 1629 epistola
1518 1594 1701 1629 capitulorum.

1090 1701 1140 1720 non
1166 1698 1225 1720 sunt
1243 1693 1395 1720 breviarium
1423 1694 1454 1720 ab
1484 1694 1531 1720 ltoc
1546 1698 1655 1721 auctore
1677 1695 1815 1728 confectura,
1831 1694 1853 1717 ut

1090 1729 1152 1765 uiris
1179 1729 1293 1765 alioquin
1313 1729 1466 1757 doctissimis
1483 1730 1566 1757 uisum
1587 1735 1635 1763 est,
1651 1730 1797 1765 sedipsamet
1810 1731 1855 1754 arta

1092 1763 1262 1792 Notariorum
1275 1765 1450 1801 publicarunt,
1461 1770 1489 1793 ut
1500 1766 1595 1801 legenti
1610 1771 1688 1802 patet.

234 1828 1854 1843 _————__———_—_—.——__—._#

319 1883 400 1921 ²³¹
453 1890 1026 1966 INCIPIUNT

1109 1859 1661 1967 CAPlTULA.

827 2031 1254 2086 GESTORUM
1266 2066 1284 2085 .

269 2214 295 2242 l.
313 2213 351 2242 De
363 2216 468 2240 astante
479 2211 579 2240 ofﬁcio.

233 2251 240 2261 *
267 2250 295 2277 2.
309 2250 347 2277 De
360 2248 490 2284 ingressis
502 2248 647 2283 episcopis.

271 2286 300 2314 5.
319 2285 494 2312 lnterlocutio
506 2284 539 2311 de
554 2284 682 2319 qualitate
695 2284 794 2319 negotii
804 2305 810 2315 ,
828 2284 872 2312 ubi
885 2284 963 2320 jubet
977 2285 1029 2313 sibi

234 2322 357 2355 cognitor
369 2319 509 2354 imperiale
524 2325 690 2355 praeceptqu
703 2321 821 2347 recitari.

820 2147 1447 2169 Φ-

1451 2155 1480 2162 ν-

1121 2214 1164 2251 lg.
1176 2213 1335 2251 Prosecutio
1348 2214 1667 2251 Donatistarumnsimilis
1690 2214 1842 2251 prmcedenti.

1120 2250 1163 2277 15.
1176 2249 1351 2287 lnterlocutio
1362 2249 1433 2287 quod
1448 2257 1497 2277 suo
1509 2250 1604 2287 ordine
1616 2249 1706 2279 omnia
1722 2250 1805 2287 peragi
1817 2250 1855 2278 de-

1088 2285 1170 2318 bent,
1187 2285 1301 2320 etjubet
1316 2286 1424 2313 recitari
1439 2293 1499 2321 quae
1512 2285 1629 2314 dixerat.

1118 2321 1161 2359 μ.
1189 2321 1321 2348 Rccitatio
1342 2320 1454 2359 notat-ise
1485 2321 1687 2351 Donatistarum
1699 2344 1707 2357 ,
1720 2324 1744 2351 in
1759 2330 1804 2359 qua
1816 2320 1858 2349 sibi

267 2357 296 2385 Δ.
312 2356 445 2384 Ηεοίίιιιὶο
457 2355 603 2390 imperialis
620 2356 747 2391 praecepti
761 2355 795 2384 de
810 2356 933 2384 habenda
944 2356 1027 2384 colla.
1042 2371 1069 2402 Β
1081 2356 1334 2402 edictumasscruut
1345 2357 1498 2402 displicterel.

232 2398 444 2471 ῗιῗὲῗίἰθοίωιίο
454 2426 534 2455 edicti
551 2434 598 2461 per
621 2427 691 2461 quod
707 2427 864 2464 congregari
887 2429 1029 2463 episcopos

230 2465 483 2527 Jlllifllntet'locutio
498 2498 531 2525 de
547 2498 600 2525 alio
612 2497 702 2532 judice
716 2499 849 2534 eligendo.

267 2535 294 2562 7.
310 2535 460 2570 Responsio
474 2534 672 2561 Donatistarum
685 2554 692 2567 ,
709 2533 841 2570 dcjndice
863 2542 916 2562 non
940 2540 1031 2571 postu—

231 2571 296 2649 lfng:
308 2605 484 2634 lnterlocutio
503 2604 574 2640 quod
586 2605 694 2632 collatio
710 2605 790 2633 fuerit
811 2606 944 2641 postulata
955 2627 963 2641 ,
976 2615 1029 2634 non

229 2643 459 2713 J“(S‘F‘liesponsio
475 2677 672 2714 Donatistarum
683 2697 690 2711 ,
702 2681 730 2704 ut
747 2676 772 2704 hi
786 2683 970 2712 proponerent
982 2678 1025 2714 qui

229 2715 401 2742 collationem
417 2713 568 2748 petiissent.

266 2750 310 2778 10.
326 2750 459 2777 Reeitatio
472 2749 567 2780 edicti,
585 2748 629 2776 tibi
646 2748 711 2776 dicit
725 2748 769 2782 qui
786 2748 881 2775 modus
897 2753 924 2776 et
949 2749 1024 2777 locus

226 2785 363 2813 collationi
376 2786 410 2812 sit
420 2790 508 2819 aptus,
520 2788 548 2812 et
561 2785 670 2819 quoteni
685 2784 816 2812 deberent
826 2791 886 2811 esse
897 2784 931 2811 ab
943 2785 1031 2816 utris-,

226 2829 280 2857 que
296 2822 431 2857 partibus.
449 2821 493 2855 qui
510 2827 618 2857 causam
635 2824 805 2855 peragerent.

263 2855 306 2885 if.
323 2857 455 2891 Ubijubet
466 2856 588 2890 cognitor
603 2857 709 2897 recitari
731 2864 791 2891 quae
816 2860 880 2884 ante
894 2855 1019 2885 collatio-

223 2900 286 2921 nem
297 2900 359 2928 pars
379 2897 493 2927 utraque
503 2896 649 2927 peregerit.

1123 2382 1635 2422 lii:lnterlocutiodeDatholicorum
1668 2395 1775 2431 epistola
1798 2394 1858 2428 lege-

1083 2433 1311 2492 rellutli'.'ltecitatto
1350 2464 1472 2500 epistola:
1511 2465 1727 2498 Catholicorum.
1760 2467 1783 2493 in
1815 2470 1856 2499 qua

1083 2499 1170 2528 edicto
1181 2500 1354 2528 censentium
1368 2499 1404 2528 'ct
1424 2500 1595 2530 conditiones
1621 2503 1764 2531 Donatistis
1776 2507 1857 2536 propo-

1083 2541 1162 2610 "ulnfi'.
1178 2572 1312 2600 Recitatio
1335 2571 1414 2610 edicti
1440 2571 1467 2610 in
1482 2580 1535 2607 quo
1558 2573 1710 2610 (cognitor)
1733 2581 1760 2601 se
1780 2571 1855 2601 omnia

1083 2607 1280 2642 pttblicatnrutn
1296 2608 1393 2642 populo
1406 2608 1555 2641 pollicetur.

1119 2643 1163 2670 18.
1177 2643 1225 2670 Ubi
1242 2645 1371 2671 recitatur
1382 2645 1541 2678 rescriptum
1553 2645 1750 2674 Catholicorum
1762 2650 1856 2680 κεροι-

1081 2679 1200 2706 dentium
1219 2681 1329 2706 notari-.n
1347 2679 1556 2709 Donatistarum.

1116 2715 1160 2742 l9.
1184 2715 1353 2742 lnterlocutio
1380 2714 1414 2741 de
1444 2715 1642 2745 C.nholicorutn
1671 2717 1852 2747 consensione.

1080 2750 1125 2777 ubi
1141 2755 1167 2777 et
1178 2751 1215 2777 illi
1245 2751 1448 2786 interrogantur
1463 2756 1552 2780 utrum
1563 2753 1753 2782 consentiant?

1112 2786 1157 2813 20.
1179 2785 1566 2827 .ProsecutioDonatistarum
1590 2790 1623 2817 de
1645 2793 1764 2824 tempore
1784 2792 1809 2815 et
1827 2785 1854 2812 de

1094 2829 1211 2849 ersonis.

1076 2829 1092 2857 ρ
1110 2858 1156 2885 21.
1184 2858 1359 2886 lnterlocutio
1384 2864 1414 2887 ut
1437 2865 1529 2888 certus
1545 2868 1673 2888 numerus
1690 2859 1855 2889 constituatur

1073 2897 1196 2922 actorum
1211 2895 1360 2923 secundum
1376 2895 1474 2925 lectum
1495 2896 1626 2925 edictuin.
