3972 6328
491 257 512 312 1
524 254 634 312 ’259

489 457 663 572 mgf
685 515 756 568 De
782 511 1038 568 dilatione
1067 511 1446 581 exceptoribus
1467 510 1611 566 data.

563 590 653 643 64.
682 583 985 655 Responsio
1011 579 1454 655 errceptorum‘do
1479 583 1644 653 gestis
1675 579 1920 655 edendis.

562 659 652 715 65.
685 652 1034 712 lnterlocutio
1061 657 1127 711 de
1152 656 1240 710 die
1271 656 1322 709 in
1346 652 1492 710 diem
1519 652 1800 723 signando.

561 731 649 784 66.
683 729 982 798 Responsio
1007 728 1074 782 de
1103 728 1200 782 hac
1227 733 1307 780 re.

564 801 655 857 67.
684 795 1001 854 Prosecntio
1029 798 1426 853 Donatistarum
1450 839 1464 861 ,
1500 811 1604 866 qua
1636 795 1704 868 (ι.
1766 796 2087 865 pollicemur

490 872 661 945 certo)
703 871 1000 941 postulatur
1039 879 1221 925 certos
1268 869 1333 923 ad
1375 869 1640 940 judicium
1690 884 1749 922 se
1797 882 1918 922 esse
1959 882 2092 922 ven-

493 957 660 1001 turos.
763 990 771 998 .

563 1014 944 1072 68.1ndicatio
984 1013 1278 1084 cognitoris
1317 1027 1419 1082 qua
1463 1011 1629 1066 futuri
1669 1011 1934 1067 examinis
1972 1009 2091 1066 dies

492 1096 744 1161 percepta
771 1085 1308 1161 gestor‘ninheditione
1335 1084 1610 1138 delinitur.

562 1154 996 1215 69.'Proserutio
1023 1155 1422 1211 Catholicorum
1445 1171 1550 1226 qua
1573 1154 1809 1208 conditio
1841 1155 1941 1208 ista
1970 1169 2093 1226 pro-

492 1233 730 1299 ponitur,
765 1239 821 1282 ut
865 1228 1021 1282 editis
1051 1229 1218 1298 gestis
1249 1228 1314 1281 de
1345 1242 1531 1281 eorum
1566 1228 1910 1296 susceptione
1943 1236 1992 1279 et
2025 1225 2092 1280 de

493 1314 735 1370 tempore.
757 1311 1010 1354 caveatur
1039 1319 1064 1350 a
1093 1300 1353 1366 partibus.

564 1369 652 1431 70.
687 1372 999 1428 Proseculio
1047 1373 1478 1437 Donatistarum,
1533 1369 1620 1424 ubi
1667 1370 1717 1423 id
1764 1385 1823 1425 se
1857 1369 2092 1424 facturos

491 1462 610 1501 CSse
641 1447 982 1513 promittunt.

567 1519 656 1572 71.
690 1516 1034 1571 lnterlocutio
1062 1513 1290 1583 judicis,
1316 1515 1402 1568 ubi
1433 1513 1594 1567 etiam
1625 1514 1912 1582 prmsentia
1942 1520 2092 1584 gesta

494 1605 597 1644 una
629 1604 748 1643 enm
774 1585 1143 1656 superioribus
1164 1584 1325 1639 edere
1351 1585 1572 1655 jubetur
1595 1584 1853 1638 ofﬁcium.

569 1661 656 1715 7‘2.
686 1655 998 1714 Prosecutio
1022 1656 1421 1711 CatltoliCorum
1463 1657 1549 1710 ubi
1579 1659 1812 1710 edictum
1851 1671 1880 1709 a
1912 1655 2094 1725 judice

493 1731 735 1814 tinguant
761 1731 1165 1800 proponendum
1191 1771 1204 1786 .
1239 1740 1295 1782 ut
1325 1729 1613 1783 Donatista:
1639 1727 1953 1782 dilationem
2003 1742 2092 1797 pe-
2125 1769 2172 1828 Β

495 1805 622 1857 tisse
652 1815 965 1857 noscantur.

566 1876 652 1928 75.
689 1874 902 1929 Det'isio
950 1872 1276 1942 roguitoris,
1327 1871 1413 1925 ubi
1468 1869 1776 1939 praulietam
1815 1880 2091 1938 geSIorum

495 1947 914 2017 propositionem
927 1960 998 2017 se
1025 1948 1282 1998 facturum
1309 1957 1431 1997 esse
1461 1942 1746 2017 promittit.

634 2018 885 2089 xpliciunt
913 2012 1155 2086 Capitula
1180 2025 1440 2086 gestorum
1461 2015 1671 2068 secundi
1702 2013 1992 2083 conflictus.

695 2135 964 2190 'NCIPIUNT
990 2131 1264 2188 CAPITULA
1294 2145 1504 2185 τεκτιιε
1529 2126 1889 2185 COGNITIONIS.

565 2231 628 2300 1.⁵
651 2228 728 2283 De
754 2227 1002 2300 adstante
1027 2223 1230 2300 ofﬁcio.

563 2296 628 2356 2.
654 2301 730 2353 De
759 2297 1016 2367 ingressis
1043 2296 1332 2366 episcopis.

569 2376 622 2427 5.
656 2365 1002 2426 lnterlocutio
1025 2365 1091 2422 de
1111 2367 1200 2421 die
1221 2367 1488 2422 examinis
1509 2367 1827 2430 eonstituto,
1858 2365 1946 2433 qui
1981 2365 2097 2421 dies

494 2445 656 2500 etiam
685 2441 844 2496 olﬁcii
874 2439 1226 2508 restionsione
1253 2439 1513 2510 signatur.

565 2517 622 2586 4.
661 2514 925 2569 Recitatio
961 2513 1262 2578 cautionis,
1315 2512 1403 2568 ubi
1445 2510 1707 2566 Catholici
1748 2517 1898 2580 gesta
1947 2522 2100 2566 rece-

532 2597 708 2644 erunt.

672 2605 708 2639 ι.

495 2605 922 2716 pengecitatio
946 2657 1138 2712 similis
1165 2656 1434 2711 cautionis
1459 2656 1622 2726 partis
1649 2654 1890 2709 alterius.

566 2732 621 2787 6.
653 2730 1034 2792 lnterlocutio,
1070 2745 1173 2800 qua
1204 2730 1458 2784 statuitur
1495 2738 1552 2783 ut
1596 2726 1905 2797 principalis
1935 2739 2098 2780 causa

496 2804 724 2859 dicatur.
1171 2837 1178 2846 η
1988 2840 1995 2848 .

569 2877 620 2929 7.
653 2873 972 2929 Prosecutio
1001 2871 1405 2927 Catholicorum
1429 2914 1443 2937 ,
1484 2871 1573 2928 ubi
1619 2868 1915 2942 principale
1944 2883 2102 2938 nego-

499 2948 631 3003 tium
655 2947 782 3000 olim
807 2960 864 2999 se
891 2961 1050 3014 agere
1079 2945 1215 3000 velle
1239 2954 1527 3000 testantur.

568 3019 622 3073 8.
656 3017 756 3073 Ubi
797 3013 1090 3072 Donatistm
1135 3032 1164 3071 a
1209 3016 1504 3072 Catliolicis
1547 3013 1768 3086 exigunt
1809 3023 1867 3068 ut
1907 3026 2103 3084 propo-

497 3099 647 3146 nant.

569 3163 622 3216 9.
671 3159 770 3215 Ubi
829 3160 1210 3228 respondetur,
1258 3159 1684 3231 propositionem
1735 3173 1802 3213 ex
1849 3155 2103 3211 mandato
2131 3165 2177 3230 ο

496 3248 597 3289 suo
619 3247 776 3301 posse
797 3234 1069 3300 cognosci.

573 3299 660 3360 10.
709 3305 1022 3359 Prosecutio
1065 3304 1503 3368 Catholicorum,
1549 3318 1651 3374 qua
1696 3299 1994 3372 prmdicunt
2034 3313 2102 3355 ne

499 3391 772 3432 morarum
798 3377 1178 3444 impedimenta
1210 3384 1511 3430 nectantur.

571 3450 659 3503 11.
691 3448 1029 3513 Prnsecutio,
1066 3457 1119 3500 nt
1154 3449 1292 3518 quod
1328 3447 1642 3509 intenditur,
1679 3451 2028 3518 proponatur.

571 3521 734 3592 235
765 3521 848 3574 12.
871 3515 1614 3588 ΒεειιιιιιείοἶέιιιΙιοΙὶεοτιιιιι,
1639 3532 1743 3585 qua
1764 3515 1948 3592 dicunt
1976 3529 2102 3584 pro-

502 3585 821 3716 portionem
871 3585 1266 3647 Donatistarum
1320 3607 1386 3647 ex
1423 3593 1666 3661 ipsorum
1709 3585 1888 3655 colligi
1942 3599 2103 3655 posse

503 3677 625 3716 man
673 3675 778 3716 .ι10.

503 3675 778 3717 manuue.

503 3735 662 3862 (1⁸15.
703 3733 1088 3801 lnterlocutio,
1120 3751 1223 3806 qua
1257 3735 1492 3804 poscitur
1519 3743 1576 3788 ut
1599 3728 1914 3802 principalis
1939 3741 2103 3783 causa

543 3816 738 3862 tentur.

543 3807 738 3862 ientur.

579 3877 665 3934 14.
709 3877 1026 3934 Prosecutio
1070 3877 1473 3933 Catholicorum
1500 3920 1514 3942 ,
1563 3893 1664 3948 qua
1697 3880 1998 3945 provocant
2047 3878 2105 3925 ut

505 3950 765 4007 Ecclesia:
798 3951 1098 4021 principale
1129 3948 1402 4020 negotium
1433 3958 1742 4021 peragatur.

581 4023 668 4078 15.
713 4015 1028 4078 Prosecutio
1078 4015 1517 4088 DonatiSIarum,
1563 4015 1929 4074 discutiendas
1982 4028 2106 4069 esse

505 4110 786 4166 personas.

581 4167 665 4220 16.
711 4167 1013 4237 Responsio
1030 4167 1455 4230 Catholicorum,
1477 4165 1589 4235 jam
1612 4160 1964 4217 conﬁrmatas
1985 4171 2108 4212 esse

546 4253 789 4294 ersonas.

506 4253 1059 4367 pels'lﬁml‘zterlocntio
1084 4353 1098 4373 ,
1145 4310 1287 4380 quod
1320 4305 1758 4380 prosecutionem
1793 4300 2106 4356 Donatista~

508 4394 627 4434 rum
651 4381 913 4437 Catholici
940 4398 1044 4437 non
1074 4377 1360 4452 diligenter
1387 4377 1742 4452 adverterint.

588 4452 674 4507 18.
717 4452 1026 4523 Responsio
1057 4445 1464 4510 Catholicorum
1488 4494 1503 4519 ,
1534 4463 1640 4521 qua
1669 4445 1857 4504 dicunt
1893 4451 2104 4499 utrum-

506 4538 611 4594 que
630 4526 970 4594 recitandum
1001 4542 1119 4581 esse
1149 4525 1482 4581 mandatum.

587 4593 670 4669 l_9.
715 4595 1060 4653 lnterlocutio
1086 4614 1189 4669 qua
1221 4595 1624 4653 Donatistarum
1658 4597 1965 4665 prosecutio
1991 4596 2094 4652 Ca-

508 4664 721 4722 tholicis
741 4669 1020 4723 asserilur.

581 4738 672 4812 20.
718 4739 1032 4812 Prosecutio
1057 4737 1480 4801 Catholicorum.
1511 4739 1639 4811 quid
1671 4741 1739 4793 ah
1770 4741 2104 4812 lmperatore

510 4811 791 4878 petierint,
822 4828 850 4863 ιι
884 4826 944 4865 se
966 4810 1171 4866 directa
1201 4812 1468 4880 legatione
1492 4853 1506 4878 ,
1535 4810 1601 4868 ex
1625 4827 1727 4882 qua
1762 4810 2007 4883 ﬂagitant
2046 4821 2106 4866 ut

505 4883 616 4950 jam
644 4899 803 4937 causa
833 4883 1062 4938 dicatur.

586 4953 678 5006 ‘21.
724 4955 1072 5010 lnterlocutio
1123 4963 1181 5008 ut
1227 4953 1486 5009 rccitetur
1536 4955 1822 5026 lmpcriale
1868 4970 2108 5026 praecep-

513 5032 647 5077 tum.

587 5093 679 5148 22.
721 5094 1038 5151 Prosecutio
1071 5097 1468 5152 Donatistarum
1493 5097 1561 5154 de
1585 5096 1846 5155 Catholici
1874 5099 2106 5154 nominis

513 5168 814 5236 quaestione
844 5177 894 5220 et
928 5167 1052 5223 inde
1073 5169 1373 5224 contentio.

583 5238 672 5292 25.
715 5237 1064 5294 lnterlocutio
1094 5239 1162 5294 de
1189 5239 1376 5294 eadem
1409 5255 1488 5294 re.

585 5309 675 5365 24.
720 5311 986 5366 llecitatio
1019 5309 1320 5376 lmperialis
1340 5311 1573 5366 arbitrii.

583 5381 1047 5456 25.1nterrnptio
1091 5381 1494 5438 Donatistarum
1522 5424 1536 5449 ,
1565 5399 1670 5454 qua
1720 5385 2105 5456 interpretatur

510 5451 792 5526 Imperiale
818 5465 1170 5526 prn~ceptum.

580 5522 672 5578 26.
713 5522 1115 5596 Catholicorum
1143 5525 1208 5580 ad
1234 5525 1332 5581 ista
1365 5527 1670 5596 responsio.

508 5667 541 5723 ἁ
581 5597 672 5720 l27.
716 5594 820 5652 Ubi
847 5599 1136 5653 Donatista:
1160 5611 1189 5651 a
1219 5594 1508 5653 Catholicis
1531 5613 1590 5654 se
1619 5598 1808 5654 dicunt
1831 5612 1952 5655 esse
1983 5599 2103 5656 lau-

551 5685 578 5722 a
608 5682 693 5722 os.

551 5677 693 5722 alos.

583 5738 674 5810 28.
693 5737 1118 5810 iCatholicorum
1149 5739 1213 5792 ad
1237 5739 1345 5810 ista
1369 5742 1670 5810 reSponsio.

580 5808 670 5863 r29.
689 5809 953 5865 Recitatio
968 5807 1798 5890 principalisjussionissuperius
1811 5812 2100 5873 inchoata.

1460 247 1687 305 GESTA
1713 243 2164 306 COLLATIONIS
2203 242 2828 304 CARTIIAGINENSIS.

558 371 648 428 62.
677 368 779 427 Ubi
822 368 1112 425 Donatistm
1138 367 1458 438 promittunt
1503 383 1561 422 se
1600 368 1768 438 gestis
1803 365 2081 437 subscrip-
2111 367 2163 427 Α

3585 251 3704 310 1240

2259 366 2346 448 50..
2383 364 2706 448 .Prosecutio
2737 365 3135 421 Donatistarum
3156 363 3226 421 de
3245 365 3429 439 proprii
3449 381 3504 424 ac
3531 373 3700 440 paterni

2191 439 2426 494 nominis
2453 439 2684 492 ratione.

2263 511 2352 562 51.
2392 507 2796 565 Catholicorum
2827 509 2894 563 ad
2923 509 3022 564 ista
3054 511 3346 578 reSponsio.

2193 653 2234 709 Β
2264 582 2363 707 32.l
2400 579 2680 636 Prolessio
2707 580 3128 647 Donatistarum,
3157 582 3256 637 sibi
3277 580 3554 654 Principem
3573 582 3704 642 fuisse

2239 668 2340 708 oua
2371 670 2478 707 um.

2239 664 2478 708 0113111111.

2265 726 2354 782 55.
2397 723 2501 782 Ubi
2549 740 2577 778 a
2619 724 2910 780 Catliolicis
2955 723 3022 779 ad
3068 721 3510 780 condemnandum
3553 726 3710 785 Donati

2192 797 2510 852 vocabulum
2542 805 2921 863 provocantur.

2266 869 2355 924 54.
2404 871 2501 924 Ubi
2526 869 2576 923 id
2607 869 2781 938 ipsum
2809 869 2878 922 de
2903 867 3155 922 Mensurii
3185 868 3390 922 nomine
3416 883 3442 921 a
3473 869 3712 927 Donatistis

2195 940 2248 996 in
2279 940 2588 994 Catholicos
2620 951 2984 1009 retorquetur.

2268 1011 2356 1066 75.
2399 1011 2802 1067 Catholicorum
2835 1018 2898 1065 ad
2934 1012 3032 1066 ista
3061 1011 3356 1080 responsio.

2266 1085 2352 1139 56.
2404 1084 2751 1138 lnterlocutio
2796 1085 2865 1138 de
2906 1084 3021 1154 lege
3051 1085 3304 1147 recitata,
3344 1093 3394 1138 et
3437 1081 3715 1140 discutienda

2195 1157 2359 1210 totius
2387 1157 2588 1209 erroris
2619 1156 2847 1224 origine.

2267 1228 2356 1282 57.
2400 1227 2503 1284 Ubi
2533 1242 2720 1298 preces
2767 1225 3173 1282 Catholicorum
3217 1224 3316 1294 legi
3355 1225 3450 1280 sibi
3494 1225 3715 1296 postulant

2200 1299 2512 1352 Donatistm.

2243 1301 2512 1354 onatistm.

2269 1371 2358 1426 58.
2401 1370 2752 1426 lnterlocutio
2777 1369 2845 1426 de
2876 1369 3142 1440 rescripto
3171 1370 3504 1438 pragmatico.

2269 1443 2359 1497 '59.
2401 1442 2712 1497 Prosoctitio
2746 1439 3140 1497 Donatistarum
3174 1442 3242 1496 de
3274 1442 3546 1512 legatorum
3573 1439 3718 1496 discu-

2199 1513 2377 1569 tienda
2414 1528 2661 1579 persona.

2269 1585 2360 1643 40.
2408 1585 2504 1642 Ubi
2527 1584 2790 1640 Catholici
2819 1593 3197 1649 contestantur
3225 1583 3386 1640 multa
3409 1586 3592 1656 agendo
3616 1582 3718 1639 nihil

2199 1658 2339 1712 velle
2368 1672 2529 1726 agere
2559 1657 2885 1711 Donatistas.

2273 1731 2362 1784 41.
2406 1729 2537 1784 Item
2569 1726 2972 1784 Catholicorum
3005 1729 3314 1798 prosccutio
3337 1729 3399 1783 de
3439 1727 3513 1783 his
3535 1742 3635 1795 qua:
3650 1742 3722 1782 su-

2201 1816 2294 1871 per
2323 1801 2618 1868 legatorum
2651 1814 2877 1867 persona
2924 1801 3218 1854 Donatista:
3255 1799 3457 1854 l'uerant
3481 1799 3720 1864 prosecuti.

2269 1871 2362 1925 42.
2406 1871 2752 1926 lnterlocutio
2793 1872 2861 1926 de
2901 1871 3192 1942 superﬁuis
3229 1871 3526 1927 amovendis
3569 1878 3614 1925 et
3651 1883 3725 1924 ue-

2202 1945 2349 2014 gotio
2373 1943 2745 2014 proponendo.

2269 2012 2384 2070 45(
2427 2012 2742 2070 Prosccntio
2791 2014 3190 2070 Donatistarum
3238 2015 3308 2069 de
3361 2012 3602 2084 lmperiali
3655 2027 3720 2066 re.

2199 2090 2400 2155 scripto
2448 2086 2960 2157 Catholicorumque
3012 2086 3266 2141 mandato
3297 2087 3431 2142 inter
3475 2101 3528 2141 se
3570 2084 3723 2155 pariter

2199 2158 2549 2213 conferendo.

2271 2228 2362 2286 44.
2407 2229 2504 2285 Ubi
2535 2238 2784 2285 asserunt
2811 2227 3111 2297 Catholici,
3145 2230 3498 2300 prosv'Ctttioui
3523 2242 3620 2283 sua:
3647 2226 3728 2282 ﬁt»

2202 2305 2428 2374 uatistas
2453 2301 2672 2357 minime
2703 2301 3070 2374 respondisse.

2271 2373 2364 2428 45.
2408 2373 2755 2428 lnterlocutio
2795 2370 2866 2428 de
2909 2373 3027 2442 lege
3057 2388 3160 2443 qua
3203 2372 3360 2428 datns
3385 2382 3461 2429 est
3489 2370 3718 2442 cognitor,

2203 2444 2254 2500 in
2289 2460 2392 2511 qua
2423 2453 2578 2515 parte
2606 2447 2677 2500 sit
2705 2445 3017 2515 superstitio
3038 2446 3349 2501 constituta.

2273 2509 2366 2571 46.
2409 2509 2510 2574 Ubi
2537 2509 2788 2572 asserunt
2815 2517 3129 2583 Donatistae,
3160 2531 3342 2572 moras
3371 2516 3535 2588 potius
3553 2529 3632 2584 per
3648 2509 3722 2566 Ca.

2203 2587 2434 2643 tholieos
2457 2590 2594 2644 ﬁeri.

2273 2661 2364 2714 47.
2407 2661 2806 2717 Catholicorum
2845 2662 2911 2715 ad
2949 2662 3050 2715 ista
3082 2662 3380 2716 contentio.

2275 2732 2366 2786 48.
2410 2733 2780 2799 lnterlocutio,
2805 2733 3061 2802 quidnam
3093 2740 3314 2801 petatur
3339 2747 3364 2783 a
3389 2730 3619 2802 partibus.

2249 2805 2368 2860 ·49.
2411 2805 2728 2860 Prosecutio
2789 2799 3189 2859 Donatistarum
3239 2799 3433 2858 debere
3480 2799 3729 2856 (Zatholicos

2204 2883 2298 2928 aut
2329 2877 2564 2931 mandati
2596 2878 2677 2932 sui
2722 2885 2814 2931 aut
2853 2875 3156 2946 Imperialis
3193 2874 3446 2946 praecepti
3472 2872 3728 2942 subirejac-

2207 2957 2401 3002 turam.

2279 3019 2368 3074 50.
2415 3020 2714 3091 Responsio
2779 3019 3224 3084 Catholicorum,
3282 3017 3424 3090 quod
3479 3012 3729 3071 mandatum

2205 3105 2361 3146 suum
2393 3093 2644 3147 universa
2671 3091 2960 3147 contineat.

2281 3165 2372 3218 51.
2417 3163 2765 3220 lnterlocutio
2787 3178 2888 3234 qna
2912 3164 3204 3232 exponitur
3243 3177 3273 3217 a
3307 3156 3728 3234 Donatistisulorrna

2211 3237 2560 3305 pragmatici,
2591 3245 2647 3292 et
2669 3228 3070 3291 Catholicorum
3106 3234 3375 3305 prolessio
3397 3229 3644 3305 probabilis
3659 3228 3727 3298 ju-

2205 3307 2433 3362 dicatur.

2277 3378 2367 3434 52.
2411 3379 2511 3437 Ubi
2555 3379 2743 3434 dicunt
2786 3378 3081 3434 Donatistae
3120 3376 3434 3434 Catholicos
3472 3369 3720 3446 Imperatori

2205 3463 2326 3504 esse
2357 3454 2633 3506 mentitos.

2279 3523 2370 3595 55.
2419 3523 2514 3580 Ubi
2539 3523 2604 3577 ad
2637 3523 2750 3576 haec
2771 3521 3040 3577 Catholici
3067 3537 3132 3576 ex
3163 3521 3281 3587 ipsa
3311 3521 3429 3590 lege
3449 3513 3730 3595 reSponrlent.

2207 3663 2230 3718 τ
2278 3594 2369 3649 54.
2417 3595 2515 3652 Ubi
2561 3596 2854 3650 Donatista:
2900 3595 3084 3648 dicunt
3117 3583 3392 3648 actionem
3435 3583 3543 3646 non
3568 3603 3618 3644 se
3649 3583 3727 3640 dil-

2228 3680 2368 3718 erre.

2228 3680 2348 3721 erre
2360 3707 2368 3718 .

2278 3737 2369 3794 55.
2414 3738 2728 3793 Prosecutio
2748 3737 3147 3794 Catholicorum
3173 3735 3244 3791 de
3266 3735 3385 3806 ipso
3411 3728 3646 3808 imperiali
3669 3741 3734 3808 re-

2207 3810 2432 3878 scripto,
2463 3821 2517 3865 et
2548 3811 2616 3863 de
2641 3812 2936 3865 collatione
2966 3825 3060 3865 sua
3084 3853 3097 3872 ,
3132 3818 3189 3864 et
3215 3804 3612 3864 de'testimoniis
3635 3804 3733 3854 scri-

2209 3890 2486 3950 pturarum
2515 3882 2710 3949 quibus
2739 3883 3088 3938 conﬁrmatur
3121 3881 3388 3952 Ecclesia.
3570 3946 3581 3952 _
3697 3941 3706 3952 ι

2281 3953 2369 4007 56.
2415 3940 2731 4008 Prosecutio
2790 3955 3189 4009 Donatistarum
3232 3951 3378 4006 unde
3421 3946 3667 4020 superius,
3697 3940 3735 3997 id

2208 4035 2290 4079 εει
2313 4066 2328 4087 ,
2352 4025 2420 4079 de
2443 4026 2527 4096 leg
2547 4033 2740 4079 iterum
2765 4025 3104 4092 suscipienda
3139 4038 3392 4096 persona.

2281 4096 2373 4151 57.
2417 4088 2718 4164 Responsio
2734 4088 3158 4161 Catholicorum,
3183 4094 3330 4166 quod
3351 4093 3467 4147 ideo
3487 4088 3610 4146 aliud
3627 4099 3737 4159 quzco

2211 4167 2345 4239 ritur
2373 4177 2432 4223 ut
2459 4181 2619 4221 causa
2647 4168 2880 4239 fugiatur
2903 4187 2917 4234 ;
2947 4178 3001 4223 et
3026 4167 3151 4222 inde
3172 4167 3469 4239 contentio.

2282 4237 2372 4294 58.
2415 4237 2760 4295 lnterlocutio
2800 4239 3169 4295 discutiendas
3201 4238 3494 4308 legatorum
3534 4241 3738 4304 personas

2210 4325 2318 4364 non
2349 4314 2657 4365 necessario
2687 4313 2969 4380 postulari.

2281 4381 2373 4438 59.
2416 4378 2732 4438 Prosecutio
2758 4383 3185 4447 Catholicorum,
3215 4381 3348 4452 quid
3378 4379 3442 4434 ab
3462 4378 3739 4449 imperatore

2212 4457 2442 4524 petitum
2475 4453 2542 4507 sit
2562 4496 2578 4520 ,
2609 4455 2811 4524 quidve
2837 4468 3176 4508 concessum.

2129 4519 2228 4652 Dl'
2283 4526 2382 4651 6ῗὸ
2419 4519 2732 4582 Prosecutio
2777 4527 3176 4581 Donatistarum
3219 4524 3290 4580 de
3331 4535 3550 4595 persona
3590 4519 3740 4574 iterum

2227 4613 2317 4652 ean
2387 4613 2526 4652 rum.
2785 4645 2793 4652 .

2258 4604 2445 4668 gntoru
2455 4614 2526 4650 ιιι.
2785 4645 2793 4653 .

2285 4670 2374 4724 61.
2417 4668 2818 4726 Catholicorum
2844 4668 2909 4723 ad
2936 4669 3037 4725 ista
3059 4667 3364 4738 responsio.

2285 4739 2378 4794 62.
2419 4739 2620 4796 lterum
2664 4742 3064 4796 Donatistarum
3099 4737 3378 4796 contentio
3405 4737 3472 4794 de
3498 4738 3742 4808 legatorum

2213 4812 2546 4868 discutienda
2579 4829 2828 4882 persona.

2289 4885 2378 4939 65.
2418 4871 2755 4940 Contestatio
2781 4883 3200 4947 Donatistarum,
3230 4881 3376 4954 quod
3403 4893 3570 4954 moras
3584 4871 3747 4954 Catho-

2217 4956 2304 5012 lici
2339 4958 2616 5011 innectant
2639 4957 2729 5027 qui
2777 4970 3033 5027 personas
3081 4950 3272 5011 nolunt
3317 4953 3537 5025 prodere
3584 4950 3745 5018 legato-

2215 5043 2354 5084 rum.

2287 5100 2378 5155 64.
2422 5099 2797 5168 lnterlocutio,
2828 5099 2972 5171 quod
2999 5099 3068 5156 de
3091 5099 3176 5154 his
3208 5098 3454 5170 personis
3475 5093 3594 5152 nihil
3616 5093 3744 5162 quteri

2212 5172 2380 5247 voluit
2415 5172 2728 5247 imperator.
2820 5243 2830 5247 _
3288 5243 3299 5247 _
3379 5242 3394 5247 _
3448 5240 3462 5247 _
3566 5237 3593 5247 _,

2285 5243 2372 5298 65.
2419 5240 2616 5298 lterum
2645 5243 3041 5298 Donatistarum
3065 5243 3340 5298 contentio
3361 5242 3426 5298 dc
3448 5240 3637 5310 legatis.

2285 5315 2372 5370 66.
2418 5315 2798 5382 lnterlocutio,
2829 5326 2884 5369 ut
2915 5315 3098 5370 dicant
3142 5313 3466 5375 Donatistae,
3494 5312 3536 5366 si
3561 5323 3616 5362 ex

2209 5388 2453 5442 sentibus
2481 5373 2797 5442 Catholicis'
2817 5397 3042 5455 possunt
3072 5399 3168 5440 eos
3206 5373 3498 5456 agnoscere
3534 5373 3653 5456 quos
3682 5373 3742 5428 di-

2209 5469 2338 5514 cunt
2365 5473 2489 5515 esse
2511 5458 2715 5529 legatos
2757 5477 2769 5512 :
2801 5453 2895 5512 aut
2934 5459 2982 5513 si
3023 5457 3217 5512 absunt
3231 5453 3262 5524 ,⁷
3289 5453 3588 5527 praesentari
3622 5458 3746 5518 opor-

2210 5538 2341 5586 tere.

2281 5601 2372 5658 67.
2417 5601 2728 5657 Prosecutio
2755 5600 3158 5657 Donatistarum
3185 5642 3199 5666 ,
3227 5599 3315 5654 ubi
3343 5598 3526 5654 dicunt
3549 5601 3743 5666 praesen-

2208 5673 2401 5728 tandos
2421 5688 2542 5728 esse
2572 5675 2798 5744 legatos.

2281 5745 2370 5799 68.
2417 5737 2720 5815 Respoiisio
2758 5743 3165 5800 Catholicorum
3189 5784 3206 5810 ,
3228 5743 3315 5798 ubi
3343 5741 3526 5796 dicunt
3558 5737 3654 5811 jam
3678 5743 3744 5786 se-

2209 5816 2315 5872 mel
2339 5831 2627 5888 personam
2661 5832 2812 5872 suam
2839 5817 2906 5872 ab
2939 5817 3047 5874 illis
3071 5831 3193 5874 esse
3221 5815 3504 5872 ﬁrmatam.
