3972 6328
419 309 563 368 m't
1387 278 1619 366 Gesn
1644 300 2099 365 COLI.ATIONIS
2134 269 2757 369 canrttAGINENSIs.

420 426 731 517 tesiimonia
777 424 1032 494 refutare,
1064 432 1119 483 et
1154 432 1347 497 rogant
1390 434 1447 481 ut
1472 439 1567 480 sua
1617 423 1867 480 audiatur
1899 426 2025 498 Epi-
2049 425 2107 488 Α

421 500 626 628 MO21:55.
667 570 1014 644 lnterlocutio
1054 586 1175 644 qua:
1204 569 1454 627 concedit
1494 578 1552 624 ut
1597 569 1856 626 recitetur
1884 572 2026 642 quod

424 643 721 715 secundum
752 643 842 715 jus
867 643 1144 715 publicum
1196 657 1303 698 non
1351 651 1499 698 recte
1539 651 1860 715 conceptum
1893 653 1975 699 est
2009 662 2023 700 :

3585 310 3743 371 1248

2561 427 2700 487 HUC
2752 428 2981 500 USQUE
3043 431 3267 490 GESTA
3280 476 3295 490 .

2667 560 2897 612 namque
2958 562 3182 604 uescar.

2200 632 2328 689 282.
2370 635 2693 714 Prosecutio
2736 638 3138 697 Donatistarum
3174 641 3440 699 adversus
3466 655 3745 714 prosecu-

422 723 480 787 ει
507 714 609 770 huc
640 705 813 785 ipsn'm
842 705 983 787 quod
1016 714 1279 786 indulget,
1327 721 1630 779 enumerat,
1662 705 1729 769 ne
1754 713 1844 784 jus
1886 730 1915 769 a
1941 715 2032 787 ξυ-
2131 705 2333 762 tionem
2362 707 2762 766 Catholicorum
2791 726 2951 783 quam
2976 723 3162 769 contra
3188 705 3488 786 Epistolam
3514 716 3749 772 retule—

428 786 549 843 dice
576 788 823 843 videatur
848 786 1135 845 emissum.
1683 820 1685 823 τ

495 857 625 915 255.
656 859 954 930 Exceptore
985 859 1267 922 recitante,
1290 856 1473 913 dicent
1502 856 1794 914 Donatistae
1838 872 2030 917 sensus

434 930 675 1001 epistola:
705 929 813 986 non
839 931 976 987 bene
1003 929 1281 1001 distingui.

495 1001 623 1057 256.
664 1002 766 1058 Ubi
797 1002 1058 1058 Catholici
1100 1000 1405 1059 Concedunt
1450 1000 1595 1071 ipsos
1643 1001 1821 1072 legere
1850 1001 2026 1058 Dona-

430 1073 607 1146 tistas,
640 1089 763 1129 cum
793 1074 891 1143 ipsi
922 1073 1241 1140 Catholicis,
1283 1082 1341 1127 ut
1365 1072 1627 1144 legerent,
1653 1073 1713 1128 in
1736 1074 2033 1146 superiori-

429 1144 532 1217 bus
569 1145 922 1217 denegarem.

500 1216 631 1274 257.
670 1214 1019 1274 lnterlocutio
1046 1231 1166 1289 quae
1190 1215 1320 1272 dicit
1350 1214 1481 1271 nihil
1513 1215 1780 1274 interesse
1808 1216 1930 1290 quis
1957 1218 2034 1275 le-

464 1296 536 1344 at.

426 1303 629 1416 8³258.
691 1358 795 1418 Ubi
849 1376 877 1414 a
907 1360 1304 1433 Donatistarum
1337 1359 1601 1431 Episcopo
1622 1361 1881 1417 recitatur
1906 1362 2033 1433 Epi-

432 1432 574 1487 stola
603 1448 763 1503 quant
796 1433 1061 1487 miserunt
1080 1431 1144 1485 ad
1166 1431 1403 1502 judicem
1437 1433 1749 1497 Donatistae,
1776 1449 1896 1503 quae
1953 1431 2035 1490 te-

430 1504 705 1561 stimoniis
720 1504 914 1561 referta
937 1503 1195 1575 legalibus
1218 1503 1309 1558 illa
1332 1505 1509 1558 omnia
1544 1505 1848 1560 testimonia
1878 1506 2029 1575 quasi

431 1576 720 1647 contrariis
751 1579 952 1631 nitatur
980 1574 1269 1631 excludere
1292 1618 1309 1643 ,
1360 1591 1479 1647 qua:
1529 1575 1583 1630 in
1630 1574 1907 1633 mandato
1933 1592 2033 1633 suo

433 1644 696 1703 Catholici
719 1658 1035 1717 posuerunt.
1078 1651 1093 1710 l

504 1718 629 1775 259.
694 1715 1042 1790 lnterlocutio
1070 1733 1191 1790 qua:
1239 1718 1385 1773 omni
1448 1715 1706 1788 Epistolae
1766 1719 2029 1786 recitata,

430 1791 716 1860 praebitam
746 1807 777 1846 a
806 1788 1104 1846 Catholicis
1148 1790 1457 1859 pronuntiat
1498 1804 1621 1847 esse
1662 1790 1976 1859 patientiam
2011 1810 2023 1846 :

432 1870 489 1915 et
515 1860 772 1919 adversus
804 1870 1008 1918 textum
1049 1861 1166 1933 ejus
1200 1861 1356 1934 jubet
1405 1861 1737 1934 respondere
1783 1862 2028 1919 Catholi-

433 1945 551 1988 COS.

500 2003 628 2064 200.
670 2005 987 2062 Prosecutio
1014 2005 1412 2061 Donatistarum
1454 2020 1556 2073 qua
1589 2013 1813 2075 petunt,
1861 2013 1921 2061 ut
1950 2015 2032 2063 te-

430 2076 682 2137 Stimonia
713 2093 811 2134 sua
836 2078 1159 2134 testimoniis
1186 2079 1550 2133 revincantur.

508 2149 636 2205 261.
698 2148 802 2206 Ubi
859 2166 890 2205 a
946 2149 1241 2205 Catholicis
1294 2147 1555 2204 adversus
1628 2148 2033 2206 Donatistarum

438 2220 733 2292 epistolam,
753 2221 1135 2292 respondetur.

506 2292 659 2365 262.,
694 2291 791 2348 Ubi
818 2291 1003 2365 volunt
1031 2291 1431 2365 interrumpere
1459 2292 1751 2349 Donatista:
1778 2304 2035 2365 negantes

435 2377 618 2436 aream
649 2363 701 2436 in
730 2364 1017 2436 scripturis
1038 2379 1161 2421 esse
1186 2364 1541 2420 nominatam.

507 2434 614 2490 265
650 2433 784 2490 Item
814 2433 905 2492 ubi
933 2446 1184 2492 asserunt
1213 2437 1526 2501 Donatisue,
1574 2436 1643 2493 de
1669 2437 1896 2494 occultis
1925 2454 2031 2495 non

436 2506 781 2564 evidentibus
813 2509 921 2565 reis
952 2508 1304 2580 Evangelium
1336 2508 1686 2579 praecepisse,
1738 2518 1794 2565 ut
1842 2525 2030 2567 eorum

435 2580 722 2650 permixtio
748 2580 1029 2637 toleretur.

506 2649 632 2705 264.
678 2651 775 2708 Ubi
815 2652 1074 2708 Catholici
1104 2651 1381 2722 postulant
1405 2659 1465 2707 ut
1501 2652 1605 2707 sibi
1637 2651 1890 2723 patientia
1923 2670 2031 2711 non

434 2732 691 2798 negetur,
733 2739 893 2795 quam
941 2724 1043 2796 ipsi
1083 2724 1322 2780 recitatae
1376 2724 1778 2780 Donatistarum
1829 2726 2033 2798 episto-

434 2793 897 2864 lae’prt'ebttei'unt.

506 2866 636 2924 265.
678 2868 998 2925 Prosecutio
1043 2866 1471 2930 Catholicorum,
1521 2867 1609 2920 tibi
1663 2868 1806 2924 inter
1833 2878 2033 2927 etetera

427 2934 503 2993 'de
532 2940 902 3009 superioribus
924 2940 1170 3009 repetita,
1198 2949 1250 2995 et
1274 2938 1405 2993 illttd
1430 2937 1681 3006 infertur,
1713 2942 1897 2997 mundi
1930 2960 2030 2999 no-

434 3010 581 3066 mine
610 3011 908 3068 Ecclesiam
929 3011 1216 3067 contineri.

507 3081 636 3137 266.
680 3082 1080 3139 Donatistarum
1124 3094 1312 3137 contra
1362 3083 1460 3137 ista
1488 3085 1796 3152 contentio,
1842 3086 2028 3142 mundi

438 3152 657 3209 nomine
685 3154 980 3210 Eccleslam
1010 3170 1117 3210 non
1148 3154 1344 3211 teneri.

2130 787 2276 834 runt.

2202 849 2358 928 285._
2413 850 2729 928 Plosecutio
2780 854 3227 922 Catholicorum,
3282 873 3388 928 qua
3432 857 3751 915 ostendunt

2134 923 2306 977 malos
2346 924 2398 977 in
2450 925 2692 982 Ecclesia
2742 929 3061 1000 seminatos,
3109 929 3250 1000 quod
3283 923 3579 985 Donatista:
3614 929 3752 986 fieri

2134 1009 2296 1069 posse
2327 1007 2678 1069 negaverunt,
2706 996 2814 1069 qita
2849 996 3146 1056 defendunt
3169 1002 3311 1069 quod
3340 1016 3401 1057 se
3428 1001 3645 1058 dixisse
3673 1000 3753 1058 de

2133 1066 2341 1121 duabus
2373 1068 2631 1124 Ecclesiis
2657 1066 2915 1126 diierttnt
2942 1066 3255 1128 Donatistae.

2203 1136 2332 1192 284.
2392 1140 2737 1213 lnterlocutio
2776 1158 2897 1213 qua:
2934 1143 3177 1212 praecipit
3202 1153 3263 1199 ut
3287 1161 3353 1200 ex
3379 1143 3567 1201 codice
3594 1144 3758 1201 reci—

2137 1217 2313 1275 tetur,
2343 1221 2532 1337 lutrum
2560 1212 2693 1268 duas
2723 1212 2997 1271 Ecclesias
3023 1215 3283 1272 dixissent
3314 1216 3577 1272 Catholici
3610 1231 3761 1288 pro-

2137 1294 2335 1337 senuen
2363 1298 2439 1337 es.

2133 1294 2439 1351 sequentes.

2205 1353 2334 1427 285.
2378 1355 2493 1427 rUhi
2540 1354 2883 1427 interpretari
2923 1358 3113 1413 volunt
3155 1359 3473 1427 Donatistae,
3503 1359 3574 1416 de
3601 1359 3763 1414 dna-

2135 1424 2790 1502 lillSAECCleSiiS‘SellSisse
2821 1430 3154 1496 Catltolicos,
3191 1433 3441 1502 quoniam
3458 1424 3615 1488 ’duas
3650 1444 3760 1489 eos

2135 1496 2406 1552 Ecclesias
2438 1498 2640 1555 dixisse
2668 1515 2771 1554 non
2801 1501 3062 1557 constitit.

2204 1567 2378 1645 286.”
2415 1571 3185 1645 Prosecutio"Catholicorum
3241 1590 3344 1645 qua
3398 1572 3758 1641 defendunt,

2133 1639 2260 1766 ἱμῗὰ
2285 1658 2296 1724 .'
2326 1642 2561 1698 dixerint
2607 1642 2674 1699 de
2734 1644 2973 1700 Ecclesia
3023 1639 3308 1716 prmsentis
3364 1647 3635 1716 temporis
3697 1639 3761 1703 et

2159 1729 2187 1766 υ
2219 1727 2321 1766 “PL

2159 1727 2321 1766 Ulli“.

2211 1779 2337 1840 287.
2390 1786 2703 1844 Prosecutio
2753 1784 3154 1845 Donatistarum
3202 1789 3291 1846 ubi
3337 1789 3528 1845 dicunt
3568 1789 3760 1846 etiam

2060 1828 2108 1890 Β
2139 1857 2422 1914 mortalem
2465 1859 2759 1915 Ecclesiatn
2785 1861 2988 1916 dixisse
3015 1828 3328 1917 Catholicos
3347 1903 3363 1928 ,
3389 1876 3513 1918 cum
3541 1860 3757 1918 Eccle-

2139 1929 2235 2002 sia;
2261 1929 2640 2002 imtnortalitas
2670 1932 2734 1985 sit
2765 1932 3051 2002 promissa.

2209 1999 2338 2056 288.
2395 2002 2710 2058 Prosecutio
2757 1999 3158 2060 Catholicorum
3205 2003 3294 2065 ubi
3342 2012 3599 2059 asserunt
3649 2019 3754 2060 sn-

2137 2072 2398 2142 pradictis
2423 2075 2812 2131 assertionibus
2841 2077 2986 2141 suis,
3030 2090 3148 2131 eam
3182 2075 3473 2132 Ecclesiatn
3505 2076 3755 2131 immor-

2138 2144 2302 2220 talem
2343 2160 2465 2202 esse
2504 2146 2855 2220 promissam,
2885 2162 3004 2219 quae
3033 2162 3177 2203 nunc
3214 2163 3279 2204 ex
3302 2148 3458 2220 justis
3484 2146 3755 2203 mortali-

2137 2214 2239 2269 bus
2259 2228 2472 2273 eonstat
2502 2214 2553 2274 in
2583 2226 2746 2273 terra.

2208 2287 2337 2344 289.
2391 2289 2737 2361 lnterlocutio
2767 2306 2886 2359 qua:
2915 2290 3041 2346 dicit
3071 2289 3141 2347 de
3183 2299 3394 2361 peracta
3424 2292 3752 2361 quaestione

2138 2357 2191 2414 in
2220 2363 2485 2417 sententia
2512 2378 2570 2417 se
2595 2357 2861 2418 dicturum
2894 2377 3016 2419 esse
3043 2357 3200 2434 quod
3223 2357 3523 2429 sentiat,'ct
3540 2362 3707 2434 jubet
3725 2408 3745 2433 ,

2137 2441 2193 2486 ut
2223 2446 2385 2487 causa
2412 2434 2673 2501 pandatnr
2694 2435 2912 2490 erroris.

2206 2504 2331 2578 290.
2374 2505 2689 2578 Prosecutio
2717 2506 3115 2578 Donatistarum
3145 2520 3269 2578 quae
3288 2506 3420 2576 petit
3440 2513 3500 2561 ut
3520 2505 3596 2563 de
3617 2507 3748 2563 sin-

2135 2575 2275 2650 gulis
2320 2576 2561 2633 articulis
2612 2578 2847 2649 cognitio
2872 2577 3118 2650 gtlecursa
3166 2575 3522 2650 pronuntiet:
3554 2587 3616 2634 et
3646 2579 3749 2636 ubi

2134 2647 2323 2703 dicunt
2368 2647 2701 2705 testimoniis
2731 2648 2988 2731 legalibus
3031 2647 3298 2706 suis'non
3344 2664 3467 2707 esse
3493 2666 3748 2721 respon-

2132 2734 2274 2776 sum.
2736 2768 2765 2785 ,,

2206 2791 2331 2848 591.
2373 2790 2775 2849 Catholicorum
2816 2792 2883 2848 ad
2931 2791 3049 2849 haec
3101 2792 3395 2849 secundum
3446 2793 3747 2865 superiora

2133 2877 2440 2930 reSpouSto.

2203 2936 2331 2991 292.
2376 2935 2733 2993 lnterlocutio
2754 2935 2955 3008 judicis
2979 2953 3084 3009 qua
3107 2937 3303 2993 dicitur
3320 2977 3337 3004 ,
3364 2936 3580 3009 legibus
3607 2953 3747 3008 pro-

2132 3006 2326 3081 hiberi,
2358 3024 2426 3081 ne
2452 3009 2718 3066 sententia
2745 3006 2840 3078 pro
2871 3006 3019 3077 parte
3046 3009 3251 3081 negotii
3280 3007 3613 3075 proferatur.

2203 3079 2329 3135 295.
2376 3080 2774 3136 Donatistarum
2805 3081 2869 3136 ad
2915 3082 3012 3135 ista
3060 3079 3369 3144 contentio,
3415 3095 3540 3150 quae
3571 3081 3745 3137 etiam

2128 3150 2427 3208 Catholicis
2454 3154 2579 3209 facit
2603 3153 2883 3224 injuriam,
2907 3153 3037 3208 dum
3067 3153 3185 3209 illos
3214 3150 3382 3208 falsos
3399 3150 3619 3223 iactitat
3647 3167 3743 3208 sa-

503 3224 630 3279 267.
673 3225 775 3283 Ubi
805 3224 1072 3283 Catholici
1103 3227 1379 3296 postulant
1404 3233 1464 3280 nt
1493 3226 1889 3284 admoneantur
1920 3229 2025 3285 Do-
2056 3219 2102 3284 C
2132 3224 2403 3296 εθιήάοιθς.

438 3297 934 3370 natistteprazstare
963 3299 1302 3370 patientiam,
1334 3314 1563 3370 quorum
1608 3299 1856 3368 epistolae
1886 3301 2035 3357 illico

436 3369 819 3443 respondetur,
870 3371 1017 3425 nullo
1046 3369 1320 3443 dilationis
1358 3369 1544 3440 spatio
1595 3372 1865 3441 postulato
1902 3388 2035 3443 quo.

434 3440 595 3516 modo
639 3442 757 3516 ipsi_
787 3443 1059 3510 petierunt
1104 3440 1504 3498 Catholicorum
1552 3440 1756 3499 vellent
1812 3440 2034 3516 respon—

434 3511 564 3567 dere
600 3513 874 3569 mandato.

502 3582 631 3639 268.
677 3583 1121 3657 UbiDonatistre
1165 3585 1530 3654 respondent,
1585 3585 1757 3657 ipsum
1802 3587 1902 3643 sibi
1935 3588 2031 3645 ob-

439 3665 687 3727 strepere
715 3656 807 3726 qui
835 3659 988 3725 longa
1020 3659 1384 3727 prosequitur.

507 3725 633 3797 269.
679 3725 778 3783 Ubi
807 3725 1074 3783 Catholici
1106 3730 1416 3797 postulant,
1446 3736 1505 3784 ut
1532 3728 1577 3784 si
1606 3729 1797 3785 volunt
1825 3730 1894 3786 de
1924 3732 2033 3786 sin-

438 3796 580 3868 gulis
613 3798 812 3871 babere
841 3799 1182 3871 conflictum,
1235 3809 1578 3856 removeatur
1622 3802 1850 3871 epistola
1876 3844 1891 3866 ,
1941 3810 2036 3858 aut

439 3870 753 3943 patientiam
787 3870 1085 3940 praebeant,
1115 3883 1207 3924 aut
1232 3874 1622 3943 respondeatur
1646 3870 1911 3943 epistolte.

509 3940 636 3997 270.
698 3941 795 3999 Ubi
831 3943 1029 4017 dicunt
1076 3940 1390 4017 Donatistae,
1427 3944 1569 4009 ideo
1617 3940 1821 4001 se'tton
1874 3960 2045 4017 posse

444 4024 705 4089 praestare
736 4016 1070 4089 patientiam,
1097 4015 1240 4085 quod
1263 4014 1423 4071 aliter
1451 4016 1639 4071 volunt
1664 4017 1835 4089 legem
1866 4014 2034 4073 inter-

441 4088 637 4154 pretari
665 4085 953 4141 Catholici.

510 4156 633 4229 271.
687 4157 1037 4214 lnterlocutio
1064 4171 1184 4228 qua:
1212 4158 1525 4229 patientiam
1557 4157 1688 4217 dicit
1734 4174 1860 4229 esse
1898 4175 2037 4229 prat-

441 4226 695 4300 ben’dam,
728 4230 982 4299 quoniam
1028 4226 1191 4285 toiius
1212 4226 1466 4300 epistola:
1493 4238 1652 4285 tenor
1676 4246 1705 4283 a
1741 4226 2037 4290 Catholicis

441 4298 710 4368 patienter
738 4298 954 4357 auditus
985 4314 1089 4357 est.

512 4369 642 4424 272.
683 4370 993 4428 Prosecutio
1016 4371 1422 4429 Catholicorum
1447 4388 1552 4443 qua
1582 4372 1704 4429 ideo
1731 4374 1890 4432 scribi
1916 4376 2033 4443 ιιηίο

441 4454 607 4517 ve_rsa_
629 4450 914 4509 testantur,
945 4453 1003 4499 ttt
1032 4446 1075 4499 si
1108 4445 1233 4517 quid
1262 4448 1313 4499 in
1343 4444 1676 4500 oblivionem
1708 4442 1945 4514 venerit,’
1968 4448 2036 4505 de

445 4512 641 4583 tabulis
671 4523 980 4583 repetatur:
1026 4527 1080 4572 et
1124 4512 1213 4572 ubi
1246 4517 1454 4579 dicunt,
1502 4526 1558 4571 et
1600 4517 1652 4571 in
1704 4517 1848 4574 malo
1878 4512 1933 4575 et
1979 4522 2033 4576 in

2210 3294 2338 3351 294.
2379 3292 2719 3352 Contestatio
2757 3296 3185 3364 Catholicorum,
3219 3294 3308 3352 ubi
3342 3309 3402 3351 se
3442 3295 3509 3352 ab
3534 3294 3738 3366 injuria

2138 3364 2480 3424 dissimulare
2506 3368 2856 3437 respondent.

2209 3439 2338 3494 295.
2381 3435 2697 3495 Prosecutio
2720 3440 3146 3505 Donatistarum,
3173 3454 3295 3511 quae
3320 3437 3455 3493 dicit
3474 3435 3666 3506 iudici.
3694 3438 3744 3494 si

2137 3507 2387 3565 Chrisms
2414 3527 2520 3566 non
2547 3526 2628 3577 es,
2659 3528 2755 3567 cur
2778 3513 2847 3567 de
2870 3507 3239 3568 sacerdotibus
3261 3511 3513 3579 indicas?
3538 3517 3599 3564 et
3622 3525 3747 3580 qua

2138 3582 2335 3652 asserit
2364 3582 2467 3638 hoc
2488 3584 2753 3652 judicium
2795 3584 3015 3640 Christo
3041 3598 3163 3639 esse
3192 3580 3524 3652 servandum
3567 3597 3582 3635 :
3613 3591 3671 3636 et
3712 3597 3745 3637 a

2138 3650 2432 3726 catholicis
2456 3650 2671 3726 qumrit,
2700 3665 2879 3711 utrum
2907 3659 2989 3711 eis
3014 3653 3337 3726 praeceperit
3357 3650 3618 3708 Christus
3645 3652 3743 3709 ho—

2139 3724 2341 3797 minem
2371 3724 2604 3793 judicem
2648 3729 2942 3797 postulare.

2211 3795 2338 3853 296.
2381 3795 2783 3855 Catholicorum
2825 3799 2892 3855 ad
2925 3802 3022 3854 ista
3049 3796 3334 3869 responsio
3355 3838 3370 3858 ,
3401 3795 3555 3869 quod
3580 3796 3744 3867 primi

2140 3866 2433 3944 Donatistae
2474 3869 2637 3944 2&0
2667 3872 2717 3925 in
2754 3870 3057 3944 Episcopali
3088 3866 3249 3924 musa
3280 3867 3515 3944 humana
3537 3866 3745 3944 judicia

2140 3938 2706 4065 ﬂagitioruntfét'quod
2735 3938 3163 4014 persecutionem
3183 3956 3291 3996 non
3318 3942 3597 4012 patiantur
3621 3940 3741 4011 ipsi,

2140 4027 2197 4065 se
2300 4024 2497 4065 actant.
3311 4022 3326 4029 “

2139 4022 2234 4067 sed
2279 4022 2411 4066 laeia
2420 4024 2471 4067 nt
2484 4055 2497 4067 .
3311 4022 3326 4029 “

2211 4083 2338 4139 297.
2385 4083 2482 4141 Ubi
2527 4085 2712 4140 dicunt
2758 4085 3057 4141 Donatistae
3087 4082 3228 4156 quod
3272 4083 3745 4140 circumcelliones

2138 4153 2344 4227 faciunt
2389 4156 2455 4211 ad
2507 4157 2814 4214 sacerdotes
2841 4158 3061 4212 minime
3087 4153 3380 4227 pertinere.

2211 4226 2340 4283 298.
2384 4227 2703 4284 Prosecutio
2749 4226 3192 4294 Catholicorum,
3242 4227 3390 4298 quod
3443 4226 3745 4283 Donatista:

2140 4303 2329 4354 oculos
2358 4300 2626 4362 etucndo,
2657 4300 2931 4356 diaboium
2964 4307 3378 4370 superaverunt.

2211 4368 2340 4427 299.
2385 4370 2487 4428 Ubi
2510 4371 2699 4428 dicunt
2719 4368 3046 4439 Donatistae,
3080 4370 3355 4427 diabolum
3384 4386 3415 4425 a
3444 4369 3744 4427 Catholicis

2140 4456 2263 4499 esse
2292 4444 2595 4501 defensum.
2814 4442 2819 4449 ’

2211 4515 2338 4572 500.
2382 4515 2697 4571 Prosecutio
2724 4512 3151 4582 Catholicorum,
3183 4513 3615 4569 Maximianistas
3640 4513 3743 4569 Do-

442 4582 587 4680 pono
608 4626 623 4651 ,
669 4582 929 4644 mundum
970 4588 1361 4661 scripturarum
1416 4587 1739 4645 testimoniis
1791 4591 2038 4648 nomina-
2067 4618 2117 4680 υ
2144 4586 2357 4672 natistis
2383 4602 2503 4680 esse
2534 4588 2816 4653 meliores,
2849 4605 2878 4642 a
2901 4587 3574 4680 “quibpsupersscutionem
3599 4583 3742 4657 passi

442 4662 576 4711 tum.

513 4726 638 4784 275.
704 4727 1050 4805 lnterjocutio
1099 4748 1218 4803 quae
1269 4733 1530 4804 scriptum
1584 4746 1710 4789 esse
1761 4734 2035 4805 praecipit,

441 4810 786 4870 perstrepere
832 4801 1161 4858 Donatistas.

513 4869 640 4926 274.
683 4871 784 4929 Ubi
822 4885 1079 4929 asserunt
1109 4873 1434 4948 Donatistae,
1467 4875 1817 4948 interpretari
1850 4876 2038 4934 Eccle-

442 4940 574 4995 siatn
621 4958 727 4998 non
758 4960 920 5020 posse
949 4959 1045 5020 per
1070 4945 1324 5020 mundum
1350 4988 1367 5014 ,
1409 4940 1530 5002 eum
1558 4940 1818 5003 mundum
1847 4964 2035 5020 agrum

443 5025 721 5087 CSS‘GMANOI]
757 5016 1055 5071 Ecclesiam
1098 5018 1211 5085 ipse
1241 5015 1491 5074 Cltristus
1514 5021 1865 5087 ettpresserit.

514 5082 640 5138 275.
690 5085 1041 5162 itttcrlocutio
1066 5082 1404 5162 interrogans
1433 5082 1769 5160 Donatistas,
1799 5092 1920 5162 quis
1945 5092 2038 5150 ille

444 5152 795 5228 sit‘mundus,
825 5160 915 5228 qui
942 5159 1233 5216 salvattdus
1257 5152 1339 5215 e'st
1362 5161 1558 5216 dictus.
1680 5220 1681 5223 η

514 5225 641 5302 276.
705 5225 1102 5302 Donatistarum
1145 5230 1213 5286 ad
1255 5234 1355 5286 ista
1398 5232 1716 5302 responsio,
1775 5233 2037 5291 mundum

443 5296 593 5354 illum
627 5299 900 5356 hominem
936 5300 1064 5357 dici.

514 5371 663 5445 277.
699 5372 1069 5445 lnterlocutio,
1102 5387 1224 5443 quae
1252 5374 1510 5445 requirit,
1537 5386 1715 5431 utrum
1743 5392 1811 5433 ex
1842 5377 2037 5435 iisdem

443 5440 753 5500 hominibus
780 5455 994 5501 constet
1022 5440 1284 5500 Ecclesia.

515 5513 641 5569 278.
702 5516 1100 5572 Donatistarum
1124 5516 1191 5571 ad
1224 5517 1323 5572 ista
1351 5517 1647 5573 contentio.

512 5585 659 5664 279._
697 5587 802 5664 Ubi
828 5598 1144 5664 excepturos
1170 5598 1225 5664 et
1264 5591 1457 5664 notarii
1487 5600 1814 5664 suggerunt,
1845 5593 2037 5664 imple-

446 5657 820 5735 tis_eodicibus
840 5676 901 5735 se
927 5657 1131 5735 debere
1152 5658 1437 5735 discedere
1453 5704 1467 5724 ,
1495 5657 1713 5717 et'alios
1734 5657 2034 5735 subrogari.

696 5729 1273 5805 interlocutiokidtieri
1302 5744 1556 5802 oportere
1586 5728 1927 5805 prmeipiens:

513 5799 641 5877 28l_.
699 5800 1015 5877 Prosecutio
1038 5799 1442 5877 Catholicorum
1471 5799 1834 5877 qua-prolata:
1873 5824 1903 5865 a
1934 5808 2042 5866 Do-

449 5870 661 5927 natistis
686 5873 930 5941 epistola:
958 5875 1114 5944 plena
1143 5873 1453 5933 adsertione
1483 5870 1831 5954 respondent.

2143 4672 2284 4732 sunt,
2310 4661 2354 4715 si
2385 4659 2615 4732 iolerata
2645 4658 2952 4732 pegsectttio
2980 4657 3149 4713 efficit
3175 4657 3453 4732 meliores.

2214 4731 2339 4789 501.
2382 4728 2696 4788 Prosecutio
2725 4731 3125 4785 Donatistarum
3148 4768 3165 4795 ,
3198 4728 3287 4783 ubi
3317 4729 3519 4784 dicitur
3555 4728 3742 4784 diabo-

2140 4800 2223 4856 lus
2253 4819 2365 4858 rem
2399 4802 2590 4859 fecisse
2618 4805 2878 4874 peiorem,
2908 4801 3049 4873 quod
3071 4800 3173 4857 Job
3189 4801 3377 4856 oculos
3398 4808 3739 4872 spectatores

2140 4875 2422 4929 vulnerum
2447 4890 2552 4930 non
2582 4875 2798 4930 ademit.

2211 4945 2339 5001 502.
2386 4946 2700 5002 Prosecutio
2743 4943 3141 5001 Catholicorum
3170 4986 3185 5010 ,
3230 4943 3323 4998 ubi
3374 4943 3739 4999 consularium

2140 5016 2332 5073 fecisse
2366 5019 2695 5088 Donatistas,
2722 5029 2777 5074 et
2803 5017 3103 5075 dominicus
3124 5016 3347 5073 codices
3373 5016 3739 5072 combussisse

2139 5090 2411 5145 dicuntur.
3483 5102 3492 5109 ’

2212 5162 2339 5217 505.
2411 5161 2727 5218 Prosecutio
2792 5160 3192 5216 Donatistarum
3221 5201 3236 5226 ,
3283 5157 3565 5215 Ecciesias
3616 5171 3737 5215 suas

2142 5233 2586 5305 cruentisadbuc
2611 5234 2800 5305 plenas
2819 5247 2944 5289 esse
2965 5231 3306 5304 corporibus.

2142 5305 2351 5434 ὁ.
2385 5301 2735 5363 lnterlocutio
2775 5301 3081 5377 qumrens,‘
3110 5318 3176 5358 an
3209 5305 3324 5375 ipsa
3368 5301 3535 5358 fuerit
3578 5314 3735 5358 causa

2184 5391 2274 5431 tsst
2320 5394 2374 5433 ιι.

2184 5377 2374 5433 issidii.

2212 5448 2338 5507 505.
2378 5450 2777 5506 Donatistarum
2809 5448 2875 5504 ad
2899 5449 3002 5504 ista
3029 5446 3331 5517 responsio.

2216 5521 2343 5577 506.
2386 5521 2486 5579 Ubi
2527 5537 2556 5576 a
2595 5520 2889 5577 Catholicis
2914 5521 3108 5576 dicitur
3146 5520 3249 5575 hoc
3275 5534 3440 5591 posse
3463 5517 3737 5577 Ilaximia-

2144 5593 2314 5647 nistas
2342 5594 2580 5664 obiicere
2607 5592 2923 5664 Donatistis.

2217 5664 2343 5721 507.
2384 5662 2731 5721 lnterlocutio
2756 5663 2952 5721 similis
2977 5662 3327 5735 prazcedenti.

2216 5737 2344 5794 508.
2405 5737 2506 5794 Ubi
2534 5736 2802 5793 Catholici
2840 5746 3135 5807 provocant
3162 5735 3473 5791 Donatistas
3513 5744 3574 5791 ut
3611 5749 3731 5791 cau-

2146 5823 2259 5865 sam
2286 5808 2485 5864 veteris
2511 5808 2720 5863 dissidii
2750 5807 3035 5864 fateantur.

2220 5878 2344 5935 509.
2388 5879 2489 5936 Ubi
2530 5878 2719 5935 dicunt
2755 5879 3046 5935 Donatistae
3074 5877 3383 5943 traditores,
3411 5878 3465 5935 id
3492 5888 3599 5944 est,
3626 5891 3735 5935 ma-
