3972 6328
144 329 284 388 1249

1105 327 1332 386 GESTA
1370 325 1822 385 COLLATIONIS
1860 326 2260 385 CARTIIAGIN
2271 327 2479 384 ENSlS.

3304 335 3445 395 1250

139 445 244 500 lam
272 445 522 520 arborem
547 459 614 502 ex
647 443 802 501 factis
824 445 957 510 suis,
984 443 1034 500 id
1057 453 1160 511 est,
1185 461 1251 501 ex
1283 445 1546 500 fructibus
1578 458 1736 516 posse
1764 448 1818 507 Α
1843 461 1870 499 a
1897 444 2168 520 Mensurio
2198 445 2260 500 ad
2292 443 2601 520 Secundum
2646 442 2973 514 Episcopum
3006 443 3275 520 destinata
3294 489 3308 513 ,
3337 466 3442 520 qua

133 531 411 586 c0gnosci.

211 589 341 644 510.
383 589 780 644 Catholicorum
812 589 878 643 ad
907 589 1010 644 ista
1038 590 1342 658 responsio.

206 660 334 716 511.
395 661 740 717 lnterlocutio
786 675 1074 731 quaerens,
1125 661 1342 731 quando
1391 662 1530 716 mala
1577 660 1741 716 arbor

142 733 434 788 eXStiterit.

210 805 340 860 5l2.
383 805 696 860 Prosecutio
727 804 1160 876 Donatistarum,
1190 821 1298 861 non
1327 804 1427 860 sibi
1461 803 1527 858 ad
1559 803 1741 858 omnia

139 890 262 932 esse
289 891 606 946 responsum
640 885 692 930 et
726 875 790 929 ad
824 877 1058 946 singula.

211 947 340 1003 515.
381 946 622 1002 Judicetn
656 947 854 1002 debere
885 952 1023 1003 terre
1057 948 1384 1005 sententiam
1428 957 1481 1002 et
1521 962 1548 999 a
1584 946 1743 1016 primi

141 1017 386 1147 lhominis
406 1020 558 1089 culpa
593 1018 997 1074 hmreditarium
1026 1020 1078 1076 in
1108 1035 1296 1076 omnes
1337 1019 1617 1074 transiisse
1647 1018 1748 1074 de-

164 1102 352 1146 ictum.

164 1102 352 1146 telum.

215 1163 344 1218 5N.
405 1161 769 1229 lnterlocutio,
823 1161 892 1217 de
939 1165 1194 1218 omnilms
1247 1163 1405 1218 simul
1464 1160 1742 1218 ferendam

143 1248 272 1362 θεεῶ
282 1235 635 1317 sententiam,
670 1250 736 1288 ne
769 1243 946 1289 motus
968 1234 1169 1306 judicis
1197 1245 1322 1290 ante
1352 1235 1511 1289 tinent
1541 1232 1741 1304 negotii

145 1320 213 1362 nu
282 1317 471 1361 ieetur.

184 1307 471 1361 ublieetur.

144 1320 704 1434 pugiigilil’iosecutio
731 1376 1128 1433 Catholicorum
1161 1378 1438 1450 postulans
1460 1420 1474 1445 ,
1505 1387 1560 1432 ut
1585 1375 1743 1432 char-

145 1458 214 1504 tae
247 1466 367 1517 qua:
391 1450 608 1504 recitari
634 1461 939 1517 cmperant,
975 1452 1336 1518 perlegantnr.

217 1522 350 1576 516.
389 1521 732 1577 lnterlocutio
770 1536 859 1574 eas
889 1522 1203 1590 prreeipicns
1230 1521 1465 1581 recitari,
1496 1529 1550 1573 ct
1575 1519 1742 1588 (reei-

152 1591 311 1666 tatio)
365 1593 640 1666 relationis
687 1592 752 1646 ad
801 1592 1212 1666 Constantinum
1263 1593 1640 1666 imperatorem
1679 1591 1747 1666 ab

147 1662 389 1720 Annl'ino
431 1665 757 1721 Proconsule
786 1662 1099 1728 destinat-.13,
1129 1679 1230 1734 qua
1263 1663 1552 1732 Majorinus
1582 1662 1748 1718 obsti-

147 1737 283 1792 tisse
313 1737 605 1792 Czeeiliano
634 1739 850 1790 chartas
900 1736 1184 1790 criminum
1233 1737 1350 1803 ejus
1397 1734 1747 1789 Proconsulis

146 1809 213 1863 ad
252 1808 550 1875 principem
575 1805 883 1878 dirigendas
913 1807 1220 1871 tradidisse,
1251 1807 1513 1876 signatur.

219 1881 351 1936 517.
394 1879 494 1936 Ubi
528 1891 646 1950 post
678 1876 1050 1932 recitationem
1083 1880 1286 1933 servari
1314 1878 1419 1934 sibi
1448 1876 1592 1948 quod
1618 1892 1744 1932 con-

149 1961 230 2008 tra
260 1952 544 2019 competit,
574 1951 846 2020 postulant
872 1950 1190 2004 Donatistae.

218 2024 352 2079 5l8.
395 2023 528 2078 Item
578 2020 822 2077 recitatio
876 2022 1155 2076 relationis
1202 2020 1423 2076 alterius
1465 2020 1532 2075 ab
1558 2020 1753 2077 eodem

148 2095 486 2152 Proconsule
538 2093 604 2148 ad
635 2093 882 2148 eumdem
929 2095 1226 2162 principem
1276 2093 1600 2159 destinatae,
1649 2106 1754 2162 qua

147 2166 423 2238 significat
470 2165 619 2238 idem
668 2165 972 2238 Proconsul
1010 2164 1360 2219 Caecilianum
1399 2179 1521 2238 cum
1563 2165 1753 2238 decem

147 2235 371 2295 clericis
398 2237 512 2292 suis
541 2247 595 2292 et
643 2235 864 2291 totidem
911 2236 1256 2291 adversarios
1292 2238 1412 2305 ejus
1450 2235 1514 2288 ad
1560 2237 1776 2290 urbem.

149 2325 381 2381 pergere
399 2326 467 2381 _se
496 2309 708 2370 fecisse,
741 2309 880 2381 sicut
899 2317 1241 2381 pra-ceperat
1271 2305 1594 2381 Imperator.

218 2377 352 2438 519.
397 2379 530 2436 Item
560 2378 802 2435 recitatio
824 2379 1064 2448 epistola:
1092 2378 1436 2433 Constantini
1469 2377 1534 2432 ad
1559 2378 1754 2431 Miltia-

146 2453 274 2511 dem
321 2453 623 2508 Romanum
663 2450 984 2520 Episcopum
1032 2449 1245 2515 missze,
1288 2465 1390 2520 qua
1442 2459 1496 2503 et
1543 2451 1755 2504 caeteris

149 2524 531 2580 sacerdotibus
579 2527 718 2577 inter
765 2519 1115 2576 Caecilianum
1163 2530 1216 2576 et
1260 2519 1600 2576 adversarios
1639 2521 1755 2590 ejus

156 2595 445 2669 (cognititj
478 2595 776 2669 delegatur.

219 2668 357 2724 520.
397 2663 714 2722 Prosecutio
749 2663 1148 2720 Catholicorum
1177 2663 1439 2718 intimans
1469 2679 1588 2732 qua:
1618 2665 1754 2719 lecta

150 2752 280 2795 sunt
309 2738 606 2808 cegnitori,
640 2746 692 2791 ct
719 2737 999 2808 postulans
1029 2746 1084 2790 ut
1109 2735 1364 2790 Miltiadis
1394 2736 1444 2790 in
1479 2734 1754 2792 Caeciliani

150 2828 317 2868 causa
347 2810 610 2880 jndieimn
640 2812 922 2880 recitetur.

221 2879 358 2939 521.
399 2880 666 2936 Reeitatio
689 2879 877 2950 judicii
904 2879 1176 2935 Miltiadis.

220 2953 358 3010 522.
403 2953 502 3010 Ubi
540 2953 834 3008 Donatista:
863 2953 1050 3006 volunt
1085 2951 1226 3007 aliud
1277 2961 1464 3008 contra
1497 2950 1756 3006 Miltiadis

148 3024 689 3099 judiciumjeeitari.

223 3098 361 3155 525.
404 3095 503 3153 Ubi
534 3113 562 3149 a
591 3094 883 3151 Catholicis
909 3095 1127 3160 dicitur,
1163 3112 1268 3150 non
1310 3109 1471 3150 omne
1502 3093 1755 3149 Miltiadis

150 3169 561 3241 judiciumesse
590 3171 908 3237 perlectum,
940 3167 1192 3238 quoniatn
1219 3165 1395 3222 triduo
1427 3179 1554 3221 tunc
1574 3175 1750 3221 actum

154 3238 258 3308 est,
285 3250 347 3297 et
371 3238 510 3294 trina
545 3249 670 3294 sunt
694 3249 862 3308 geSta.

224 3313 364 3370 524.
405 3310 751 3366 lnterlocutio
801 3311 888 3363 ubi
938 3318 1124 3365 contra
1173 3311 1392 3366 recitata
1445 3310 1756 3365 volentibus

160 3384 428 3458 prosequi
475 3382 766 3458 Donatistis
818 3381 1039 3458 dicitur,
1092 3391 1150 3437 ut
1197 3382 1468 3454 patiantur
1514 3383 1759 3452 primitus

156 3455 344 3513 omnia
375 3470 473 3527 per
494 3456 755 3527 ordinem
776 3455 1009 3508 recitari.

226 3524 507 3585 525⁷1]ῠί
528 3524 862 3581 contendunt
887 3536 1073 3580 contra
1105 3525 1325 3580 recitata
1361 3525 1611 3596 prosequi
1658 3526 1761 3581 Do-

157 3611 400 3658 nattstze.

229 3671 366 3728 526.
435 3669 536 3726 Ubi
592 3683 623 3722 a
672 3667 962 3724 Catholicis
1011 3669 1206 3724 dicitur
1251 3666 1427 3723 adhuc
1475 3682 1762 3738 superesse

158 3746 309 3816 quod
340 3743 535 3816 debeat
563 3740 813 3808 recitari,
845 3740 1108 3812 siquidem
1136 3755 1242 3794 non
1274 3739 1340 3794 sit
1371 3739 1508 3796 lecta
1537 3749 1760 3795 senten-

159 3814 230 3871 tia
267 3814 546 3870 Miltiadis.

230 3887 364 3944 527.
409 3885 722 3940 Prosecutio
756 3884 1148 3940 Donatistarum
1186 3898 1290 3954 qua
1323 3899 1381 3939 se
1410 3883 1596 3939 dicunt
1640 3883 1762 3938 ideo

159 3959 228 4016 de
260 3959 448 4015 exiliis
475 3957 542 4012 ad
569 3956 831 4028 judicium
885 3971 1181 4022 remeasse,
1223 3956 1349 4022 quia
1394 3956 1476 4011 eis
1516 3956 1765 4028 cognitor

157 4031 445 4104 iuraverat
469 4044 564 4099 per
593 4027 851 4104 edictuin.

232 4102 368 4160 528.
411 4097 715 4170 Responsio
755 4097 1156 4156 Catholicorum
1187 4114 1294 4154 non
1340 4099 1507 4155 fuisse
1549 4101 1602 4154 in
1646 4098 1763 4154 exi-

160 4176 294 4233 lium
327 4172 657 4229 Donatistas.

232 4246 368 4302 529.
412 4243 726 4300 Prosecutio
769 4243 1168 4298 Donatistarum
1217 4243 1306 4315 de_
1340 4241 1586 4315 petitoris
1636 4258 1762 4315 per:

162 4334 323 4382 sona,
356 4331 476 4388 quae
497 4324 711 4386 peracta
741 4323 1164 4388 suntrepetens‘,
1193 4324 1248 4388 et
1278 4313 1466 4388 dicens
1487 4313 1764 4388 Cteciliani

163 4385 546 4462 purgationem
591 4402 698 4443 non
737 4385 991 4442 debuisse
1037 4385 1276 4453 recitari,
1326 4387 1417 4457 qui
1473 4388 1650 4442 adhuc
1700 4386 1767 4442 ab

164 4459 302 4534 ipsis
336 4475 447 4534 non
475 4459 649 4534 fuerat
672 4467 976 4534 accusatus.

238 4533 376 4590 550.
421 4530 766 4586 lnterlocutio
788 4571 802 4596 ,
843 4529 1043 4586 debere
1069 4528 1282 4584 chartas
1313 4545 1444 4599 quas
1473 4527 1766 4585 Donatista:

169 4605 422 4696 offerunt.
449 4602 686 4696 rechari,
715 4611 776 4696 .ut
802 4603 1052 4696 oJmnibus
1083 4601 1318 4656 recitatis
1352 4601 1595 4671 petitoris
1640 4616 1762 4671 per-
1790 4637 1843 4696 Β

167 4694 304 4732 sona
339 4676 518 4731 valeat
543 4673 897 4743 deprehendi.

239 4749 374 4806 551.
418 4745 518 4802 Ubi
555 4742 890 4800 contendunt
913 4742 1173 4800 Catholici
1204 4743 1574 4800 recitationem
1604 4743 1764 4799 char-

167 4830 348 4877 tarum
385 4832 606 4874 suarum
656 4815 976 4884 interrumpi
1012 4819 1222 4885 penitus
1260 4834 1366 4874 non
1405 4819 1640 4882 debere,
1669 4815 1764 4872 sed

167 4895 351 4950 omnia
385 4906 483 4962 per
507 4889 752 4962 ordinem
780 4903 900 4943 esse
927 4887 1222 4962 recitanda.

241 4959 518 5020 552.7Ubi
550 4959 843 5015 Donatista:
885 4959 1212 5027 reSpohdent
1237 5001 1253 5026 ,
1287 4961 1656 5016 recitationem
1699 4959 1768 5015 de

167 5034 466 5093 Caeciliano
491 5033 759 5090 catholico
796 5047 903 5086 non
933 5027 1170 5102 potuisse
1193 5043 1526 5102 competere.

243 5107 376 5164 555.
428 5103 776 5160 lnterlocmio
835 5103 920 5157 ubi
975 5103 1423 5158 contendentibus
1476 5103 1543 5160 de
1589 5103 1769 5159 conti-

173 5181 396 5236 nuanda
419 5177 733 5232 recitatione
754 5171 1066 5247 Catholicis,
1089 5173 1244 5244 jubet
1283 5177 1529 5247 cognitor
1559 5174 1648 5230 illa
1678 5191 1773 5246 po-

173 5255 282 5308 tius
315 5247 534 5306 recitari
557 5263 675 5317 quae
704 5245 941 5302 offerunt
966 5245 1276 5300 Donatistm.

247 5324 357 5379 55i
436 5321 750 5376 Prosecutio
799 5317 1198 5371 Donatistarum
1261 5317 1472 5372 initium
1532 5317 1775 5374 referens

174 5409 382 5460 eausze,
407 5393 534 5465 quid
566 5391 868 5446 Mensurius
894 5389 1333 5465 Carthaginemis
1356 5389 1629 5465 “Ecclesia:
1662 5391 1777 5465 epi-

174 5482 380 5537 sc0pus
423 5461 929 5537 unitatistempore
959 5463 1263 5531 persecutio
1313 5461 1575 5527 effecerit,
1635 5463 1780 5518 unde

175 5533 390 5597 exstitit
432 5552 593 5592 causa
639 5533 863 5590 dissidii.

251 5611 382 5666 555.
428 5608 772 5664 lnterlocutio
819 5603 1193 5676 probationem
1223 5605 1444 5676 exigens
1491 5606 1534 5660 si
1567 5605 1780 5662 Mensu-

174 5684 263 5741 rio
293 5682 500 5736 crimen
541 5679 841 5734 traditionis
877 5676 1209 5745 impingitur.

251 5755 384 5810 556.
429 5750 744 5807 Prosecutio
769 5748 1167 5818 Catltolicorum
1206 5765 1309 5818 qua
1339 5751 1490 5805 salva
1523 5750 1780 5806 Ecclesia:

176 5841 382 5893 causa,
415 5824 756 5879 traditionem
800 5823 851 5875 in
879 5817 1150 5893 Mensurio
1189 5817 1406 5891 probari
1447 5824 1777 5880 desiderant.

179 5949 188 5978 ._
256 5889 388 5957 551.
433 5895 534 5956 Ubi
563 5893 921 5973 {Donatistis
941 5889 1224 5953 familiaris
1265 5895 1783 5974 epistola__recitatur

1779 1849 1826 1910 B

1845 517 1970 586 quid
2002 518 2144 571 circa
2173 533 2232 572 se
2268 527 2444 572 actum
2475 517 2544 571 sit
2577 526 2819 587 tempore
2872 515 3266 586 persecutionis
3307 515 3441 576 in'si-

1845 597 1995 643 nuat.

1918 660 2043 715 558.
2087 659 2402 715 Prosecutio
2452 659 2887 722 Catholicorum,
2927 675 3030 727 qua
3086 659 3270 717 volunt
3319 679 3443 720 esse

1849 739 2126 799 testatum,
2170 731 2461 786 familiares
2501 731 2761 802 epistolas
2791 731 3003 787 recitari
3045 748 3271 802 quarum
3306 734 3443 792 fides

1853 803 2113 858 habeatur
2141 804 2364 858 incerta.

1919 875 2043 930 559.
2088 875 2218 929 Item
2249 875 2347 927 alia
2373 873 2651 928 familiaris
2681 874 2907 944 epistola
2945 875 3201 932 recitatur
3227 877 3442 934 Secun-

1849 947 1902 1002 di
1941 947 2007 1000 ad
2036 946 2364 1001 Mcnsurium
2398 945 2769 1000 rescribentis.

1921 1019 2046 1074 540.
2095 1017 2194 1091 Ubi
2224 1015 2488 1072 Catholici
2521 1019 2794 1087 postulant
2841 1018 3100 1088 exprimi,
3147 1019 3236 1091 qui
3282 1021 3445 1079 fuerit

1851 1089 1939 1144 hic
1965 1089 2266 1145 Secundus.

1921 1162 2162 1232 5tt..Ubi
2187 1161 2276 1230 qui
2306 1159 2586 1232 Secundus
2615 1161 2774 1216 fuerit
2791 1162 3101 1228 eXprimunt
3118 1164 3438 1225 Donatistaz.

1921 1231 2063 1305 512.
2094 1231 2361 1287 Recitatio
2408 1233 2700 1305 supradicti
2747 1233 3030 1304 rescripti,
3063 1251 3166 1305 qua
3201 1242 3442 1297 vicissim

1849 1304 1976 1383 quid
2027 1305 2180 1383 circa
2217 1319 2276 1358 se
2328 1307 2380 1383 i_n
2429 1304 2673 1383 l\:umidia
2717 1315 2928 1375 gestum
2972 1305 3042 1358 sit
3083 1304 3152 1362 eo
3206 1320 3448 1383 tempore

1849 1375 2118 1432 Mensurio
2147 1374 2428 1430 Secundus
2454 1377 2711 1430 insinuat.

1921 1449 2047 1503 545.
2093 1446 2440 1503 lnterlocutio
2485 1447 2801 1515 praecipiens
2849 1459 2904 1502 ut
2935 1452 3178 1509 recitatis
3201 1453 3450 1519 epistolis

1851 1521 1984 1596 suis,
2019 1522 2284 1588 patienter
2309 1519 2529 1573 audiant
2561 1519 2852 1574 Donatista:
2879 1537 2999 1592 quae
3025 1523 3129 1596 legi
3156 1541 3185 1580 a
3207 1525 3448 1584 Catholi-
3497 1543 3506 1552 ‘

1851 1593 1930 1646 eis
1967 1599 2264 1658 emiserant.

1920 1661 2046 1737 5“,
2094 1663 2402 1737 Prosecutio
2424 1661 2833 1737 _l_)onat_iataru_m
2863 1678 2982 1734 qtae
3010 1680 3300 1737 superesse
3341 1669 3447 1728 sibi

1852 1733 1982 1788 dicit
2007 1734 2149 1804 quod
2186 1735 2252 1788 de
2279 1733 2566 1789 Caeciliano
2595 1733 3009 1802 legendumest.

1923 1805 2044 1862 545.
2098 1804 2444 1884 lnterlocutio
2468 1809 2630 1884 etiam
2653 1806 2720 1862 de
2737 1805 3050 1873 Cmciliano,
3074 1810 3218 1881 quod
3253 1828 3449 1884 super-

1860 1890 1943 1932 est
1978 1877 2305 1950 Aprtceipiens
2334 1875 2570 1950 recitari.

1928 1948 2054 2024 546.
2109 1949 2420 2024 Prosecutio
2468 1947 2867 2004 Catholirorum
2913 1968 3034 2022 quae
3080 1955 3346 2024 patienter
3392 1971 3452 2013 se

1857 2020 2056 2076 habere
2086 2022 2278 2075 asserit
2310 2029 2365 2073 ut
2393 2021 2618 2089 legatur.

1927 2092 2055 2169 547.
2100 2091 2198 2169 Ubi
2229 2092 2467 2169 offerunt
2506 2092 2808 2169 Donatistte
2841 2096 3116 2151 conditum
3145 2113 3174 2152 a
3206 2099 3449 2169 patribus

1855 2164 1967 2242 suis
2003 2164 2070 2242 de
2100 2163 2375 2242 Caeciliani
2407 2163 2754 2222 damnatione
2779 2164 3086 2233 decretum,
3132 2181 3186 2224 et
3209 2163 3328 2226 'ltoc
3365 2171 3452 2242 ju-

1860 2235 2019 2290 bente
2046 2235 2230 2305 judice
2259 2236 2533 2290 recitatur.

1927 2305 2053 2381 548.
2097 2307 2432 2381 Recitatione
2461 2309 2716 2381 conclusa
2764 2309 3359 2381 interloquiturjudex,
3393 2323 3454 2369 ut

1856 2377 1900 2460 si
1933 2379 2067 2460 quid
2087 2388 2170 2433 est
2195 2379 2371 2432 adhuc
2399 2379 2542 2450 quod
2581 2380 2648 2436 de
2686 2377 2993 2436 Czeciliano'
3013 2377 3226 2438 recitari
3259 2383 3458 2442 debeat

1857 2459 2162 2505 minitetur.
3425 2481 3434 2492 ·

1930 2520 2078 2599 549._
2103 2520 2418 2599 Prosecutio
2464 2521 2884 2599 Donatistarum,
2919 2524 2988 2599 de
3009 2524 3220 2581 castoris
3245 2543 3461 2599 quoque

1861 2593 2108 2664 personis
2137 2609 2195 2648 se
2219 2593 2420 2648 habere
2452 2593 2770 2649 docmnenta
2804 2597 3145 2664 promittens.

1929 2663 2087 2737 241
2119 2664 2248 2720 550.
2281 2665 2629 2720 lnterlocutio
2659 2673 2719 2722 ut
2747 2663 2864 2736 qua:
2891 2684 2918 2720 a
2947 2667 3241 2723 Catholicis
3281 2669 3460 2726 oblata

1857 2735 2085 2790 fuerant
2101 2738 2461 2806 perlegantur.

1931 2806 2057 2862 551.
2092 2807 2410 2863 Prosecutio
2437 2806 2835 2864 Catholicorum
2880 2819 3132 2866 testatum
3175 2810 3381 2868 faciens
3408 2823 3463 2870 et

1858 2878 2146 2954 adversum
2179 2879 2510 2954 Mensurium
2540 2880 2672 2935 nihil
2702 2882 2927 2954 publicis
2957 2895 3134 2938 actum
3167 2899 3286 2939 esse
3310 2885 3460 2954 judi-

1859 2952 1978 3014 ciis,
2008 2961 2063 3006 et
2093 2950 2435 3006 C:rcilianum
2464 2950 2742 3007 absentem
2777 2955 2842 3008 ab
2873 2953 2957 3008 his
3000 2969 3120 3009 esse
3149 2950 3462 3012 damnatum

1861 3023 1913 3076 in
1947 3023 2179 3078 concilio
2206 3025 2323 3079 sine
2347 3025 2570 3079 consule
2601 3036 2654 3078 et
2681 3026 2769 3079 die
2791 3067 2805 3090 ,
2831 3027 2918 3091 qui
2949 3026 3049 3080 sibi
3079 3027 3304 3081 invicem
3333 3042 3462 3084 con-

1861 3093 2334 3221 fessalt'raditionis
2365 3095 2590 3150 crimina
2613 3097 2664 3152 in
2691 3098 2795 3151 alio
2818 3097 3166 3154 inveniuntur
3191 3099 3462 3170 ignovisse

1861 3181 2012 3220 COIICI
2044 3186 2112 3221 10.

1861 3181 2112 3222 COIICIHO.

1931 3239 2056 3294 55'2.
2091 3239 2435 3296 lnterlocutio
2461 3239 2563 3294 hoc
2591 3239 2764 3309 ipsum
2797 3238 3014 3310 exigens
3041 3242 3279 3297 recitari.

1939 3311 2063 3366 555.
2103 3312 2198 3368 Ubi
2232 3312 2496 3383 principio
2526 3310 2747 3366 Concilii
2772 3311 2996 3384 recitato
3017 3354 3030 3377 ,
3061 3314 3462 3384 interrumpunt

1864 3381 2189 3447 Donatista),
2231 3381 2491 3455 negantes
2534 3383 2812 3439 consulem
2855 3392 2908 3438 et
2943 3383 3087 3440 diem
3129 3381 3459 3444 ecclesiasti-

1864 3455 1941 3509 cis
1969 3455 2128 3522 adjici
2157 3455 2333 3510 solere
2358 3455 2611 3510 decretis.

1935 3525 2063 3580 554.
2096 3526 2492 3582 Catholicorum
2516 3527 2580 3580 ad
2609 3526 2711 3580 ista
2740 3526 3038 3595 responsio.

1936 3597 2062 3652 555.
2093 3597 2440 3654 lnterlocutio
2465 3597 2656 3653 similis
2686 3597 3030 3666 praecedenti.

1935 3669 2062 3724 556.
2087 3670 2185 3726 Ubi
2207 3670 2436 3741 exigunt
2454 3669 2713 3724 Catholici
2731 3679 2986 3741 oportere
3003 3669 3230 3741 disquiri
3246 3713 3262 3739 ,
3284 3680 3462 3730 utrum

1865 3739 2106 3813 DenaIus
2131 3784 2146 3809 ,
2190 3739 2344 3813 cujus
2393 3741 2552 3813 modo
2592 3740 2912 3796 vocabulum
2943 3739 3221 3798 recitatum
3245 3755 3346 3813 est,
3382 3746 3464 3801 in-

1868 3820 1946 3867 ter
1977 3812 2248 3868 Czeciliani
2283 3813 2440 3868 fuerit
2469 3811 2832 3867 damnatores.

1938 3883 2066 3940 557.
2099 3884 2445 3941 lnterlocutio
2474 3899 2724 3956 quzerens
2754 3885 2857 3940 ista
2886 3883 3114 3957 disquiri
3140 3927 3154 3952 ,
3182 3896 3237 3944 et
3266 3887 3337 3943 ita
3367 3903 3465 3942 no-

1867 3955 2009 4010 mina
2040 3957 2391 4012 singulorum.

1939 4027 2064 4083 558.
2102 4027 2202 4084 Ubi
2224 4027 2518 4084 Donatistae
2546 4035 2811 4084 testantur
2835 4043 2894 4084 se
2924 4029 3220 4100 praebuisse
3251 4031 3459 4100 patien-

1869 4099 2028 4172 tiam,
2062 4101 2233 4172 vicem
2262 4110 2536 4171 petentes,
2569 4114 2691 4172 cunt
2719 4101 2986 4170 coeperint
3011 4099 3358 4172 respondere.

1939 4171 2443 4228 559.1nterlocutio
2471 4171 2768 4227 secundum
2787 4171 3117 4228 voluntatem
3151 4172 3460 4231 Donatista-

1869 4258 1989 4298 rum
2013 4246 2236 4313 exigens
2262 4245 2331 4301 de
2357 4242 2650 4299 Catholicis
2685 4245 2955 4313 patientiae
2979 4243 3388 4312 professionem.

1943 4317 2070 4373 560.
2102 4314 2204 4372 Ubi
2230 4315 2299 4372 de
2323 4315 2609 4387 praebenda
2639 4314 2892 4386 patientia
2916 4315 3179 4372 Catholici
3206 4321 3466 4388 profiten-

1874 4395 1981 4443 tur.

2096 4457 2194 4516 Ubi
2219 4457 2356 4514 lecta
2377 4457 2580 4515 codicis
2604 4466 2753 4528 parte
2777 4466 2946 4514 totum
2969 4458 3070 4529 legi
3096 4459 3339 4531 ﬂagitant
3364 4461 3461 4519 Do-

1871 4540 2104 4586 natistge.

1944 4601 2075 4656 562.
2109 4601 2510 4658 Catholicorum
2539 4600 2605 4655 ad
2639 4601 2739 4655 ista
2761 4601 3064 4670 responsio.

1941 4674 2062 4729 565.
2106 4673 2417 4730 Prosecutio
2467 4672 2871 4727 Catliolicorum
2921 4672 3045 4728 ideo
3099 4689 3352 4733 asserens
3403 4693 3464 4735 se

1869 4745 2063 4816 legisse
2109 4761 2228 4815 quae
2269 4746 2405 4801 lecta
2447 4753 2610 4812 sunt,
2652 4752 2706 4800 ut
2753 4743 3036 4801 Caeciliani
3076 4749 3246 4818 possit
3285 4750 3468 4806 valere

1909 4819 2137 4887 urgatio.

1871 4835 2450 4945 pugiiatlyiiiterlorutio
2471 4889 2733 4944 adversus
2759 4888 2845 4943 illa
2870 4905 2990 4958 qua:
3010 4905 3041 4946 a
3063 4889 3358 4949 Catholicis
3382 4908 3470 4949 re-

1870 4963 2031 5017 citata
2077 4969 2205 5017 sunt
2231 5001 2258 5034 ,7
2293 4961 2603 5015 Donatistas
2641 4961 2943 5034 admonens
2987 4964 3318 5033 respondere
3344 5007 3361 5034 ,
3411 4976 3471 5023 ut

1872 5045 2068 5090 Caetera
2098 5049 2217 5099 quae
2249 5033 2546 5099 interrupta
2570 5041 2699 5086 sunt
2729 5032 3045 5088 recitentur.

1947 5105 2073 5160 565.
2117 5102 2434 5180 Prosecutio
2465 5102 2870 5180 Donatistarum
2911 5119 3165 5162 asserens
3194 5110 3338 5180 quod
3378 5111 3474 5168 de-

1877 5184 2085 5234 cretum
2145 5179 2262 5232 sine
2312 5177 2562 5248 Consulis
2611 5174 2980 5248 adscriptione
3034 5174 3359 5248 protulerint
3404 5198 3471 5237 ex

1877 5249 2268 5305 consuetudine
2295 5263 2354 5304 se
2382 5245 2573 5303 fecisse
2599 5245 2885 5317 majorum.

1951 5319 2078 5376 566.
2111 5320 2456 5374 lnterlocutio
2486 5335 2606 5390 qua:
2636 5319 2803 5386 dicit,
2835 5334 2900 5374 ex
2937 5319 3040 5376 hoc
3071 5337 3138 5377 ne
3165 5320 3474 5381 Catholicos

1882 5392 2080 5449 fecisse
2103 5392 2339 5460 aliquam
2371 5391 2745 5461 qusestionem.

1956 5463 2080 5538 567.
2115 5463 2426 5518 Prosecutio
2447 5462 2842 5538 Catholieorum
2879 5462 3003 5519 ideo
3032 5463 3149 5520 hinc
3179 5481 3338 5538 agere
3371 5467 3475 5523 Do-

1883 5536 2109 5591 natistas
2136 5547 2192 5588 ut
2220 5543 2463 5604 tempora
2491 5532 2900 5589 contrahantur.

1956 5605 2080 5662 568.
2121 5605 2217 5662 Ubi
2266 5607 2552 5661 Donatista:
2591 5605 2806 5668 dicunt,
2839 5604 2883 5658 si
2922 5608 2986 5660 de
3026 5610 3285 5665 sententiis
3328 5611 3478 5669 dictis

1885 5696 2032 5734 nemo
2061 5677 2292 5740 dubitat,
2330 5676 2634 5732 chilianus
2652 5677 2775 5748 jure
2796 5675 3069 5732 damnatus
3095 5691 3190 5734 est.

1961 5750 2087 5806 569.
2109 5751 2419 5822 Prosecutio
2441 5748 2838 5822 Catholicorum
2859 5765 3108 5805 asserens
3128 5767 3284 5822 posse
3323 5769 3480 5810 mon-

1889 5826 2048 5900 strari
2073 5823 2214 5893 quod
2236 5822 2304 5900 de
2331 5820 2621 5900 Caseiliano
2644 5820 2711 5875 sit
2731 5829 2963 5892 gestum,
2980 5820 3156 5895 siqua:
3179 5824 3480 5900 interrupta

1887 5893 2136 5966 fuerint,
2165 5894 2485 5953 recitentur.
