3972 6328
353 319 366 392 ἶ
441 283 586 341 1255

513 395 643 451 485.
683 391 1080 448 Catholicorum
1125 389 1432 460 prosecutio
1456 434 1470 459 ,
1503 392 1682 462 Optati
1715 391 1912 462 scripta
1947 408 2044 462 pro
2072 393 2124 452 Α

444 466 727 534 scripturis
766 462 1042 520 canonicis
1071 477 1176 518 non
1211 462 1419 517 haberi.

515 539 644 594 484.
686 536 1032 598 Prosecutio,
1084 549 1185 602 qua
1235 535 1458 604 exigunt
1505 534 1799 588 Donatistae
1848 543 1902 588 tit
1957 543 2048 588 aut

444 609 704 666 damnent
731 606 994 663 Catholici
1023 605 1275 675 Optatum
1298 647 1314 672 ,
1345 616 1438 659 aut
1477 605 1748 674 patiantur
1777 607 1896 672 ejus
1939 615 2047 661 tes-

446 681 730 736 timonium
758 677 972 734 recitari
1001 693 1107 749 quo
1130 677 1476 749 Cmcilianum
1505 677 1698 732 Brixia:
1724 677 1852 732 dicit
1882 676 2047 749 fuisse

445 751 796 807 damnatum:
839 759 892 804 et
931 747 1034 818 qua
1078 747 1374 804 admonent
1408 749 1682 818 judicent,
1717 759 1777 804 ut
1815 748 2046 819 promis-

444 838 560 879 sam
603 830 779 879 teneat
817 822 1144 892 (equitatem.

517 894 644 950 485.
688 891 1034 949 lnterlocutio
1063 891 1257 946 similis
1285 891 1638 960 prtecedenti.

518 967 644 1022 486.
683 964 1082 1021 Catholicorum
1125 966 1468 1033 prosecutio,
1519 973 1706 1018 contra
1754 961 2044 1018 Miltiadem

447 1038 649 1095 debere
691 1038 996 1091 Donatistas
1028 1034 1274 1104 proferre
1304 1034 1516 1104 aliquod
1544 1035 1866 1104 iudicatum.

518 1110 647 1167 487.
691 1107 1038 1162 lnterlocutio
1077 1107 1270 1160 similis
1301 1105 1650 1177 pra-cedenti.

518 1181 646 1238 488.
693 1180 793 1237 Ubi
850 1178 1038 1232 dietmt
1093 1178 1390 1232 Donatistae
1444 1193 1548 1232 non
1601 1193 1722 1233 esse
1775 1177 2045 1248 prolixum

447 1253 591 1325 quod
623 1252 914 1325 de70ptato
943 1249 1258 1325 desiderant
1288 1251 1524 1304 recitari.

519 1322 648 1380 489.
689 1319 1073 1385 lnterlocutio,
1106 1321 1352 1375 ordinem
1394 1322 1717 1376 servandum
1748 1335 1870 1376 esse
1909 1319 2046 1375 deli-

451 1396 606 1452 niens
626 1437 642 1462 ,
674 1404 732 1449 ut
759 1395 934 1464 primo
960 1402 1148 1447 contra
1178 1391 1468 1446 Miltiadem
1497 1393 1699 1464 aliquid
1722 1435 1737 1456 ,
1769 1401 1952 1463 postea
1978 1391 2048 1447 de
2117 1442 2125 1449 .

449 1469 644 1538 Optato
675 1475 934 1534 quantum
969 1464 1274 1538 voluerint,
1309 1464 1582 1538 tjecitetur.

519 1539 646 1596 490.
691 1533 792 1594 Ubi
821 1545 970 1607 gesta
1001 1537 1051 1590 in
1083 1536 1216 1607 urbe
1247 1535 1426 1590 habita
1459 1535 1694 1592 oll'erunt
1728 1533 2042 1607 Donatisne.

521 1611 648 1666 491.
694 1608 793 1667 Ubi
829 1606 983 1677 gesta
1024 1606 1212 1660 eadem
1254 1607 1550 1663 recitantur
1587 1609 1780 1677 quibus
1821 1609 1871 1662 in
1914 1606 2046 1661 urbe

451 1683 621 1739 Roma
661 1698 688 1734 a
731 1680 982 1736 nonnulis
1021 1678 1140 1732 aliis
1169 1688 1220 1732 et
1251 1693 1280 1732 a
1312 1679 1542 1748 quodam
1574 1679 1826 1735 Stratone
1865 1693 2044 1734 rerum

449 1755 951 1811 Ecclesiasticarum
992 1750 1210 1805 traditio
1255 1760 1556 1820 perpetrata
1588 1761 1692 1806 est.

524 1826 651 1882 492.
695 1823 1137 1894 lnterlocutioin
1162 1833 1268 1876 tam
1301 1823 1524 1892 prolixis
1555 1824 1724 1894 gestis
1767 1822 1901 1877 nihil
1930 1821 2044 1878 dic-

451 1904 562 1954 tum
595 1897 663 1951 de
695 1895 914 1950 nomine
942 1893 1214 1948 Miltiadis.

521 1969 649 2036 495.
695 1967 796 2025 Ubi
839 1967 1025 2020 dicunt
1072 1965 1366 2019 Donatista:
1407 1967 1582 2022 adhuc
1625 1981 1684 2021 se
1731 1982 1837 2021 non
1865 1965 2051 2021 [inisse

452 2049 622 2098 totum
652 2037 797 2111 quod
827 2037 1186 2111 promiserant
1215 2036 1470 2093 recitare.

520 2111 649 2169 494.
672 2108 1091 2165 'Catholicornm
1135 2111 1440 2176 prosecutio
1479 2125 1581 2180 qua
1625 2109 1850 2179 prolixis
1886 2108 2051 2180 gestis

450 2199 511 2240 se
556 2182 870 2253 patientiam
924 2180 1220 2253 praebuisse
1258 2189 1548 2244 testantur.
1582 2191 1638 2236 et
1675 2181 1810 2235 nihil
1847 2196 1914 2234 ex
1957 2180 2052 2253 iis-

449 2251 574 2311 deni
605 2256 892 2324 adversum
924 2251 1215 2324 Miltiadem
1244 2266 1366 2324 esse
1394 2254 1661 2324 prolatmn
1696 2253 1836 2306 unde
1865 2267 1927 2307 se
1951 2251 2044 2324 de:

451 2327 581 2382 bere
631 2326 698 2380 de
743 2322 1087 2378 absolutione
1134 2322 1442 2390 Caeciliani,
1493 2324 1657 2379 etiam
1708 2323 2086 2378 Constantini.

451 2396 718 2468 Principis
751 2396 931 2466 legere
956 2393 1273 2468 judicatum.

523 2465 650 2526 495.
694 2465 1007 2523 Prosecutio
1037 2465 1440 2521 DonatiStarum
1463 2507 1477 2530 ,
1509 2483 1612 2538 qua
1647 2475 1913 2522 testantur
1944 2474 2053 2520 tra—

449 2541 710 2597 ditionem
751 2555 810 2595 se
845 2538 1011 2608 gestis
1055 2537 1321 2608 prioribus
1360 2537 1651 2608 recitasse,
1695 2549 1750 2594 et
1790 2539 1965 2593 adhuc
1993 2551 2052 2592 se

449 2613 652 2670 habere
674 2611 816 2679 quod
845 2611 1042 2679 legant.

526 2629 652 2670 nere
713 2629 816 2668 uoa
845 2629 1042 2679 tegam.

520 2685 647 2742 496.
674 2629 1075 2744 (interlocutio.
1122 2682 1227 2737 alia
1272 2680 1416 2738 circa
1462 2681 1713 2737 Miltiadis
1761 2696 2048 2750 personam

453 2758 670 2814 recitari
701 2766 848 2828 gesta
884 2753 1203 2828 permittens
1219 2794 1247 2828 _._
1269 2765 1325 2809 et
1363 2753 1660 2810 Catholicis
1698 2768 1959 2818 servans,
1996 2763 2052 2806 ut

449 2830 684 2885 recitent
708 2826 898 2896 postea
925 2826 968 2896 si
996 2826 1123 2896 quid
1151 2826 1334 2879 velint.

521 2900 652 2956 497.
698 2900 794 2954 Hic
840 2895 1099 2952 Catholici
1151 2897 1337 2950 volunt
1387 2911 1508 2951 csse
1560 2905 1848 2963 testatum,
1906 2895 2048 2966 quod

453 2987 558 3027 non
604 2971 972 3037 exiiresserint
1029 2967 1363 3034 Donatistae,
1423 2969 1510 3024 ubi
1566 2968 1844 3039 superiora
1898 2978 2050 3038 gesta

449 3043 694 3100 c0nfecta
745 3041 874 3096 sint.

522 3115 649 3171 498.
693 3111 1036 3169 lnterlocutio
1089 3111 1416 3168 conﬁrmans
1466 3111 1610 3183 quod
1664 3127 1692 3165 a
1749 3109 2046 3165 Catholicis

451 3185 657 3243 dictum
687 3195 789 3240 est.

522 3259 652 3315 499.
695 3257 826 3312 Item
869 3273 896 3310 a
941 3257 1236 3311 Donatistis
1265 3264 1415 3322 gesta
1445 3255 1548 3310 alia
1579 3256 1897 3320 recitantur,
1930 3253 2048 3323 qui-

451 3331 553 3387 bus
585 3338 706 3400 post
733 3329 997 3400 redditam
1027 3327 1222 3400 agendi
1251 3327 1519 3382 licentiam
1559 3326 1879 3382 Christianis
1897 3365 1921 3400 ,Α
1962 3340 2049 3380 res

451 3397 710 3459 Ecclesiae
737 3418 857 3473 qua:
889 3397 1094 3455 tradita:
1125 3397 1372 3473 fuerant,
1405 3407 1790 3473 recuperantur
1812 3415 1859 3473 _a
1898 3397 2048 3473 Stra-

452 3483 580 3530 tone
633 3483 688 3531 et
716 3468 928 3529 cfrteris
957 3487 1092 3542 quos
1121 3471 1188 3525 ad
1221 3471 1271 3526 id
1303 3470 1574 3540 negotium
1622 3470 1888 3525 Miltiades
1929 3468 2047 3539 epi-

453 3559 652 3610 scopus
685 3544 1000 3600 destinarat.

526 3619 649 3674 500.
694 3617 1041 3672 lnterlocutio
1061 3656 1075 3679 ,
1107 3615 1248 3680 quod
1276 3615 1440 3671 etiam
1467 3613 1702 3670 secunda
1731 3623 1883 3687 gesta
1915 3613 2047 3668 nihil

453 3687 522 3744 de
555 3697 704 3745 reatu
734 3687 1047 3743 contineant
1077 3687 1350 3742 Miltiadis.

525 3760 652 3818 501.
695 3759 795 3816 Ubi
821 3767 1072 3814 asserunt
1095 3760 1384 3814 Donatista:
1411 3773 1534 3814 eum
1559 3758 1866 3814 Stratonem
1895 3757 2048 3828 quasi

453 3832 740 3888 diaconum
771 3848 798 3884 a
830 3829 1066 3886 Miltiade
1095 3831 1358 3884 directum
1389 3831 1454 3884 ad
1487 3845 1574 3885 res
1607 3831 1862 3889 Ecclesia:
1894 3845 2050 3900 repe-

452 3903 680 3967 tendas,
713 3903 804 3968 qui
837 3902 1264 3958 invenitur'aute
1293 3901 1594 3956 tradidisse.

714 3974 841 4033 502.
884 3973 1232 4030 lnterlocutio
1263 3975 1540 4043 postulans
1572 3973 1623 4028 id
1654 3973 1860 4028 doceri.

525 4045 711 4104 ῶῗιῖυ
723 4049 771 4101 bi
794 4047 1051 4102 recitatur
1061 4061 1128 4102 ex
1151 4047 1338 4115 primis
1352 4045 1518 4114 gestis
1535 4045 1804 4100 Stratonis
1826 4059 2043 4099 nomen.

526 4119 654 4176 504.
722 4119 1068 4173 lnterlocutio
1123 4117 1399 4187 postulans
1453 4115 2001 4187 evidentergostendi
2033 4157 2046 4180 ,

453 4199 634 4246 utrum
665 4191 884 4247 Straton
917 4190 972 4244 in
1003 4185 1192 4258 primis
1234 4187 1401 4257 geStis
1438 4186 1697 4241 diaconus
1743 4185 1904 4241 fuerit
1949 4203 2046 4242 no-

453 4261 709 4318 minatus.

525 4333 652 4389 505.
698 4332 798 4389 Ubi
843 4331 1131 4386 Donatista:
1169 4346 1235 4385 ex
1281 4329 1383 4385 hoc
1421 4329 1554 4384 illud
1587 4329 1926 4400 interpretari
1957 4345 2050 4384 vo-

453 4405 570 4460 lunt
608 4404 681 4460 ibi
719 4407 1003 4460 diaconum
1045 4401 1402 4472 significatum
1451 4400 1591 4472 quod
1643 4401 1830 4457 iisdem
1880 4403 2048 4472 gestis

451 4477 699 4533 hortator
728 4477 1155 4545 susperstitiouis
1187 4474 1348 4528 fuerit
1389 4476 1719 4528 nominatus.

1375 275 1634 346 (GESTA
1676 274 2130 334 COLLATIONIS
2165 273 2786 334 CARTHAGINENSIS.

2221 391 2345 446 512.
2391 391 2786 446 Donatistarum
2814 387 3143 458 prosecutio,
3174 385 3300 444 ideo
3325 387 3398 446 ibi
3429 402 3540 444 non
3571 388 3758 445 teneri

2151 463 2470 517 vocabulum
2500 462 2753 517 Miltiadis
2779 461 2920 530 quod
2948 458 3127 514 adhuc
3167 462 3459 531 episc0pns
3483 477 3592 516 non
3623 461 3765 516 fuis-

2150 544 2265 588 set:
2315 533 2440 589 hinc
2480 545 2660 589 autem
2707 531 2996 604 Miltiadem
3040 531 3208 604 fuisse
3236 534 3560 604 pollutum,
3603 532 3762 603 quod

2153 605 2465 660 traditorem
2491 605 2798 659 Stratonem
2830 603 2882 658 in
2913 619 3138 658 numero
3163 602 3348 659 habuit
3370 602 3761 660 diaconorum.

2222 677 2346 732 515.
2390 677 2736 732 lnterlocutio
2779 677 3172 745 pronuntians,
3217 685 3401 746 partes
3440 690 3606 748 agere
3655 675 3765 732 de-

2151 748 2283 804 bere
2308 764 2431 820 quae
2459 756 2797 820 competunt.

2222 817 2348 874 5141
2389 819 2705 874 Prosecutio
2726 818 3156 883 Catholicorum,
3179 817 3287 874 duo
3310 819 3596 875 Stratones
3629 827 3768 876 tunc

2149 907 2271 948 esse
2320 893 2595 962 potuisse,
2648 905 2751 946 nec
2797 890 3167 962 abhorrerea
3216 891 3651 962 consuetudine,
3708 902 3771 948 ut

2149 962 2260 1018 duo
2291 960 2396 1016 uno
2438 962 2658 1017 nomine
2702 971 3046 1019 censeantur.
3089 960 3382 1017 Miltiadem
3425 978 3557 1018 vero
3597 979 3769 1019 reum

2149 1049 2272 1161 ﬁsse
2319 1050 2424 1089 non
2474 1049 2670 1104 posse.
2721 1032 2825 1088 nisi
2869 1031 3211 1088 traditionem
3261 1032 3537 1090 Stratonis
3579 1035 3770 1091 scisse

2189 1116 2430 1161 occatur.
2783 1116 2788 1122 '

2189 1116 2430 1161 occatur.
2783 1116 2788 1122 ’

2221 1177 2348 1234 515.
2389 1177 2732 1232 lnterlocutio
2785 1175 2926 1231 inter
2971 1176 3254 1244 episcopos
3304 1176 3437 1233 nihil
3483 1177 3772 1247 suspicio-

2151 1249 2309 1305 nibUs
2343 1249 2710 1314 actitandum,
2757 1256 2812 1303 et
2853 1247 3056 1304 debere
3101 1249 3440 1304 Constantini
3483 1249 3772 1321 judicium

2151 1323 2388 1376 recitari.

2223 1393 2350 1448 516.
2392 1392 2657 1448 Recitatio
2700 1390 2886 1464 jndicii
2929 1389 3306 1460 Constantini,
3351 1407 3458 1464 quo
3500 1393 3654 1464 apud
3711 1409 3776 1450 se

2150 1479 2364 1532 quoque
2389 1465 2740 1519 Caecilianum
2773 1461 2940 1517 luisse
2969 1471 3251 1533 purgatum
3282 1461 3400 1532 post
3425 1461 3772 1521 Arelatense

2149 1533 2484 1601 Concilium,
2519 1535 2785 1603 significat
2818 1535 3134 1604 Imperator.

2223 1606 2348 1662 517.
2392 1607 2741 1662 lnterlocutio
2768 1622 2886 1672 quae
2913 1606 3165 1660 admonet
3200 1606 3501 1664 Donatistas
3525 1650 3540 1675 ,
3572 1617 3776 1665 utrum

2149 1688 2338 1750 contra
2373 1679 2489 1750 haec
2520 1678 2752 1750 Indicant
2777 1677 2978 1750 aliquid
3012 1678 3366 1734 recitandum.

2223 1749 2348 1804 518.
2375 1749 2477 1806 Ubi
2509 1749 2694 1804 diettnt
2726 1751 2920 1804 iterum
2954 1749 3248 1805 DOuatistan
3271 1750 3570 1808 Miltiadem
3597 1752 3777 1809 Stra-

2077 1793 2126 1854 B
2155 1825 2298 1877 tonis
2329 1793 2588 1876 societate
2622 1821 2908 1891 pollutmn.

2226 1894 2352 1949 519.
2396 1894 2745 1948 lnterlocutio
2773 1893 2965 1947 similis
3009 1893 3354 1963 prtecedenti.

2224 1965 2352 2020 520.
2393 1964 2493 2020 Ubi
2521 1966 2706 2038 dicunt
2738 1965 3029 2038 Donatistae
3050 2007 3065 2029 ,
3103 1965 3293 2020 falsum
3324 1980 3444 2022 esse
3481 1966 3775 2038 jn‘dicium

2151 2037 2490 2094 Constantini
2519 2037 2740 2092 auribus
2781 2037 3105 2092 intimatnm.

2225 2110 2352 2166 521.
2394 2109 2740 2164 lnterlocutio
2766 2150 2781 2175 ,
2821 2108 2965 2179 quod
3013 2109 3154 2164 inter
3201 2119 3379 2180 partes
3425 2113 3778 2169 sententiam

2155 2181 2340 2236 tulerit
2366 2182 2679 2250 Imperator.

2225 2252 2351 2306 522.
2395 2252 2494 2308 Uhi
2528 2253 2629 2307 hoc
2659 2252 2761 2323 legi
2791 2251 3102 2307 desiderant
3136 2253 3444 2308 Donatistae.

2226 2324 2353 2379 525.
2401 2324 2784 2396 lnterlocutio,
2829 2325 2930 2378 hoc
2971 2325 3144 2396 ipsum
3193 2325 3545 2396 signiﬁcans,
3600 2338 3662 2384 et
3708 2345 3776 2386 ex

2153 2398 2418 2465 rescripto
2459 2395 2727 2466 Principis
2754 2397 3002 2466 superius
3033 2395 3278 2451 recitato.

2225 2467 2353 2522 521.
2400 2466 2496 2523 Ubi
2543 2468 2832 2522 Donatista:
2876 2470 3067 2522 volunt
3107 2483 3229 2524 esse
3269 2478 3524 2524 testatum
3561 2471 3621 2526 in
3687 2487 3778 2530 re-

2157 2538 2362 2606 scripto
2403 2539 2669 2608 Principis
2706 2555 2805 2595 nec
2843 2539 2982 2593 diem
3012 2555 3134 2594 esse
3163 2555 3264 2596 nec
3292 2543 3609 2596 con~ulcm.

2226 2611 2352 2667 525.
2396 2610 2498 2666 Ubi
2540 2611 2867 2682 respondent
2893 2609 3191 2682 Catholici,
3224 2623 3278 2668 et
3311 2614 3504 2668 lectum
3540 2631 3677 2673 esse
3707 2632 3774 2673 ex

2154 2683 2420 2752 rescripto
2448 2682 2588 2737 diem
2610 2681 2714 2748 ,iet
2746 2685 2934 2738 iterum
2967 2681 3202 2737 offerunt
3232 2695 3289 2738 ut
3318 2685 3554 2754 legatur.

2225 2755 2352 2809 526.
2395 2754 2710 2808 Prosecutio
2739 2754 3135 2810 Donatistarum
3156 2797 3172 2823 ,
3203 2755 3345 2812 lecto
3372 2757 3462 2812 die
3492 2773 3614 2814 non
3646 2775 3775 2816 esse

2155 2826 2438 2880 consulem
2482 2827 2700 2880 lectum.

2226 2896 2353 2951 527.
2395 2897 2796 2953 Catholicorum
2837 2899 2902 2953 ad
2947 2900 3043 2954 ista
3088 2901 3404 2970 responsio,
3437 2910 3488 2956 et
3525 2912 3591 2956 ut
3623 2904 3672 2957 si
3703 2904 3775 2960 de

2154 2970 2419 3048 rescripto
2462 2969 2758 3038 dubitatur,
2799 2971 3143 3027 arcltivorum
3184 2969 3507 3041 inspiciatur
3566 2987 3770 3031 aucto-

2154 3052 2306 3094 ritas.

2225 3111 2350 3188 598.
2393 3113 2782 3188 lnterlocutio,
2823 3115 3104 3188 imperiale
3137 3117 3464 3188 rescriptum
3489 3119 3588 3172 cui
3623 3119 3773 3175 desit

2075 3183 2120 3246 C
2153 3184 2343 3239 consul
2385 3196 2439 3238 et
2479 3185 2634 3250 dies,
2669 3187 2720 3240 in
2749 3186 2972 3242 dubium
3001 3189 3244 3244 revocari
3279 3183 3384 3243 non
3419 3203 3610 3256 posse.

2226 3256 2351 3311 529.
2395 3256 2496 3312 Ubi
2541 3257 2831 3330 Donatislze
2881 3268 3181 3330 queruntur
3218 3261 3529 3329 episcopale
3570 3261 3771 3318 decre-

2155 3337 2264 3381 tum
2304 3331 2553 3398 superius
2581 3344 2608 3381 a
2632 3328 2928 3400 Catholicis
2965 3347 3088 3386 cum
3141 3328 3369 3386 consule
3409 3347 3538 3388 esse
3580 3335 3771 3400 prolao

2153 3406 2264 3482 tum
2292 3441 2306 3464 ,
2352 3412 2406 3484 et
2447 3415 2587 3456 nunc
2627 3399 2974 3472 Imperatoris
3017 3403 3302 3474 epistolam
3361 3404 3480 3459 sine
3528 3399 3770 3461 consule

2151 3482 2386 3526 reeitari.

2224 3544 2348 3598 550.
2395 3543 2496 3599 Ubi
2537 3543 2801 3598 Catholici
2848 3556 3145 3614 provocant
3187 3547 3525 3614 Donatistas,
3581 3558 3644 3604 ut
3685 3549 3771 3604 di-

2151 3625 2278 3689 cant
2309 3615 2498 3689 falsam
2527 3632 2648 3672 eSse
2679 3616 3029 3686 Imperatoris
3057 3619 3367 3689 epistolam.

2223 3687 2350 3742 551.
2397 3687 2495 3744 Ubi
2529 3689 2799 3756 postulant
2827 3687 3117 3746 Donatista}
3139 3733 3155 3756 ,
3190 3703 3242 3744 ut
3271 3690 3416 3757 qu0d
3443 3690 3548 3746 sibi
3577 3706 3766 3748 serva-

2154 3766 2263 3812 tum
2297 3759 2503 3823 fuerat,
2536 3759 2603 3814 de
2633 3763 2829 3829 Optato
2862 3761 3138 3829 proferant
3181 3762 3490 3818 lectionem.

2225 3829 2351 3904 552.
2408 3831 2800 3904 lnterlocutio,
2858 3832 3058 3889 debere
3113 3834 3444 3903 respondere
3496 3836 3769 3904 primitus

2154 3901 2464 3977 Donatistas
2489 3944 2503 3967 ,
2543 3912 2723 3977 utrum
2765 3903 2894 3977 falsa
2927 3906 2996 3959 sit
3022 3901 3369 3975 Imperatoris
3400 3901 3638 3977 epistola
3659 3952 3675 3974 ,
3709 3920 3770 3965 et

2153 3973 2473 4047 ita__detnt_im
2503 3973 2718 4030 recitari
2745 3975 2814 4031 de
2843 3976 3038 4044 Optato
3065 3973 3207 4047 quod
3235 3979 3426 4033 velint.

2222 4045 2347 4100 555.
2390 4045 2504 4121 Ubi
2530 4057 2776 4102 asserunt
2807 4045 3100 4121 Donatistai
3128 4047 3422 4105 Caeciliano
3453 4049 3591 4105 nihil
3630 4069 3759 4121 pro-

2150 4114 2310 4172 desse
2339 4117 2660 4188 rescriptum
2685 4161 2698 4184 ,
2729 4121 2850 4189 quia
2883 4120 3154 4175 invenitur
3186 4131 3372 4190 postea
3413 4114 3757 4178 condemna-

2154 4197 2238 4263 tus
2259 4205 2287 4263 :_
2306 4200 2373 4263 _et
2395 4190 2507 4263 hoc
2538 4191 2974 4263 [oluntrecitata
2999 4192 3178 4263 Optati
3209 4193 3445 4249 lectione
3471 4206 3665 4249 consta
3679 4213 3762 4252 re.

2221 4260 2348 4335 554.
2395 4261 2494 4317 Ubi
2520 4259 2802 4335 Catholici
2853 4259 3248 4328 contestantur,
3297 4265 3442 4335 quod
3491 4266 3597 4319 sibi
3649 4283 3766 4324 non

2150 4330 2722 4407 obsi_t_erro_r_0ptati:
2751 4335 2853 4407 legi
2883 4345 3061 4391 tamen
3095 4330 3372 4407 patiuntur
3396 4334 3685 4406 Optatum.

2148 4403 2350 4530 8ιο555.
2395 4403 2495 4460 Ubi
2537 4415 2723 4476 postea
2767 4403 2972 4462 consul
3027 4403 3300 4464 inrenitur
3329 4403 3609 4478 Imperiali
3643 4410 3762 4480 cpi-

2258 4495 2324 4530 ιιι.

2258 4495 2324 4531 ilio

522 4548 649 4641 .596.
687 4547 1084 4641 ‘UbipCatholiei
1115 4563 1180 4602 ex
1222 4548 1644 4641 DOnatistarrum‘
1666 4545 2045 4641 pgosecutione
2070 4579 2122 4641 Β
2386 4547 2492 4641 Ubi
2521 4549 2588 4632 de
2618 4547 2817 4634 Optato
2847 4550 3008 4641 lectio
3039 4553 3320 4641 recitatur:

449 4619 742 4689 colligunt,
786 4620 900 4674 ﬁeri
939 4621 1178 4690 potuisse
1219 4629 1276 4675 ut
1313 4619 1450 4674 alter
1490 4617 1651 4672 fuerit
1689 4618 1903 4672 Straton
1945 4633 2038 4672 su-

449 4692 782 4764 perstitionis
812 4691 1074 4746 hortator.

520 4763 644 4820 507.
691 4763 1088 4817 Donatistarum
1129 4770 1315 4817 contra
1348 4762 1451 4816 ista
1477 4761 1774 4816 contentio.

518 4836 664 4895 508..
687 4834 1034 4889 lnterlocutio
1059 4849 1166 4901 qua
1192 4834 1386 4887 dicitur
1415 4845 1639 4902 utraque
1665 4841 1814 4902 gesta
1843 4831 2034 4887 iisdem

446 4906 781 4978 temporibus
812 4904 973 4970 facta,
999 4915 1057 4978 et_
1074 4904 1325 4978 debuisse
1357 4905 1661 4960 Stratonem
1687 4903 1878 4960 eodem
1910 4903 2037 4960 hor.

447 4975 635 5033 tatoris
673 4979 892 5034 nomine
919 4975 1208 5046 utrobique
1236 4977 1455 5045 signari.

519 5049 643 5103 509.
688 5049 818 5102 Item
850 5046 1195 5103 interlocutio
1224 5062 1343 5116 qua:
1374 5048 1600 5116 requirit
1638 5056 1884 5114 apertum
1926 5048 2035 5101 cri-

447 5134 572 5175 men
605 5129 658 5174 et
686 5120 1022 5173 manifestam
1053 5118 1454 5174 damnationem
1483 5119 1738 5176 Miltiadis
1763 5135 1884 5175 esse
1915 5134 2035 5188 pro-

445 5191 723 5247 mendam.

518 5263 623 5320 510
689 5260 1003 5318 Prosecutio
1041 5260 1476 5326 Donatistarum,
1527 5263 1775 5318 emndem
1827 5264 2035 5320 Strato-

444 5347 570 5389 nem
617 5349 740 5391 esse
787 5333 880 5401 qui
928 5333 1104 5403 pritno
1144 5332 1396 5397 tradidit,
1442 5344 1627 5402 postea
1674 5349 1760 5389 res
1803 5337 2041 5404 suscepit

445 5405 733 5470 Ecclesiae;
787 5421 886 5460 nec
939 5405 1131 5460 obesse
1181 5405 1430 5464 veritati,
1480 5405 1621 5474 quod
1670 5407 1745 5459 ibi
1795 5408 2036 5462 hortator

445 5477 847 5544 superstitionis
899 5487 984 5531 est
1033 5477 1245 5544 dictus,
1298 5475 1422 5546 quia
1473 5477 1704 5545 gentiles
1757 5477 2032 5532 diabolum

443 5546 628 5619 dicere
657 5549 942 5605 noluerunt
966 5565 978 5600 :
1012 5556 1140 5602 tunc
1167 5547 1235 5601 de
1262 5546 1496 5602 Miltiade
1526 5557 1778 5616 oportere
1802 5549 2034 5619 judicari

444 5617 712 5674 Stratonis
751 5620 1025 5675 consortio
1063 5621 1352 5674 maculato.

516 5691 642 5744 511.
685 5690 1072 5756 lnterlocutio,
1127 5692 1340 5758 probari
1394 5701 1644 5760 oportere
1697 5691 1840 5761 quod
1893 5693 2033 5747 idem

445 5759 667 5834 Straton
713 5763 868 5834 etiam
905 5773 1029 5816 tunc
1059 5778 1088 5816 a
1118 5762 1350 5820 Miltiade
1391 5759 1630 5820 directus
1671 5759 1774 5830 sit,
1819 5764 2035 5834 quando

446 5829 640 5888 dicitur
671 5833 976 5890 tradidisse.

2220 4621 2346 4695 557.
2388 4620 2504 4695 Non
2532 4623 2743 4677 inventa
2775 4626 2824 4677 in
2850 4623 3046 4695 Optato
3073 4623 3427 4680 damnatione
3454 4624 3763 4692 Cmeiliani,

2142 4691 2236 4747 sed
2268 4694 2570 4768 retentione
2596 4695 2736 4763 apud
2771 4691 3001 4768 Brixiam
3035 4697 3428 4763 temperantius
3455 4697 3522 4752 ab
3548 4691 3761 4768 Optato

2143 4771 2268 4819 esse
2293 4764 2501 4819 dictum
2533 4778 2785 4821 asserunt
2817 4767 3130 4823 Donatistae.
3359 4769 3366 4773 ’

2189 4833 2341 4891 558.
2387 4835 2732 4892 lnterlocutio
2755 4881 2769 4904 ,
2800 4839 2999 4894 debere
3033 4840 3342 4895 Donatistas
3370 4840 3460 4910 qui
3505 4839 3611 4895 hoc
3641 4840 3761 4910 0p-

2143 4911 2310 4961 tatum
2361 4912 2751 4976 tetnperantius
2803 4914 3046 4980 posuisse
3106 4913 3397 4977 dixerunt,
3447 4911 3762 4968 evidentius

2142 4979 2442 5048 approbare
2491 4979 2835 5036 Caecilianum
2885 4984 2953 5037 ab
3001 4982 3332 5054 Imperatore
3383 4983 3549 5038 fuisse
3600 4986 3763 5039 dam-

2143 5060 2346 5104 natum.

2214 5122 2338 5176 559.
2383 5122 2698 5198 Prosecutio
2731 5125 3164 5194 Donatistarum,
3207 5141 3311 5198 qua
3353 5126 3540 5184 dicunt
3583 5127 3756 5183 alium

2143 5193 2292 5247 Casa-
2323 5211 2428 5249 non
2462 5196 2628 5254 fuisse
2661 5197 2953 5253 Donatum.

2212 5263 2361 5341 540._
2380 5268 2780 5341 Catholicorum
2803 5269 2868 5324 ad
2897 5271 2996 5325 ista
3019 5270 3301 5340 responsio
3320 5311 3337 5338 ,
3363 5270 3508 5341 quod
3533 5272 3585 5326 in
3609 5274 3757 5330 actis

2141 5335 2397 5392 Miltiadis
2431 5339 2667 5395 Donatus
2697 5341 2950 5396 Caseus-is
2991 5335 3271 5397 evidenter
3297 5335 3587 5408 expressus
3613 5344 3714 5399 sit.

2213 5408 2341 5464 541.
2383 5408 2481 5466 Ubi
2513 5411 2803 5486 l’etiliahus
2829 5413 3132 5484 Episcopus
3154 5414 3324 5484 partis
3352 5415 3540 5470 Donati
3575 5417 3756 5486 impe-

2143 5480 2722 5555 diniento_ra_ucedinis
2746 5480 2908 5554 agere
2935 5500 2994 5540 se
3023 5480 3128 5540 non
3155 5480 3316 5555 posse
3348 5496 3596 5541 testatur.

2215 5551 2344 5607 542.
2390 5552 2489 5608 Ubi
2527 5551 2804 5610 Catholici
2833 5564 3123 5624 testantur,
3159 5551 3293 5612 ideo
3331 5572 3391 5612 se
3419 5557 3750 5613 Petilianum

2144 5624 2479 5699 excusationi
2529 5626 2853 5683 subtrahere
2900 5628 3177 5696 Voluisse,
3229 5631 3372 5699 quod
3413 5630 3465 5685 ei
3507 5631 3752 5685 Donatus

2141 5693 2396 5750 Casensis
2422 5711 2486 5751 ex
2517 5699 2685 5758 gestis
2715 5701 2994 5756 evidenter
3023 5693 3276 5758 ostensus
3310 5709 3413 5756 est.

2212 5766 2336 5843 515.
2378 5766 2729 5843 lnterlocutio
2750 5812 2764 5835 ,
2797 5787 2918 5827 cum
2962 5779 3174 5843 septeni
3206 5773 3456 5842 adstcnt,
3487 5773 3554 5831 de
3580 5771 3750 5830 unius

2141 5836 2354 5895 defectu
2382 5841 2658 5911 querelam
2686 5857 2807 5901 esse
2835 5857 3017 5916 posse.
