3972 6328
219 263 356 318 i257

213 445 425 501 tantino
454 444 699 499 libellum
727 454 976 499 asserunt
1009 444 1258 514 pr0prins
1289 444 1502 496 dedisse
1534 443 1769 512 majores
1793 485 1806 508 ,

215 528 268 573 et
296 533 363 569 eo
401 516 702 586 principem
729 524 931 570 mutum
960 514 1152 586 agendi
1177 515 1255 570 eis
1275 515 1489 586 dedisse
1514 514 1805 586 licentiam,

217 596 272 644 et
299 589 372 643 ibi
403 587 598 642 Felicis
624 585 971 657 Aptungitani
1004 585 1242 656 episcopi
1271 588 1360 656 qui
1387 585 1662 641 Czeciliani
1691 585 1803 640 {ue-

216 669 302 716 rat
330 659 631 724 ordinator,
661 672 821 715 causa
849 669 1116 713 narratur.

288 731 418 787 515.
458 728 808 784 lnterlocutio
835 731 1056 800 exigens
1084 739 1142 784 ut
1170 729 1311 800 quod
1340 728 1600 798 competit
1629 729 1808 784 Dona-

221 803 390 863 tistis,
419 801 869 856 documentorum
902 801 1202 872 prolatione
1235 808 1589 872 monstretur,

289 873 418 929 5-16.
460 872 654 928 Libelli
697 873 940 927 recitatio
980 887 1138 942 quem
1179 871 1534 928 Constantino
1575 871 1810 942 impera-

219 948 318 1001 tori
351 943 624 1000 dederunt
649 943 743 998 illo
774 951 1018 1014 tempore
1048 944 1360 999 Donatistae.

288 1016 421 1072 517.
461 1015 777 1069 Prosecutio
805 1015 1208 1070 Catholicorum
1232 1057 1246 1080 ,
1278 1029 1381 1084 qua
1425 1023 1678 1070 asserunt
1717 1029 1813 1085 pro

217 1104 277 1144 sc
319 1089 496 1141 facere
537 1086 778 1140 libellum
807 1102 967 1156 quem
998 1087 1362 1142 recitaverunt
1393 1086 1705 1140 Donatistae.

291 1160 419 1214 548.
462 1157 814 1212 lnterlocutio
839 1156 1240 1212 Catho'icmutn
1269 1157 1410 1211 dicta
1442 1158 1774 1210 continuatis
1797 1198 1810 1221 ,

218 1241 270 1288 ct
302 1231 625 1298 rescriptum
655 1228 993 1283 Constantini
1028 1231 1346 1298 praecipiens
1379 1229 1614 1282 recitari.

292 1301 419 1356 519.
465 1300 563 1356 Ubi
606 1302 865 1356 recitatur
903 1301 1127 1370 epistola
1169 1299 1504 1356 Constantini
1545 1299 1613 1354 ad
1663 1298 1809 1353 vica-

221 1375 360 1427 riunt
392 1371 650 1428 Verinum
682 1372 982 1441 destinata,
1015 1386 1121 1444 qua
1151 1371 1454 1428 libertatem
1485 1370 1680 1440 agendi
1721 1371 1814 1425 tri-

221 1445 336 1500 bttit
359 1444 670 1498 Donatistis.

294 1517 422 1572 550.
463 1515 779 1570 Prosecutio
819 1514 1219 1576 Catholicorum
1265 1530 1388 1583 qua:
1431 1512 1562 1569 dicit
1612 1527 1710 1582 pro
1756 1527 1816 1566 se

220 1589 392 1658 magis
437 1587 725 1658 epistolam
758 1586 951 1658 tacere
994 1586 1369 1648 Constantini,
1417 1586 1540 1658 quia
1592 1583 1815 1658 nonde

221 1655 516 1715 Caeciliano
569 1657 769 1730 aliquid
818 1659 1114 1728 judicatum
1180 1667 1298 1724 est,
1347 1657 1441 1712 sed
1491 1656 1661 1711 furori
1714 1655 1816 1726 ipsi

222 1731 472 1801 permissi
501 1738 646 1786 sunt.
869 1800 872 1801 ν
944 1740 946 1742 '

294 1803 421 1857 551.
467 1801 816 1858 lnterlocutio
851 1800 1248 1857 Catholicorum
1289 1798 1430 1854 dicta
1462 1798 1810 1854 conﬁrmans.

293 1873 425 1930 552.
467 1873 569 1929 Ubi
612 1873 902 1928 Donatistae
940 1881 1130 1944 petunt
1169 1874 1241 1944 ιιι
1259 1871 1426 1940 judex
1456 1870 1524 1926 de
1556 1871 1814 1944 permissa

405 1945 506 2000 sibi
533 1961 564 1999 a
590 1941 1183 2000 Constantimiarbitrii
1211 1943 1461 1998 libertate
1485 1941 1813 2010 pronuntiet.

329 2013 418 2072 55.
471 2015 820 2088 lnterlocutio
850 2017 1204 2088 pronuntians
1246 2013 1388 2088 quod
1438 2013 1663 2088 petitum
1695 2021 1810 2088 est,

220 2096 276 2144 et
302 2088 563 2143 adserens
591 2085 888 2158 principem
923 2088 1221 2158 Honorium
1246 2089 1312 2141 de
1330 2085 1669 2141 absitlutione
1693 2085 1815 2139 Ca:-

218 2159 402 2215 ciliani
424 2157 935 2229 hodie'praecepisse
963 2157 1214 2228 disquiri.

292 2231 421 2286 554.
466 2228 782 2287 Prosecutio
814 2230 1215 2285 Donatistarum
1247 2243 1350 2299 qua
1393 2228 1817 2298 interpretantur

220 2301 344 2359 ideo
371 2319 479 2358 non
511 2301 680 2356 videri
706 2302 1048 2357 Cmcilianum
1101 2300 1267 2355 fuisse
1316 2309 1641 2369 purgatum,
1689 2299 1815 2369 quia

218 2383 515 2430 retractata
539 2387 701 2429 causa
729 2372 926 2428 Felicis
957 2372 1282 2428 ordiuatoris
1310 2371 1551 2441 ejusdem
1576 2413 1591 2437 ,
1626 2371 1818 2441 Ingen-

219 2448 329 2501 tius
354 2447 573 2515 quidam
605 2445 670 2500 ad
703 2446 1017 2515 comitatum
1050 2451 1350 2515 praeceptus
1395 2441 1769 2515 est_destinari
1797 2482 1811 2506 ,

216 2528 272 2573 et
301 2512 437 2572 nibil
465 2525 647 2572 actum
676 2515 745 2571 ab
772 2514 1018 2588 lugentio
1046 2512 1316 2586 reperitur
1337 2529 1447 2585 quo
1477 2512 1624 2570 Felix
1656 2513 1817 2569 abso-

216 2591 363 2646 lutus
393 2605 516 2646 esse
543 2595 818 2643 noscatur.

289 2662 421 2718 555.
475 2658 790 2716 Prosecutio
817 2659 1218 2715 Catholicorum
1265 2673 1367 2730 qua
1395 2656 1719 2729 promittunt
1756 2670 1818 2711 se

217 2731 423 2788 ,Ειίδηὶ
484 2732 821 2800 proconsulis
872 2733 1094 2787 recitata
1151 2731 1415 2786 relatione
1467 2734 1814 2792 monstrare,

217 2805 347 2874 quid
380 2819 545 2873 super
570 2803 766 2858 Felicis
796 2804 1136 2860 absolutione
1168 2803 1331 2874 fuerit
1359 2803 1658 2874 actitatum.

291 2873 423 2932 556.
451 2871 559 2930 Ubi
589 2874 882 2931 Donatistae
903 2875 1241 2930 contendunt
1268 2872 1604 2928 Constantini
1643 2871 1820 2936 potius

217 2947 430 3004 litteras
459 2946 800 3018 recitandas,
849 2946 1046 3018 quibus
1092 2947 1276 3017 jussus
1323 2953 1406 3001 est
1450 2942 1724 3014 lngentius
1752 2943 1818 2998 ad

217 3019 494 3091 palatium
509 3017 791 3091 destinari.

291 3090 422 3173 557.
473 3088 830 3148 lnterlocutio
857 3104 982 3163 quae
1013 3090 1116 3146 hoc
1159 3089 1342 3161 potius
1382 3086 1630 3160 meipil.
1671 3084 1817 3142 reci-

218 3171 347 3218 tari.

293 3234 426 3290 558.
470 3232 572 3290 Ubi
600 3235 684 3290 hac
712 3233 843 3304 ipsae
870 3234 1068 3290 littera:
1096 3231 1416 3289 recitantur.

291 3305 424 3362 559.
455 3300 774 3361 Prosecutio
803 3305 1223 3370 Catholicorum,
1257 3304 1348 3359 ubi
1376 3303 1566 3358 dicunt
1591 3300 1819 3358 relatio-

223 3393 353 3433 nem
381 3376 585 3434 AEIiani
608 3377 943 3446 proconsulis
964 3377 1314 3443 recitandam,
1339 3391 1444 3446 qua
1461 3374 1610 3430 Felix
1635 3381 1825 3429 osten-

218 3449 370 3504 ditur
399 3449 697 3505 absolutus.

291 3520 428 3587 560,
462 3520 728 3577 Recitatio
757 3519 1036 3578 relationis
1067 3519 1331 3590 ejusdem.

293 3590 426 3648 561.
476 3591 830 3648 lnterlocutio
857 3608 978 3659 quae
1007 3587 1288 3662 deposcit,
1341 3599 1398 3645 ut
1425 3589 1492 3645 ad
1522 3587 1817 3658 pleniorem

223 3663 390 3746 ﬁdem
437 3665 598 3746 etiam
643 3675 795 3736 gesta
842 3663 957 3734 ipsa
981 3665 1176 3735 quibus
1204 3662 1355 3719 Felix
1387 3669 1643 3732 purgatus
1694 3671 1774 3715 est
1803 3701 1820 3726 ,

221 3744 546 3793 recitentur.

293 3807 422 3862 562.
476 3806 581 3864 Ubi
610 3807 905 3863 Donatista:
933 3805 1268 3864 contendunt
1315 3803 1447 3861 illud
1475 3805 1652 3874 potius
1683 3801 1825 3857 reci-

223 3877 476 3945 tandum,
500 3881 546 3934 si
575 3888 669 3934 aut
695 3879 936 3934 directus
958 3889 1040 3936 est
1067 3921 1082 3945 ,
1119 3887 1212 3933 aut
1241 3876 1445 3950 aliquid
1472 3875 1615 3946 apud
1646 3875 1818 3944 impe-

219 3962 468 4022 ratorem
488 3950 610 4022 egit
633 3952 924 4022 lugentius.

297 4021 428 4078 565.
481 4018 794 4078 Prosecutio
840 4019 1240 4077 Catholicorum
1267 4061 1282 4086 ,
1324 4031 1446 4092 aeta
1474 4019 1655 4092 potius
1684 4018 1825 4074 reci—

220 4095 326 4148 tari
371 4102 626 4164 oportere
655 4135 672 4160 ,
714 4103 773 4149 ut
819 4091 1274 4164 quemadmodum
1301 4091 1647 4164 Caecilianum
1686 4105 1819 4145 con-

218 4165 366 4221 stitit
394 4162 740 4234 absolutum,
786 4162 856 4219 ita
899 4172 956 4220 et
981 4162 1133 4219 Felix
1163 4175 1420 4235 purgatus
1463 4163 1632 4219 fuisse
1668 4177 1824 4218 mon-

217 4242 452 4292 stretur.

293 4307 424 4364 564.
455 4306 801 4366 lnterlocutio
822 4315 974 4380 gesta
1007 4305 1328 4378 praecipiens
1357 4305 1594 4363 recitari.

1179 258 1401 317 GESTA
1439 255 1890 315 COLLATIONIS
1919 257 2536 316 CARTHAGINENSIS.

285 373 414 431 541.
459 371 770 427 Prosecutio
792 371 1222 437 Donatistarum,
1252 387 1352 442 qua
1384 371 1611 439 principi
1632 370 1802 427 Cous-
1834 375 1889 432 Α

1913 727 2097 784 Felice

3371 267 3509 324 i258

1983 372 2107 427 565.
2157 367 2444 450 Gestorum
2476 373 2722 429 recitatio
2763 388 2859 444 pro
2887 375 3069 433 Felice
3108 379 3198 450 qtti
3228 378 3502 437 Caeciliani

1911 441 2088 496 fuerat
2113 444 2408 499 ordinatur.

1983 510 2117 595 5967..
2142 514 2488 571 lnterlocutio
2515 518 2736 589 exigens
2764 530 2819 574 ut
2844 519 2986 590 quod
3016 521 3258 592 partibus
3285 538 3507 595 compe-

1914 583 1996 651 tit,
2024 585 2320 641 iutimetur.

2163 658 2473 783 Ριειοῗξοιιιίο
2519 660 2918 718 Donatistarum
2964 672 3154 720 contra
3199 676 3346 735 gesta
3409 682 3506 736 pro

1984 744 2097 783 :tce
2121 743 2218 798 pro
2243 747 2268 781 ει
2335 767 2348 783 .

2158 745 2348 783 relata.

1985 799 2113 856 568.
2163 800 2514 880 lnterlocutio
2539 843 2553 867 ,
2578 814 2723 880 gesta
2748 847 2764 880 _,
2805 822 2925 875 qua:
2954 807 3226 862 roboravit
3271 810 3508 880 antiqui-

1915 878 1998 953 tas
2020 872 2281 995 ,lnonnisi
2309 872 2537 928 aliorum
2571 872 2870 944 prolatione
2911 888 3185 949 gestorum
3229 896 3387 950 posse
3407 872 3509 936 ἰθ-

1915 958 2108 995 sctnu.

1913 958 2108 997 εειηιιι.

1987 1014 2111 1092 569.
2137 1015 2448 1092 Prosecutio
2467 1016 2892 1092 Catltolicorum,
2908 1021 3156 1077 sufficere
3171 1038 3348 1078 causa:
3365 1025 3506 1092 quod

1917 1085 1984 1163 ab
2009 1087 2142 1163 ipsis
2164 1095 2246 1140 est
2277 1090 2568 1163 recitatum
2592 1129 2604 1152 ,
2630 1101 2690 1163 _ct
2729 1091 2774 1163 si
2814 1091 3085 1146 Czcciliani
3134 1085 3506 1163 purgationem

1917 1156 2144 1234 lngentii
2177 1173 2406 1228 persona
2433 1160 2710 1229 rescindit,
2740 1161 3045 1218 Donatistas
3069 1156 3171 1219 hoc
3201 1156 3377 1234 petitis
3405 1167 3504 1222 dc-

1918 1227 2047 1283 bcre
2075 1227 2396 1285 monSIrat-e.
2697 1227 2704 1229 ’
2963 1247 2967 1251 ·

1989 1301 2115 1374 576.
2143 1301 2492 1374 lnterlocutio
2521 1317 2640 1372 quae
2660 1303 2802 1358 istud
2831 1303 2997 1374 exigit
3021 1307 3258 1361 recitari.

1991 1371 2116 1448 57i_.
2149 1371 2547 1448 Donatistarum
2574 1375 2884 1448 prosecutio
2912 1371 3016 1446 qua
3038 1379 3243 1442 dicunt,
3274 1393 3512 1448 prresett-

1921 1450 2026 1495 tem
2074 1443 2321 1519 Felicem
2341 1443 2595 1519 debuisse
2637 1445 2852 1514 purgari
2880 1489 2894 1511 ,
2919 1443 3000 1519 get
3031 1463 3136 1518 qua
3182 1443 3466 1519 requirunt
3493 1491 3508 1514 .

1919 1521 2100 1568 utrum
2123 1514 2323 1592 aliquid
2345 1516 2484 1586 apud
2509 1515 2890 1586 imperatorem
2918 1514 3192 1589 lngentius
3213 1514 3312 1592 pro
3333 1521 3515 1578 Felice

1919 1586 2282 1649 restionderit.

1992 1657 2118 1711 572.
2167 1657 2480 1735 Prosecutio
2507 1657 2908 1735 Catltolicorum
2954 1676 3057 1732 qua
3103 1661 3329 1735 dicunt,
3377 1680 3515 1735 quo-

1845 1767 1894 1828 Β
1921 1727 3086 1828 ῐῑξὲξιιοηξξιξξεἰς,9τ.ί1ίξιεξξξ1ῖεεξεέθῖιεε.είιηιι
3102 1727 3517 1828 Sabercto?“-

1924 1808 2091 1883 tprem
2119 1842 2133 1867 ,
2166 1801 2451 1856 summotis
2484 1803 3018 1872 tergiversationibus
3044 1845 3058 1870 ,
3102 1803 3245 1862 ferre
3293 1801 3516 1864 senten—

1921 1881 2069 1926 Hann
3291 1913 3294 1916 .

1992 1944 2119 2021 575.
2151 1943 2500 2021 lnterlocutio
2540 1946 2762 2021 exigens
2785 1955 2846 2003 ut
2873 1957 3062 2021 contra
3085 1958 3236 2021 gesta
3261 1991 3276 2017 ,
3317 1950 3516 2018 quibus

1919 2015 2198 2092 absolutth
2225 2025 2308 2071 est
2338 2014 2535 2092 Felix,_
2544 2014 2747 2092 aliquid
2776 2020 3050 2074 recitetnr.
3087 2014 3158 2092 ⁷]
3262 2014 3272 2017 ’
3336 2014 3349 2018 ”
3473 2051 3477 2056 ν
3531 2079 3535 2092 ,

1992 2087 2117 2160 571.
2152 2086 2466 2160 Prosecutio
2496 2087 2920 2153 Catholicorum,
2953 2091 3173 2160 majoris
3212 2107 3333 2148 esse
3362 2093 3514 2146 inno-

1919 2159 2110 2233 centiaz
2134 2157 2688 2233 documetttum_quod
2719 2162 2911 2216 absens
2939 2157 3193 2233 purgatus
3220 2174 3303 2217 est
3334 2162 3511 2218 Felix.

1992 2232 2119 2304 575.
2169 2229 2486 2304 Prosecutio
2518 2229 2953 2304 Donatistarum,
2998 2229 3101 2304 qua
3131 2250 3323 2289 omnes
3354 2238 3518 2291 tutius

1920 2302 2120 2376 negotii
2151 2301 2579 2376 recapitulantur
2594 2303 2843 2376 articulis
2869 2301 3210 2374 superiorum
3259 2321 3520 2376 prosecu-

1922 2371 2127 2428 tionum
2157 2371 2356 2426 diversi
2390 2371 2629 2425 tractati.

1991 2443 2117 2517 576.
2143 2441 2491 2497 lnterlocutio
2519 2443 2762 2517 absoluta
2791 2455 2843 2500 et
2866 2457 3182 2517 consumpta
3209 2451 3381 2517 repeti
3412 2465 3517 2504 non

1920 2515 2119 2570 debere
2143 2555 2158 2578 ,
2200 2529 2306 2584 qua
2337 2527 2526 2568 rursus
2555 2514 2787 2582 exigitur
2812 2527 2872 2572 ut
2898 2514 3316 2576 contra'Felicis
3354 2521 3518 2576 abso-

1921 2587 2180 2642 lutionem
2207 2583 2408 2655 aliquid
2438 2585 2714 2655 recitetnr.

1993 2657 2141 2730 577._
2172 2653 2485 2730 Pros‘ecutio
2513 2653 2916 2730 Catholicorum
2941 2703 2956 2727 ,
2999 2661 3279 2730 postulans
3307 2672 3364 2716 ut
3388 2678 3521 2730 quo.

1921 2729 2066 2785 niam
2092 2728 2353 2804 discussis
2382 2726 2636 2782 omnibus
2657 2769 2673 2795 ,
2721 2726 3342 2802 superﬂua'repetuntur
3370 2775 3384 2800 ,
3406 2726 3521 2804 jam

1920 2801 2187 2856 sententia
2218 2798 2547 2869 proferatur.

1995 2871 2124 2928 578.
2165 2870 2514 2926 lnterlocutio
2541 2879 2728 2927 contra
2771 2873 2968 2931 Felicis
2995 2876 3394 2934 absolutionem
3429 2876 3526 2931 ali-

1921 2944 2062 3017 quid;
2078 2941 2435 3017 recitandum.

1995 3015 2124 3071 579.
2177 3014 2490 3090 Prosecutio
2520 3014 2922 3090 Donatistarum
2951 3019 3153 3076 debere
3178 3019 3416 3090 judicem
3457 3019 3526 3075 de

1927 3085 2015 3142 his
2045 3101 2165 3153 quae
2198 3085 2405 3154 prolata
2435 3094 2561 3140 sunt
2583 3085 2848 3154 judicare.

1851 3154 1896 3218 C
1987 3158 2126 3234 580.
2163 3157 2477 3234 Prosecuti‘o
2507 3157 2913 3217 Catholicorum
2941 3162 3088 3234 (qua
3128 3164 3441 3234 postulant)
3470 3173 3530 3218 ut

1927 3231 2088 3288 etiam
2117 3238 2310 3284 caetera
2341 3229 2656 3286 reciteutur.

2000 3299 2126 3356 581.
2180 3299 2529 3372 lnterlocutio
2556 3347 2571 3371 ,
2616 3303 2799 3358 omnia
2830 3303 3031 3362 debere
3066 3305 3283 3360 recitari
3311 3345 3326 3372 ,
3374 3311 3434 3360 ut
3461 3305 3528 3360 dc

1927 3372 2180 3428 omnibus
2207 3371 2499 3438 judicetur.

2001 3445 2128 3518 58a.
2157 3443 2482 3518 _Prosecutio
2510 3446 2904 3502 Donatistarum
2945 3448 3143 3503 similis
3171 3447 3524 3518 praecedenti.

2001 3516 2128 3588 585.
2156 3513 2505 3588 lnterlocutio
2526 3517 2720 3574 similis
2747 3520 3099 3588 prmeedenti.

2002 3585 2126 3642 584.
2172 3587 2488 3660 Prosectttio
2514 3585 2939 3656 Donatistarum,
2970 3607 3067 3660 pro
3093 3591 3319 3647 arbitrio
3362 3593 3529 3660 partis

1926 3657 2169 3713 adversae
2201 3657 2451 3735 falsatum
2484 3675 2608 3716 esse
2637 3669 2693 3716 et
2719 3657 3056 3718 destructum
3084 3663 3344 3735 quidquid
3365 3657 3396 3717 ξι
3431 3680 3525 3717 sua

1928 3739 2082 3800 parte
2109 3731 2379 3799 prolatum
2403 3740 2510 3784 est.

2001 3801 2128 3876 585.
2183 3800 2557 3876 lnterlocutio,
2604 3802 2652 3859 si
2679 3804 2807 3859 nihil
2839 3817 3088 3876 superest
3113 3807 3255 3876 quod
3288 3806 3526 3876 legatur,

1927 3872 2126 3948 debere
2159 3883 2341 3948 partes
2364 3875 2534 3948 exire,
2568 3883 2625 3929 ut
2655 3876 2816 3931 scribi
2848 3872 3018 3946 possit
3045 3872 3204 3948 plena
3231 3872 3524 3931 sententia.

2180 3943 2532 4002 lnterlocutio
2573 3943 2880 4003 convocans
2925 3943 3109 4019 partes
3153 3959 3209 4004 ut
3258 3949 3548 4004 sententia

1929 4025 2209 4074 recitetur.

1999 4089 2128 4146 587.
2174 4087 2452 4145 Sententia
2485 4089 2710 4145 recitata
2738 4105 2858 4160 quae
2884 4098 3057 4147 totum
3087 4092 3367 4160 complexa
3414 4106 3527 4146 ne—

1924 4160 2308 4288 (glotiumﬁquid
2331 4161 2604 4217 observari
2629 4170 2898 4233 oporteat,
2917 4177 3016 4234 pro
3033 4164 3296 4220 catholica
3325 4162 3531 4218 unitate

1965 4247 2148 4288 eeernt
2177 4271 2190 4284 .

1965 4241 2190 4289 ecernit.

2161 4302 2467 4376 Expliciunt
2489 4304 2734 4378 Capitula
2757 4306 2920 4362 tertiae
2947 4304 3288 4378 Cognitionis.

229 4463 3520 4493 Mm

1392 4568 1558 4643 246
1585 4571 1734 4626 ANNO
1791 4566 1987 4623 Donum
2034 4565 2162 4623 Ml.

679 4718 1298 4809 INCIPIUNT
1373 4717 1751 4803 GESTA
1825 4667 2225 4804 PRIM/E
2304 4711 3108 4800 COGNITIONIS.

236 4999 247 5010 ⁸
305 5025 356 5080 1.
389 5022 515 5080 Post
555 5017 877 5076 consalutant
922 5013 1142 5071 Varanis
1190 5011 1258 5068 V.
1291 5011 1348 5068 C.
1399 5010 1504 5067 kal.
1537 5010 1668 5065 Jun.
1703 5009 1829 5065 Car-
1851 5011 1906 5073 D
1935 5005 2038 5082 (2),
2071 5005 2404 5080 prazsentibus
2425 5005 2756 5074 Sebastiano,
2788 5005 3113 5063 Maximiano
3143 5020 3192 5064 et
3219 5009 3376 5070 Petro
3416 5017 3538 5072 viri;

225 5119 438 5191 tltagine
481 5116 534 5169 in
578 5111 870 5170 Secretario
899 5107 980 5182 (1)
1024 5105 1370 5162 Thermarum
1409 5103 1826 5176 Gargilianarum

330 5277 384 5351 1)
413 5274 439 5330 1
449 5293 481 5330 η
511 5268 905 5351 Secretaﬁo._ld
934 5267 1120 5351 εειρη
1151 5265 1419 5350 auditorio
1445 5307 1470 5348 ,ο
1490 5264 1543 5319 in
1570 5263 1826 5351 praetorio

227 5335 324 5407 ubi
341 5335 430 5418 jus
461 5346 677 5418 publice
703 5343 1004 5418 dicebatur.
1044 5335 1346 5418 CXprianus
1389 5339 1676 5418 episcopus
1696 5337 1827 5418 Car-

228 5355 324 5407 ubi
341 5355 430 5418 jus
461 5355 677 5416 publice
703 5355 1004 5397 atcebatur.
1044 5355 1346 5464 héprtanus
1389 5355 1676 5408 episcopus
1696 5355 1827 5390 uar-

228 5417 570 5490 tbaginensis
619 5413 916 5487 productus
958 5420 1041 5490 est
1126 5410 1393 5490 artltaqitte
1442 5409 1497 5490 in
1540 5407 1828 5490 $ecreta_r_io

227 5479 419 5550 coram
453 5479 685 5544 Paterno
711 5483 1035 5557 proconsule
1057 5525 1072 5548 ,
1123 5491 1184 5536 ut
1211 5481 1410 5557 legitur
1445 5481 1513 5557 ἰιιΔ
1527 5479 1643 5549 ejus
1674 5479 1830 5557 actis.

231 5561 603 5622 Secretarium
636 5550 1090 5630 pt‘:ieto_rii_legitur
1118 5550 1650 5630 apud'AuguStinuni
1683 5550 1719 5603 Ι.
1751 5563 1834 5630 ιιι2

230 5619 426 5693 contra
457 5619 653 5688 Cresc:
678 5645 728 5686 c.
752 5627 843 5685 56.
873 5627 939 5682 Et
955 5619 1319 5681 Secretarium
1344 5619 1681 5694 proconsulis
1699 5619 1839 5694 apud

230 5691 508 5766 E’vntnum
536 5702 857 5758 Uzalensem
889 5699 926 5754 ι.
979 5712 1014 5752 ιι
1061 5696 1130 5751 de
1181 5691 1453 5752 Miraculis
1489 5694 1549 5750 s.
1583 5691 1845 5766 Stephani

229 5764 289 5838 c.
319 5778 378 5836 5.
421 5776 598 5834 Locus
629 5781 808 5830 autem
838 5772 929 5825 ille
949 5778 1066 5824 erat
1091 5768 1227 5824 situs
1257 5769 1312 5824 in
1343 5766 1518 5824 media
1549 5764 1683 5822 urbe
1718 5765 1851 5823 Car-

774 5867 1050 5926 ΡΑτιιοι..
1085 5861 1199 5924 XI.

1933 5101 2274 5159 devotissimis
2297 5101 2666 5172 protectoribus
2691 5101 3006 5170 domesticis,
3027 5103 3350 5164 adstantibus
3375 5108 3422 5165 U
3426 5127 3534 5178 rso,

1934 5261 2275 5345 thaginensi,_
2292 5270 2352 5345 ut
2375 5259 2533 5318 docet
2552 5261 2782 5345 August:
2809 5262 2865 5345 in
2889 5264 2925 5318 l.
2951 5264 3017 5320 ad
3038 5265 3342 5345 D_onatista_s
3367 5273 3540 5345 scrip-

1934 5343 1993 5390 to
2022 5345 2145 5405 post
2174 5334 2519 5388 collationem
2546 5351 2595 5388 c.
2627 5335 2720 5399 25.
2757 5335 2920 5391 fuisse
2950 5339 3266 5405 spatiosum,
3302 5334 3540 5401 lucidu'ut

1936 5415 1993 5462 et
2016 5405 2431 5469 relrigerantem
2459 5405 2714 5460 scribitur
2737 5405 2867 5463 ibid.
2896 5421 2944 5460 c.
2970 5407 3058 5463 55.
3089 5426 3368 5469 BALUZIUS.

2015 5476 2094 5548 (2)
2151 5475 2489 5530 Thermarum
2518 5476 2955 5548 Gargilianarum.
3010 5480 3209 5536 llarunt
3242 5497 3419 5543 exalat
3449 5488 3542 5546 de-

1941 5549 2166 5622 scriptio
2189 5548 2309 5622 iul.
2348 5563 2384 5603 ιι
2414 5558 2525 5622 ιιιξιἐ
2553 5549 2734 5622 Epigr.
2767 5548 2984 5622 Pitbmi.
3021 5550 3098 5606 Ex
3120 5556 3386 5622 prioribus
3417 5577 3544 5616 vero

1947 5629 2002 5676 et.
2029 5620 2233 5675 ultimis
2264 5621 2458 5675 litteris
2488 5620 2907 5689 Epigrammatis
2935 5621 2985 5676 itt
3017 5620 3132 5691 quo
3154 5625 3400 5685 Tlterntaa
3444 5633 3547 5688 illa:

1949 5691 2353 5755 describuntur,
2383 5701 2528 5748 recte
2555 5691 2776 5761 collegit
2803 5692 3126 5750 Sirmondus
3150 5712 3242 5753 eas
3263 5715 3290 5752 a
3315 5701 3549 5759 Tltrasa-

1953 5764 2157 5822 mundo
2187 5762 2553 5820 Vandalorum
2582 5778 2710 5835 rege
2742 5764 2912 5821 fuisse
2935 5777 3243 5828 renovatas.
3272 5788 3546 5834 BALUZIUS.

2959 5856 3040 5920 ltO
