3972 6328
415 242 561 302 1259

1389 226 1616 288 GESTA
1656 219 2114 283 COLLATIUNIS
2153 223 2778 290 CARTHAGINENSIS.

3580 238 3720 297 1260

419 359 665 417 Petronio
689 364 734 412 et
759 351 946 409 Liboso
968 348 1282 414 ducenariis,
1316 344 1590 416 Bonifacio
1619 350 1666 398 et
1695 339 1886 395 Euasio
1911 355 2009 410 ap-
2039 342 2095 403 Α
2115 344 2372 414 cognitio,
2400 346 2469 404 ab
2495 348 2746 406 omnibus
2773 347 2944 420 possit
2960 349 3191 418 adverti,
3217 350 3345 408 licet
3367 364 3487 408 eam
3508 357 3718 411 cunctis

420 451 730 528 paritoribus
746 447 1025 503 illustrium
1042 452 1190 514 atque
1213 439 1547 496 eminentium
1569 446 1897 509 potestatum,
1925 431 2020 486 Fi-

421 527 523 607 leto
546 539 1070 620 apparitoreillustris
1097 537 1346 592 comitium
1364 534 1498 590 sedis
1527 530 1629 608 (5),
1660 529 1894 620 Exitioso
1925 527 2022 582 ad-

415 648 593 718 jutore
623 635 930 694 corniculari
953 675 969 700 ,
1004 631 1247 687 Possidio
1267 671 1283 696 ,
1315 625 1670 709 Quodvultdeo
1707 633 1754 679 et
1777 620 2020 678 Colonico

421 734 749 809 adjutoribus
773 728 1256 785 commentariorum
1291 723 1458 794 Oﬂicii
1488 739 1541 776 ι).
1571 736 1626 776 Ν.
1661 734 1712 772 v.
1748 734 1797 774 c.
1841 726 1888 772 et
1909 732 2024 787 spe-

422 828 624 885 ctabilis
646 821 966 898 proconsulis
994 819 1218 891 Navigio
1241 817 1477 887 adiutore
1493 828 1821 869 numerorum
1858 809 2024 881 Ofﬁcii

421 940 476 979 D.
502 939 554 978 Ν.
586 937 637 976 v.
668 935 718 975 c.
752 927 798 972 et
821 914 1112 986 spectabilis
1151 912 1363 977 vicarii,
1402 909 1632 980 Nampio
1659 905 1826 961 scriba
1859 904 2025 976 Oﬂicii

423 1033 478 1073 v.
509 1029 562 1071 ε.
595 1012 750 1084 legati
780 1010 933 1064 alma:
969 1004 1300 1075 Carthaginis
1321 1045 1337 1070 ,
1377 1001 1660 1071 Ruﬁniano
1687 998 1854 1054 scriba
1887 1013 1942 1053 v.
1967 1011 2017 1051 c.

423 1107 672 1166 curatoris
719 1104 870 1160 celate
909 1099 1262 1170 Carthaginis,
1293 1093 1659 1167 excipientibus
1686 1092 1841 1148 etiam
1871 1089 2024 1144 Hila-

420 1223 480 1261 ro
507 1213 552 1258 et
582 1200 896 1256 Prtetextato
918 1191 1267 1264 exceptat-ibus
1294 1207 1346 1246 D.
1380 1205 1434 1246 Ν.
1465 1204 1517 1244 ν.
1545 1203 1596 1243 c.
1647 1196 1692 1242 et
1731 1184 2028 1258 spectabilis

425 1293 771 1367 proconsulis,
801 1289 968 1344 Fabio
1016 1294 1282 1354 exceptare
1309 1298 1361 1338 υ.
1381 1297 1442 1343 1v.
1475 1295 1531 1335 v.
1565 1295 1614 1334 c.
1645 1287 1693 1334 et
1732 1275 2025 1347 spectabilis

423 1389 622 1455 vicarii,
653 1395 701 1442 et
723 1382 949 1439 Romqu
977 1387 1242 1450 exceptare
1269 1391 1324 1432 v.
1357 1391 1408 1432 c.
1435 1374 1588 1445 legati
1619 1371 1772 1426 alnus
1797 1367 2022 1424 Cartha-

421 1484 578 1558 ginis,
607 1477 974 1552 excipientibus
1000 1488 1199 1544 quoque
1229 1468 1490 1524 Januario
1516 1475 1560 1522 et
1596 1464 1768 1519 Vitale
1810 1463 2023 1518 notariis

423 1554 671 1636 Ecclesiae
693 1573 960 1630 catholica:
986 1587 1003 1636 ;
1058 1567 1258 1622 Victore
1287 1574 1332 1618 et
1371 1559 1642 1617 Cresconio
1671 1558 1886 1613 notariis
1923 1554 2028 1609 Ec-

425 1673 595 1728 clesia:
632 1666 1062 1728 Donatistarum,
1111 1659 1272 1715 Ursus
1307 1653 1615 1711 ducenarius
1639 1651 1923 1707 illustrium
1944 1663 2026 1703 at-

2121 436 2421 495 innotuisse
2442 448 2524 494 sat
2551 441 2752 496 clarum
2772 441 2859 496 sit.
2895 441 3155 498 Martialis
3180 455 3421 516 exceptor
3460 446 3715 504 recitavit.

2194 529 2247 584 4.
2332 530 2691 603 Imperatores
2745 532 2988 593 Caesares
3038 535 3261 596 Flavius
3317 539 3591 598 Honorius
3666 551 3725 598 et

2124 622 2462 682 Theodosius
2488 628 2599 698 pii,
2633 627 2814 684 felices
2839 671 2854 694 ,
2887 630 3121 688 victores
3145 673 3160 699 ,
3192 647 3256 688 ac
3291 633 3726 705 triumphatores

2125 732 2339 789 semper
2367 719 2614 792 Augusti,
2639 720 2822 779 Flavio
2844 723 3154 781 Marcellino
3175 739 3273 781 suo
3295 726 3546 784 salutem.
3577 727 3724 783 inter

2126 811 2338 882 imperii
2365 817 2531 868 nostri
2563 816 2827 872 ruaxitnas
2855 832 3035 885 curas,
3079 818 3370 877 Catholicae
3399 820 3536 892 legis
3566 837 3727 878 reve-

2125 904 2322 973 rentia,
2351 916 2442 961 aut
2469 907 2645 978 prima
2675 923 2912 978 semper,
2944 919 3036 966 aut
3063 912 3177 968 sola
3209 921 3330 970 est:
3363 928 3542 985 neque
3569 915 3726 970 enim

2126 996 2272 1052 aliud
2302 1009 2394 1054 aut
2417 1000 2543 1056 belli
2574 1001 2851 1058 laboribus
2879 1004 3090 1075 agimus
3114 1047 3130 1074 ,
3177 1014 3269 1061 aut
3295 1007 3443 1077 pacis
3472 1008 3728 1064 consiliis

2127 1091 2478 1162 ordinamus,
2533 1095 2635 1150 nisi
2688 1105 2745 1151 ut
2772 1113 2955 1153 verum
3001 1098 3096 1155 Dei
3140 1099 3342 1155 cultum
3370 1101 3517 1158 orbis
3548 1101 3730 1156 nostri

2128 1185 2281 1256 plebs
2308 1186 2502 1244 devota
2529 1190 2836 1258 custodiat,
2879 1201 2937 1247 ut
2963 1193 3124 1249 etiam
3156 1195 3462 1250 Donatistas
3489 1195 3576 1251 vel
3606 1204 3731 1252 ter-

2127 1293 2252 1335 rore
2279 1279 2366 1336 vel
2393 1282 2602 1338 monitu
2627 1283 2755 1338 olim
2792 1284 3015 1355 implere
3044 1296 3413 1355 convenerat,
3459 1288 3553 1359 qui
3579 1287 3733 1344 Afri-

2128 1387 2245 1429 cam
2272 1417 2286 1442 ,
2316 1373 2419 1430 hoc
2442 1383 2544 1440 est,
2579 1376 2728 1447 regni
2756 1377 2926 1433 nostri
2955 1377 3243 1434 maximam
3278 1386 3505 1450 partem,
3533 1387 3589 1435 et
3612 1394 3733 1436 sa:-

2129 1470 2399 1528 cularibus
2426 1469 2620 1527 ofﬁciis
2646 1471 2879 1529 ﬁdeliter
2905 1474 3256 1544 servientem,
3288 1490 3426 1530 vano
3451 1489 3650 1532 errore
3679 1484 3736 1531 et

2129 1564 2465 1620 dissensione
2485 1565 2756 1634 superﬂua
2785 1566 3120 1623 decolorant.
3167 1567 3278 1624 Nos
3315 1576 3494 1624 tamen
3527 1569 3738 1624 eadem

2128 1655 2462 1728 frequentius
2490 1674 2597 1714 non
2631 1663 2775 1731 piget
2804 1661 3067 1730 replicare
3090 1700 3107 1727 ,
3147 1676 3268 1733 qua:
3306 1661 3544 1717 omnium
3576 1673 3738 1719 retro

422 1782 518 1839 que
544 1761 870 1822 eminentium
902 1764 1226 1829 potestatum,
1261 1753 1394 1807 dixit
1417 1767 1434 1805 :
1461 1747 1670 1804 Dudum
1695 1756 1874 1802 vestra
1896 1743 2024 1801 sub-
2051 1742 2104 1806 Β
2132 1750 2433 1821 principum
2459 1750 2652 1806 devota
2681 1752 2736 1807 in
2767 1752 2937 1809 Deum
2979 1751 3224 1809 deﬁnivit
3268 1754 3561 1810 auctoritas
3588 1795 3606 1820 ,
3667 1770 3738 1811 ne

423 1860 624 1915 limitas
655 1857 733 1928 (l)
777 1851 1076 1910 secundum
1127 1846 1409 1918 imperiale
1449 1849 1780 1915 praeceptum
1828 1848 1883 1894 et
1925 1853 2028 1895 nos

421 1965 478 2013 et
505 1964 736 2011 caeteros
776 1950 870 2022 qui
901 1959 1007 2004 tam
1047 1946 1116 2002 de
1146 1943 1514 2002 sacratissimo
1559 1940 1816 1996 comitatu
1861 1952 2023 2008 quam

421 2050 583 2106 etiam
606 2047 675 2102 de
706 2041 971 2100 Africanis
1002 2039 1197 2096 ofﬁciis
1220 2036 1568 2094 sublimitatis
1608 2043 1711 2090 tuas
1743 2041 1868 2088 sunt
1890 2031 2024 2088 acti-

423 2143 526 2200 bus
558 2139 793 2211 deputati
823 2176 838 2205 ,
885 2136 952 2191 ad
997 2133 1236 2205 singulas
1265 2131 1571 2203 provincias
1595 2128 1920 2196 destinavit,
1970 2134 2028 2182 et

429 2237 608 2294 edicta
635 2233 800 2289 etiam
830 2246 927 2301 per
955 2229 1263 2284 universam
1294 2225 1532 2281 Africam
1565 2221 1799 2288 direxit,
1831 2231 1888 2276 ut
1917 2229 2025 2276 tam

426 2326 692 2386 Catholici
739 2339 899 2395 quam
945 2320 1239 2378 Donatista:
1289 2315 1532 2388 episcopi
1583 2316 1720 2370 intra
1771 2321 2024 2385 quartum

422 2437 667 2481 mensem
693 2417 966 2477 collationi
994 2418 1176 2472 cuncti
1203 2413 1397 2470 adesse
1418 2412 1680 2468 deberent
1705 2428 1718 2464 :
1743 2425 1864 2481 quae
1890 2419 2026 2466 tem-

423 2533 556 2588 pora
590 2514 855 2569 hodierna
880 2511 968 2566 die
997 2509 1245 2565 videntur
1273 2505 1485 2577 impleri
1514 2521 1527 2559 :
1569 2513 1626 2560 et
1653 2503 1779 2575 quia
1823 2507 2026 2572 praesto

423 2621 550 2669 sunt
572 2607 831 2674 universi,
866 2606 935 2662 de
975 2603 1227 2661 omnibus
1257 2602 1467 2658 scilicet
1491 2597 1789 2671 provinciis
1816 2596 2026 2651 Africa-

421 2707 507 2762 nis
531 2747 545 2771 ,
573 2703 630 2760 id
653 2709 738 2759 est
762 2743 777 2768 ,
805 2700 874 2756 de
903 2696 1178 2770 provincia
1210 2692 1620 2766 proconsulari,
1648 2690 1716 2746 de
1740 2688 2024 2761 provincia

419 2800 706 2874 Byzacena
735 2794 840 2868 (5),
869 2792 938 2848 de
966 2788 1216 2847 Numidia
1238 2831 1253 2859 ,
1285 2787 1354 2844 de
1399 2784 1734 2842 Mauritaniis
1783 2782 2026 2839 Sititensi

424 2904 480 2950 et
507 2887 828 2948 Caesariensi
857 2927 872 2953 ,
919 2883 1015 2939 sed
1066 2883 1227 2938 etiam
1260 2889 1316 2935 et
1345 2879 1412 2935 de
1435 2877 1769 2949 Tripolitana
1799 2875 2024 2948 provin-

423 2986 528 3054 cia,
561 2983 605 3039 si
638 2977 884 3052 praecipit
912 2975 1166 3032 nobilitas
1195 2982 1306 3039 tua,
1338 2970 1517 3027 adsint
1546 2967 1711 3024 iidem
1741 2965 2027 3024 venerabi-

423 3079 506 3136 les
535 3076 654 3143 viri,
690 3083 747 3128 ut
767 3071 948 3128 omnia
976 3083 1074 3124 suo
1101 3065 1293 3122 ordine
1318 3075 1666 3136 peragantur.

2129 1843 2466 1913 temporibus
2492 1846 2692 1900 nostris
2721 1845 2768 1900 si
2793 1845 2922 1917 quid
2953 1844 3094 1902 forte
3124 1847 3177 1901 in
3199 1845 3450 1916 injuriam
3476 1847 3615 1918 legis
3639 1862 3739 1904 ca-

2130 1934 2344 1992 tholica:
2385 1935 2544 1992 fuerit
2588 1947 2903 2009 generatum
2932 1981 2946 2006 ,
2992 1939 3141 2010 justo
3182 1939 3384 2011 judicio
3434 1941 3538 1996 hoc
3570 1941 3744 1998 nobis

2129 2028 2300 2099 possit
2327 2027 2594 2101 imputare
2623 2030 2932 2102 posteritas.
2981 2029 3094 2088 Nec
3117 2047 3248 2089 sane
3279 2032 3414 2088 latet
3442 2033 3740 2090 conscien-

2128 2120 2257 2175 tiam
2289 2131 2528 2178 nostram
2559 2136 2738 2178 sermo
2765 2123 3008 2182 ccelestis
3044 2124 3291 2190 oraculi,
3330 2140 3490 2196 quem
3534 2141 3742 2183 errore

2129 2229 2230 2270 suo
2257 2231 2416 2286 posse
2442 2216 2707 2287 proﬁcere
2732 2233 2875 2274 saeva
2906 2217 3306 2276 Donatistarum
3349 2218 3740 2290 interpretatio

2129 2305 2411 2378 proﬁtetur
2449 2327 2464 2377 ;
2514 2309 2607 2382 qui
2634 2311 2880 2383 quamvis
2906 2310 3230 2382 depravatos
3266 2311 3476 2366 animos
3502 2311 3578 2367 ad
3603 2327 3738 2368 cor-

2129 2402 2426 2460 rectionem
2454 2403 2636 2464 mitius
2663 2405 2941 2474 invitaret,
2967 2405 3176 2462 aboleri
3197 2421 3324 2464 eum
3355 2414 3536 2463 tamen
3561 2408 3738 2463 etiam

2129 2507 2254 2554 ante
2285 2498 2549 2570 jussimus
2573 2539 2587 2566 ,
2635 2513 2706 2556 ne
2732 2515 2835 2571 qua
2863 2499 3346 2570 superstitionibus
3373 2509 3742 2569 praestaretur

2130 2579 2363 2649 occasio.
2413 2593 2567 2652 Nunc
2609 2609 2822 2667 quoque
2869 2591 3263 2650 excludendum
3318 2592 3739 2664 subreptionem

2129 2685 2293 2743 simili
2323 2689 2643 2744 auetoritate
2670 2702 2980 2754 censemus,
3006 2687 3244 2758 illudque
3275 2686 3470 2743 merito
3495 2687 3742 2757 profite-

2130 2795 2274 2845 mur,
2307 2779 2540 2836 libenter
2566 2795 2664 2836 nos
2689 2795 2752 2837 ea
2779 2795 2900 2852 qua:
2923 2789 3122 2836 statuta
3150 2781 3362 2836 fuerant
3376 2780 3744 2845 submovere.

2131 2887 2201 2929 ne
2228 2874 2280 2928 in
2308 2873 2548 2930 divinum
2578 2873 2781 2930 cultum
2810 2874 2967 2945 nobis
2992 2888 3051 2930 se
3092 2874 3375 2946 quisquam
3410 2873 3743 2929 auctoribus

2131 2969 2362 3025 aestimet
2389 2985 2550 3040 posse
2579 2984 2823 3040 peccare.
2884 2969 2953 3024 Et
2977 2969 3226 3041 quamvis
3253 2984 3358 3026 una
3385 2969 3457 3024 sit
3483 2967 3741 3023 omnia

2131 3077 2189 3124 et
2216 3067 2502 3123 manifesta
2524 3067 2795 3123 sententia
2831 3065 3127 3122 Catholicae
3164 3065 3302 3138 legis
3347 3065 3568 3136 plenam
3597 3063 3744 3120 veri-

495 3175 552 3228 2.
608 3168 824 3224 Flavius
863 3163 1196 3220 Marcellinus
1242 3159 1305 3214 V.
1336 3157 1396 3214 C.
1431 3159 1666 3213 tribunus
1707 3165 1754 3211 et
1796 3156 2027 3211 notarius
2053 3146 2100 3212 C
2135 3170 2303 3218 tatem
2327 3171 2475 3217 recto
2502 3161 2781 3217 hominum
2809 3162 2956 3216 cultu
2985 3168 3041 3216 et
3065 3160 3276 3217 ccelesti
3297 3161 3565 3216 sententia
3590 3174 3745 3216 com-

425 3269 594 3324 dixit:
638 3264 833 3320 Adsint
876 3256 1213 3315 venerabiles
1249 3253 1352 3310 viri
1396 3267 1532 3325 quos
1570 3261 1868 3324 praesentes
1908 3264 2030 3307 esse

427 3359 737 3436 suggeritis.
789 3355 859 3410 Et
903 3351 1148 3428 ingressis
1175 3349 1425 3406 universis
1449 3347 1701 3420 episcopis
1732 3347 1894 3418 partis
1918 3345 2026 3400 Do-

429 3439 562 3526 nati,
595 3453 840 3527 ingressis
867 3445 1268 3510 etiatnAurelio,
1296 3443 1502 3515 Alypio,
1531 3442 1820 3512 Augustino
1841 3481 1856 3507 ,
1905 3438 2030 3493 Vin.-

429 3551 617 3616 centio,
648 3547 959 3609 Fortunato,
995 3540 1370 3596 Fortunatiano
1402 3546 1449 3591 et
1492 3534 1735 3590 Possidio
1773 3533 2030 3606 episcOpis

432 3646 681 3703 Ecclesia:
705 3641 1006 3706 Catholicae,
1034 3654 1150 3692 cum
1171 3633 1374 3690 Novato
1403 3674 1417 3700 ,
1443 3629 1712 3687 Florentio
1737 3672 1751 3696 ,
1784 3629 2033 3685 Mauren-

431 3743 522 3808 tio,
551 3736 840 3808 Bonifacio,
871 3731 1072 3796 Prisco,
1104 3729 1390 3808 Sereniano
1416 3735 1463 3780 et
1487 3723 1746 3796 Scyllacio
1773 3722 2032 3793 coepisco-

433 3835 511 3905 pis
541 3832 670 3898 suis,
703 3824 970 3889 Deuterio,
1006 3819 1195 3885 Leone,
1235 3817 1460 3886 Asterio,
1495 3827 1541 3871 et
1573 3816 1844 3882 Restituto,
1889 3828 2035 3886 teque

433 3924 686 4000 episcopis
710 3931 754 3978 et
777 3915 1073 3976 custodibus
1099 3922 1383 3988 gestorum.

539 4023 591 4078 5.
657 4015 993 4072 Marcellinus
1040 4011 1115 4065 vir
1168 4008 1483 4063 clarissimus
1546 4006 1777 4060 tribunus
1839 4013 1884 4059 et
1934 4021 2032 4059 no-

435 4119 597 4174 tarius
637 4115 806 4169 dixit:
846 4109 1102 4180 Optarem
1151 4103 1368 4174 quidem
1420 4109 1583 4156 tanta:
1639 4099 1800 4170 hujus
1854 4099 2034 4156 multi-

436 4211 636 4267 tudinis
667 4205 1011 4263 sanctitatem
1059 4213 1182 4270 qua:
1209 4197 1308 4252 sub
1341 4195 1498 4251 unius
1527 4194 1730 4250 Christi
1764 4194 1861 4250 Dei
1900 4194 2035 4250 reli-

434 4309 597 4380 gione
624 4309 878 4360 censetur
903 4341 918 4366 ,
948 4294 1098 4352 nulla
1121 4309 1152 4348 a
1175 4307 1236 4350 se
1263 4289 1604 4348 dissensione
1640 4290 1847 4360 sejungi
1875 4307 1888 4344 :
1939 4287 2037 4343 sed

437 4404 561 4474 quia
607 4396 659 4454 id
690 4393 834 4468 quod
865 4389 1068 4448 dudum
1113 4401 1267 4443 error
1309 4383 1517 4456 antiqui
1557 4383 1730 4438 hostis
1768 4381 2036 4448 immisit,

435 4496 605 4550 Deum
635 4500 839 4546 certum
869 4493 952 4542 est
979 4483 1117 4539 velle
1147 4495 1290 4536 nunc
1311 4478 1543 4549 corrigi,
1575 4493 1643 4533 ne
1678 4476 1880 4532 diutius
1910 4490 2040 4546 gerv

2133 3255 2445 3328 probatam,
2473 3253 2650 3311 studio
2674 3255 2820 3326 pacis
2845 3263 2900 3310 et
2923 3253 3130 3325 gratim,
3161 3252 3551 3311 venerabilinm
3592 3253 3742 3309 viro-

2143 3364 2272 3404 rum
2313 3348 2692 3419 episcoporum
2730 3347 3055 3418 legationem
3102 3347 3335 3403 libenter
3383 3346 3742 3413 admisimus;

2143 3457 2267 3513 qua:
2289 3441 2605 3512 congregari
2635 3440 2940 3495 Donatistas
2969 3437 3129 3512 247
3152 3440 3433 3510 episcopos
3445 3438 3510 3494 ad
3535 3449 3746 3495 curtum

2149 3534 2518 3593 celeberrima:
2539 3532 2811 3590 desiderat
2831 3531 3081 3598 civitatis,
3103 3531 3359 3590 utelectis
3374 3531 3532 3588 etiam
3555 3547 3747 3588 sacer-

2140 3630 2358 3688 dotibus
2385 3644 2521 3701 quos
2547 3643 2672 3700 pars
2698 3637 2926 3699 utraque
2969 3627 3236 3700 delegerit
3264 3627 3470 3683 tramitis
3491 3627 3750 3696 disputa-

2141 3725 2379 3781 tionibus
2431 3722 2872 3794 superstitionem
2931 3721 3070 3777 ratio
3126 3719 3408 3777 manit‘esta
3471 3719 3746 3775 confutet.

2142 3821 2312 3889 Quam
2346 3834 2458 3874 rem
2488 3819 2626 3873 intra
2653 3825 2882 3888 quatuor
2927 3829 3142 3872 menses
3184 3814 3528 3887 praecipimus
3575 3814 3755 3880 expli-

2143 3913 2296 3981 cari,
2347 3923 2405 3967 ut
2449 3925 2740 3968 conversos
2778 3910 2988 3966 animos
3016 3908 3344 3980 populorum
3367 3907 3527 3966 etiam
3562 3916 3754 3963 [rostra

2143 4009 2458 4074 clementia,
2487 4007 2627 4064 sicut
2649 4005 2938 4073 desiderat,
2971 4005 3205 4061 celerius
3230 4003 3401 4074 possit
3419 4016 3754 4073 cognoscere
3777 4062 3784 4067 ,

2147 4103 2303 4175 (Aug.
2335 4099 2534 4154 Brevic.
2566 4096 2755 4153 Collat.
2779 4097 2879 4152 diei
2903 4097 2954 4164 i,
2978 4113 3024 4152 c.
3055 4096 3130 4168 1).
3183 4095 3338 4164 Quod
3365 4094 3412 4150 si
3442 4093 3588 4150 intra
3616 4109 3756 4164 pree-

2147 4197 2396 4252 stitutum
2430 4203 2642 4263 tempus
2668 4191 2910 4248 studiose
2943 4189 3345 4244 Donatistarum
3373 4186 3620 4259 episcOpi
3659 4185 3762 4243 de-

2147 4288 2474 4346 clinaverint
2493 4287 2782 4343 convenire
2808 4283 2934 4339 trini
2959 4282 3124 4340 edicti
3149 4285 3434 4338 vocatione
3469 4289 3758 4337 contuma-

2149 4385 2292 4440 cium
2324 4393 2567 4454 tempora
2596 4379 3028 4437 concludantur:
3080 4377 3276 4448 quibus
3321 4376 3560 4432 emensis
3594 4386 3759 4446 atque

2153 4477 2465 4542 transactis,
2499 4475 2545 4530 si
2575 4472 2848 4545 provocati
2875 4471 3066 4527 adesse
3089 4469 3520 4540 contempserint
3545 4508 3563 4533 ,
3600 4468 3760 4524 cedat

433 4603 588 4642 mana
629 4581 819 4651 religio
843 4574 1247 4634 concertatione
1274 4587 1370 4628 sua
1387 4569 1758 4642 spectaculum
1780 4541 2274 4639 gentibusncum
2336 4571 2592 4627 ecclesiis.
2630 4567 2858 4638 populus
2912 4565 3004 4637 qui
3051 4564 3311 4620 doctores
3362 4578 3494 4618 suos
3538 4562 3760 4618 silentio

432 4679 633 4744 faciat,
664 4674 790 4728 licet
823 4685 984 4740 supra
1016 4668 1267 4723 meritum
1296 4679 1477 4720 meum
1503 4705 1518 4731 ,
1550 4662 1653 4719 hoc
1693 4675 2026 4732 cognoscam

431 4787 553 4828 esse
576 4766 837 4841 judicium
861 4805 876 4829 ,
922 4769 978 4816 ut
1007 4761 1148 4815 inter
1173 4774 1268 4814 eos
1294 4758 1483 4812 videar
1507 4755 1754 4826 judicare
1779 4771 1808 4808 a
1836 4755 2065 4824 quibus

437 4881 522 4921 me
555 4864 732 4934 potius
757 4859 1014 4914 decuerat
1037 4850 1304 4924 judicari:
1333 4860 1510 4905 tamen
1543 4848 1665 4918 quia
1689 4854 1896 4903 certum
1926 4855 2039 4915 est,

435 4960 575 5013 banc
603 4968 820 5010 causam
849 4955 1130 5020 spectante
1170 4945 1280 4997 Deo
1311 4951 1365 4997 ct
1400 4941 1605 5012 angelis
1655 4941 1880 4996 testibus
1921 4942 2038 5012 agi-

438 5046 677 5107 taudam,
707 5058 828 5113 quae
855 5041 955 5095 sub
988 5039 1108 5093 ﬁdei
1134 5035 1372 5091 cwlestis
1399 5033 1647 5088 examine
1688 5033 1773 5088 vel
1803 5033 2034 5104 probata

435 5139 717 5216 praemium
745 5133 955 5198 aderat,
981 5131 1065 5185 vel
1091 5131 1219 5183 laesa
1243 5127 1523 5197 judicium,
1559 5136 1617 5181 ut
1649 5127 1864 5183 tandem
1895 5145 2040 5199 pra?-

435 5236 670 5294 sentium
723 5222 1202 5297 disceptationibus
1261 5222 1637 5291 episcoporum
1695 5223 2034 5281 manifestius

435 5332 636 5390 veritas
658 5327 953 5389 eluceseat,
985 5315 1284 5389 imperialis
1315 5315 1565 5387 primitus
1596 5318 1804 5372 sanctio
1833 5320 2032 5377 recite-

435 5435 543 5490 tur,
575 5430 635 5478 ut
653 5421 706 5476 in
734 5431 907 5489 quem“
923 5411 1140 5469 modum
1158 5417 1319 5481 atque
1344 5407 1572 5464 formam
1596 5409 1664 5464 sit
1681 5411 2041 5482 suscipienda

509 5583 588 5656 (ὅ)
622 5580 792 5656 Sedis-
827 5573 1254 5656 Ριηίξςριιβυιωὶξο

507 5642 586 5739 fl}
623 5652 803 5708 Vestra
844 5647 1150 5704 sublimitas.
1184 5642 1554 5700 Marcellinum
1586 5643 1858 5703 tribunum
1887 5647 2036 5704 allod

432 5739 915 5868 quibgnliyzucenu.
990 5789 1048 5848 in
1089 5787 1258 5848 veteri
1285 5788 1586 5861 exemplari
1635 5787 1830 5861 legitur
1859 5787 2017 5862 Bysc.

2150 4663 2472 4736 cognoverit
2489 4669 2775 4732 superatos
2797 4701 2814 4728 ,
2840 4667 2898 4715 et
2927 4658 3132 4714 victum
3164 4673 3223 4713 se
3252 4655 3548 4728 aliquando
3574 4664 3760 4726 gratu-

2152 4761 2312 4825 letur,
2341 4758 2580 4827 sciatque
2609 4756 2657 4812 si
2688 4771 2794 4810 non
2826 4753 3112 4824 praeceptis
3144 4751 3372 4816 nostris,
3396 4750 3484 4806 vel
3511 4749 3760 4805 Catholi-

2153 4871 2233 4911 em
2260 4855 2393 4924 legis
2415 4853 2564 4908 veris
2596 4851 2844 4922 imperiis
2873 4848 3242 4905 serviendum.
3277 4847 3375 4903 Cui
3402 4845 3618 4916 quidem
3648 4845 3765 4901 dis.

2099 4924 2120 4946 ’
2154 4944 2418 5020 putationi
2451 4944 2698 5015 principe
2721 4943 2843 4998 loco
2874 4951 2927 4998 te
2950 4941 3187 5012 judiccm
3219 4941 3472 4995 volumus
3519 4937 3767 4994 residere

2160 5040 2438 5113 (quicquid
2461 5038 2623 5096 etiam
2652 5047 2777 5094 ante
2800 5037 2852 5092 in
2886 5035 3154 5092 mandatis
3181 5035 3481 5107 acceperis,
3510 5032 3765 5104 plenissi-

2157 5153 2246 5193 me
2268 5135 2564 5191 meministi
2590 5136 2606 5203 )
2635 5147 2960 5203 omnemque
2987 5129 3073 5186 vel
3113 5130 3167 5186 in
3197 5127 3595 5201 congregandis
3643 5125 3764 5207 cpit

2157 5232 2358 5300 scopis,
2385 5229 2467 5286 vel
2497 5226 2806 5293 evocandis,
2821 5225 2868 5281 si
2892 5224 3085 5280 adesse
3097 5223 3549 5294 contempserint,
3576 5231 3764 5276 curam

2160 5337 2214 5380 te
2253 5324 2505 5380 volumus
2530 5321 2802 5379 sustinere
2826 5361 2841 5387 ,
2892 5327 2952 5374 ut
2992 5327 3049 5374 et
3096 5333 3160 5375 ea
3188 5333 3310 5390 quae
3353 5325 3482 5372 ante
3508 5311 3768 5370 mandata

2158 5428 2285 5475 sunt
2326 5429 2381 5474 et
2421 5431 2543 5490 quae
2581 5430 2724 5472 nunc
2753 5419 2957 5472 statuta
2982 5411 3268 5483 cognoscis
3288 5453 3302 5477 ,
3334 5409 3558 5482 probata
3587 5403 3769 5479 possis

2158 5575 2315 5633 Unde
2347 5579 2628 5632 Massonus
2675 5581 2730 5629 et
2777 5571 3012 5628 Pitlueus
3052 5570 3306 5626 fecerunt.
3335 5565 3616 5630 Burcensi,
3659 5560 3768 5620 sed

2149 5664 2472 5719 perperam:
2504 5645 2792 5721 legendum
2815 5642 3106 5715 Byzacena,
3131 5649 3192 5698 ut
3221 5657 3252 5697 a
3279 5639 3499 5698 Batusio
3519 5633 3767 5694 animado

2152 5737 2382 5777 νθιπδυηιι
2397 5729 2499 5778 εει.
