3972 6328
472 266 616 325 1265

475 386 594 456 pria
647 383 814 458 248
859 381 1168 439 redituros:
1197 379 1342 452 quod
1383 395 1472 437 me
1497 390 1553 436 et
1591 395 1688 450 per
1728 377 2069 434 tremendum

467 477 657 550 judicii
685 478 856 539 diem,
887 486 940 532 et
967 491 1067 547 per
1093 483 1431 530 sacramenta
1463 473 1716 543 superius
1745 478 2068 535 memorata,

473 574 550 629 ita
599 573 864 627 facturum
909 585 1034 627 esse
1079 569 1360 641 polliceor.
1411 568 1612 623 Omnes
1651 573 1830 621 autem
1877 564 1966 634 qui
2002 562 2070 618 ad

477 667 718 738 singulas
758 666 1060 736 provincias
1110 664 1325 720 fuerant
1363 661 1660 727 destinati,
1712 658 1966 715 noverint
2017 658 2070 712 in

473 760 627 815 nullo
652 774 711 815 se
737 773 1063 831 quemquam
1091 757 1350 826 deinceps
1375 754 1776 810 Donatistarum
1807 752 2072 821 aliquate-

473 867 578 908 nus
604 851 898 908 eonvenire
925 850 1163 907 debere:
1209 849 1295 904 vel
1325 848 1558 919 aliquam
1603 847 1794 902 iisdem
1826 843 2073 915 superio-

472 947 552 1002 ris
579 943 914 1001 executionis
943 941 1245 998 molestiam
1287 955 1549 1012 generare
1575 980 1590 1005 ,
1638 938 1694 992 ni
1725 937 1934 992 malunt
1974 950 2073 1006 pro

470 1047 785 1108 contemptu
818 1035 1140 1092 recentioris
1180 1033 1438 1104 praecepti
1474 1031 1757 1102 subjacere
1787 1027 2067 1083 vindictae.

466 1133 586 1190 Erit
611 1142 790 1186 autem
821 1129 1074 1184 omnibus
1104 1125 1419 1182 Donatianaa
1446 1123 1616 1194 partis
1644 1120 1976 1187 hominibus,
2000 1119 2072 1176 de

469 1241 659 1284 eorum
689 1224 783 1294 qui
822 1223 973 1278 missi
1001 1229 1128 1277 sunt
1151 1217 1601 1275 concussionibtts
1630 1224 1685 1270 et
1713 1213 2072 1284 depraedatio-

473 1319 660 1387 nibus,
684 1318 730 1372 si
755 1331 890 1388 quas
919 1316 1061 1370 forte
1089 1313 1353 1368 admissas
1379 1325 1501 1367 esse
1529 1318 1817 1374 noverunt,
1842 1307 2070 1363 liberum

472 1410 758 1483 conqueri,
782 1420 844 1465 ut
871 1410 924 1464 in
953 1423 1048 1464 eos
1072 1407 1295 1478 probata
1320 1404 1606 1460 criminum
1631 1401 1910 1473 qualitate,
1936 1399 2072 1454 ultio

472 1509 632 1580 digna
665 1505 943 1578 procedat.
967 1502 1054 1570 Et
1082 1503 1189 1556 alia
1215 1517 1390 1554 manu.
1432 1499 1792 1568 Proponatur.

547 1604 604 1659 6.
648 1599 989 1656 Marcellinus
1030 1598 1108 1652 vir
1138 1595 1457 1650 clarissimus
1492 1593 1725 1648 tribunus
1747 1599 1796 1644 et
1837 1588 2072 1643 notarius

475 1698 625 1753 dixit.
658 1696 882 1750 Lectum
911 1693 1147 1748 edictum
1175 1691 1342 1760 gestis
1369 1686 1728 1758 praesentibus
1749 1683 2067 1749 adhaerebit,

473 1806 582 1864 quo
606 1798 822 1847 constat
865 1802 953 1843 me
993 1785 1299 1842 evidentius
1329 1782 1624 1848 obtulisse,
1674 1789 1730 1834 ut
1753 1779 1800 1834 si
1830 1779 2072 1860 placeret

471 1886 678 1942 elecms
706 1899 737 1938 a
766 1889 945 1937 vestra
979 1887 1130 1951 parte
1169 1892 1385 1934 mecum
1413 1875 1550 1930 alius
1579 1872 1827 1945 cognitor
1864 1868 2074 1927 reside-

471 1987 590 2035 ret:
631 1976 722 2048 qui
747 1975 793 2030 si
819 1983 1018 2045 praesto
1048 1981 1152 2035 est,
1187 1970 1415 2026 introire
1441 1969 1712 2039 dignetur.

537 2070 592 2126 7.
639 2067 936 2123 Petilianus
986 2066 1259 2137 episcopus
1299 2062 1451 2116 dixit.
1511 2059 1628 2116 Non
1660 2058 1823 2116 decet
1851 2072 1952 2112 nos
1979 2071 2071 2112 co-

471 2161 741 2234 gnitorem
768 2160 968 2229 eligere
991 2157 1263 2222 alterum,
1315 2153 1410 2224 qui
1455 2167 1561 2208 non
1613 2148 1908 2223 petivimus
1961 2146 2072 2218 pri-

470 2267 643 2309 mum.
688 2251 757 2306 Et
787 2251 892 2304 alia
917 2265 1094 2304 manu.
1139 2247 1466 2315 Recognovi.

543 2345 598 2399 8.
647 2342 988 2396 Marcellinus
1031 2339 1109 2394 vir
1134 2337 1453 2393 clarissimus
1499 2335 1734 2390 tribunus
1761 2343 1809 2389 et
1836 2333 2071 2388 notarius

471 2438 624 2492 dixit.
684 2433 1105 2490 Evideutissime
1159 2428 1544 2503 praeceptionis
1588 2435 1831 2499 augusta:
1880 2434 2070 2480 tenore

469 2530 805 2587 declaratum
858 2536 944 2584 est
984 2525 1331 2582 collationem
1377 2538 1483 2578 non
1526 2523 1861 2591 cognitorem
1903 2517 2072 2572 fuisse

465 2624 793 2696 postulatum
819 2662 835 2689 ,
863 2628 921 2677 et
944 2618 1170 2674 arbitrio
1196 2631 1296 2672 suo
1329 2630 1462 2669 mea:
1492 2609 1884 2668 mediocritatis
1921 2606 2068 2678 judi-

465 2717 610 2773 cium
638 2715 907 2786 delegisse
931 2731 946 2767 :
992 2713 1079 2767 cui
1125 2723 1352 2765 necesse
1377 2714 1461 2762 est
1489 2721 1578 2760 me
1606 2703 1856 2760 omnibus
1886 2699 2064 2755 modis

467 2809 737 2865 inservire
762 2848 779 2874 ,
824 2821 948 2862 cum
998 2812 1054 2858 et
1097 2801 1440 2857 sanetitatem
1467 2807 1702 2854 vestram
1731 2795 1852 2850 ideo
1875 2808 2074 2850 conve-

465 2901 616 2956 nisse
645 2897 994 2954 manifestum
1020 2895 1112 2960 sit,
1142 2902 1201 2948 ut
1231 2887 1916 2961 satisﬁeretimperialibus
1941 2900 2072 2942 con-

468 2993 692 3049 stitutis.

543 3087 598 3141 9.
644 3083 932 3139 Petilianus
959 3081 1232 3151 episcopus
1260 3079 1413 3138 dixit.
1454 3077 1633 3135 Salvis
1662 3075 1914 3132 omnibus
1943 3088 2067 3144 qua:

464 3185 786 3248 competunt
813 3175 971 3231 nobis
995 3215 1012 3243 ,
1044 3183 1099 3229 et
1124 3173 1190 3228 de
1217 3186 1449 3244 persona
1478 3179 1534 3226 et
1558 3170 1610 3224 in
1637 3183 1799 3224 causa
1820 3209 1836 3236 ,
1867 3181 2064 3238 propo-

460 3282 594 3329 nant
633 3271 671 3326 ii
711 3271 801 3342 qtti
842 3271 944 3326 ista
971 3269 1171 3325 elicere
1216 3274 1554 3322 meruerunt.
1610 3263 1680 3318 Et
1723 3263 1832 3318 alia
1879 3278 2058 3317 manu.

461 3369 759 3425 Petilianus
789 3365 1078 3438 episcopus
1108 3363 1425 3434 recognovi.

539 3460 878 3516 Marcellinus
898 3460 974 3515 vir
996 3457 1314 3513 clarissimus
1335 3455 1565 3511 tribunus
1586 3465 1632 3509 et
1656 3453 1887 3508 notarius
1908 3451 2061 3507 dixit.

461 3553 638 3610 Salvis
663 3564 828 3624 atque
850 3549 1214 3608 incolumibus
1243 3549 1507 3605 universis
1528 3563 1650 3619 qua:
1681 3546 1891 3618 legibus
1913 3543 2063 3600 defe-

464 3655 684 3711 runtur,
715 3642 1013 3700 edictorum
1041 3657 1139 3713 per
1163 3640 1432 3706 ordinem,
1466 3640 1605 3696 sicut
1631 3649 1683 3696 et
1717 3637 1869 3709 prius
1899 3635 2062 3692 statui

461 3738 654 3795 forma:
682 3735 1002 3792 recitentur.

538 3833 627 3888 10.
676 3829 938 3885 Martialis
986 3837 1226 3898 exceptor
1272 3827 1519 3882 recitavit.
1589 3823 1903 3896 Magnitudo
1957 3823 2062 3878 hu-

461 3925 620 3997 jusce
665 3922 910 3996 negotii,
956 3921 1102 3994 quod
1142 3920 1210 3975 dc
1246 3919 1490 3976 veritatis
1518 3933 1581 3974 ac
1611 3918 1885 3989 religionis
1911 3916 2064 3987 agni-

465 4017 618 4075 tione
641 4017 957 4086 suscipitur,
981 4013 1194 4071 etiamsi
1226 4027 1412 4082 parum
1440 4012 1696 4066 momenti
1725 4010 1808 4065 sui
1839 4008 2063 4063 librare-

456 4119 550 4167 tur
585 4109 836 4166 examine
860 4149 876 4175 ,
921 4115 1250 4164 convenerat
1274 4113 1454 4160 tamen
1487 4105 1601 4174 ipsa
1639 4101 2060 4172 disceptantium

461 4201 730 4275 gravitate
771 4207 934 4271 atque
975 4198 1298 4254 auctoritate
1339 4196 1577 4268 pensari.
1617 4195 1762 4251 Nulli
1792 4195 1934 4252 enim
1965 4193 2061 4249 ha-

457 4295 621 4351 betur
665 4292 978 4361 ambiguum
1004 4331 1021 4359 ,
1072 4289 1259 4360 quanti
1303 4289 1375 4345 sit
1419 4288 1669 4360 ponderis
1696 4303 1896 4355 causa,
1938 4303 2060 4360 quae

461 4385 606 4442 inter
627 4383 1008 4456 episcoporum
1031 4392 1114 4438 est
1134 4381 1469 4437 discutienda
1495 4395 1772 4450 personas.
1805 4380 1912 4436 Sed
1934 4396 2057 4436 cum

456 4477 592 4534 mihi
634 4477 998 4549 cognitionem
1040 4475 1446 4547 disceptationis
1496 4473 1721 4546 hujusce
1761 4473 2059 4532 crediderit

457 4580 682 4642 augusta
730 4571 1012 4642 dignatio,
1060 4568 1246 4640 eisque
1284 4567 1521 4640 judicem
1567 4568 1816 4636 dederit,
1859 4567 2056 4640 quibus

457 4662 774 4720 inferiorem
808 4678 895 4717 me
937 4676 1059 4717 esse
1084 4701 1099 4728 ,
1148 4675 1247 4732 pro
1275 4661 1406 4716 tanti
1439 4660 1676 4717 nominis
1707 4663 2056 4718 veneratione

455 4769 747 4826 cognosco,
776 4752 903 4808 ﬁdei
930 4753 1308 4808 sollicitudinis
1339 4769 1473 4809 meae
1496 4752 1598 4810 hac
1619 4753 2056 4810 consideratione

455 4846 715 4916 prospexi
739 4886 756 4912 ,
803 4853 865 4899 ut
894 4843 962 4900 de
990 4859 1112 4899 meo
1137 4845 1331 4898 vellem
1356 4843 1561 4914 judicio
1585 4845 1838 4916 judicari.
1884 4845 2054 4916 llujus

458 4939 622 5010 igitur
650 4941 975 4994 auctoritate
1026 4936 1287 5008 propositi
1327 4953 1514 4994 omnes
1558 4940 1842 5010 utriusque
1885 4939 2054 5009 partis

449 5033 737 5105 episc0pos
767 5034 954 5089 censui
983 5033 1428 5097 commonendos,
1461 5045 1517 5087 ut
1541 5044 1668 5089 ante
1693 5044 2046 5105 cognoscant,

453 5145 564 5186 non
587 5127 822 5199 amplius
843 5142 1003 5196 quam
1030 5135 1286 5196 septenos
1316 5127 1594 5182 ambarum
1617 5129 1902 5199 episcopos
1929 5144 2052 5199 par-

453 5223 588 5278 tium
619 5228 818 5275 mutua:
866 5217 1008 5273 inter
1048 5231 1108 5271 se
1150 5217 1562 5288 disceptationis
1610 5219 1889 5275 habituros
1927 5235 2050 5276 esse

450 5312 805 5384 colloquium,
834 5324 969 5380 quos
994 5307 1050 5362 in
1077 5307 1317 5363 ofﬁcium
1342 5308 1653 5380 disputandi
1681 5326 1898 5366 suarum
1925 5327 2049 5383 par-

449 5405 587 5461 tium
620 5402 925 5474 subrogarit
955 5402 1192 5459 electio:
1237 5401 1502 5471 siquidem
1542 5411 1748 5459 certum
1786 5405 1948 5477 deligi
1981 5422 2047 5462 ex

450 5496 697 5568 partibus
723 5509 1005 5550 numerum
1041 5493 1366 5564 praeceperit
1396 5493 1692 5566 imperialis
1726 5498 2040 5554 auctoritas.

446 5587 697 5645 Aderunt
727 5586 817 5641 alii
841 5600 1058 5658 quoque
1082 5586 1318 5657 septeni,
1343 5586 1540 5644 delecti
1566 5587 1770 5659 judicio
1807 5605 1917 5646 suae
1944 5609 2041 5649 cu-

440 5681 638 5752 jusque
661 5683 826 5752 partis
845 5680 1114 5751 episcopi:
1135 5680 1237 5751 qui
1260 5692 1473 5739 servata
1495 5683 1747 5756 primitus
1767 5701 1866 5757 per
1881 5702 2041 5744 omne

446 5773 775 5843 colloquium
801 5770 1176 5829 moderatione
1200 5773 1435 5846 silentii,
1479 5776 1549 5833 ad
1597 5775 1701 5835 hoc
1728 5793 1789 5836 se
1831 5787 2038 5838 tantum

1437 258 1665 318 GESTA
1701 253 2152 316 COLLATIONIS
2191 252 2815 314 CARTHAGINENSIS.

3583 260 3697 319 lilii

2101 376 2150 437 Α
2179 375 2477 448 intelligant
2502 375 2789 444 interesse,
2819 385 2877 432 ut
2898 375 2943 431 si
2964 374 3053 447 qui
3082 389 3146 430 cx
3171 373 3538 446 disputantibus
3559 381 3698 436 utrin-

2177 485 2282 541 que
2311 470 2552 540 septenis
2575 471 2826 527 conlerre
2851 470 3138 526 consilium
3161 486 3277 525 cum
3303 486 3502 526 suorum
3523 489 3698 544 quoque

2176 563 2443 628 voluerit,
2475 578 2598 618 cum
2627 562 2817 619 eodem
2852 563 2961 618 illic
2987 563 3206 618 secedat
3235 562 3284 617 in
3315 573 3503 634 partem
3525 607 3537 630 ,
3570 578 3699 638 atque

2176 655 2248 710 ibi
2279 656 2671 711 communicata
2720 657 2991 726 patienter
3030 657 3236 712 ratione
3282 659 3558 735 tractandi,
3602 677 3699 730 pro-

2176 748 2351 819 prium
2382 758 2686 804 revertatur
2714 749 2781 803 ad
2816 750 3022 816 locum,
3052 749 3216 805 ﬁdem
3239 760 3529 806 servaturus
3551 751 3700 819 ofﬁcii,

2175 850 2234 897 ut
2262 842 2418 911 alter,
2451 842 2540 898 cui
2568 842 2623 897 id
2653 858 2878 899 necesse
2907 851 3022 911 est,
3066 842 3290 898 tacendo
3313 843 3555 898 audienda
3581 861 3700 901 cont-

2175 936 2424 1001 mendet;
2463 937 2601 992 alter
2624 937 2710 992 cui
2739 936 2791 991 id
2822 953 3016 992 munus
3044 945 3131 993 est
3153 979 3170 1003 ,
3221 937 3475 1007 loquendo
3497 951 3701 1009 suscepta

2175 1027 2484 1084 conﬁrmet.
2529 1028 2665 1096 ,Erit
2707 1040 2887 1084 autem
2936 1029 3212 1086 collationi
3257 1030 3545 1100 aptissimus
3585 1034 3713 1089 locus,

2175 1124 2534 1180 Thermarum
2557 1123 3009 1194 Gargilianarum,
3034 1127 3088 1180 in
3114 1141 3273 1195 quem
3296 1125 3380 1181 die
3405 1124 3701 1182 kalendarum

2174 1212 2455 1270 Juniarum
2479 1213 2700 1271 eosdem
2721 1215 3008 1286 episcopos
3034 1214 3182 1268 solos
3207 1214 3298 1285 qui
3325 1214 3568 1284 designati
3604 1223 3702 1270 sunt

2174 1316 2423 1377 oporteat
2469 1308 2782 1362 convenire.
2845 1307 2925 1361 Ex
2965 1321 3073 1376 quo
3108 1305 3246 1360 illud
3279 1304 3508 1377 profecto
3537 1307 3703 1376 perspi-

2175 1411 2335 1452 cuum
2362 1407 2465 1462 est,
2489 1412 2556 1454 eo
2579 1397 2784 1452 nullum
2817 1397 3031 1467 penitus
3061 1397 3243 1468 pepuli
3273 1395 3382 1452 ﬁeri
3409 1396 3585 1452 debere
3607 1413 3706 1452 con-

2173 1501 2392 1546 ventum
2414 1532 2430 1558 ,
2474 1505 2580 1561 quo
2609 1505 2710 1546 nec
2746 1491 2892 1562 ipsos
2935 1491 3224 1546 universos
3259 1488 3518 1546 conﬂuere
3541 1491 3706 1546 sinatur

2176 1586 2485 1656 episcopos.
2545 1584 2678 1639 Nam
2723 1599 2847 1639 cum
2879 1584 3133 1654 patientia
3169 1583 3472 1653 diSputandi
3506 1599 3607 1653 qua:
3630 1583 3706 1638 soli

2175 1679 2349 1733 amica
2381 1678 2602 1734 silentio
2627 1685 2742 1745 est,
2775 1692 2991 1733 omnem
3019 1678 3334 1732 catervatim
3374 1675 3578 1748 agminis
3597 1685 3708 1732 stre-

2100 1770 2148 1830 B
2177 1772 2343 1843 pitnnt
2372 1771 2792 1842 perhorrescat,
2836 1771 2967 1826 nihil
2997 1771 3263 1837 interest,
3295 1781 3465 1826 utrum
3489 1785 3590 1825 eam
3612 1786 3708 1825 con-

2175 1865 2348 1936 gestio
2378 1865 2726 1935 populorum,
2759 1879 2827 1919 an
2857 1863 3241 1934 episcoporum
3272 1863 3422 1919 turba
3451 1863 3705 1934 praepediat.

2175 1956 2340 2028 Igitur
2366 1955 2608 2026 episcopi
2659 1957 2939 2012 memorati
2987 1955 3091 2012 soli
3137 1957 3189 2010 in
3240 1955 3538 2026 prmdictum
3572 1957 3707 2010 locum

2168 2058 2497 2130 tempusque
2529 2050 2893 2105 conveniant:
2941 2048 3014 2104 ita
3061 2057 3239 2104 tamen
3282 2059 3338 2104 ttt
3364 2049 3538 2120 reliqui
3562 2062 3709 2104 omnes

2175 2145 2458 2215 utriusque
2487 2146 2655 2216 partis
2683 2144 2922 2214 cpisc0pi
2951 2153 3076 2199 ante
3101 2143 3249 2199 diem
3280 2143 3371 2214 qui
3417 2142 3709 2212 praedestina-

2176 2245 2262 2292 tus
2283 2235 2518 2291 examini
2543 2245 2646 2300 est,
2673 2245 2846 2290 ratum
2873 2251 2932 2290 se
2961 2234 3245 2290 habituros
3267 2234 3506 2305 quicquid
3530 2250 3555 2287 a
3573 2240 3708 2304 septe-

2175 2329 2261 2384 nis
2291 2330 2539 2400 utrinque
2569 2328 2907 2400 coepiscopis
2934 2328 3045 2382 suis
3082 2327 3250 2382 fuerit
3295 2328 3581 2392 actitatum,
3622 2325 3705 2394 epi-

2175 2425 2330 2480 stolis
2384 2425 2449 2478 ad
2502 2440 2675 2480 meam
2733 2423 3059 2478 dicationem
3116 2423 3459 2478 currentibus
3509 2420 3709 2489 utrinque

2174 2520 2475 2590 designent.
2510 2519 2716 2588 Quibus
2738 2518 2981 2588 epistolis
3006 2527 3186 2573 tamen
3209 2519 3372 2572 etiam
3402 2517 3706 2572 testimonium

2173 2626 2364 2667 omnes
2409 2611 2552 2682 apud
2599 2628 2684 2667 me
2716 2612 2950 2683 propria:
2995 2610 3408 2683 subscriptionis
3449 2609 3704 2679 adjungant.

2173 2703 2564 2775 JEqnissiutum
2599 2718 2832 2773 namque
2860 2711 2982 2769 est,
3014 2711 3071 2757 ut
3100 2717 3293 2758 eorum
3322 2704 3553 2756 universa
3577 2699 3704 2754 colla-

2174 2797 2249 2851 tio
2279 2807 2392 2850 rata
2424 2797 2603 2850 futura
2631 2797 2974 2864 promittatur
3002 2796 3070 2852 ab
3089 2796 3366 2862 omnibus,
3388 2795 3472 2866 qui
3493 2794 3706 2863 eliguntur

2173 2891 2241 2945 ab
2272 2890 2541 2946 omnibus.
2596 2889 2786 2946 Nullus
2813 2905 2942 2961 ergo
2972 2890 3056 2946 vel
3112 2890 3284 2946 laicus
3309 2933 3325 2957 ,
3374 2890 3454 2946 vel
3478 2889 3706 2959 episc0pus

2173 2983 2310 3038 ultra
2346 3000 2626 3039 numerum
2674 2985 3033 3053 praestitutum
3088 2984 3140 3039 in
3190 2986 3346 3040 illum
3395 2981 3707 3055 tranquillissi-

2172 3092 2318 3132 mum
2351 3077 2568 3132 concilii
2600 3076 2779 3132 locum
2805 3089 2997 3134 contra
3030 3078 3364 3148 prohibitum
3400 3079 3620 3135 moliatur
3641 3090 3706 3129 ac-

2089 3156 2135 3220 C
2168 3169 2364 3225 cedere
2384 3210 2397 3232 ,
2427 3169 2554 3240 quin
2587 3171 2766 3238 potius
2795 3170 2958 3226 etiam
2988 3170 3179 3241 plebes
3208 3187 3340 3227 suas
3368 3172 3447 3242 pia
3477 3168 3641 3241 quietis
3661 3179 3706 3220 ac

2165 3260 2447 3317 modestia:
2474 3262 2902 3318 commonitione
2931 3263 3284 3329 conveniant,
3318 3263 3419 3320 ltoc
3445 3279 3533 3335 per
3559 3260 3704 3318 Eccle-

2165 3355 2276 3410 sias
2310 3355 2555 3426 p_r0prias
2585 3365 2712 3412 ante
2749 3366 3040 3414 tractantes
3065 3400 3079 3423 ,
3113 3368 3382 3430 quatenus
3408 3375 3436 3413 a
3464 3358 3541 3414 die
3563 3357 3703 3427 dispu-

2166 3449 2389 3506 tationis
2431 3465 2494 3505 ac
2539 3451 2659 3507 loco
2695 3452 2874 3508 omnis
2917 3468 2978 3508 sc
3021 3453 3317 3509 multitudo
3357 3455 3632 3516 contineat,
3667 3457 3708 3502 ut

2165 3543 2421 3614 religioso
2461 3545 2734 3615 patientiae
2783 3545 3099 3617 magisterio
3125 3546 3415 3603 delinitum
3443 3544 3705 3602 Christiana:

2166 3638 2283 3707 paci
2317 3638 2580 3708 p0pulum
2611 3647 2820 3709 parent.
2854 3638 2971 3694 Non
3000 3640 3177 3695 solum
3205 3644 3355 3696 enim
3388 3639 3616 3711 episcopi,
3641 3650 3708 3690 ve-

2166 3746 2286 3787 rum
2319 3732 2482 3788 etiam
2531 3733 2868 3790 rationabilis
2919 3735 2972 3791 in
3004 3735 3144 3791 hanc
3170 3737 3490 3794 sententiam
3529 3732 3707 3806 populus

2165 3828 2479 3893 consentit,
2533 3827 2940 3900 disputantibus
2970 3833 3342 3902 supradictis:
3392 3843 3445 3890 et
3473 3832 3553 3888 ubi
3578 3827 3706 3897 major

2166 3921 2450 3991 occupatio
2482 3922 2742 3978 utentium
2769 3923 2943 3980 deﬁxa
2965 3926 3240 3992 consistit,
3269 3926 3338 3983 de
3365 3926 3574 3981 veritate
3596 3934 3707 3992 qua!-

2165 4014 2412 4071 rentibus
2439 4059 2452 4081 ,
2508 4017 2638 4072 nihil
2669 4019 2944 4076 turbidum
2975 4063 2988 4088 ,
3042 4020 3173 4076 nihil
3203 4021 3580 4078 tumultuosum
3606 4013 3706 4071 nihil

2164 4107 2398 4180 denique
2444 4111 2882 4181 intempestivum
2913 4113 3117 4170 debere
3159 4129 3386 4185 prorsus
3424 4113 3702 4181 obsttepere.

2162 4199 2295 4256 Nam
2341 4211 2400 4257 ut
2429 4203 2567 4274 quod
2605 4205 2844 4261 omnium
2891 4205 3053 4262 saluti
3103 4207 3392 4278 proﬁciat,
3440 4206 3524 4262 ﬁat
3562 4208 3705 4274 postea

2164 4296 2472 4367 publicum,
2524 4297 2686 4356 debet
2712 4299 3128 4357 discutientibus
3172 4303 3457 4357 veritatem
3499 4303 3706 4369 praestare

2162 4397 2289 4445 ante
2318 4400 2585 4445 secretum
2609 4409 2623 4447 :
2651 4407 2681 4447 a
2709 4406 2798 4449 me
2823 4405 2953 4448 vero
2985 4393 3055 4447 ita
3086 4409 3184 4464 per
3204 4394 3388 4449 omnia
3418 4389 3706 4463 promulgan-

2163 4481 2231 4538 da
2268 4485 2540 4539 sententia
2579 4495 2699 4554 est,
2751 4495 2810 4541 ut
2857 4485 2909 4541 in
2963 4486 3230 4556 publicam
3264 4486 3480 4541 dimissa
3505 4480 3702 4538 netitiam

2083 4552 2138 4612 D
2165 4583 2276 4631 toto
2297 4577 2595 4648 splendida:
2614 4552 3178 4650 Ca'rthaginisvpopulo
3199 4579 3384 4650 judice
3408 4577 3700 4650 penderetur.

2159 4669 2237 4726 Ita
2266 4671 2465 4742 quippe
2494 4673 2666 4728 oculis
2713 4689 2818 4728 non
2865 4674 3042 4729 solum
3072 4674 3223 4731 urbis
3255 4674 3477 4746 hujusce
3500 4713 3513 4737 ,
3553 4679 3701 4724 verum

2158 4764 2321 4818 etiam
2344 4766 2614 4821 universae
2636 4766 2928 4838 provinciae
2951 4757 3096 4824 totus
3119 4785 3357 4825 emensa:
3380 4760 3703 4840 disputationis

2160 4859 2294 4920 ordo
2323 4859 2584 4929 pandetur
2607 4902 2622 4928 ,
2679 4871 2736 4916 ttt
2787 4871 2893 4917 tam
2928 4865 3336 4932 prosecutiones
3366 4855 3700 4931 disputantium

2159 4951 2536 5022 episcoporum
2586 4969 2746 5024 quam
2800 4957 3239 5026 prosecutionum
3299 4970 3532 5012 mearum
3566 4949 3740 5026 series.

2159 5046 2476 5113 subsecuta,
2525 5047 2749 5119 digestis
2775 5050 2833 5105 in
2865 5050 3080 5120 publico
3112 5049 3478 5106 voluminibus
3503 5043 3700 5114 explice-

2161 5147 2266 5193 tur.
2312 5140 2436 5194 llzec
2461 5141 2604 5194 enim
2632 5141 2685 5197 in
2711 5143 2897 5213 judice
2928 5146 3193 5201 securitas
3222 5145 3352 5201 ﬁdei
3379 5154 3476 5210 est,
3505 5151 3557 5198 ut
3579 5139 3698 5194 dese

2160 5245 2264 5285 non
2305 5233 2494 5287 timeat
2517 5233 2772 5304 judicari.
2819 5236 2892 5293 Ut
2922 5237 3084 5309 igitur
3114 5239 3168 5294 in
3195 5237 3472 5294 eliciendae
3496 5228 3698 5289 veritatis

2157 5341 2386 5383 examen
2420 5344 2524 5382 non
2565 5329 2811 5402 inserpat
2836 5332 3180 5403 aliquatenus
3209 5333 3531 5388 calumniosa
3555 5321 3696 5392 suspi'

2157 5418 2245 5474 cio
2270 5461 2284 5486 ,
2336 5419 2623 5492 lucemque
2649 5425 2990 5494 perspicuam
3023 5441 3182 5498 quam
3212 5424 3480 5482 mentibus
3509 5413 3698 5490 publicis

2154 5513 2538 5582 probationum
2591 5516 2925 5574 evidentium
2978 5519 3116 5576 ﬁdes
3164 5518 3408 5574 absoluta
3454 5509 3696 5587 purgabil,

2150 5604 2316 5660 nullis
2359 5607 2575 5676 penitus
2603 5609 2819 5666 nebulis
2848 5613 3092 5669 causatio
3121 5611 3405 5683 cujuslibet
3443 5609 3596 5681 partis
3616 5601 3694 5656 ob-

2149 5697 2354 5762 ducat;
2407 5699 2458 5755 id
2491 5701 2654 5757 etiam
2687 5714 2874 5760 contra
2913 5706 3280 5779 suspicionum
3329 5704 3476 5760 fucos
3503 5709 3692 5756 etcom-

2145 5800 2332 5848 menta
2359 5790 2580 5851 fallendi
2611 5797 2923 5855 necessario
2946 5800 3237 5871 provisum.
3270 5797 3690 5874 Noverintomncs
