3972 6328
235 351 373 408 1265

1199 349 1427 409 GESTA
1467 350 1924 410 (IOLLATIONIS
1962 352 2571 412 CARTHAGINENSIS.

3392 361 3535 420 1266

225 483 335 525 non
363 469 538 524 solum
569 477 826 537 oportere
850 511 864 537 ,
897 483 1082 524 verum
1113 469 1278 525 etiam
1309 469 1570 542 expedire
1597 471 1824 540 servari,
1855 470 1905 532 A
1933 470 2074 528 sisse
2103 466 2502 543 proﬁtebantur
2521 475 2788 544 epistolae,
2812 474 3125 547 primatium
3158 478 3534 535 tantummodo

221 563 435 619 scilicet
467 571 526 618 ut
557 563 901 619 interfatibus
931 563 1066 618 meis
1105 579 1191 619 me
1233 563 1486 634 primitus
1517 578 1616 634 per
1643 563 1825 620 omnia

222 653 634 721 subscribente,
663 653 826 709 etiam
856 669 1049 709 omnes
1076 654 1413 724 disputantes
1441 655 1681 726 episcopi
1712 655 1825 712 suis

220 747 274 802 in
304 745 507 804 scheda
537 747 1005 817 prosecutionibus
1035 748 1272 804 universi
1301 747 1504 820 absque
1535 747 1641 801 ulla
1673 762 1824 817 pror-

187 853 314 895 sus
354 838 709 894 excusatione
745 839 1110 894 subscrihant.
1154 837 1337 909 Exigit
1375 839 1520 893 enim
1566 839 1820 894 meritum

220 932 347 988 ﬁdei
373 973 388 998 ,
438 941 496 987 ut
519 932 782 988 adversus
812 948 936 988 eum
963 934 1054 1004 qui
1088 933 1484 989 assertionibus
1512 933 1625 988 suis
1654 933 1818 1002 perli-

215 1023 346 1080 dum
390 1025 530 1081 forte
569 1024 876 1082 subducere
907 1026 1129 1081 tentarit
1179 1041 1464 1082 assensum
1498 1036 1551 1081 ct
1589 1024 1818 1080 inliciari
1901 1042 1906 1046 ·

216 1134 338 1189 quae
367 1118 600 1185 dixerit,
645 1119 808 1174 etiam
839 1118 1135 1175 testimonii
1168 1120 1251 1174 sui
1284 1119 1547 1174 consistat
1577 1117 1817 1173 auctori-

215 1219 339 1277 tas;
390 1211 481 1266 ubi
511 1211 614 1267 soli
648 1212 860 1282 prolicit
887 1211 1114 1266 victoria
1143 1211 1377 1265 veritati.
1429 1211 1465 1264 li
1507 1221 1694 1264 autem
1722 1209 1814 1279 qui

215 1305 527 1376 excipiendi
558 1305 858 1377 funguntur
880 1303 1063 1360 ofﬁcio
1095 1314 1291 1374 praeter
1313 1318 1407 1358 eos
1435 1303 1524 1375 qui
1555 1301 1812 1358 dicationi

212 1414 352 1456 mea:
373 1398 440 1454 de
464 1398 698 1470 publicis
725 1397 1114 1469 praestolamur
1133 1396 1350 1465 ofﬁciis,
1373 1396 1537 1452 etiam
1563 1394 1809 1465 quaterni

211 1493 281 1548 de
317 1493 546 1564 singulis
594 1493 842 1564 partibus
883 1491 1237 1548 ecclesiastici
1285 1491 1507 1546 alternis
1538 1488 1810 1546 debebunt

210 1584 428 1642 adstare
447 1586 674 1641 notarii:
697 1601 926 1657 quorum
951 1584 1084 1641 ﬁdes
1107 1600 1174 1640 ne
1195 1600 1298 1654 qua
1322 1583 1539 1640 vacillet
1557 1582 1806 1652 ambage,

208 1678 457 1749 quaterni
504 1678 747 1749 episcopi
795 1679 1029 1749 partium
1078 1677 1410 1748 singularum
1442 1676 1641 1732 delecti
1681 1689 1807 1731 suo-

208 1785 329 1826 rum
359 1771 569 1842 judicio
599 1781 990 1844 pracponantur
1014 1810 1029 1836 ,
1058 1781 1115 1826 ut
1146 1769 1366 1827 eosdem
1392 1778 1714 1840 exceptores
1741 1783 1804 1823 ac

1931 565 2312 637 episcoporum
2344 567 2742 640 subscriptione
2771 569 3073 640 signentur.
3125 569 3338 627 Sufﬁcit
3381 573 3527 629 enim

1927 658 2033 714 illis
2061 659 2305 730 epistolis
2335 662 2698 718 universalem
2734 663 2816 733 (ut
2856 663 2926 717 ita
2959 661 3216 735 dixerim)
3245 664 3526 737 subscrip-

1899 750 2128 819 tionem
2158 751 2541 822 episcoporum
2574 755 2817 810 omnium
2848 755 3126 810 cohaerere
3152 799 3167 822 ,
3210 757 3409 826 quibus
3440 768 3522 814 to-

1927 850 2038 897 tum
2059 842 2435 913 disputationis
2457 844 2705 901 ordinem
2725 846 3124 902 conferentium
3147 857 3517 920 septenorum,

1921 947 2098 993 ratum
2126 954 2186 994 se
2219 939 2499 996 habituros
2527 957 2653 997 esse
2684 943 3052 1013 promiserint.

1995 1034 2081 1088 Η.
2115 1033 2452 1088 Marcellinus
2482 1037 2559 1089 vir
2585 1037 2899 1091 clarissimus
2921 1038 3156 1092 tribunus
3186 1046 3236 1094 et
3277 1040 3512 1095 notarius

1919 1125 2070 1179 dixit.
2127 1125 2238 1181 Hoc
2291 1141 2504 1197 quoque
2549 1128 2782 1183 edictum
2812 1130 3070 1200 suscipiet
3112 1145 3307 1201 corpus
3341 1133 3502 1189 acto-

1917 1233 2058 1272 rum.
2083 1217 2162 1272 Ne
2182 1217 2308 1288 quid
2341 1230 2524 1274 autem
2566 1220 2690 1276 ﬁdei
2721 1221 3004 1293 plenorum
3027 1221 3274 1278 videatur
3321 1225 3515 1285 deesse

1915 1318 2190 1380 gestorum
2218 1352 2231 1376 ,
2265 1296 2660 1383 universaqute
2688 1328 2718 1368 a
2754 1314 2998 1383 partibus
3043 1313 3224 1369 medio
3271 1325 3514 1386 tempore

1914 1403 1999 1459 vel
2037 1403 2241 1475 scripta
2272 1413 2434 1472 sunt,
2463 1405 2548 1461 vel
2595 1404 2839 1462 intimata
2875 1405 3094 1478 judiciis
3121 1419 3403 1480 percurrat
3427 1413 3507 1468 of-

1915 1495 2122 1551 ﬁcium.

1986 1586 2076 1642 12.
2104 1585 2395 1642 Petilianus
2416 1589 2687 1659 episcopus
2704 1588 2854 1643 dixit.
2879 1588 3050 1660 Egisti
3081 1601 3264 1660 partes
3288 1602 3406 1648 tuas
3438 1594 3519 1649 vir

1907 1681 2128 1766 nobilis,
2155 1689 2214 1736 ut
2239 1691 2294 1738 et
2324 1683 2559 1750 partibus
2585 1693 2636 1739 te
2677 1685 2878 1753 justum
2906 1684 3140 1740 futurum
3167 1701 3288 1742 esse
3313 1690 3517 1758 promi-

1909 1775 2068 1838 seris,
2105 1783 2161 1829 et
2187 1774 2405 1830 auribus
2445 1775 2675 1846 publicis
2722 1776 3059 1846 popularem.
3093 1776 3204 1834 Sed
3241 1779 3366 1851 quia
3399 1781 3514 1837 huic

208 1864 452 1919 notarios
477 1906 492 1930 ,
540 1865 783 1936 pervigili
835 1881 900 1920 ac
942 1864 1176 1921 sollicita
1209 1864 1590 1920 observatione
1617 1872 1802 1918 custo-
1833 1862 1880 1922 B
1907 1867 2087 1922 omnia
2114 1876 2237 1922 ante
2259 1882 2478 1923 causam
2508 1876 2656 1936 sunt,
2707 1883 2814 1924 non
2856 1869 2925 1925 de
2955 1885 3138 1940 causa,
3184 1871 3237 1926 id
3268 1873 3504 1943 primum

203 1957 381 2026 diant,
405 1970 673 2029 quatenus
698 1975 818 2015 cum
850 1958 1052 2014 eisdem
1081 1959 1464 2029 exceptoribtts
1487 1971 1552 2012 ac
1579 1958 1806 2013 notariis

203 2051 410 2120 egressi
445 2065 540 2122 per
571 2053 717 2108 vices
743 2093 758 2118 ,
811 2051 1046 2108 subinde
1075 2049 1278 2107 faciant
1317 2049 1600 2122 perspicua
1629 2049 1806 2121 digeri

202 2142 574 2214 descriptione
613 2161 734 2216 qua:
768 2144 912 2200 dicta
941 2153 1103 2212 sunt,
1153 2153 1214 2200 ut
1243 2144 1600 2200 nihilominus
1630 2143 1805 2200 adhuc

200 2237 479 2309 episcopis
510 2237 675 2310 249
713 2238 1036 2309 supradictis
1072 2239 1129 2293 in
1158 2237 1551 2310 disceptatione
1582 2252 1804 2293 versan-

202 2332 347 2388 tibus
371 2373 387 2398 ,
436 2342 677 2389 transeat
721 2335 772 2389 in
814 2334 998 2405 apices
1025 2334 1303 2389 evidentes
1342 2333 1642 2404 proﬂigata:
1675 2348 1804 2404 pars

200 2423 386 2494 aliqua
429 2427 748 2496 quaestionis
775 2469 790 2493 ,
839 2436 898 2482 ut
943 2428 1224 2482 confestim
1254 2442 1316 2482 ea
1346 2442 1468 2482 cum
1506 2441 1537 2482 a
1565 2427 1803 2496 septenis

198 2518 474 2590 episcopis
499 2521 741 2576 subnexa
770 2519 1175 2591 subscriptione
1201 2561 1215 2587 ,
1249 2521 1486 2576 celerem
1514 2528 1804 2591 exspecta-

201 2610 336 2667 tioni
359 2613 591 2682 publica:
612 2613 852 2668 tribuant
873 2614 1170 2669 notionem.
1213 2614 1339 2669 Post
1368 2616 1597 2684 primum
1621 2621 1802 2667 autem

201 2705 509 2762 collationis
533 2706 696 2775 diem,
722 2705 1074 2778 descriptioni
1103 2705 1601 2776 subscriptionique
1621 2712 1804 2776 gesto-

202 2814 326 2855 rum
349 2841 364 2866 ,
417 2799 595 2854 locum
622 2799 729 2855 diei
761 2798 1145 2870 subsequentis
1176 2798 1375 2854 efﬁciet
1407 2797 1800 2868 procrastinata

200 2892 479 2961 cognitio,
530 2891 602 2946 ita
652 2900 711 2946 ut
755 2891 804 2946 si
833 2891 962 2963 quid
1002 2891 1142 2947 forte
1167 2891 1500 2963 praecedenti
1527 2887 1802 2946 collationi

203 2987 504 3056 supererit,
547 2986 600 3041 in
633 2985 778 3042 diem
808 2987 1026 3042 tertium
1057 2994 1304 3040 recurrat
1331 3000 1580 3040 examen.
1629 2982 1801 3039 Omne

199 3079 370 3150 igitur
401 3078 635 3148 spatium
665 3077 981 3135 conferendi
1011 3077 1252 3133 vicissim
1281 3077 1388 3133 diei
1428 3079 1586 3133 unius
1634 3077 1801 3131 inter-

201 3173 412 3242 capedo
439 3173 777 3243 distinguet,
832 3188 940 3243 quo
973 3173 1183 3242 p05sint
1227 3172 1281 3227 in
1308 3172 1490 3227 medio
1523 3179 1676 3244 gesta
1707 3185 1801 3226 su-

1909 1969 2056 2016 tuam
2084 1961 2316 2033 petimus
2347 1971 2687 2032 potestatem,
2713 1973 2768 2017 ut
2798 1963 2841 2018 is
2873 1965 2961 2034 qui
2989 1980 3076 2019 me
3099 1967 3260 2022 acciri
3289 1967 3505 2034 edictis,

1899 2051 1998 2124 'qui
2040 2053 2110 2109 de
2151 2053 2284 2108 meis
2310 2053 2526 2108 sedibus
2542 2053 2763 2108 evocari
2781 2095 2796 2122 ,
2817 2054 2905 2124 qui
2931 2069 3017 2110 me
3033 2055 3272 2112 laborem
3298 2057 3506 2114 itineris

1903 2145 2030 2218 'pati
2056 2146 2394 2215 inquietavit,
2426 2146 2588 2216 petita
2614 2154 2670 2199 ut
2689 2145 2858 2202 voluit
2882 2157 3166 2216 proponat,
3195 2162 3294 2204 cur
3323 2164 3500 2205 meam

1907 2237 2228 2294 desiderarit
2246 2236 2438 2292 adesse
2468 2237 2830 2308 praesentiam,
2855 2243 2914 2291 ut
2945 2241 3186 2294 noverim
3214 2251 3392 2295 utrum
3421 2241 3510 2297 vel

1906 2328 2034 2400 quid
2074 2327 2301 2383 debeam
2356 2325 2709 2398 respondere.
2762 2325 2830 2382 Et
2860 2328 2966 2383 alia
2993 2344 3170 2386 manu.
3203 2329 3504 2388 Petilianus

1907 2422 2196 2492 episcOpus
2219 2420 2530 2491 recognovi.

1980 2513 2068 2568 15.
2104 2510 2442 2566 Marcellinus
2466 2513 2544 2566 vir
2568 2512 2882 2570 clarissimus
2920 2516 3151 2570 tribunus
3188 2525 3237 2570 et
3277 2520 3512 2575 notarius

1907 2603 2056 2658 dixit.
2082 2602 2208 2658 [iam
2233 2619 2334 2658 suo
2358 2604 2478 2658 loco
2505 2613 2559 2659 et
2589 2604 2780 2660 ordine
2811 2606 3012 2661 rectius
3042 2616 3393 2678 peragentur.
3422 2609 3506 2665 ln-

1908 2695 2064 2749 terim
2085 2695 2230 2765 quod
2260 2696 2421 2750 statui
2451 2707 2730 2766 percurrat
2755 2696 3017 2754 ofﬁcium.

1911 2813 1914 2816 ~
1980 2787 2067 2841 M.
2104 2785 2358 2842 Romulus
2379 2799 2622 2860 exceptor
2648 2791 2900 2844 recitavit.
2927 2790 3250 2862 Exemplum
3278 2775 3506 2850 notarite

1906 2877 2331 2935 Donatistarum.
2365 2879 2496 2936 Post
2542 2883 2882 2938 consulatum
2910 2882 3142 2939 Varanis
3185 2885 3284 2940 viri
3316 2886 3504 2942 claris-

1905 2973 2026 3028 simi
2054 2981 2248 3029 octavo
2271 2973 2530 3030 kalendas
2563 2974 2753 3031 lunias
2802 2975 2990 3032 Flavio
3019 2976 3333 3034 Marcellino
3380 2980 3503 3034 viro

1905 3066 2207 3122 clarissimo
2245 3076 2297 3121 et
2329 3067 2607 3136 spectabili
2665 3069 2882 3125 tribuno
2934 3080 2985 3126 et
3021 3072 3253 3138 notario,
3300 3071 3504 3128 Janua-

1905 3161 2055 3226 rius,
2108 3159 2413 3216 Primianus
2459 3171 2514 3217 et
2561 3164 2745 3218 cmteri
2803 3164 3030 3220 sincerae
3079 3165 3505 3222 Christianitatis

203 3267 370 3324 unde
395 3266 786 3344 ωδερτῖδεηάα
817 3266 1077 3331 διξερε-ἰδῇ,
1109 3279 1537 3322 memoratarum
1571 3275 1801 3336 pmslo-
1830 3251 1875 3314 C
1907 3253 2144 3323 episcopi
2170 3261 2226 3308 et
2249 3254 2532 3310 catholica:
2561 3255 2825 3310 veritatis.
2858 3255 3054 3311 Notum
3079 3257 3304 3312 facimus
3327 3249 3506 3314 since?

205 3359 353 3415 lante
375 3360 641 3422 custodia,
662 3360 752 3430 qui
777 3359 881 3416 hoc
905 3359 1012 3415 ﬁne
1038 3375 1195 3414 suum
1224 3360 1516 3415 metiantur
1538 3358 1799 3426 ofﬁcium,

205 3468 314 3508 non
344 3460 403 3506 ut
428 3451 628 3522 aliquid
659 3451 859 3519 dicant,
884 3452 978 3506 sed
1009 3452 1225 3506 utdicta
1252 3451 1582 3523 custodiant.
1621 3451 1803 3506 Donec

203 3554 386 3598 autem
419 3558 642 3598 emenso
676 3544 825 3599 exitu
868 3543 1227 3614 quaeStionum
1257 3586 1270 3610 ,
1323 3558 1514 3598 omnes
1546 3541 1802 3613 expedita

202 3637 408 3692 veritas
437 3637 636 3692 enodet
664 3638 960 3706 ambages,
1012 3635 1243 3691 schedas
1292 3635 1523 3691 subinde
1571 3636 1805 3706 scriptas

205 3729 415 3798 pariter
441 3737 605 3798 atque
631 3727 998 3798 subscriptus,
1027 3737 1133 3781 tam
1163 3727 1269 3782 mei
1297 3726 1460 3797 sigilli
1493 3743 1653 3798 quam
1679 3725 1803 3781 illo-

203 3837 328 3877 rum
349 3829 472 3875 octo
494 3819 778 3876 custodum
801 3819 1036 3889 signabit
1067 3820 1371 3888 impressio.
1397 3818 1805 3873 illaximianistis

211 3913 379 3969 etiam
406 3911 567 3968 edicti
593 3911 751 3983 hujus
780 3913 1082 3967 innotescet
1108 3911 1426 3977 auctoritas,
1468 3927 1569 3982 qua
1600 3909 1706 3965 sibi
1737 3911 1806 3966 ab

207 4007 306 4062 illo
337 4006 572 4062 concilio
625 4006 928 4078 intelligant
974 4006 1424 4076 temperandum,
1474 4005 1619 4077 quod
1665 4005 1808 4060 inter

204 4097 520 4154 Catholicos
559 4099 974 4168 Donatistasque
1017 4097 1273 4167 distingui
1309 4098 1375 4168 (f.
1409 4098 1704 4168 discingui,
1751 4106 1808 4150 ut

206 4190 374 4244 tertia:
395 4189 585 4262 cognit.
612 4206 659 4249 ο,
685 4186 809 4259 M9)
840 4202 1056 4242 omnem
1088 4187 1477 4258 dijttdicariqne
1499 4186 1806 4243 conﬂictum

205 4283 556 4336 clementiam
584 4280 891 4351 principum
921 4279 1214 4350 praeceptio
1238 4280 1484 4349 religiosa
1508 4279 1806 4346 constituit,

206 4389 312 4432 nec
337 4375 417 4430 eis
443 4374 698 4454 opitulari
723 4375 1066 4445 aliquatenus
1091 4388 1253 4445 posse
1273 4416 1288 4440 ,
1333 4373 1476 4445 quod
1502 4375 1603 4431 sibi
1635 4376 1811 4430 Dona-

216 4471 470 4524 tistarum
500 4470 716 4523 nomine
747 4467 1128 4533 blandiuntur,
1173 4482 1294 4521 cum
1324 4483 1350 4518 a
1377 4467 1702 4521 Donastistis
1730 4466 1813 4520 di-

209 4571 404 4617 cantur
434 4575 553 4615 csse
581 4560 845 4616 damnati.
903 4560 957 4615 Si
993 4560 1113 4629 quis
1141 4574 1206 4613 ex
1252 4547 1370 4613 istis
1397 4574 1517 4630 quae
1548 4557 1811 4614 adversus

1906 3346 2051 3401 ritati
2083 3357 2207 3413 tum,
2240 3361 2338 3401 nos
2364 3346 2542 3402 edicto
2573 3357 2665 3402 tuo
2694 3357 3012 3417 conventos,
3038 3364 3105 3405 ex
3134 3349 3362 3405 diversis
3386 3366 3506 3421 par-

1909 3438 2050 3494 tibus
2083 3439 2280 3495 Africa:
2312 3441 2686 3510 convolantes,
2720 3443 2996 3514 ingressos
3018 3444 3183 3500 fuisse
3221 3444 3505 3516 Carthagi-

1909 3547 2033 3587 nem
2064 3547 2132 3587 xv
2152 3531 2240 3588 die
2259 3532 2370 3588 kal.
2401 3533 2524 3589 Jun.
2553 3535 2705 3604 cujus
2741 3537 2913 3591 nostri
2939 3537 3203 3594 adventus
3233 3549 3288 3594 et
3316 3554 3507 3596 omnes

1907 3640 2043 3696 quos
2073 3625 2340 3697 Carthago
2362 3629 2605 3682 continet
2633 3635 2810 3685 testes
2833 3641 2992 3698 sunt,
3020 3642 3077 3688 et
3102 3641 3194 3689 tua
3222 3636 3508 3690 sinceritas

1909 3733 2017 3774 non
2048 3719 2278 3790 ignorat.
2310 3719 2478 3775 Tanta
2528 3722 2670 3776 enim
2696 3711 2794 3778 vis"
2825 3725 3177 3796 jurisjurandi
3219 3729 3294 3783 tui
3325 3729 3506 3786 edicto

1910 3818 2003 3866 tuo
2027 3825 2282 3880 expressa
2311 3823 2412 3881 est,
2459 3824 2516 3868 ut
2543 3817 2785 3885 exceptis
2811 3816 2894 3872 his
2923 3833 3060 3888 quos
3085 3819 3326 3876 adversae
3352 3821 3502 3876 vale-

1910 3905 2122 3961 tudines
2150 3919 2437 3975 corporum
2471 3908 2522 3962 in
2547 3908 2766 3963 sedibus
2800 3911 3057 3979 retinent,
3106 3923 3198 3967 aut
3239 3915 3506 3985 aegritudo

1910 3999 1963 4054 in
1978 3999 2060 4054 via
2077 3999 2508 4070 comprehendit,
2530 4016 2629 4056 nec
2653 4003 3001 4072 gravissimos
3021 4020 3181 4060 senes
3200 4009 3506 4072 annositas,

1912 4107 2013 4148 nec
2051 4093 2240 4163 prolixi
2288 4093 2498 4150 itineris
2533 4094 2686 4150 labor
2735 4097 2974 4165 potuerit
3011 4097 3320 4166 prohibere.
3350 4101 3506 4174 Quod

1912 4200 2036 4241 cum
2064 4186 2238 4242 solum
2263 4185 2495 4242 edictum
2545 4196 2672 4242 ante
2699 4203 2916 4244 causam
2945 4177 3242 4258 sufﬁceret,
3275 4192 3506 4248 alterum

1913 4295 2128 4350 quaque
2177 4280 2426 4352 dignatus
2461 4298 2521 4337 es
2568 4283 2732 4338 edere
2755 4326 2770 4350 ,
2830 4283 2883 4338 in
2909 4299 3015 4354 quo
3041 4300 3163 4340 cum
3193 4285 3360 4340 multa
3407 4301 3509 4342 nos

1914 4383 2189 4440 moveant,
2217 4383 2327 4428 tum
2357 4375 2627 4445 praecipue
2655 4391 2902 4446 magnam
2921 4377 3336 4433 sollicitudinem
3362 4377 3508 4447 facit,

1914 4465 2040 4534 quia
2072 4479 2169 4520 nos
2192 4464 2341 4535 ipsos
2362 4467 2540 4521 edicto
2567 4475 2660 4520 tuo
2691 4467 2937 4537 epistolis
2967 4470 3167 4523 nostris
3185 4469 3503 4540 adstipulari

1915 4564 2168 4624 Oportere
2196 4555 2476 4621 censuisti,
2503 4571 2626 4611 cum
2655 4557 2760 4612 hoc
2787 4571 2887 4612 nec
2913 4571 3031 4612 mos
3047 4559 3296 4628 publicus
3319 4560 3516 4617 habeat

210 4668 404 4708 omnes
434 4652 739 4706 ιιιιιιιῑΐίιτίιρ
769 4651 1092 4722 suspicionis
1140 4651 1360 4705 insidias
1405 4652 1616 4721 provisa
1657 4647 2016 4708 solli-Dnec
2057 4646 2300 4717 judicum
2355 4647 2706 4703 consuetudo.
2756 4649 2869 4716 Qua
2920 4650 2988 4705 de
3038 4666 3098 4706 re
3143 4653 3509 4710 sinceritatem
3569 4637 3578 4645 ’

209 4749 320 4801 cite
341 4787 354 4812 ,
399 4729 698 4801 constituta.
722 4745 981 4810 ﬁdeliter,
1015 4743 1258 4799 ordinata
1289 4744 1611 4814 diligenter,
1656 4753 1811 4800 tenor

211 4839 376 4909 hujus
408 4838 791 4909 propositionis
823 4836 1189 4908 amplectitur,
1221 4836 1687 4908 (modo)quolibet
1715 4837 1812 4892 ob-

213 4947 440 4987 servare
472 4930 727 4997 noluerit,
762 4947 867 4984 non
897 4931 1072 4985 solum
1104 4929 1233 4998 quid
1264 4929 1332 4984 de
1361 4944 1523 4984 causa
1555 4943 1654 4984 sua
1688 4944 1812 4984 sen-

216 5028 314 5081 tiat
342 5026 630 5081 conﬁtetur
655 5067 670 5090 ,
715 5039 899 5079 verum
928 5024 1091 5080 etiam
1124 5022 1250 5093 quid
1277 5022 1529 5077 moliatur
1553 5021 1810 5075 ostendit.

217 5119 440 5174 Sufﬁcit
481 5119 696 5173 interim
731 5116 997 5186 cognitori
1037 5116 1162 5170 talis
1202 5115 1556 5185 praerogativa
1591 5112 1813 5183 justititn

215 5213 380 5283 hujus
411 5212 852 5267 comtnonitionis
881 5210 1026 5265 circa
1075 5210 1360 5264 universos
1405 5209 1690 5278 episcOpos
1733 5205 1815 5262 fe-

213 5306 360 5361 cisse
409 5305 667 5374 populum
715 5303 815 5359 sibi
874 5302 1048 5372 plebis
1095 5299 1540 5370 Carthagineusis
1583 5308 1812 5366 testem,

215 5413 380 5469 quem
415 5412 541 5452 mox
575 5404 661 5452 est
690 5394 968 5450 habiturus
1005 5393 1264 5464 judicem.
1315 5394 1576 5462 Superest
1606 5401 1664 5447 ut
1688 5399 1816 5448 ante

215 5490 434 5548 concilii
463 5490 607 5545 diem
641 5490 960 5544 universum
993 5487 1216 5558 hujusce
1257 5486 1612 5542 ordinationis
1659 5494 1816 5540 teno-

217 5597 374 5647 rem,
445 5581 727 5652 utrittsque
777 5582 943 5651 partis
993 5581 1232 5650 episcopi
1283 5587 1564 5647 amputata
1606 5579 1818 5649 penitus

219 5688 378 5730 mora
407 5673 587 5730 missis
611 5651 1030 5729 ad‘dicationem
1064 5688 1239 5727 meam
1273 5671 1466 5727 litteris
1493 5672 1603 5727 suis
1629 5672 1818 5740 imple-

221 5774 378 5821 tnros
406 5780 466 5820 se
515 5780 638 5821 esse
670 5765 1028 5834 promittant;
1070 5762 1174 5818 hoc
1205 5762 1474 5833 praecipue
1519 5770 1818 5832 maturato,

222 5867 283 5912 ut
309 5855 520 5912 caedem
550 5855 746 5927 quibus
771 5855 837 5910 ad
865 5853 1044 5909 omnia
1075 5853 1298 5922 hujusce
1317 5854 1477 5911 edicti
1511 5869 1572 5911 se
1594 5869 1825 5911 consen-

1913 4749 2060 4794 tuam
2109 4739 2398 4810 pluritnum
2443 4740 2831 4807 exhortamur,
2882 4751 2943 4798 ut
2982 4745 3178 4814 prioris
3217 4747 3376 4802 edicti
3406 4747 3512 4803 ﬁde

1914 4842 2158 4898 servata,
2214 4841 2440 4887 cunctos
2499 4846 2597 4887 nos
2636 4834 2705 4888 ad
2755 4845 2805 4889 te
2864 4835 3050 4891 venire
3096 4837 3407 4907 praecipias,
3452 4847 3513 4894 ut

1916 4926 2314 4994 quamprimum
2339 4923 2407 4980 de
2437 4940 2662 4980 numero
2689 4936 2878 4982 nostro
2897 4937 3128 4995 constet,
3164 4943 3299 4999 quos
3321 4930 3515 4987 adver-

1917 5015 2049 5070 sarii
2072 5031 2271 5087 paucos
2300 5031 2421 5072 esse
2451 5031 2597 5087 saepe
2627 5021 2834 5074 mentiti
2859 5028 3007 5084 sunt,
3041 5029 3099 5074 ut
3128 5021 3234 5077 rite
3260 5024 3513 5080 omnibus

1918 5109 2183 5166 ordinatis
2224 5125 2344 5179 quae
2366 5111 2572 5164 nostris
2595 5112 2836 5180 partibus
2858 5122 3174 5183 competunt
3199 5154 3213 5180 ,
3245 5115 3515 5186 discepta-

1919 5204 1993 5259 tio
2020 5203 2408 5274 subsequatur;
2439 5219 2506 5260 ne
2529 5214 2623 5259 aut
2649 5205 2824 5261 edicta
2853 5221 2912 5262 se
2933 5215 3039 5262 tuae
3065 5208 3393 5263 sinceritatis
3407 5209 3510 5262 im-

1919 5307 2178 5368 pugnent,
2205 5306 2298 5353 aut
2323 5297 2481 5354 nobis
2502 5300 2786 5372 quicquam
2807 5299 3140 5370 praejudicet,
3173 5309 3230 5355 ut
3246 5316 3369 5356 cum
3395 5281 3518 5356 om:

1920 5406 2016 5447 nes
2036 5391 2220 5446 venire
2242 5394 2567 5463 praeceperis
2599 5435 2612 5457 ,
2655 5409 2856 5464 paucos
2879 5409 3022 5450 nunc
3045 5394 3240 5450 adesse
3269 5394 3406 5452 velle
3434 5396 3515 5451 vi-

1922 5483 2122 5540 dearis.
2157 5483 2270 5539 Hoc
2302 5485 2446 5540 enim
2477 5485 2636 5541 decet
2683 5495 2738 5540 et
2783 5486 2999 5555 expedit
3029 5495 3087 5541 ut
3126 5488 3333 5541 cunctis
3370 5503 3510 5558 prte-

1925 5577 2171 5634 sentibus
2198 5592 2486 5634 commune
2516 5579 2789 5649 negotium
2818 5579 2970 5649 pauci
3005 5579 3312 5649 loquantur.
3348 5581 3517 5652 Hujus

1923 5669 2158 5726 Notarize
2189 5685 2372 5742 parem
2403 5671 2543 5741 apud
2587 5665 2686 5726 nos
2733 5661 3072 5726 retinuimus.
3108 5669 3176 5726 Et
3201 5673 3307 5725 alia
3336 5690 3513 5728 manu.

1921 5763 2283 5822 Januarianus
2313 5760 2945 5836 episcopusjsubscripsi.
2974 5763 3043 5819 Et
3063 5765 3168 5820 alia
3196 5765 3514 5842 ritattu._l?rie

1925 5858 2138 5914 mianus
2170 5859 2456 5928 episcopus
2482 5856 2794 5928 subscripsi,
