3972 6328
511 267 646 322 iatn

1477 261 1701 326 casta
1744 214 2198 325 COLLATIONIB
2238 251 2859 320 CAltTilAGINENBIS.

3634 261 3651 318 l
3664 260 3739 315 2b8

585 381 672 434 15.
712 377 1048 434 .llurt‘ellt'ntts
1073 375 1148 428 rir
1177 375 1495 432 clarissimus
1523 377 1756 436 tribunus
1796 386 1842 438 et
1883 375 2117 436 notarius
2145 375 2194 432 A
2222 384 2438 428 causam
2468 371 2735 444 superflue
2763 380 2816 426 et
2864 379 2986 428 ante
3036 373 3227 428 merita
3275 374 3558 444 principalis
3585 381 3741 445 negotii

509 472 662 526 dixit.
699 471 936 528 Alterius
963 482 1175 540 quoque
1206 469 1370 537 partis
1402 469 1659 524 recitetur
1687 467 1937 538 epistola.

589 565 675 618 16.
710 560 966 616 Romulus
987 570 1225 632 exceptor
1248 561 1496 616 recitavit.
1529 560 1843 624 Honorabili
1887 574 1948 616 ac
1983 558 2115 620 dile-

513 659 758 722 ctissimo
789 656 903 713 fllio
929 656 1047 710 viro
1068 654 1378 718 clarissimo
1407 665 1462 710 et
1491 655 1772 727 Spectabili
1805 653 2019 718 tribuno
2066 661 2122 708 et

513 750 732 806 notario
759 747 1098 816 Marcellino,
1145 748 1417 816 Aurelius,
1451 746 1717 819 Sylvanus
1740 787 1754 814 ,
1783 753 1840 801 et
1881 741 2121 802 universi

511 843 753 914 episcopi
804 839 1091 896 Catholici.
1114 870 1187 881 —
1207 837 1402 894 Edicto
1423 837 1833 911 spectabilitatis
1855 845 1980 903 tute,
2010 845 2116 893 etc.

510 935 670 994 Extat
695 934 1068 1009 apudAugust.
1097 942 1135 987 t.
1161 949 1216 999 it,
1248 931 1348 987 col.
1382 931 1510 998 487,
1545 930 1761 1003 Ep.t28
1784 940 1969 985 nostra:
1994 929 2116 984 edit.
2165 1005 2174 1014 '

588 1029 674 1084 17.
708 1023 1043 1081 Marcellinus
1085 1025 1248 1099 250
1296 1025 1373 1078 vir
1403 1024 1722 1078 clarissimus
1752 1031 1800 1076 et
1828 1020 2120 1092 spectabilis

511 1121 742 1180 tribunus
765 1130 812 1174 et
834 1118 1068 1173 notarius
1091 1117 1243 1171 dixit.
1263 1116 1526 1186 Quoniam
1543 1115 1751 1188 justitia
1776 1114 2014 1170 dictante
2037 1111 2121 1167 vel

511 1212 620 1268 fide
647 1211 818 1266 semel
839 1225 926 1266 me
950 1207 1308 1282 spopondisse
1336 1206 1708 1273 commemini,
1731 1203 2131 1277 quidquidcum-

511 1305 797 1376 utriusque
819 1303 988 1376 partis
1033 1301 1303 1374 episcopis
1329 1315 1555 1372 gessero
1587 1301 1639 1355 in
1671 1299 2122 1371 publicamtrans-

516 1399 812 1454 missurum
844 1411 930 1451 me
960 1410 1082 1451 esse
1122 1395 1392 1460 notitiam,
1424 1409 1588 1450 causa
1632 1395 1762 1449 mihi
1791 1393 2119 1465 repetendo-

513 1508 634 1549 rum
664 1491 904 1546 nascitor
933 1489 1258 1554 edictorum.
1293 1488 1425 1545 Nam
1453 1505 1575 1552 cum
1627 1489 1925 1564 superioris
1948 1489 2121 1552 forma

517 1584 933 1656 programmatis
970 1597 1030 1638 ea
1066 1582 1271 1654 digesta
1300 1583 1614 1648 contineat,
1647 1582 1841 1653 quibus
1871 1578 2120 1638 ordinata

516 1679 759 1750 cognitio
801 1675 1124 1734 inoffensum
1175 1683 1434 1748 sequatur
1481 1675 1750 1732 tramitem
1800 1673 2116 1745 iudicandi;

2223 482 2558 539 supervacua
2589 482 2708 522 esse
2736 475 3050 534 noscuntur,
3085 482 3257 538 neque
3294 468 3417 524 mihi
3465 483 3620 530 nostra
3647 492 3744 547 pro.

2223 561 2419 632 positio
2460 577 2472 612 :
2518 573 2692 632 neque
2737 557 2952 618 illorum
2995 559 3274 630 responsio
3307 560 3513 620 officere
3563 575 3742 636 potest,

2223 666 2368 716 cum,
2399 650 2563 708 salvis
2611 649 2865 706 oinnibus
2910 659 3037 706 ante
3089 665 3300 706 causam
3353 669 3488 716 nunc
3527 656 3667 720 limen
3687 662 3747 718 in.

2220 744 2393 817 gressi
2414 743 2620 814 judicii,
2652 758 2771 812 quae
2797 743 2904 797 sint
2927 744 3120 798 merita
3149 745 3342 814 negotii
3368 745 3580 806 delinire
3607 753 3749 810 valea-

2221 853 2363 895 mus.
2398 836 2465 892 Et
2500 837 2605 892 alia
2625 853 2799 892 innuit.
2835 837 3106 894 Emeritos
3127 839 3408 910 episcOpus
3433 845 3698 912 recognovi.

2293 931 2384 986 2i.
2415 928 2754 984 Marcellinus
2785 929 2860 984 vir
2881 929 3201 988 clarissimus
3239 930 3466 992 tribunus
3493 942 3536 988 at
3573 937 3753 993 notarius

2223 1025 2375 1080 dixit.
2411 1022 2637 1078 Constat
2657 1021 2724 1078 de
2749 1036 2912 1077 causa
2939 1021 3070 1086 nihil
3091 1022 3307 1093 penitus
3345 1023 3638 1091 mutilatum,
3660 1041 3751 1082 cum

2224 1132 2286 1173 ea
2313 1124 2520 1171 tantum
2548 1129 2668 1186 quae
2698 1122 2822 1168 ante
2846 1113 3044 1184 scripta
3067 1113 3152 1168 vel
3189 1123 3335 1184 gesta
3358 1124 3506 1181 sunt,
3538 1131 3758 1190 praecepta,

2222 1213 2326 1268 rim
2356 1209 2596 1266 recitari.
2629 1207 2785 1266 Unde
2815 1209 3070 1280 quoniam
3100 1218 3284 1276 certus
3311 1224 3340 1266 a
3362 1209 3589 1280 partibus
3615 1227 3756 1272 nume.

2221 1319 2316 1372 ros
2367 1303 2620 1360 constitui
2673 1303 2874 1360 debere
2911 1311 3214 1374 praeceptus
3270 1311 3390 1372 est,
3441 1314 3602 1368 utrum
3621 1306 3757 1362 edicto

2224 1397 2458 1470 paritum
2487 1396 2581 1463 sit,
2614 1396 2754 1452 sicut
2773 1396 3024 1465 superius
3055 1395 3339 1462 interfatus
3360 1409 3475 1464 sum
3495 1438 3509 1466 ,
3537 1399 3757 1464 venerabi-

2225 1489 2350 1556 litas
2377 1500 2556 1548 vestra
2592 1487 2845 1544 intimare
2868 1487 3137 1558 dignetur.

2295 1580 2386 1635 22.
2422 1579 2680 1636 Emeritus
2710 1580 2983 1650 episcopus
3012 1579 3164 1642 dixit.
3193 1578 3466 1637 Admoniti
3495 1581 3678 1649 quidem
3700 1584 3758 1640 in-

2227 1672 2494 1743 tegritatis
2525 1682 2628 1728 tua:
2654 1671 2868 1744 edictis,
2902 1673 3080 1728 omnia
3112 1673 3321 1744 integra
3349 1683 3402 1734 et
3422 1674 3606 1736 illibata
3624 1691 3757 1732 causa

516 1769 884 1826 necessarium
915 1784 1032 1836 esse
1049 1782 1394 1834 censueram,
1428 1767 1556 1840 quid
1589 1781 1753 1840 super
1778 1766 1970 1832 eodem
1999 1779 2122 1836 pars
2150 1769 2202 1832 B
2228 1767 2584 1822 servabimus.
2619 1765 2769 1822 llaiic
2797 1780 3039 1833 causam,
3066 1768 3110 1820 si
3144 1775 3379 1838 tempus,
3405 1769 3446 1824 si
3466 1769 3570 1824 dies
3590 1772 3755 1840 patitur,

512 1875 740 1936 utraque
757 1864 1008 1931 sentiret,
1041 1862 1218 1918 edicto
1244 1861 1312 1915 ab
1339 1860 1604 1916 universis
1655 1859 1928 1931 episcopis
1972 1857 2123 1930 ﬂagi-

525 1967 643 2013 tare
674 1975 685 2010 :
724 1955 853 2028 quid
885 1954 1145 2010 dicationi
1174 1967 1309 2018 mete
1337 1953 1529 2023 partim
1560 1965 1656 2026 per
1683 1950 1974 2017 notoriam,
2002 1965 2125 2020 par-

521 2050 616 2104 tim
649 2064 744 2130 per
774 2045 1062 2130 epistolam
1090 2044 1476 2109 rescribentes,
1510 2042 1639 2116 quid
1669 2057 1833 2114 super
1853 2041 2125 2110 conditio—

520 2127 681 2198 nibus
705 2127 877 2214 nuper
907 2137 1199 2210 propositis
1221 2137 1460 2196 sentiant
1485 2135 1822 2201 intimarent.
1848 2133 2016 2206 Cujus
2039 2134 2124 2198 vel

517 2217 788 2308 epistolae,
828 2230 914 2286 vel
945 2229 1173 2286 notoria:
1200 2228 1654 2300 quemadmodum
1703 2243 1764 2284 se
1791 2227 1962 2289 forma
1992 2243 2124 2288 con-

522 2324 728 2388 tineat,
777 2322 1113 2379 offerendum
1166 2321 1396 2393 publicis
1439 2320 1717 2377 obtutibus
1761 2320 2031 2402 iudicavi,
2067 2330 2126 2378 ut

520 2419 648 2490 quid
676 2419 763 2475 vel
789 2417 1146 2502 praecedentis
1175 2416 1339 2473 edicti
1364 2423 1542 2484 textus
1579 2416 1852 2490 exegerit,
1883 2416 1968 2478 vel
2011 2418 2124 2472 sin-

518 2511 768 2582 gularum
801 2509 1032 2584 partium
1056 2509 1413 2580 responsione
1443 2507 1675 2572 relatum
1700 2507 1770 2574 sit
1796 2548 1810 2573 ,
1840 2507 1929 2564 ubi
1962 2507 2125 2578 totius

521 2604 705 2676 populi
729 2585 1086 2660 considerarit
1112 2601 1338 2680 agnitio,
1369 2601 1604 2673 qualiter
1630 2615 1689 2658 se
1710 2598 1909 2666 habeat
1928 2599 2126 2660 exami-

521 2699 703 2756 nantis
729 2698 958 2768 intentio
974 2696 1258 2770 perspicue
1272 2695 1446 2770 possit
1469 2695 1769 2752 advertere.
1793 2694 1907 2770 Qua
1930 2696 2121 2764 indito,

519 2793 654 2848 idem
675 2794 928 2848 recitavit.

603 2887 687 2942 I8.
719 2884 1033 2944 Honorabili
1062 2900 1124 2942 ac
1149 2885 1504 2952 dilectissimo
1526 2885 1637 2946 filio
1675 2884 1792 2954 viro
1819 2885 2126 2946 clarissimo

521 2988 576 3036 ct
605 2979 884 3049 spectabili
911 2978 1126 3035 tribuno
1156 2987 1210 3042 et
1237 2980 1448 3038 notario
1471 2979 1806 3046 Marcellino,
1837 2979 2123 3048 Aurelius,

523 3071 776 3138 Silvanus
807 3083 863 3128 et
894 3068 1758 3144 universiepiscOpiCatholici.—
1772 3073 1995 3136 Multum
2025 3088 2124 3142 nos

2227 1860 2557 1918 intimamus.
2586 1858 2796 1916 Scimus
2810 1860 2954 1918 enim
2983 1868 3038 1916 et
3063 1858 3245 1916 edicto
3264 1861 3647 1932 Spectabilitatis
3665 1872 3755 1931 tuae,

2227 1963 2280 2012 et
2308 1953 2448 2020 sacri
2480 1961 2669 2012 tenore
2699 1953 2972 2026 rescripti,
3005 1953 3143 2010 intra
3186 1962 3419 2025 quatuor
3449 1970 3638 2011 menses
3661 1971 3758 2011 cau-

2227 2062 2344 2112 sam
2375 2045 2576 2102 denere
2607 2044 2773 2106 finiti.
2799 2045 2855 2100 Si
2885 2046 2984 2101 iste
3015 2054 3101 2102 est
3129 2045 3246 2101 dies
3271 2089 3287 2112 ,
3311 2047 3577 2104 veniamus
3597 2048 3652 2104 ad
3671 2064 3760 2104 cau-

2227 2156 2364 2197 sam.
2393 2139 2509 2196 Non
2541 2153 2826 2212 possumus
2857 2139 3056 2204 etenim
3086 2139 3378 2212 quicquam
3401 2139 3468 2204 de
3494 2141 3667 2196 meritis
3681 2141 3758 2194 dis-

2227 2245 2468 2308 ceptare,
2497 2235 2600 2292 nisi
2635 2235 2812 2308 primo
2857 2234 2924 2290 de
2953 2233 3042 2290 die
3073 2233 3236 2290 fuerit
3261 2235 3568 2306 iudicatum.
3607 2231 3660 2292 Et
3683 2235 3758 2290 alii

2228 2346 2408 2384 manu.
2441 2328 2717 2390 Emeritos
2741 2328 3025 2400 episcopus
3050 2329 3369 2399 recognovi.

2297 2425 2390 2480 23.
2424 2423 2757 2480 Marcellinus
2778 2423 2851 2477 vir
2891 2423 3211 2480 clarissimus
3244 2423 3475 2479 tribunus
3507 2431 3551 2480 et
3571 2425 3758 2480 statarius

2227 2517 2376 2580 dixit.
2405 2517 2483 2572 Ex
2513 2515 2690 2571 edicto
2740 2515 2978 2578 secundo
3026 2514 3168 2572 diem
3202 2530 3528 2588 cognoscere
3567 2517 3756 2587 potuisti,

2226 2609 2318 2681 qui
2373 2608 2492 2672 dies
2520 2606 2628 2664 kal.
2656 2607 2932 2664 .luniarum
2959 2607 3169 2674 videtur
3189 2623 3314 2665 esse
3339 2608 3755 2678 constitutus,quo-

2227 2703 2374 2768 niam
2408 2701 2552 2758 hunc
2592 2715 2713 2757 esse
2743 2700 3064 2768 hodiernum
3097 2700 3261 2768 etiam
3289 2703 3545 2772 suggestio
3568 2700 3757 2772 patefecit

2227 2793 2414 2864 officii,
2470 2801 2525 2848 et
2576 2793 2822 2849 recitatio
2881 2794 3206 2860 monstravit
3267 2793 3451 2851 edicti.
3515 2793 3755 2864 Superest,

2227 2897 2406 2946 utrum
2432 2888 2501 2942 de
2527 2886 2832 2943 ordinando
2877 2887 3095 2960 negotio
3135 2903 3164 2954 a
3213 2887 3413 2956 vestris
3461 2887 3669 2960 partibus
3689 2887 3756 2942 eli-

2225 2979 2526 3050 gendisque
2549 2979 2798 3052 personis
2824 2978 3155 3048 satisfactum
3181 2981 3276 3052 sit,
3309 2980 3590 3044 intimetor.
3626 2978 3756 3048 Siqui-

2227 3070 2349 3126 dem
2380 3071 2432 3128 iu
2459 3072 2682 3140 confusa
2706 3071 3069 3140 multitudine,
3095 3084 3245 3140 certa
3271 3089 3378 3130 non
3393 3074 3662 3145 possitesse
3676 3086 3757 3141 per-

521 3166 781 3230 sollicitos
817 3165 1053 3224 reddidit
1081 3165 1293 3228 notoria
1324 3165 1406 3226 vel
1438 3165 1630 3224 littera:
1653 3164 1877 3234 fratrum
1907 3176 2124 3226 nostro-
2151 3156 2197 3235 Ω
2227 3180 2383 3236 stula,
2409 3179 2532 3228 Cum
2559 3164 2662 3219 hoc
2687 3173 2897 3221 constet
2928 3166 3089 3222 etiam
3114 3165 3325 3237 legibus
3349 3165 3624 3233 definitum.

521 3274 640 3312 rom
663 3301 678 3326 ,
726 3266 832 3326 etc,
882 3257 1042 3320 Extat
1085 3258 1223 3330 apud
1256 3258 1317 3316 S.
1349 3258 1595 3332 August.,
1627 3266 1750 3314 tam.
1784 3273 1844 3328 tt,
1878 3259 2122 3331 φοι-490,

523 3347 694 3418 Epist.
733 3349 834 3404 H9
859 3349 1096 3404 editionis
1119 3359 1330 3405 nostra.

595 3442 860 3520 25219.
897 3441 1234 3508 Marcellinus
1260 3445 1337 3500 rir
1364 3443 1681 3514 clarisgintus
1709 3445 1943 3514 tribunus
1959 3455 2008 3500 et
2042 3462 2128 3506 na-

525 3534 689 3586 tarius
712 3534 862 3587 dixit.
898 3534 1192 3592 Evidenter
1219 3536 1466 3606 apparuit
1486 3535 1662 3604 edicto
1680 3535 1965 3600 dicationis
1991 3552 2126 3592 mea:

523 3641 750 3682 numero
774 3628 1016 3706 prmstito
1046 3643 1203 3698 quem
1235 3643 1300 3684 ex
1329 3631 1566 3686 omnium
1594 3629 1869 3696 voluntate
1885 3631 2127 3702 suscipe-

525 3727 668 3786 rent,
702 3707 888 3774 coram
911 3719 1110 3794 negotii
1153 3721 1514 3792 peragendam
1543 3763 1558 3791 ,
1585 3722 1838 3792 quoniam
1871 3721 1923 3782 id
1961 3721 2124 3788 etiam

525 3813 944 3882 sacratissimam
963 3813 1135 3885 legem
1168 3813 1401 3874 voluisse
1438 3816 1554 3886 ejus
1583 3816 1826 3872 recitatio
1847 3815 2122 3890 patefecit.

524 3904 594 3959 Et
623 3905 748 3980 quia
788 3904 1098 3961 Catholicos
1124 3907 1407 3978 episcopos
1434 3907 1502 3962 ad
1530 3907 1690 3964 edicti
1723 3919 1964 3964 tenorem
1994 3922 2124 3963 con-

526 3999 764 4054 sensisse
791 4006 1150 4055 monstratum
1175 4009 1279 4068 est,
1312 4010 1491 4060 utrum
1536 3999 1701 4058 etiam
1730 4000 1968 4069 episcopi
1999 4015 2124 4070 pars

529 4090 597 4145 tis
623 4089 842 4146 alterius
864 4090 931 4146 de
963 4089 1063 4145 hac
1104 4105 1165 4145 re
1212 4090 1572 4160 satisfecerint
1597 4132 1612 4160 ,
1644 4091 1729 4148 vel
1770 4100 1950 4162 utrum
1981 4107 2125 4164 nunc

525 4183 839 4239 satisfacere
861 4183 1052 4252 velint,
1083 4183 1331 4254 intimare
1359 4183 1665 4254 dignentur.

598 4275 689 4332 20.
716 4274 972 4329 Emeritus
1003 4275 1269 4348 episcopus
1299 4273 1446 4330 dixit.
1482 4277 1614 4332 Acta
1636 4284 1742 4348 est,
1766 4283 1828 4346 ut
1851 4275 2086 4341 arbitror
2107 4319 2123 4346 ,

532 4381 693 4422 causa
734 4375 792 4438 et
818 4366 994 4422 adhuc
1023 4366 1441 4423 conflictantium
1475 4383 1581 4424 non
1628 4377 1712 4425 est
1751 4378 1948 4436 statuta
2000 4386 2124 4448 per-

527 4475 682 4518 sona.
716 4461 835 4518 Tibi
867 4462 1032 4536 enim,
1061 4461 1310 4534 judicum
1340 4463 1644 4532 verissime,
1694 4462 1828 4520 nihil
1870 4463 2013 4524 aliud
2043 4465 2124 4524 in-,

2302 3257 2394 3314 24.
2426 3257 2680 3316 Emeritos
2705 3259 2974 3329 episcopus
3008 3259 3158 3316 dixit.
3199 3259 3353 3330 Diem
3392 3259 3578 3332 negotii
3621 3266 3750 3322 ulrunt

2232 3352 2492 3420 terminus
2533 3349 2780 3406 edictalis
2830 3350 3134 3418 incluserit,
3187 3365 3256 3406 an
3308 3350 3475 3420 forma
3528 3346 3756 3419 imperialis

2233 3445 2510 3520 praecepti,
2544 3445 2838 3506 nobilitatis
2865 3453 2970 3500 tute
3026 3445 3189 3506 debet
3225 3445 3432 3516 judicio
3471 3443 3668 3502 definiri.
3712 3438 3756 3496 Et

2229 3540 2334 3594 alia
2365 3555 2540 3601 manu.
2570 3537 2839 3604 Emeritos
2860 3538 3145 3607 episcopus
3174 3537 3484 3613 recognovi.

2301 3631 2392 3686 25.
2425 3630 2766 3686 Marcellinus
2789 3630 2867 3686 uir
2887 3629 3204 3684 clarissimus
3257 3631 3493 3698 tribunus
3517 3640 3558 3685 et
3581 3629 3754 3682 notarius

2231 3725 2382 3792 dixit.
2413 3722 2487 3779 Ex
2517 3723 2696 3778 edicto
2721 3721 2836 3777 dies
2866 3731 2948 3778 est
2989 3722 3319 3784 constitutus
3342 3766 3358 3790 ,
3402 3721 3657 3788 secundum
3681 3719 3754 3774 tur-

2232 3831 2372 3872 mam
2411 3813 2600 3886 judicii
2653 3813 2998 3885 principalis;
3033 3823 3087 3868 et
3119 3813 3377 3885 quoniam
3418 3828 3522 3868 non
3544 3821 3614 3868 est
3637 3812 3677 3866 in
3699 3809 3755 3864 liis

2228 3905 2428 3963 diutius
2451 3903 2870 3972 immorandum,
2901 3912 3149 3976 superest
3165 3913 3224 3960 ut
3252 3905 3310 3959 in
3333 3904 3582 3960 electione
3605 3900 3756 3959 satiata

2228 3997 2383 4056 ciatis
2410 3996 2720 4053 coelestibus
2749 3996 3076 4052 constitutis.

2298 4089 2387 4144 26.
2415 4088 2674 4154 Emeritos
2703 4089 2974 4162 episcOpus
3004 4089 3156 4144 dixit.
3187 4089 3392 4145 Forma
3422 4085 3647 4162 praecepti
3669 4083 3755 4140 talis

2228 4192 2328 4258 est,
2359 4193 2419 4239 ut
2445 4184 2583 4239 intra
2612 4191 2847 4255 quatuor
2875 4198 3087 4240 menses
3117 4199 3280 4242 causa
3302 4185 3528 4241 dicatur.
3553 4183 3599 4239 Si
3617 4195 3758 4236 secun-

2229 4275 2354 4332 dum
2379 4275 2516 4342 hanc
2547 4275 2775 4346 formam
2798 4275 3144 4348 sublimitatis
3173 4287 3281 4342 tuae
3315 4279 3540 4348 edictum
3578 4281 3648 4334 est
3667 4285 3758 4327 con-

2229 4371 2496 4435 stitutum,
2525 4377 2775 4440 superest
2819 4379 2878 4428 ut
2924 4378 3246 4442 suggerente
3274 4370 3458 4427 officio
3492 4371 3539 4426 in
3580 4365 3758 4424 medium

2229 4477 2388 4518 causa
2407 4463 2674 4520 mittatur.
2706 4459 2772 4524 Et
2800 4462 2905 4518 alia
2935 4477 3113 4518 manu.
3138 4463 3416 4522 Emeritos
3435 4461 3683 4534 episcopus
3701 4469 3756 4511 re-

525 4558 732 4614 cumbit
758 4573 918 4630 quam
952 4568 1136 4617 tenere
1165 4561 1470 4616 veritatem.
1503 4559 1560 4616 Si
1590 4560 1733 4616 enim
1763 4561 2004 4618 omnium
2035 4576 2127 4618 ne-
2149 4553 2204 4632 D
2230 4554 2482 4626 cognovi.

525 4653 792 4726 gotiorum
817 4662 1122 4714 avertamos
1143 4654 1454 4722 instantiam
1476 4695 1491 4724 ,
1519 4653 1692 4725 primo
1733 4653 1802 4710 de
1831 4662 2074 4725 tempore
2108 4696 2123 4720 .

523 4745 592 4801 de
617 4747 893 4818 mandaio,
928 4744 996 4804 de
1022 4760 1273 4815 persona,
1303 4747 1373 4804 de
1401 4761 1560 4806 causa
1584 4789 1600 4814 ,
1656 4754 1785 4818 tunc
1810 4746 2028 4803 demum
2055 4746 2125 4802 ad

524 4839 717 4895 merita
748 4837 949 4912 negotii
979 4838 1304 4908 veniendum
1333 4845 1436 4896 est.
1467 4837 1623 4908 Quod
1649 4839 1694 4896 si
1741 4839 2124 4911 praetermiSsis

525 4929 664 4994 istis,
706 4927 1000 4992 secundum
1052 4929 1295 4988 forenses
1320 4929 1494 4996 fasces
1538 4931 1954 5004 iactantiamque
1979 4931 2125 4994 illius

525 5023 909 5078 controversiae
937 5035 1096 5094 quam
1125 5020 1415 5094 tribunalia
1445 5020 1548 5094 sibi
1577 5021 1874 5094 vindicant,
1899 5037 2118 5093 semper

524 5109 710 5184 legalis
743 5110 898 5182 nobis
943 5113 1079 5172 ritus
1107 5127 1170 5166 ac
1202 5127 1381 5180 sermo
1427 5114 1724 5184 servandus
1745 5123 1851 5183 est,
1889 5115 2072 5186 iudica
2102 5157 2118 5184 ,

522 5203 606 5258 vir
633 5204 899 5278 sublimis,
930 5204 982 5277 in
1013 5205 1228 5277 negotio
1255 5205 1564 5280 Christiano
1592 5221 1607 5274 ξ
1641 5208 1765 5284 quia
1795 5208 1920 5265 huic
1940 5224 2120 5280 causa;

517 5293 723 5364 iudicat
746 5295 908 5366 Deus,
938 5295 1028 5368 qui
1058 5306 1111 5370 et
1132 5305 1316 5356 nostra
1344 5301 1538 5358 merita
1562 5309 1616 5364 et
1635 5301 1749 5366 veri
1771 5301 1969 5374 iudicis
1997 5318 2122 5362 sen-

523 5385 745 5440 tentiam
773 5402 922 5458 (equa
952 5388 1260 5458 ponderans
1291 5391 1425 5448 libra
1456 5406 1525 5450 ne
1555 5391 1798 5464 invergat
1821 5437 1835 5462 ,
1865 5395 2119 5468 attendit.

520 5477 728 5550 Edictis
755 5481 896 5533 enim
931 5483 1224 5554 propositis
1259 5483 1567 5558 praesentis:
1621 5493 1724 5544 tua:
1755 5496 2014 5558 quantum
2051 5487 2119 5548 ad

518 5570 716 5638 judieis
746 5572 1078 5632 voluntatem
1110 5578 1368 5646 pertinet,
1422 5577 1558 5636 nihil
1591 5588 1797 5636 temere
1828 5620 1843 5648 ,
1884 5580 2015 5634 nihil
2043 5581 2123 5636 in-

528 5675 786 5736 congrue,
811 5663 944 5722 nihil
971 5665 1230 5734 adversus
1252 5671 1489 5742 aliquem
1517 5670 1762 5728 videmus
1801 5685 1922 5730 esse
1948 5672 2123 5742 prela:

533 5759 642 5806 tum
669 5760 925 5830 quantum
954 5756 1018 5811 ad
1046 5761 1432 5830 responsiones
1459 5771 1696 5832 nostras,
1726 5764 1978 5838 quoniam
2000 5769 2126 5844 ante

2303 4647 2394 4702 27.
2429 4645 2764 4704 Marcellinus
2794 4647 2870 4703 vir
2917 4648 3235 4708 clarissimus
3263 4641 3493 4705 tribunus
3516 4657 3558 4703 et
3581 4641 3758 4700 notarius

2232 4742 2383 4797 dixit.
2437 4740 2685 4798 Ofﬁcium
2758 4741 2826 4812 ad
2878 4743 3102 4812 quiesita
3157 4744 3504 4814 respondeat.
3558 4735 3758 4807 Nainpius

2231 4832 2416 4889 Scriba
2440 4833 2593 4902 dixit.
2625 4832 2934 4896 Secundum
2981 4833 3125 4890 diem
3175 4835 3340 4902 edicti
3391 4831 3654 4892 nobilitatis
3683 4836 3757 4880 tua

2230 4937 2452 5002 quartus
2490 4927 2694 4994 mensis
2739 4927 3031 4998 conclusus
3081 4937 3188 4998 est,
3226 4929 3316 4992 die
3358 4943 3449 4984 xxv
3486 4925 3582 4988 kal.
3613 4922 3758 4979 lunia-

2229 5037 2370 5078 rum.

2297 5115 2387 5180 28,.
2423 5114 2757 5182 Marcellinus
2796 5117 2873 5173 vir
2900 5117 3215 5174 clarissimus
3261 5117 3493 5174 tribunus
3511 5123 3554 5170 et
3577 5109 3756 5168 notarii!

2226 5210 2378 5268 dixit.
2411 5210 2546 5266 Cum
2578 5220 2758 5283 partes
2798 5211 3181 5282 Carthaginem
3212 5219 3456 5282 utrmque
3494 5203 3753 5264 venissent.

2226 5306 2280 5375 in
2325 5305 2464 5364 hunc
2493 5320 2587 5364 eas
2625 5305 2772 5364 diem
2821 5307 3167 5370 consensisse
3213 5321 3320 5366 non
3350 5302 3562 5362 dubium
3586 5306 3668 5354 est.
3694 5291 3756 5346 Si-

2222 5397 2439 5468 quidem
2491 5398 2636 5453 nulla
2684 5413 2847 5470 super
2884 5397 2988 5456 bac
3037 5408 3192 5470 parte
3233 5397 3479 5462 videatur
3505 5401 3588 5450 aut
3610 5384 3755 5454 dilatio

2227 5490 2518 5562 postulata,
2551 5498 2645 5548 aut
2668 5491 2931 5561 judicium
2960 5490 3280 5564 ﬂagitatum.

2299 5581 2392 5640 29.
2423 5581 2710 5640 Ρειὶιίαηω
2731 5584 3003 5656 episcOpus
3029 5585 3179 5639 dixit.
3210 5583 3319 5640 Nos
3351 5577 3429 5638 'ad
3464 5580 3590 5640 hanc
3611 5570 3753 5630 urbem

2228 5691 2297 5732 xv
2347 5675 2456 5732 kal.
2485 5677 2574 5732 die
2599 5677 2880 5736 Juniarum
2928 5679 3171 5747 venisse,
3217 5688 3269 5737 et
3298 5678 3502 5736 notoria
3526 5679 3677 5730 nostra
3697 5663 3752 5720 ti-

2231 5767 2550 5858 gnavimus,
2602 5779 2658 5828 et
2703 5786 2920 5838 omnem
2973 5788 3082 5856 non
3132 5775 3252 5833 dico
3292 5753 3751 5853 Carthaginemﬁed
