3972 6328
263 341 404 400 1969

1224 335 1452 394 GESTA
1489 334 1942 394 COLLATIONIS
1979 334 2599 399 CARTHAGINENSIS.

3429 351 3567 409 1270

255 457 498 515 Africam
518 456 748 514 fecimus
775 463 966 512 testem
997 454 1124 526 ;qui
1146 452 1209 523 {si
1235 466 1342 510 non
1363 451 1679 510 adessemus
1703 496 1717 520 ,
1745 452 1856 524 jam
1885 455 1938 514 Α
1963 451 2116 508 dixit.
2148 452 2226 510 Ne
2250 455 2378 525 quid
2399 454 2705 514 inordinate
2733 457 2853 515 ﬁeri
2875 458 3146 529 videatur,
3174 463 3432 535 quoniam
3461 466 3564 524 hoc

255 567 386 625 pars
407 553 635 610 adversa
657 551 774 608 sine
804 550 968 608 dubio
998 548 1267 622 ﬂagitaret
1313 548 1367 604 in
1402 554 1754 604 contumaces
1779 546 1863 603 di-

254 647 487 704 cendam
512 660 636 703 esse
661 645 1009 710 sententiam,
1043 652 1364 714 tempusque
1386 640 1496 712 jam
1535 639 1703 697 fuisse
1729 639 1861 695 deﬁ—

257 741 457 808 nitum,
483 755 594 812 quo
616 753 714 796 nec
735 747 859 811 post
878 737 1220 796 venientibus
1249 749 1411 808 agere
1433 735 1722 807 quicquam
1767 742 1861 790 aut

255 833 592 904 respondere
635 831 900 889 licuisset.
948 832 1006 888 Si
1053 830 1216 902 igitur
1261 830 1345 885 vir
1373 828 1571 885 nobilis
1624 828 1857 885 mediam

259 941 482 998 semper
501 926 696 982 libram
717 925 905 997 judicii
928 925 1004 981 tui
1030 937 1347 994 suspensam
1380 921 1452 978 ita
1503 930 1658 979 tenes
1677 937 1742 978 ac
1771 935 1858 979 re-

255 1020 363 1089 gis,
395 1026 454 1073 ut
481 1017 680 1076 nullam
714 1017 768 1072 in
796 1026 1002 1088 partem
1020 1025 1208 1086 vergat
1233 1013 1434 1085 aliquid
1459 1015 1686 1085 gratiam
1708 1014 1857 1070 illam

259 1127 370 1183 qua
397 1111 493 1168 tibi
519 1110 892 1167 conditionem
919 1117 1079 1176 atque
1110 1115 1440 1178 praeceptum
1471 1106 1742 1177 imperiali
1768 1121 1858 1164 au-

255 1207 508 1263 ctoritate
527 1207 810 1278 cognoscis
839 1219 962 1261 esse
983 1201 1332 1276 permissum,
1360 1210 1418 1258 ut
1438 1201 1580 1258 ferre
1597 1201 1772 1272 possis
1803 1201 1857 1257 in

252 1308 610 1357 contumaces
634 1301 995 1356 sententiam:
1029 1314 1172 1356 nunc
1209 1307 1259 1354 te
1283 1295 1529 1369 judiciali
1572 1296 1667 1352 illo
1706 1304 1856 1352 motu

252 1388 349 1452 illa
373 1412 496 1468 quas
521 1410 654 1468 pura
674 1410 891 1453 cessura
921 1395 1354 1451 animadvertere
1383 1391 1688 1463 oportebit,
1721 1405 1854 1447 con-

253 1495 338 1543 tra
361 1486 501 1542 hanc
529 1496 737 1558 partem
772 1495 824 1544 te
855 1486 1000 1543 ferre
1025 1487 1309 1558 judicium,
1334 1500 1454 1555 qua:
1477 1483 1704 1551 destitit,
1733 1498 1854 1554 quae

252 1595 366 1637 non
392 1580 586 1648 adfuit,
615 1596 736 1653 quae
763 1580 1029 1637 delectata
1051 1591 1134 1638 est
1162 1579 1444 1635 laboribus
1469 1578 1624 1643 meis,
1657 1592 1775 1649 qua
1798 1577 1853 1633 in

253 1675 360 1731 hoc
388 1689 602 1746 quoque
633 1674 767 1730 mihi
811 1672 1110 1740 insultavit,
1143 1682 1202 1730 ut
1230 1672 1323 1728 diu
1355 1671 1555 1728 chorus
1595 1670 1695 1726 iste
1729 1685 1853 1726 san-

249 1767 529 1823 ctissimus
549 1774 767 1823 senatus
786 1766 1026 1824 coalestis
1045 1773 1314 1838 spectaret
1331 1764 1517 1835 judicii
1534 1764 1608 1819 tui
1621 1762 1852 1819 auctori-

1960 551 2017 600 et
2043 545 2222 616 ipsum
2248 547 2496 606 veritatis
2523 551 2708 621 regula
2737 551 3075 620 continetur,
3101 561 3156 610 et
3185 555 3366 627 legum
3395 558 3566 615 dictat

1961 641 2277 708 auctoritas,
2330 642 2478 710 prius
2517 652 2602 699 est
2646 652 2708 700 ut
2733 659 3087 715 personarum
3125 663 3384 706 numerus
3415 651 3564 708 desi-

1959 743 2156 804 gnetur
2205 753 2220 790 :
2275 742 2402 792 tunc
2454 736 2670 794 demum
2722 754 2785 794 ea
2846 755 2970 808 qua:
3037 742 3282 812 partibus
3336 759 3562 818 compe-

1962 834 2114 894 tunt,
2148 843 2246 898 per
2275 843 2374 884 eos
2416 830 2509 900 qui
2556 830 2753 887 ﬁrmati
2800 831 3005 889 fuerint
3048 836 3251 893 rectius
3297 852 3561 910 peragen-

1961 927 2069 976 tur.
2117 919 2196 976 Ne
2240 922 2356 976 haec
2400 921 2543 977 inter
2586 922 2823 981 incertas
2864 939 3128 996 personas
3162 927 3451 987 videantur
3479 931 3560 988 in-

1960 1012 2138 1069 ﬁrma.

2032 1107 2120 1163 53.
2169 1105 2426 1164 Emeritus
2448 1109 2720 1180 cpiswpus
2741 1110 2892 1165 dixit.
2917 1109 3050 1167 Cum
3073 1127 3264 1171 omnes
3287 1116 3380 1187 qui
3407 1131 3561 1172 man-

1957 1200 2135 1257 daturi
2185 1210 2315 1256 sunt
2365 1202 2584 1258 adstare
2625 1202 2930 1270 videantur,
2982 1206 3261 1277 magisque
3324 1224 3560 1278 persona

1957 1296 2305 1367 praesentium
2347 1312 2510 1368 quam
2557 1311 2740 1354 sermo
2778 1305 3030 1354 teneatur
3069 1300 3398 1369 absentium,
3429 1303 3560 1372 quid

1957 1396 2042 1444 est
2068 1388 2209 1460 quod
2238 1399 2419 1460 potest
2447 1404 2670 1445 movere
2686 1389 2912 1460 judicia,
2932 1405 3054 1446 cum
3074 1394 3290 1449 statutis
3307 1395 3560 1450 omnibus

1955 1497 2080 1554 quae
2108 1483 2286 1554 primo
2311 1498 2376 1539 ex
2407 1484 2526 1555 lege
2545 1484 2906 1551 descendunt,
2934 1501 3167 1557 quaeque
3191 1487 3406 1544 initium
3433 1505 3563 1544 cau-

1955 1591 2031 1632 sae
2063 1576 2240 1632 facere
2269 1586 2690 1644 consueverunt,
2723 1586 2851 1633 tunc
2880 1577 3098 1634 demum
3135 1579 3203 1635 ad
3233 1581 3559 1637 electionem

1954 1670 2303 1746 defensorum
2335 1671 2634 1727 secundum
2671 1670 2906 1727 edictum
2952 1671 3306 1728 sublimitatis
3336 1683 3442 1729 tuae
3473 1689 3561 1730 ar-

1955 1763 2174 1819 bitrium
2193 1761 2508 1820 veniamus?
2537 1763 2606 1820 Et
2635 1764 2742 1819 alia
2769 1781 2944 1820 manu.
2977 1762 3254 1822 Emeritus
3269 1766 3557 1838 episcopus
3589 1767 3595 1780 ‘

247 1867 442 1928 tatem,
465 1859 759 1916 excubaret
805 1874 942 1932 pene
991 1859 1254 1931 quotidie,
1305 1857 1528 1930 ipsaque
1559 1857 1674 1925 Dei,
1728 1874 1850 1928 quae
1879 1855 1930 1917 B
1955 1859 2265 1930 recognovi.

247 1970 408 2012 sacra
428 1964 574 2022 sunt,
590 1956 708 2012 sine
721 1955 1080 2012 sollicitudine
1093 1970 1198 2011 non
1216 1954 1491 2026 gessisset.
1512 1952 1677 2009 Feras
1689 1953 1852 2025 igitur

246 2065 436 2122 quaeso
473 2049 758 2121 judicium,
797 2064 1122 2122 promasque
1171 2048 1516 2118 sententiam,
1569 2062 1679 2104 non
1727 2047 1848 2104 dico

244 2151 514 2206 acriorem
567 2163 726 2221 quam
771 2147 1056 2204 adversum
1107 2161 1196 2203 me
1234 2146 1380 2202 ferre
1408 2153 1702 2217 potueras,
1752 2145 1848 2201 sed

245 2256 409 2314 quam
439 2241 535 2298 tibi
590 2242 735 2312 leges
780 2250 835 2296 et
874 2238 1158 2312 imperiale
1198 2246 1531 2310 prccceptum
1572 2238 1841 2305 intimant,

244 2349 516 2407 quamque
537 2333 880 2406 pracipiunt.
905 2333 1021 2388 Non
1053 2332 1195 2389 enim
1221 2331 1301 2388 fas
1327 2341 1411 2388 est
1428 2373 1442 2397 ,
1467 2339 1525 2386 ut
1544 2331 1635 2402 qui
1656 2339 1846 2387 contra

244 2442 347 2485 nos
377 2443 568 2500 posses
593 2425 1045 2499 ferrejudicium,
1083 2442 1226 2483 nunc
1266 2433 1453 2482 contra
1506 2425 1846 2482 adversarios

244 2537 398 2580 meos
425 2521 746 2579 sententiam
777 2521 958 2578 valeas
984 2521 1276 2594 denegare.
1306 2519 1376 2575 Et
1391 2520 1498 2575 alia
1523 2536 1702 2576 manu.
1744 2519 1846 2577 Pe-

243 2619 464 2675 tilianus
489 2618 774 2688 episcopus
795 2617 1106 2688 recognovi.

317 2711 409 2770 30.
439 2710 776 2767 Marcellinus
799 2711 878 2766 vir
904 2712 1225 2766 clarissimus
1257 2709 1494 2764 tribunus
1522 2717 1573 2764 et
1611 2710 1844 2765 notarius

242 2805 401 2860 dixit.
452 2805 808 2861 Sanctitatem
836 2812 997 2876 atque
1045 2804 1292 2876 peritiam
1327 2812 1474 2859 tuam
1518 2803 1687 2860 latere
1732 2817 1843 2860 non

240 2897 408 2954 credo
434 2897 485 2953 id
514 2896 782 2968 imperiali
801 2897 1163 2968 praeceptione
1189 2895 1356 2953 fuisse
1377 2896 1751 2964 constitutum,
1785 2905 1843 2952 ut

239 3006 306 3046 ea
337 3006 462 3064 pars
490 2990 753 3063 quaetrini
778 2990 1320 3047 edicticonventione
1342 2989 1536 3046 adesse
1557 2990 1838 3057 noluisset,

239 3084 562 3142 sententiam
615 3085 950 3140 contumacis
997 3073 1323 3140 incurreret.
1376 3084 1648 3154 Perpensa
1692 3084 1838 3138 enim

237 3177 698 3232 clementissimus
749 3177 1044 3247 imperator
1071 3176 1446 3232 moderatione
1474 3176 1758 3231 constituit
1785 3183 1843 3231 ut

237 3271 286 3326 si
344 3270 744 3341 longinquitate
798 3270 1012 3325 itineris
1059 3279 1256 3341 quarto
1305 3285 1492 3326 mense
1545 3278 1728 3341 partes
1769 3269 1835 3324 ad
1866 3262 1912 3325 C
1946 3256 2043 3311 bus
2070 3256 2326 3327 ἀεηεεπῑ
2377 3273 2390 3309 ³

237 3365 595 3420 constitutum
635 3363 816 3420 locum
849 3364 1034 3419 venire
1079 3363 1300 3420 minime
1331 3363 1660 3434 potuissent,
1701 3360 1839 3416 duo-

236 3472 358 3512 rum
415 3456 677 3512 mensium
725 3455 956 3511 inducite
1006 3463 1410 3526 prmstarentur.
1447 3453 1619 3522 Quam
1669 3452 1838 3526 253

235 3550 456 3620 quidem
481 3565 593 3606 rem
617 3565 685 3606 ne
707 3550 936 3620 alicujus
954 3550 1124 3621 partis
1152 3549 1380 3621 querela
1412 3548 1688 3605 videretur
1718 3549 1838 3603 exi-

236 3649 409 3710 stere,
436 3641 627 3698 videor
651 3641 972 3698 custodisse.
999 3635 1149 3698 Unde
1179 3641 1248 3696 de
1281 3650 1554 3710 tempore,
1584 3641 1836 3710 quoniam

235 3735 408 3806 magis
436 3733 665 3791 forensis
691 3736 786 3790 'est
833 3749 993 3804 quam
1046 3733 1369 3804 episcopalis
1415 3733 1690 3804 objectio,
1717 3747 1836 3803 quas

233 3827 455 3898 quidem
481 3841 580 3882 nec
601 3828 654 3881 in
679 3825 896 3898 publico
916 3825 1121 3896 judicio
1151 3825 1444 3882 secundum
1477 3825 1704 3880 forMam
1736 3825 1836 3880 im-

233 3918 458 3989 perialis
506 3918 763 3989 praecepti
804 3918 1102 3988 praevalere
1146 3917 1424 3988 potuisset,
1480 3931 1603 3972 cum
1653 3927 1835 3988 partes

233 4019 466 4081 utraque
494 4011 816 4067 observasse
842 4018 926 4065 sat
945 4011 1168 4077 clareat,
1197 4010 1336 4067 sicut
1374 4010 1622 4081 superius
1669 4011 1836 4066 inter-

231 4101 386 4158 fatus
400 4118 543 4168 sum,
575 4113 753 4159 utrum
787 4103 944 4160 electi
973 4104 1189 4176 sintqui
1223 4119 1484 4175 peragere
1514 4113 1736 4175 possent
1765 4119 1831 4161 ex

232 4197 480 4252 omnium
503 4197 779 4253 voluntate
803 4198 1102 4268 negotium,
1123 4197 1372 4253 intimare
1393 4197 1707 4268 dignamini.

304 4287 398 4342 Si.
441 4285 699 4342 Emeritus
746 4289 1016 4360 cpiscOpus
1060 4289 1211 4344 dixit.
1263 4288 1452 4344 Causas
1493 4290 1836 4359 praescriptio

229 4390 317 4435 est
340 4378 542 4449 judicis
582 4394 786 4445 sermo,
820 4381 1025 4435 servari
1051 4380 1322 4436 forensem
1355 4395 1509 4436 usum
1540 4390 1832 4437 consuetu-

228 4473 530 4543 dinemque
550 4473 801 4544 jurgandi
832 4475 974 4530 inter
992 4475 1278 4545 episcopos
1307 4490 1416 4530 non
1445 4483 1702 4544 oportere
1731 4491 1833 4530 nu-

230 4576 350 4623 tare
376 4566 519 4622 illam
552 4567 846 4623 versutiam
888 4568 1066 4639 legum
1104 4567 1350 4638 jurisque
1377 4567 1826 4630 controversiam,

2025 1952 2115 2006 δι.
2158 1949 2496 2006 Marcellinus
2520 1951 2598 2006 uir
2627 1950 2945 2008 clarissimus
2985 1951 3219 2007 tribunus
3245 1962 3294 2009 et
3324 1954 3558 2008 notarius

1953 2041 2105 2096 dixit.
2155 2040 2460 2112 Numquam
2535 2042 2734 2100 habere
2782 2043 2959 2114 potuit
3005 2053 3211 2100 certam
3263 2045 3557 2102 multitudo

1952 2149 2271 2205 personam,
2325 2150 2445 2191 cum
2501 2137 2602 2192 hoc
2648 2137 2812 2192 etiam
2859 2137 2912 2192 in
2955 2138 3191 2209 publicis
3241 2140 3550 2196 actionibus

1951 2237 2115 2301 atque
2184 2229 2509 2300 corporibus
2579 2230 2753 2287 soleat
2802 2230 3103 2298 custodiri,
3170 2239 3231 2288 ut
3297 2247 3398 2303 per
3464 2248 3556 2288 or-

1949 2320 2163 2376 dinatas
2217 2329 2379 2392 atque
2433 2321 2677 2378 ﬁrmatas
2741 2322 3099 2396 (personas)
3160 2323 3342 2381 omnia
3398 2339 3556 2395 pera-

1948 2423 2161 2486 gantur.

2019 2507 2112 2563 55.
2156 2505 2414 2563 Emeritus
2437 2508 2704 2580 episcopus
2746 2509 2900 2565 dixit.
2949 2507 3135 2566 Teneo
3172 2510 3333 2568 fidem
3382 2521 3553 2580 tuam,

1946 2601 2032 2656 vir
2060 2601 2332 2670 sublimis,
2366 2601 2502 2657 nihil
2533 2602 2663 2658 mihi
2706 2601 2774 2658 de
2796 2602 2937 2674 juris
2967 2603 3085 2675 lege
3111 2605 3418 2675 praescribi,
3463 2606 3555 2662 ubi

1946 2694 2126 2765 agitur
2154 2693 2223 2750 de
2253 2694 2380 2750 ﬁde.
2411 2693 2480 2748 Et
2503 2695 2612 2750 alia
2638 2711 2813 2770 manu.
2847 2695 3122 2754 Emeritus
3149 2696 3438 2769 episcopus
3465 2713 3552 2756 re-

1946 2789 2198 2860 cognovL

2017 2883 2106 2940 36.
2151 2881 2488 2940 Marcellinus
2527 2883 2604 2936 uir
2629 2883 2944 2939 clarissimus
2970 2883 3205 2939 tribunus
3232 2894 3280 2940 et
3318 2885 3552 2943 notarius

1946 2976 2099 3030 dixit.
2146 2975 2496 3031 lnterlocutio
2543 2990 2665 3032 mea
2698 2991 2806 3030 non
2835 2975 2925 3046 jus
2952 2990 3172 3033 cessare
3199 2977 3419 3046 debere,
3452 2980 3551 3036 sed

1944 3067 2219 3124 forensem
2270 3068 2676 3124 contentionem
2733 3069 3080 3138 apertissime
3127 3068 3390 3126 deﬁnivit.
3443 3071 3551 3129 Ne-

1945 3176 2049 3232 que
2101 3161 2246 3216 enim
2292 3169 2518 3232 possunt
2579 3161 2764 3233 aliqua
2817 3176 2938 3231 qua:
3008 3171 3325 3232 competunt
3377 3165 3551 3234 parti-

2377 3273 2390 3309 :
2433 3256 2529 3312 sed
2559 3256 2606 3311 si
2637 3256 2740 3311 hoc
2770 3264 3126 3325 utrarumque
3154 3257 3387 3327 partium
3417 3272 3550 3314 con-

1946 3364 2138 3405 sensus
2167 3348 2352 3416 habet,
2399 3357 2457 3404 ut
2504 3348 2641 3404 nihil
2691 3350 2759 3406 de
2783 3351 2906 3424 jure
2935 3353 3176 3425 publico,
3218 3355 3313 3410 sed
3360 3357 3548 3412 omnia

1944 3442 2342 3498 Ecclesiasticis
2361 3442 2583 3514 regulis,
2631 3443 2684 3498 id
2714 3454 2798 3501 est
2850 3447 2976 3502 novi
3005 3455 3061 3503 et
3104 3447 3305 3503 veteris
3356 3447 3548 3506 Testa-

1939 3536 2106 3594 menti
2164 3538 2488 3594 testimoniis
2545 3549 2894 3611 peragantur,
2947 3555 3076 3613 pars
3122 3551 3354 3614 utraque
3399 3544 3545 3602 desi-

1937 3639 2088 3700 gnct.

2009 3723 2098 3777 57.
2143 3721 2434 3778 Petilianus
2478 3723 2745 3796 cpiscopus
2790 3725 2941 3782 dixit.
2992 3727 3246 3800 Optimus
3287 3729 3542 3786 modera-

1940 3824 2042 3871 tor.
2091 3815 2164 3871 Et
2240 3816 2348 3872 alia
2405 3834 2586 3875 manu.
2647 3818 2950 3878 Pctilianus
3011 3823 3314 3898 Episcopus
3381 3836 3542 3880 reco-

1934 3926 2118 3983 gnovn

2009 4005 2099 4062 38.
2142 4006 2381 4062 Aurelius
2435 4008 2707 4079 episcopus
2756 4008 3002 4065 Ecclesite
3059 4011 3327 4067 catholica:
3382 4011 3536 4068 dixit.

1936 4101 2205 4168 Quoniam
2237 4101 2534 4158 secundum
2564 4119 2616 4158 Ν.
2653 4118 2707 4157 τ.
2740 4102 2978 4158 edictum
3008 4120 3116 4160 non
3145 4119 3335 4161 omnes
3362 4107 3538 4164 nostri

1936 4196 2165 4268 collegae
2194 4196 2508 4264 adsunt,illi
2531 4197 2974 4268 obtemperantes
2998 4199 3198 4268 edicto,
3225 4199 3541 4256 etvoluntas

1934 4297 2257 4343 cunctorum
2287 4288 2544 4346 mandato
2570 4291 2900 4357 continetur,
2926 4291 3057 4362 jube
3084 4291 3188 4348 hoc
3215 4291 3357 4349 idem
3383 4307 3539 4348 man-
3581 4355 3586 4358 _

1935 4379 2123 4436 datum
2155 4382 2226 4438 ab
2273 4380 2456 4439 ofﬁcio
2485 4383 2686 4454 suscipi
2725 4395 2779 4440 et
2817 4386 3053 4442 recitari.
3102 4386 3173 4442 Et
3209 4388 3315 4443 alia
3356 4403 3533 4445 manu.

1936 4474 2276 4545 Recognovi.

2008 4569 2097 4624 59.
2143 4569 2405 4624 Emeritus
2453 4570 2724 4642 cpiscopus
2765 4571 2914 4627 dixit.
2961 4571 3021 4628 Si
3055 4570 3238 4643 jubes,
3277 4574 3539 4646 competit

229 4661 326 4717 ubi
367 4660 436 4717 de
467 4660 592 4716 ﬂdei
640 4670 785 4717 statu
816 4671 866 4716 et
908 4661 976 4716 de
1004 4661 1170 4716 totius
1211 4662 1514 4716 sanctitatis
1557 4660 1829 4732 discepta-
1856 4651 1911 4713 D
1935 4675 2115 4716 causae
2130 4677 2224 4732 per
2245 4663 2610 4732 lntegritatem
2639 4673 2804 4719 tuam.
2831 4663 2899 4718 Et
2925 4665 3032 4720 alia
3054 4682 3234 4722 manu.
3257 4666 3536 4728 Emeritus

231 4754 382 4812 tione
405 4763 685 4812 tractatur.
718 4755 876 4824 Quod
901 4755 1118 4826 quidem
1148 4756 1311 4810 castis
1336 4766 1391 4811 et
1428 4755 1568 4812 bene
1596 4756 1834 4812 credulis

229 4847 454 4903 auribus
485 4849 799 4919 accipimus,
850 4849 932 4903 vir
959 4848 1314 4919 spectabilis:
1364 4848 1460 4904 sed
1489 4863 1556 4904 ne
1597 4848 1740 4904 forte
1780 4849 1834 4906 in

231 4941 530 5012 perniciem
572 4948 817 4996 nostram
852 4941 954 4997 ista
980 4941 1334 5010 replicentur,
1365 4941 1562 5012 jusque
1593 4951 1837 4999 transeat
1865 5008 1868 5011 ,

227 5033 299 5088 ad
330 5032 674 5091 adversarios
719 5036 913 5090 iterum
944 5034 1299 5106 confligendi,
1322 5037 1713 5108 adseraturque
1735 5052 1835 5093 no-

230 5127 317 5182 bis
357 5126 463 5182 boc
503 5128 646 5198 juris
689 5129 981 5198 praecepto
1009 5138 1262 5184 servato:
1311 5129 1364 5184 in
1415 5129 1556 5185 hane
1601 5130 1830 5186 formam

228 5221 372 5291 legis
400 5221 715 5277 consentire
753 5221 944 5288 debes,
979 5221 1080 5278 hoc
1112 5222 1284 5292 ipsum
1330 5221 1616 5290 judiciaria
1646 5233 1836 5279 aucto-

227 5313 396 5370 ritate
423 5315 620 5386 deﬁge,
655 5315 981 5386 episc0palis
1006 5329 1105 5370 nos
1134 5314 1302 5370 moris
1332 5315 1518 5385 regula
1559 5317 1834 5372 sanctitati

229 5405 428 5461 adesse
447 5405 667 5471 debere,
712 5417 770 5461 ut
797 5423 902 5464 non
932 5407 1220 5478 praestigiis
1236 5405 1395 5476 juris,
1432 5421 1606 5477 neque
1633 5407 1838 5478 ligami-

231 5499 394 5555 nibus
440 5499 703 5570 cujusque
748 5501 1038 5567 facundiae,
1081 5500 1178 5556 sed
1206 5499 1561 5556 Testamento
1585 5517 1726 5556 novo
1767 5488 1832 5558 ac

232 5594 429 5657 veteri,
458 5591 602 5662 quod
655 5593 886 5647 instituit
918 5593 1077 5655 Deus,
1112 5592 1254 5670 quod
1292 5596 1527 5648 sacravit
1574 5593 1835 5648 Dominus

230 5683 508 5749 Christus,
539 5700 700 5741 causa
724 5687 895 5756 possit
916 5685 1110 5742 audiri.
1138 5685 1207 5740 Et
1223 5687 1330 5742 alia
1352 5703 1531 5742 manu.
1561 5687 1833 5744 Emeritus

230 5780 524 5851 episcopus
547 5779 856 5851 recognovi.

307 5873 396 5947 δε.
442 5873 778 5948 Marcellinus
805 5874 884 5932 uir
908 5874 1224 5932 clarissimus
1265 5876 1500 5940 tribunus
1523 5884 1570 5932 et
1597 5876 1830 5938 notarius

1940 4755 2230 4827 episcopus
2253 4758 2565 4828 recognovi.

2011 4854 2103 4909 40.
2151 4852 2487 4908 Marcellinus
2516 4855 2594 4908 vir
2615 4855 2934 4917 clarissimus
2969 4856 3203 4912 tribunus
3231 4863 3278 4910 et
3307 4856 3537 4913 notarius

1941 4944 2091 5000 dixit.
2128 4945 2286 5000 Aliud
2315 4954 2527 5002 constat
2555 4960 2676 5002 esse
2703 4948 2990 5017 quaesitum
3023 4958 3082 5003 ut
3111 4956 3291 5004 utrum
3329 4964 3360 5003 a
3410 4949 3535 5018 jure

1935 5037 2154 5109 publico
2180 5037 2359 5093 recedi
2380 5039 2557 5093 velitis
2583 5048 2635 5094 et
2665 5048 2832 5094 totum
2859 5039 3054 5096 divinis
3080 5040 3293 5112 legibus
3319 5041 3534 5112 agitari.

1895 5163 1898 5168 -
1936 5133 2133 5189 vestris
2157 5133 2584 5202 professionibus
2608 5134 3014 5191 demonstretis.

2005 5225 2096 5280 41.
2140 5227 2380 5281 Aurelius
2417 5228 2685 5299 episcopus
2729 5228 2974 5285 Ecclesia:
3017 5230 3286 5286 catholica:
3317 5229 3537 5286 Cartltao

1937 5320 2163 5391 ginensis
2191 5319 2343 5375 dixit.
2370 5320 2609 5376 Inveniet
2641 5321 2742 5377 hoc
2768 5324 2944 5394 ipsum
2966 5325 3270 5380 sublimitas
3299 5332 3385 5379 tua
3407 5339 3535 5382 cum

1939 5415 2040 5470 hoc
2069 5414 2378 5470 mandatum
2411 5415 2571 5472 fuerit
2617 5418 2924 5474 recitatum.
2959 5417 3027 5474 Et
3070 5419 3175 5474 alia
3200 5435 3378 5474 manu.
3427 5419 3536 5476 Rev

1937 5505 2185 5576 cognovi

2009 5599 2098 5654 42.
2147 5599 2485 5657 Marcellinus
2505 5603 2580 5656 vir
2606 5602 2923 5658 clarissimus
2946 5604 3178 5658 tribunus
3224 5612 3272 5658 et
3302 5602 3537 5660 notarius

1939 5693 2090 5748 dixit.
2138 5693 2204 5750 Et
2240 5694 2342 5748 hoc
2382 5695 2636 5750 mandato
2661 5696 3065 5754 evidentissime’
3095 5698 3424 5766 continetur,
3471 5704 3534 5754 ut

1938 5788 2135 5842 omissa
2177 5787 2316 5858 juris
2347 5787 2546 5858 publici
2576 5789 2969 5855 controversia,
3011 5791 3193 5847 omnia
3221 5790 3418 5848 divinis
3448 5790 3534 5848 leo

1935 5881 2093 5953 gibus
2116 5889 2459 5955 peragantur.
