3972 6328
461 301 594 359 1271

1421 295 1642 355 GESTA
1683 291 2137 351 COLI.ATIONIS
2173 292 2784 355 CARTHAGINENSIS.

3623 298 3751 356 1279.

459 425 482 487 t
533 422 625 474 45.
671 419 911 475 Aurelius
951 416 1223 488 episcopus
1273 413 1521 469 Ecclesiae
1547 411 1811 467 catholica:
1843 410 2061 466 Cartha—
2087 412 2140 472 Α
2167 419 2329 482 atque
2355 412 2829 484 adstipulationem
2871 417 3074 475 faciant
3096 420 3444 490 praesentium
3460 428 3750 489 gestorum;

463 513 692 583 ginensis
737 512 889 566 dixit.
921 509 1192 565 Recitatio
1220 507 1458 563 mandati
1490 520 1683 562 sensus
1712 514 1836 561 tuos
1863 503 2063 576 poterit

462 603 776 658 informare.
810 601 879 655 Et
907 601 1014 655 alia
1043 616 1218 654 manu.
1246 598 1579 669 Recoguovi.

533 697 625 750 44.
669 693 959 749 Petilianus
981 694 1251 764 episwpus
1274 692 1425 745 dixit.
1449 689 1647 760 Legem
1669 689 1763 743 Dei
1787 687 2058 758 repudiat,

459 789 552 858 qui
584 786 796 842 dubitat
823 785 950 856 quid
990 785 1187 840 debeat
1219 782 1482 853 proﬁteri.
1517 779 1586 835 Et
1627 781 1731 835 alia
1759 797 1934 836 manu.
1963 779 2065 836 Pe-

461 881 685 936 tilianus
705 881 994 950 episcopus
1016 876 1330 948 recognovi.
1407 917 1409 919 .

532 972 625 1027 45.
669 971 1005 1026 Marcellinus
1035 971 1111 1024 vir
1141 968 1460 1023 clarissimus
1501 967 1736 1020 tribunus
1759 976 1805 1020 et
1832 966 2064 1020 notarius

461 1064 616 1118 dixit.
647 1063 760 1133 Ego
792 1062 908 1118 haec
952 1062 1184 1132 partium
1228 1059 1377 1114 volui
1424 1059 1780 1129 responsione
1815 1057 2014 1111 ﬁrmari
2047 1075 2060 1112 :

465 1167 724 1214 caeterum
748 1167 958 1216 certum
988 1166 1072 1212 est
1095 1155 1473 1225 me,q'uoniam
1505 1153 1766 1224 imperiali
1794 1161 2063 1222 przeccpto

378 1243 382 1247 ’
461 1252 642 1308 omnia
675 1269 819 1308 nunc
848 1261 1104 1323 aguntur,
1133 1266 1231 1322 per
1258 1250 1403 1322 quod
1445 1249 1569 1321 jura
1597 1251 1886 1304 constituta
1913 1259 2060 1315 sunt,

462 1347 687 1401 omnino
715 1340 821 1401 non
855 1361 1037 1416 posse.

533 1439 624 1494 46.
666 1439 904 1493 Aurelius
933 1440 1206 1511 episcOpus
1233 1438 1478 1494 Ecclesia:
1498 1437 1766 1494 catholica:
1793 1437 2064 1510 carthagi-

461 1535 631 1589 nensis
676 1534 826 1588 dixit.
879 1533 1079 1604 Legem
1129 1533 1223 1588 Dei
1255 1548 1361 1588 non
1406 1533 1756 1604 repudiamus
1791 1548 1912 1587 cum
1963 1533 2065 1588 hoc

465 1626 774 1682 mandatum
809 1627 1101 1696 ingerimus
1124 1626 1433 1697 legendum,
1464 1627 1516 1680 in
1545 1641 1655 1697 quo
1684 1635 1865 1698 potest
1886 1627 2063 1681 omnis

465 1733 649 1777 nostra
672 1723 902 1778 assertio
925 1721 1231 1792 perdoceri.
1262 1721 1370 1777 Nec
1395 1721 1538 1778 enim
1567 1721 1750 1791 egredi
1776 1735 2062 1790 possumus

2166 507 2290 562 utsi
2314 508 2448 564 forte
2471 509 2524 564 in
2558 513 2862 570 assertione
2890 514 3133 584 ejusdem
3161 530 3338 570 causa:
3360 513 3684 580 defecerint,
3708 515 3752 568 in

2165 615 2350 655 eorum
2380 600 2607 671 persona
2637 605 2724 672 qui
2767 605 3071 676 ltujusmodi
3102 608 3376 678 negotium
3399 607 3752 677 susceperint,

2165 693 2369 763 absque
2399 694 2749 752 cunctatione
2785 699 2957 754 victos
2992 714 3089 756 eos
3131 713 3258 766 esse,
3291 710 3347 755 et
3375 698 3634 756 recitatio
3674 699 3756 754 dc-

2165 798 2428 843 monstret
2455 798 2724 844 actorum.
2758 791 2826 846 Et
2855 791 2977 848 ideo
3003 793 3129 864 quia
3159 809 3263 848 non
3292 809 3432 861 opus
3471 802 3560 847 est
3589 792 3758 847 multi-

2165 880 2300 936 faria
2332 880 2588 936 dilatione
2632 898 2848 939 causam
2897 901 3177 956 peragere,
3220 885 3458 956 deligant
3505 899 3756 952 personas

2165 971 2460 1028 secnndum
2494 975 2755 1044 propositi
2797 975 2956 1031 edicti
2997 985 3259 1032 tenorem.
3289 991 3412 1047 qua:
3452 975 3758 1031 collationis

2164 1083 2384 1123 causam
2416 1071 2733 1138 suscipiant,
2766 1080 2822 1124 ut
2853 1071 3105 1126 omnibus
3135 1086 3352 1141 semper
3367 1071 3601 1142 probata
3629 1071 3758 1124 veri-

2167 1169 2250 1214 tas
2293 1161 2411 1216 luce
2437 1153 2635 1217 clarius
2661 1162 3079 1220 demonstretur.
3109 1163 3240 1218 Nam
3271 1163 3589 1218 mandatum
3638 1162 3757 1216 nihil

2163 1253 2300 1322 juris
2345 1264 2399 1310 et
2431 1254 2788 1310 cavillationis
2827 1255 3058 1312 forensis
3106 1256 3328 1322 habere,
3357 1255 3478 1326 ejus
3508 1255 3756 1318 lectione,

2167 1346 2210 1399 si
2239 1361 2361 1416 pars
2389 1349 2615 1403 adversa
2649 1350 2899 1419 patiatur,
2939 1349 3152 1405 facilius
3181 1349 3520 1407 cdocebitur.
3551 1348 3626 1403 Et
3666 1350 3757 1402 alia

2167 1459 2343 1497 manu.
2375 1443 2709 1514 Recognovi.

2238 1535 2329 1591 49.
2375 1535 2710 1592 Marcellinus
2739 1539 2817 1592 vir
2845 1539 3159 1594 clarissimus
3188 1540 3423 1593 tribunus
3448 1548 3496 1592 et
3532 1540 3759 1594 notarius

2168 1627 2318 1681 dixit.
2358 1627 2796 1685 Prosecutionem
2823 1641 2965 1686 tuam
2994 1647 3115 1686 cum
3153 1631 3422 1700 imperiali
3447 1640 3663 1686 certum
3687 1641 3760 1686 est

2167 1721 2498 1778 concordare
2523 1731 2816 1792 praecepto,
2849 1739 2953 1794 quo
2983 1725 3334 1779 constitutum
3363 1732 3448 1779 est
3499 1733 3556 1777 ut
3589 1732 3761 1778 certus

463 1814 690 1868 limitem
717 1814 876 1869 istius
901 1813 1162 1878 mandati,
1183 1812 1325 1882 quod
1360 1813 1514 1868 nobis
1544 1823 1728 1884 patres
1754 1812 1840 1868 vel
1869 1813 2062 1868 fratres
2091 1812 2140 1872 B
2166 1829 2196 1869 a
2244 1813 2470 1885 singulis
2520 1814 2759 1885 partibus
2803 1831 3059 1871 numerus
3117 1815 3408 1886 deligatur.
3468 1815 3606 1869 Nam
3659 1815 3761 1868 sive

463 1907 1004 1963 nostri‘universalis
1050 1905 1268 1962 concilii
1313 1903 1570 1961 Ecclesiae
1614 1905 1929 1970 catholicus,
1976 1906 2064 1960 hic

461 2001 604 2071 apud
651 1999 1036 2072 Carthaginem
1085 1999 1364 2056 constituti
1435 1998 1780 2054 mandarunt.
1841 1997 1909 2052 Et
1959 1999 2064 2052 alia

463 2087 652 2148 manu.
680 2086 1009 2164 Recognovi.
1086 2109 1088 2112 '
1395 2107 1399 2114 '
1611 2109 1613 2111 ‘

439 2209 443 2212 ·
533 2187 624 2242 47.
668 2187 930 2242 Emeritus
960 2187 1230 2257 episcopus
1249 2187 1402 2240 dixit.
1437 2185 1588 2242 Fidei
1625 2200 1785 2242 causa
1811 2194 1912 2252 est,
1943 2200 2063 2257 quae

462 2289 520 2336 et
565 2279 684 2334 sine
730 2279 984 2334 mandato
1027 2279 1147 2349 ipso
1186 2278 1312 2349 jure
1352 2278 1435 2348 agi
1469 2285 1664 2348 potest.
1697 2277 1882 2348 Neque
1917 2280 2060 2334 enim

463 2375 594 2429 alibi
625 2373 814 2429 oculos
846 2371 1010 2429 habet
1040 2373 1204 2437 Deus,
1244 2380 1336 2427 aut
1375 2371 1618 2427 deseruit
1661 2372 1857 2426 coelum
1885 2386 1952 2425 ne
1983 2371 2065 2426 in-

464 2466 648 2522 tendat
693 2481 916 2521 causam
956 2481 1130 2521 suam.
1173 2464 1311 2531 Quid
1357 2473 1441 2521 est
1482 2463 1626 2533 quod
1676 2463 1744 2518 de
1784 2462 2060 2528 mandato,

464 2561 549 2615 vel
605 2559 675 2614 de
719 2559 1054 2630 obligatione
1101 2556 1366 2624 mandati,
1406 2557 1475 2612 de
1521 2557 1939 2627 subscriptione,
1993 2555 2062 2612 de

463 2649 645 2717 modo,
678 2650 748 2706 de
787 2647 1055 2715 formulis,
1088 2647 1388 2720 quaeritur?
1419 2647 1555 2716 Quid
1587 2659 1671 2703 εει
1699 2646 1842 2718 quod
1879 2647 1932 2701 in
1962 2645 2063 2702 hac

461 2760 624 2802 causa
646 2745 798 2814 quasi
824 2753 917 2800 aut
938 2743 1286 2814 refragantis,
1317 2752 1408 2797 aut
1435 2757 1542 2797 non
1574 2740 1811 2797 mandati
1835 2740 2064 2811 judicia-

461 2841 529 2895 lis
559 2838 781 2908 sponsio
810 2837 1094 2892 arbitrium
1146 2835 1393 2906 flagitat:
1441 2849 1564 2889 cum
1617 2833 1811 2904 singuli
1864 2832 2062 2903 quique

463 2933 738 3004 propriam
784 2945 1024 2995 causam,
1073 2938 1129 2984 et
1172 2927 1361 2982 salutis
1391 2941 1503 2983 suae
1547 2926 1818 2996 negotium
1849 2933 2060 2996 gerant,

461 3024 906 3095 superﬂuumque
920 3025 988 3077 sit
1012 3029 1332 3077 caeterorum
1363 3019 1695 3086 mandatum,
1725 3019 1914 3074 cumin
1941 3033 2048 3074 uno

461 3127 675 3177 conStet
703 3117 966 3174 Ecclesiae
1011 3123 1122 3171 tota
1155 3115 1426 3186 persona?
1464 3113 1746 3175 Advertat,
1777 3113 1860 3167 vir
1901 3110 2060 3167 nobi-

2163 1905 2322 1976 juris,
2353 1908 2465 1962 sive
2491 1907 2616 1962 ﬁdei
2646 1923 2806 1964 causa
2837 1917 3117 1974 tractatur,
3150 1918 3314 1964 cert-1:
3353 1908 3559 1964 debent
3588 1918 3761 1964 astare

2170 2017 2439 2072 personae,
2482 2012 2538 2056 ut
2564 2001 2819 2073 quicquid
2845 2015 3021 2058 aetum
3067 2001 3248 2073 fuerit,
3296 2004 3572 2075 integrum
3607 2003 3762 2059 robur

2166 2095 2427 2151 obtineat.
2749 2149 2751 2151 ,
3270 2149 3275 2157 ,

2241 2187 2327 2244 50.
2339 2187 2748 2244 Fortunatianus
2786 2190 3055 2262 episcOpus
3074 2189 3316 2245 Ecclesia
3328 2191 3602 2246 catholica:
3617 2192 3758 2245 dixit.

2168 2282 2428 2354 Dignctur
2464 2282 2628 2354 igitur
2653 2285 3021 2354 spectabilitas
3066 2295 3154 2340 tua
3196 2285 3515 2342 mandatum
3543 2301 3760 2357 suscep-

2168 2385 2278 2430 tum
2311 2375 2492 2432 ofﬁcio
2523 2376 2736 2432 tradere
2775 2387 2830 2433 et
2873 2379 3089 2433 recitari
3123 2376 3360 2449 (jubere)
3407 2387 3470 2434 ut
3498 2394 3564 2434 ex
3597 2395 3665 2435 eo
3693 2389 3761 2434 tc-

2165 2485 2299 2525 nore
2335 2484 2460 2540 pars
2497 2470 2721 2526 adversa
2763 2471 2889 2542 quia
2937 2471 3189 2543 dignatur
3230 2471 3299 2525 ab
3347 2472 3452 2527 hoc
3506 2474 3758 2528 instructa

2167 2565 2345 2620 valeat
2389 2565 2613 2634 objectis
2672 2564 2922 2621 omnibus
2978 2564 3340 2636 respondere,
3397 2564 3541 2620 unde
3599 2567 3758 2636 possit

2165 2661 2331 2716 etiam
2357 2659 2660 2716 clarescere
2687 2661 2819 2716 nihil
2835 2676 2934 2716 nos
2951 2660 3074 2731 jure
3097 2660 3311 2732 publico
3330 2661 3474 2718 velle
3503 2661 3758 2729 tergiver.

2165 2753 2294 2808 sari.
2329 2751 2396 2807 Et
2418 2753 2523 2808 alia
2543 2769 2718 2808 manu.
2751 2754 3078 2824 llecognovi.

2237 2849 2325 2904 51.
2371 2847 2705 2902 Marcellinus
2727 2850 2802 2902 vir
2840 2847 3158 2902 clarissimus
3188 2848 3422 2903 tribunus
3451 2861 3503 2905 et
3533 2853 3757 2906 notarius

2164 2942 2318 2998 dixit.
2339 2942 2739 3000 Professionem
2757 2959 2916 3014 quam
2943 2943 3564 3014 esspectabatsanctitas
3587 2957 3756 3002 vestra

2163 3037 2442 3093 evidenter
2467 3038 2703 3106 accepit:
2738 3037 2972 3108 patiatur
3004 3052 3134 3108 ergo
3161 3053 3302 3093 nunc
3350 3038 3572 3094 recitari
3615 3055 3756 3095 man-

2163 3131 2368 3198 datum,
2409 3131 2561 3187 salvo
2588 3145 2654 3186 eo
2688 3141 2746 3185 ut
2775 3141 3002 3200 utraque
3031 3146 3156 3202 pars
3181 3147 3267 3186 me
3297 3144 3562 3204 agnoscat
3595 3135 3754 3205 impc-

459 3213 546 3281 lis,
577 3212 856 3283 integritas
889 3219 998 3274 tua,
1025 3223 1186 3279 quam
1219 3209 1270 3262 in
1300 3207 1402 3262 ista
1428 3207 1558 3263 sede
1577 3207 1686 3276 jam
1717 3205 1950 3276 quodam
1977 3206 2053 3260 lu-

2167 3223 2315 3278 rialis
2357 3223 2612 3293 praecepti
2645 3221 2870 3277 formam
2900 3199 3176 3278 custodire
3217 3199 3440 3280 debere.
3493 3199 3754 3282 Fortuna-

459 3307 606 3363 mine
625 3319 918 3362 coruscare
943 3301 1344 3374 cognoscimus,
1369 3300 1655 3355 veritatem
1680 3299 1751 3353 ita
1770 3296 2060 3368 praesidere

458 3403 678 3468 debere,
727 3411 787 3456 ut
826 3401 871 3457 si
921 3399 1154 3456 forensis
1181 3397 1463 3454 altercatio
1489 3398 1740 3468 jurisque
1775 3397 2060 3452 conflictus

458 3494 514 3549 in
560 3494 739 3550 medio
783 3494 1034 3560 mittitur,
1071 3499 1438 3562 proponatur:
1491 3491 1574 3545 sin
1605 3501 1784 3546 autem
1830 3489 2058 3560 simplex

459 3587 554 3640 illa
583 3587 783 3641 veritas
808 3599 911 3654 qua
942 3583 1100 3639 datur
1133 3584 1260 3648 vita,
1291 3597 1393 3653 qua
1429 3582 1730 3637 renascitur
1771 3580 2054 3645 surculum,

457 3693 562 3749 qua
595 3678 858 3734 liberatus
886 3689 968 3732 est
997 3676 1259 3740 mundus,
1290 3677 1344 3731 in
1377 3677 1481 3733 hoc
1505 3675 1705 3746 judicio
1729 3674 1953 3745 spiritali
1980 3674 2057 3728 al-

456 3772 755 3828 tercatione
781 3771 1144 3841 conquiritur,
1177 3785 1386 3840 quaeso,
1419 3771 1504 3825 vir
1542 3771 1808 3836 sublimis,
1841 3779 2055 3824 utrum-

454 3883 560 3939 que
590 3874 966 3938 proponantet
991 3863 1059 3920 de
1087 3875 1316 3935 utroque
1342 3880 1508 3919 unum
1531 3866 1751 3935 eligant.
1783 3870 1887 3920 Aut
1909 3864 2052 3920 enim

453 3963 647 4018 merita
677 3961 817 4032 juris
843 3961 1096 4016 omittere
1127 3975 1234 4016 non
1276 3968 1527 4029 possunt,
1559 3959 2052 4028 prmscriptionem-

452 4070 558 4124 que
583 4068 896 4117 causarum;
927 4061 1019 4107 aut
1053 4051 1097 4105 si
1143 4050 1212 4105 de
1253 4050 1358 4104 illis
1399 4048 1778 4103 sacratissimis
1818 4047 2050 4117 legibus,

450 4146 647 4216 quibus
666 4144 984 4200 communis
1011 4141 1314 4198 reverentia
1348 4149 1435 4195 est
1469 4139 1772 4195 adhibenda
1816 4140 1882 4208 (f.
1914 4154 2048 4208 pen-

449 4236 685 4306 demus),
721 4235 975 4305 patientia
1006 4235 1150 4305 ipsas
1191 4233 1360 4304 magis
1397 4233 1698 4303 amplectar
1729 4244 1781 4287 et
1815 4241 2048 4298 teneam,

448 4339 504 4384 et
537 4327 692 4397 quasi
733 4327 975 4382 caelestis
1021 4341 1128 4381 ara:
1164 4324 1534 4394 pontiﬁcatum
1574 4324 1794 4379 adorem
1834 4339 2052 4394 semper

449 4436 514 4476 ac
555 4435 805 4486 venerer,
851 4428 908 4474 ut
953 4429 1012 4476 et
1059 4419 1153 4474 tibi
1195 4421 1405 4490 integro
1446 4417 1710 4488 cognitori
1753 4418 2047 4473 secundum

446 4513 756 4571 institutum
788 4514 986 4570 mentis
1031 4522 1134 4570 tute
1175 4513 1449 4582 morisque
1493 4511 1741 4567 ordinem
1789 4520 1940 4567 certa
1979 4512 2050 4567 sit

2166 3315 2335 3369 (ianus
2379 3314 2649 3386 episcOpus
2694 3311 2938 3368 Ecclesia:
2985 3315 3256 3370 catholica:
3303 3316 3451 3372 dixit.
3505 3316 3563 3375 Si
3608 3319 3754 3390 jubet

2163 3406 2531 3477 spectabilitas
2563 3415 2650 3460 tua
2681 3406 2959 3460 recitetur.

2235 3499 2325 3553 5‘2.
2369 3497 2703 3553 Marcellinus
2731 3500 2807 3553 uir
2831 3500 3148 3554 clarissimus
3174 3500 3407 3556 tribunus
3451 3512 3500 3558 et
3527 3505 3752 3560 notarius

2163 3594 2314 3648 dixit.
2349 3592 2609 3650 Universa
2637 3607 2757 3664 quae
2801 3609 2830 3646 a
2873 3595 3114 3664 partibus
3142 3595 3468 3663 offeruntur,
3495 3608 3556 3653 ut
3582 3600 3750 3655 omnis

2160 3695 2466 3756 amputetur
2492 3686 2740 3757 ambage,
2771 3687 2840 3743 ab
2859 3688 3036 3743 olﬁcio
3059 3689 3376 3746 recitentur.

2233 3779 2322 3834 55.
2380 3776 2670 3833 Petilianus
2721 3779 2990 3851 episcopus
3044 3781 3194 3835 dixit.
3257 3781 3388 3838 Sine
3443 3785 3746 3854 praejudicio

2159 3881 2347 3926 nostro
2385 3871 2545 3940 legat,
2603 3869 2756 3927 salvo
2793 3887 2879 3937 co,
2922 3873 3046 3942 quia
3077 3871 3194 3928 haec
3237 3876 3479 3931 causatio
3531 3876 3744 3933 forensis

2159 3974 2266 4029 est,
2289 3978 2396 4019 non
2424 3963 2627 4033 legalis.
2658 3962 2790 4018 Nam
2819 3966 2890 4019 uti
2917 3967 3190 4033 mandato,
3221 3967 3304 4023 his
3335 3967 3586 4026 formulis
3613 3986 3741 4042 pra:-

2157 4071 2395 4120 sumere,
2450 4071 2556 4110 non
2610 4064 2695 4110 est
2743 4055 3138 4113 Ecclesiastica:
3176 4061 3609 4130 consuetudinis,
3657 4061 3740 4118 sed

2158 4147 2392 4204 forensis
2427 4147 2536 4203 ludi
2556 4157 2721 4216 atque
2742 4144 3077 4217 certaminis,
3095 4161 3149 4207 et
3176 4151 3320 4207 illius
3345 4157 3592 4210 exercitii
3611 4156 3740 4226 quod

2157 4243 2328 4310 magis
2370 4242 2699 4312 argumentis
2727 4257 2886 4312 quam
2937 4242 3042 4299 ﬁde
3081 4245 3256 4314 aliqua
3303 4262 3451 4318 saepe
3481 4250 3734 4304 subsistit.

2157 4334 2389 4391 Proinde
2440 4335 2737 4391 nobilitatis
2782 4345 2887 4392 tua:
2933 4339 3466 4412 spectabilitatisque
3501 4359 3738 4409 censura,

2155 4427 2316 4482 etiam
2343 4439 2504 4496 atque
2531 4428 2693 4483 etiam
2736 4429 2788 4484 in
2817 4427 2920 4484 hoc
2954 4429 3076 4485 loco
3109 4432 3308 4486 morari
3339 4431 3650 4504 dignentur,
3692 4445 3743 4489 ut

2139 4521 2372 4598 edicunt
2397 4529 2574 4576 utrum
2602 4523 2722 4592 lege
2742 4522 2920 4578 divina
2951 4538 3168 4579 causam
3194 4529 3278 4593 agi
3305 4527 3564 4593 velint,et
3585 4529 3741 4600 ipsam

444 4623 608 4665 causa
628 4607 929 4679 jndicandi,
963 4624 1064 4665 nec
1087 4608 1312 4663 ﬂuctuet
1336 4607 1600 4678 judicium
1635 4616 1807 4672 tuum.
1842 4606 1910 4662 de
1939 4623 2048 4678 quo
2073 4590 2127 4652 Ῑ)
2153 4590 2601 4685 disceptationem
2629 4590 2772 4670 inter
2799 4624 2978 4686 partes
3009 4590 3290 4684 ventilari;
3319 4635 3389 4674 an
3420 4590 3642 4678 omnino
3675 4623 3742 4678 le-

445 4711 530 4758 est
557 4701 699 4756 Deus
729 4709 784 4756 et
812 4700 1040 4770 populus
1063 4701 1421 4770 jndicaturus.
1450 4698 1516 4753 Et
1542 4700 1650 4754 alia
1679 4716 1855 4754 manu.
1889 4699 2046 4755 Eme-

441 4803 582 4858 ritus
609 4801 898 4872 episcopus
919 4799 1229 4869 recognovi.
1310 4811 1344 4860 ·,
1412 4811 1414 4813 ’

514 4897 605 4951 48.
649 4896 1063 4951 Fortunatianus
1092 4895 1362 4964 episcopus
1388 4893 1639 4949 Ecclesia:
1664 4893 1933 4948 catholica:
1959 4894 2043 4948 di-

441 4989 540 5044 xit.
571 4987 847 5045 Catholica
885 4989 1125 5045 Ecclesia
1155 5003 1276 5058 quae
1307 4994 1420 5042 toto
1470 4987 1628 5041 sicut
1659 4988 1920 5056 promissa
1962 4996 2048 5042 est

440 5091 710 5138 terrarum
740 5083 894 5146 orbe,
929 5082 1261 5145 ditl'unditnr,
1296 5095 1417 5136 cum
1449 5080 1695 5136 adversae
1722 5081 1856 5149 parti
1901 5097 2042 5136 sem-

437 5175 540 5247 per
559 5176 628 5232 de
659 5175 765 5231 ﬁde
794 5175 1079 5230 obtulisset
1105 5183 1160 5230 et
1189 5175 1258 5229 de
1287 5173 1500 5228 actione
1527 5189 1688 5244 quam
1723 5175 1878 5230 nobis
1928 5178 2036 5230 cri-

436 5269 958 5340 minose‘objieiunt,
982 5267 1354 5332 collationem,
1385 5275 1438 5320 et
1462 5265 1679 5335 scriptis
1707 5268 1958 5336 publicis,
1982 5277 2038 5324 et

439 5364 762 5422 testimoniis
791 5362 1105 5425 multorum,
1137 5369 1193 5414 et
1233 5359 1593 5415 conventione
1625 5360 2032 5428 magistratuum

436 5457 648 5512 facilius
671 5454 1004 5510 edocebitur.
1030 5451 1137 5509 Sed
1168 5459 1224 5505 ut
1248 5448 1396 5505 omni
1422 5463 1488 5504 ex
1520 5457 1671 5518 parte
1702 5457 1814 5504 tuta
1842 5451 1910 5505 sit
1956 5451 2036 5521 ip-

433 5551 547 5605 sius
576 5546 879 5603 collationis
907 5559 1092 5609 causa,
1127 5543 1350 5600 confusa
1401 5558 1506 5596 non
1558 5540 1685 5596 facit
1714 5541 2026 5598 multitudo.

437 5641 858 5713 254llcligant
886 5641 1047 5710 igitur
1063 5647 1360 5708 praesentes
1372 5635 1568 5692 fratres
1592 5635 1764 5690 nostri
1793 5635 1916 5706 quia
1939 5652 2033 5691 vo-

434 5733 546 5786 lunt
567 5751 630 5788 ex
658 5735 882 5788 adverso
905 5734 1158 5788 sistentcs
1180 5732 1388 5802 aliquos
1419 5731 1499 5784 sui
1523 5729 1727 5785 ordinis
1747 5730 2035 5800 primarios

435 5824 604 5891 viros,
639 5827 834 5895 quibus
884 5834 1048 5880 totam
1098 5823 1327 5880 actionis
1359 5838 1623 5880 summam
1667 5823 2029 5889 cummittant,

2152 4707 2307 4779 gibus
2346 4707 2574 4777 publicis
2609 4708 2684 4762 uti
2719 4709 2886 4764 velint
2915 4726 2930 4766 :
2959 4711 3214 4780 quoniam
3247 4711 3300 4768 in
3344 4723 3578 4786 utroque
3622 4716 3742 4771 mihi

2151 4801 2379 4872 plurima
2413 4811 2757 4870 competunt;
2791 4812 2847 4858 ut
2874 4804 2919 4859 si
2955 4819 2985 4856 a
3031 4804 3148 4875 lege
3175 4805 3517 4876 discesserit,
3545 4811 3741 4881 episco-

2149 4909 2277 4964 pum
2309 4909 2501 4949 senon
2535 4907 2654 4949 esse
2684 4894 3052 4960 demonstret;
3101 4896 3145 4950 si
3178 4912 3310 4953 vero
3358 4899 3534 4972 legem
3569 4911 3742 4957 tenue-

2148 4986 2239 5052 rit,
2283 4995 2410 5041 tunc
2461 4985 2511 5040 ei
2551 4997 2608 5040 ut
2637 4985 2712 5040 illi
2752 4987 2844 5056 qui
2885 4985 3226 5044 Christianus
3280 5003 3407 5046 esse
3480 4993 3743 5049 desiderat

2149 5078 2372 5135 debeam
2405 5077 2754 5146 respondere.
2787 5077 2856 5132 Et
2881 5078 2985 5133 alia
3004 5095 3183 5134 manu.
3217 5081 3518 5140 Petilianus
3542 5087 3741 5158 episco-

2149 5186 2250 5242 pus
2277 5171 2590 5241 recognovi.

2217 5265 2306 5320 5i.
2352 5263 2691 5320 Marcellinus
2714 5267 2790 5320 uir
2813 5267 3137 5323 clarissimus
3172 5270 3410 5326 tribunus
3445 5281 3495 5326 et
3523 5273 3739 5328 notarius

2143 5358 2294 5414 dixit.
2338 5357 2394 5413 Si
2442 5357 2592 5413 nullo
2629 5361 2911 5428 potestatis
2941 5360 3216 5416 saecularis
3250 5361 3434 5431 judice
3479 5364 3738 5419 residente

2140 5451 2282 5507 inter
2326 5451 2612 5520 episcopos
2651 5459 2856 5506 tantum
2914 5452 3030 5508 haec
3074 5456 3352 5511 contentio
3397 5463 3734 5521 tractaretur,

2143 5551 2273 5597 tunc
2301 5541 2517 5596 demum
2544 5557 2731 5597 eorum
2757 5553 2876 5598 erat
2905 5545 3137 5612 arbitrii,
3164 5554 3222 5602 et
3250 5545 3473 5602 forsitan
3502 5547 3650 5616 justi,
3682 5553 3734 5600 ut

2141 5634 2275 5691 nihil
2325 5635 2540 5704 publico
2582 5625 2746 5690 velint
2773 5636 2894 5705 jure
2935 5640 3194 5693 traCIari:
3245 5655 3331 5695 mc
3381 5653 3583 5704 autem,
3613 5653 3730 5695 cum

2141 5727 2522 5797 legumlatores
2571 5728 2603 5782 ii
2650 5730 2757 5783 sint
2785 5730 2875 5799 qui
2923 5746 3010 5785 me
3050 5731 3287 5800 judicent
3335 5731 3664 5802 delegerunt,
3698 5745 3726 5784 a

2141 5819 2348 5889 legibus
2376 5831 2581 5878 certum
2610 5830 2693 5878 est
2725 5821 2944 5879 deviare
2973 5839 3078 5881 non
3113 5838 3271 5895 posse
3301 5843 3313 5881 :
3347 5825 3590 5897 quamvis
3608 5838 3723 5896 pro-
