3972 6328
253 357 396 412 1275

250 472 546 528 fessionem
576 469 744 542 partis
771 485 802 527 e
823 469 1043 528 diverso
1072 471 1334 528 venientis
1364 471 1707 542 apertissime
1734 485 1856 527 sus-
1882 475 1937 536 Α

249 563 458 634 ceperit
484 563 742 618 sanctitas
787 569 986 628 vestra,
1016 564 1067 618 in
1087 579 1190 632 qua
1218 563 1270 618 id
1295 563 1634 634 expressisse
1653 577 1852 633 cogno-

250 659 441 724 scitur,
470 655 610 726 quod
640 663 820 710 vestra
845 654 1150 725 prosecutio
1175 655 1488 727 postulavit.
1521 654 1670 711 Unde
1697 671 1852 712 man—

248 752 437 808 datum
469 767 564 822 per
589 749 825 806 officium
853 752 1130 808 recitetur.

325 845 413 902 55.
450 845 738 900 Pati/ianus
767 846 1034 916 episcopus
1050 846 1203 902 dixit.
1237 845 1516 916 LegatIEt
1541 848 1844 901 aliantanu.

249 937 548 993 Petilianus
573 937 868 1008 episcopus
890 939 1205 1009 recognovi.
1238 937 1489 993 Romulus
1512 948 1751 1008 exceptor
1770 953 1852 992 re-

244 1031 439 1084 citavit.
482 1030 608 1084 Post
654 1029 994 1085 consulatum
1029 1029 1253 1086 Varanis
1297 1030 1400 1085 viri
1445 1029 1758 1096 clarissimi,
1789 1044 1848 1084 ttt

247 1121 466 1179 kalend.
501 1121 626 1177 Jun.
669 1121 977 1177 Mandatum
1027 1123 1224 1178 factum
1254 1123 1309 1178 in
1341 1122 1603 1179 Ecclesia.
1636 1121 1706 1176 Et
1734 1137 1849 1177 cum

245 1219 504 1290 recitaret,
534 1217 826 1272 Adeodatus
870 1218 1138 1289 episwpus
1177 1219 1328 1274 dixit.
1374 1218 1502 1274 Sine
1540 1219 1850 1290 prtejudicio

245 1321 438 1370 nostro
483 1313 693 1368 recitet.
738 1312 1076 1368 Marcellinus
1141 1314 1220 1369 uir
1261 1315 1577 1370 clarissimus
1615 1315 1850 1370 tribunus

245 1418 293 1461 et
333 1407 563 1462 notarius
593 1407 740 1461 dixit.
778 1407 984 1477 Saepius
1017 1407 1300 1464 interfatus
1327 1424 1470 1477 sum,
1503 1410 1681 1465 omnia
1714 1411 1850 1466 inte-

244 1501 358 1570 gris
391 1501 832 1570 responsionibus
865 1501 1099 1556 recitari.
1141 1501 1394 1557 Romulus
1423 1512 1662 1574 exceptor
1707 1503 1842 1556 reci-

243 1594 389 1649 ιαιιὶι.
421 1593 723 1650 Mandatum
754 1594 950 1649 factum
980 1594 1034 1649 in
1061 1595 1302 1652 Ecclesia
1330 1595 1748 1667 Carthaginensi
1777 1595 1845 1651 ab

246 1689 502 1744 universo
532 1688 762 1744 concilio
787 1689 1162 1760 episcoporum
1190 1689 1578 1744 catholicorum
1605 1706 1618 1741 :
1655 1690 1844 1760 praesi-

242 1781 408 1836 dente
444 1780 666 1836 Aurelio
700 1781 955 1858 episcopo
995 1780 1251 1836 Ecclesia:
1295 1780 1602 1852 Carthagin.
1655 1790 1712 1836 et
1748 1780 1846 1837 Sil-

1203 351 1430 411 GESTA
1473 353 1923 412 COLI.ATIONIS
1960 357 2580 420 CARTIIAGINENSIS.

3417 362 3552 417 12"

2033 475 2122 534 (i0.
2168 479 2408 534 Aurelius
2450 459 2723 550 episcOpus
2775 473 3023 531 Ecclesia:
3081 474 3348 532 catholica:
3399 476 3551 531 dixit.

1955 569 2104 642 Opus
2155 581 2238 627 est
2276 575 2396 640 hoc,
2442 573 2644 644 eligant
2676 573 2745 628 de
2774 572 2886 627 suis
2934 579 3162 641 septem,
3197 579 3252 626 et
3281 580 3410 627 eant
3458 568 3552 625 ubi

1956 667 2238 723 constituti
2288 678 2416 724 sunt
2453 668 2506 724 in
2537 667 2791 734 ecclesia,
2821 676 2873 724 et
2898 666 3114 723 videant
3142 665 3285 722 illos.
3331 667 3401 722 Et
3445 667 3553 722 alia

1954 777 2134 815 manu.
2169 761 2496 833 Recognovi.

2027 856 2116 912 61.
2162 854 2452 910 Petilianus
2489 856 2757 928 episcopus
2787 855 2934 911 dixit.
2979 853 3205 912 Subtilis
3247 853 3549 926 argumenti

1957 963 2044 1004 res
2069 957 2174 1013 est,
2210 957 2268 1002 ut
2307 946 2544 1018 judieem
2591 947 2832 1004 facerent
2859 956 3071 1004 testem.
3104 947 3404 1003 Potuerunt
3432 954 3547 1002 ete-

1955 1039 2063 1094 nim
2092 1040 2254 1094 etiam
2302 1053 2674 1110 quoscumque
2709 1039 2937 1094 clericos
2979 1039 3203 1093 minoris
3233 1037 3338 1094 loci
3379 1053 3548 1109 appo-

1954 1145 2085 1188 nere
2114 1131 2422 1188 nominibus
2461 1132 2595 1198 suis,
2628 1144 2681 1187 et
2711 1131 2912 1202 ﬁngere
2941 1131 3094 1187 illum
3123 1131 3384 1187 honorem
3415 1146 3538 1188 esse

1953 1239 2112 1295 quem
2146 1225 2288 1294 apud
2327 1239 2388 1280 se
2415 1239 2684 1280 summum
2713 1223 3045 1290 existimant,
3075 1238 3196 1278 cum
3225 1223 3353 1278 hinc
3375 1225 3548 1295 potis-

1952 1316 2148 1372 simum
2172 1317 2465 1373 dubitelur.
2488 1317 2719 1372 Proinde
2736 1318 2954 1373 veniant
2980 1317 3032 1372 in
3054 1316 3317 1388 judicium
3346 1316 3540 1372 notarii

1953 1427 1982 1467 a
2012 1412 2167 1467 nobis
2194 1413 2387 1484 singuli
2419 1421 2834 1484 cognoscantur.
2869 1411 3134 1467 Veremur
3162 1411 3359 1466 etenim
3391 1423 3550 1480 argu-

1952 1515 2131 1561 menta
2159 1520 2303 1576 saepe
2328 1504 2529 1560 diutius
2551 1506 2830 1576 requisita,
2864 1519 2982 1574 qua:
3014 1506 3066 1560 in
3097 1504 3394 1575 perniciem
3418 1503 3544 1558 sim-

1953 1599 2208 1669 plicitatis
2252 1609 2450 1653 nostra:
2489 1597 2730 1670 quotidie
2762 1597 3158 1653 machinantur.
3215 1597 3342 1653 Haec
3386 1597 3547 1667 igitur

1949 1693 2117 1763 prima
2151 1708 2239 1748 res
2259 1701 2364 1758 est,
2395 1692 2464 1748 de
2490 1707 2594 1764 qua
2628 1707 2724 1762 per
2745 1691 3008 1747 notariam
3036 1699 3276 1746 nostram
3300 1690 3547 1746 sublimi-

1951 1787 2046 1842 tati
2093 1797 2198 1842 tua:
2243 1787 2496 1842 intimare
2528 1786 2856 1853 curavimus,
2896 1799 3072 1856 neque
3111 1783 3449 1838 cessavimus
3489 1792 3546 1838 ut

241 1889 385 1930 vano
438 1875 666 1946 primate
705 1874 990 1930 Numidian
1052 1877 1312 1944 Quamvis
1365 1891 1524 1931 causa
1584 1876 1844 1932 Ecclesiae
1878 1890 1920 1949 Β
1951 1879 2018 1935 dc
2046 1894 2271 1935 numero
2312 1880 2488 1951 primo
2515 1889 2700 1934 nostro
2729 1886 3026 1946 constaret,
3069 1890 3230 1947 quem
3271 1889 3392 1930 esse
3416 1888 3542 1946 par-

241 1967 526 2024 catltolicze
564 1967 825 2024 adversus
851 1983 1041 2024 omnes
1065 1969 1226 2025 falsas
1255 1969 1692 2038 criminationes,
1734 1981 1838 2028 etc.

249 2060 372 2116 Vid.
399 2060 540 2130 apud
561 2059 779 2134 August.
807 2071 930 2115 tont.
977 2077 1050 2130 ix,
1086 2063 1186 2118 col.
1221 2061 1458 2118 822-827
1494 2073 1680 2118 nostra:
1716 2065 1840 2119 edit.

316 2156 475 2228 257
497 2157 583 2212 56.
607 2154 945 2211 Marcellinus
974 2157 1052 2211 vir
1082 2159 1400 2212 clarissimus
1426 2158 1656 2212 tribunus
1677 2144 1725 2214 et
1744 2176 1836 2215 no-

241 2251 408 2304 tarius
434 2249 588 2303 dixit.
617 2248 879 2318 Qucuium
930 2265 995 2305 ex
1045 2251 1360 2306 recitatione
1402 2252 1637 2307 mandati
1697 2254 1839 2324 quod

237 2343 408 2413 gestis
422 2343 776 2412 priesentibus
790 2342 1302 2410 adltzcrebit,claruit
1315 2345 1491 2400 divina
1507 2347 1677 2417 magis
1689 2349 1841 2403 testi-

239 2440 423 2492 monia
453 2453 612 2507 quam
661 2435 895 2492 forensia
925 2439 1139 2493 vincula
1171 2454 1292 2494 esse
1327 2439 1561 2510 prolata,
1595 2449 1650 2495 et
1679 2442 1838 2498 odieti

239 2531 446 2602 pariter
475 2531 580 2586 mei
600 2539 842 2586 tenorem
866 2530 1034 2586 fuisse
1069 2540 1364 2600 servatum,
1395 2537 1449 2588 in
1481 2549 1706 2590 numero
1728 2537 1836 2591 sci-

239 2625 370 2680 licet
396 2623 708 2692 deligendo,
739 2634 794 2679 et
837 2625 1132 2694 impcrialis
1178 2626 1580 2682 constitutionis
1607 2627 1836 2685 formam

239 2719 595 2776 nihilominus
636 2720 998 2775 custoditam:
1033 2720 1284 2792 ideoque,
1333 2723 1585 2792 quoniam
1611 2723 1838 2793 justitiaa

237 2814 376 2872 ordo
408 2814 510 2870 hoc
536 2815 794 2885 postulat,
827 2815 990 2870 etiam
1023 2815 1452 2887 subscriptiones
1478 2817 1723 2873 omnium
1753 2834 1838 2874 re-

237 2910 495 2966 citentur.

310 3000 402 3056 57.
447 3001 701 3056 Romulus
721 3011 963 3071 exceptor
990 3003 1240 3057 recitavit.
1261 3003 1516 3058 Aurelius
1546 3003 1834 3074 episcopus

235 3094 500 3151 Ecclesiae
551 3093 832 3150 catholicae
859 3094 1302 3164 Carthaginensis
1348 3094 1660 3165 Carthagini
1691 3111 1830 3151 con-

233 3187 458 3242 stitutus
483 3197 754 3258 praesente
777 3187 837 3242 V.
868 3188 930 3242 C.
959 3188 1176 3244 tribuno
1199 3200 1252 3244 et
1283 3190 1494 3244 notario
1519 3189 1833 3246 Marcellino

1954 1974 2130 2029 vulum
2178 1989 2394 2044 semper
2443 1973 2818 2045 imperialibus
2863 1972 3088 2028 auribus
3140 1970 3482 2026 mentiuntur
3526 2012 3539 2026 .

1948 2067 2205 2139 quidquid
2257 2069 2399 2124 enim
2447 2079 2632 2124 contra
2689 2082 2786 2124 nos
2827 2081 3044 2136 semper
3088 2065 3329 2129 elicitur,
3388 2063 3544 2134 quasi

1945 2173 2134 2218 contra
2181 2161 2538 2232 paucissimos
2569 2161 2902 2230 impetratur.
2934 2157 3004 2213 Et
3043 2158 3148 2213 alia
3176 2174 3351 2212 manu.
3393 2156 3542 2211 Peti-

1946 2252 2122 2308 lianus
2153 2254 2440 2324 episcOptts
2481 2252 2792 2324 recognovi.

2015 2347 2179 2420 258
2201 2347 2291 2401 6‘2.
2336 2346 2668 2400 Marcellinus
2680 2347 2758 2400 vir
2777 2345 3094 2401 clarissimus
3117 2345 3352 2400 tribunus
3374 2352 3420 2399 et
3451 2360 3544 2398 no-

1943 2444 2104 2495 larius
2125 2441 2278 2496 dixit.
2311 2439 2454 2495 Falsi
2477 2441 2683 2496 crimen
2705 2455 2805 2495 nec
2825 2440 3063 2510 objicere
3080 2439 3342 2495 condecet
3361 2453 3544 2494 sacer-

1942 2536 2145 2598 dotem,
2172 2550 2272 2591 uec
2301 2535 2643 2590 committere
2672 2533 2912 2603 potuisse
2927 2531 3258 2587 credendum
3282 2541 3388 2587 est.
3406 2529 3542 2586 lllud

1942 2638 2120 2683 autem
2151 2637 2232 2684 est
2263 2627 2404 2698 quod
2437 2642 2533 2696 per
2557 2635 2792 2680 vestram
2809 2623 3269 2680 venerabilitatem
3294 2621 3434 2678 seire
3448 2623 3544 2677 de-

1941 2723 2146 2789 sidero,
2196 2731 2378 2776 utrum
2425 2735 2614 2775 omnes
2642 2717 2926 2788 episcopos
2963 2726 3155 2772 contra
3195 2729 3330 2786 quos
3351 2723 3540 2771 vestra

1940 2816 2117 2888 pergit
2155 2814 2418 2878 intentio,
2461 2826 2689 2884 quorum
2737 2810 2899 2866 etiam
2943 2807 3287 2878 subscriptio.
3316 2804 3539 2864 recitata

1939 2918 2044 2980 est,
2075 2907 2292 2978 possitis
2319 2920 2640 2978 agnoscere.

2013 3002 2104 3057 65.
2147 3000 2437 3056 Petilianus
2481 3000 2748 3072 episcopus
2787 2997 2938 3052 dixit.
2980 2995 3180 3066 Singuli
3217 2993 3419 3066 quique
3445 3006 3537 3048 se-

1939 3095 2088 3152 dium
2147 3105 2453 3152 nostrarum
2481 3093 2826 3151 adversarios
2856 3091 3014 3147 facile
3041 3103 3330 3159 possumus
3364 3101 3536 3158 agno-

1938 3206 2114 3247 scere.
2131 3189 2272 3246 Saue
2286 3204 2394 3245 non
2417 3189 2611 3244 falsum
2635 3187 2959 3258 objecimus,
2983 3184 3078 3240 sed
3101 3183 3398 3253 diligentize
3417 3196 3536 3240 tua-.-

233 3279 340 3335 boc
365 3279 674 3334 mandatum
697 3279 913 3350 suscepi
942 3290 998 3335 et
1025 3281 1343 3352 subscripsi.
1370 3281 1503 3337 Item
1531 3285 1635 3338 alia
1655 3301 1829 3340 manu.
1863 3287 1906 3351 C
1939 3285 2098 3341 ximat
2127 3291 2210 3340 est
2240 3283 2381 3354 quod
2423 3283 2672 3338 volumus
2702 3289 2758 3336 et
2796 3279 3044 3350 probare.
3099 3276 3164 3332 Et
3207 3276 3312 3330 alia
3356 3289 3532 3330 manu.

230 3371 489 3426 Silvanus
519 3371 705 3440 primae
753 3370 900 3426 sedis
931 3371 1222 3440 provincia:
1272 3374 1536 3429 Numidia:
1570 3387 1834 3445 prmsente

235 3465 298 3521 γ.
334 3463 399 3522 C.
429 3465 753 3520 Marcellino
779 3465 995 3520 tribuno
1019 3475 1073 3520 et
1105 3468 1316 3523 notario
1342 3466 1657 3539 Carthagini
1703 3486 1833 3527 con-

230 3560 454 3614 stitutus
477 3559 733 3614 mandato
759 3574 788 3613 a
820 3559 976 3614 nobis
1005 3558 1150 3615 facto
1173 3560 1428 3616 consensi
1447 3561 1829 3634 etsubscripsi.

229 3652 365 3708 Item
393 3653 499 3706 alia
527 3669 698 3707 manu.
725 3651 1042 3708 Valentinus
1067 3654 1356 3724 episcopus
1381 3655 1639 3712 Ecclesia:
1675 3656 1830 3712 Vala-

229 3746 416 3802 nensis
465 3744 545 3817 (9)
585 3745 900 3816 Carthagini
942 3747 1286 3812 constitutus,
1337 3758 1602 3818 praesente
1655 3749 1717 3804 V.
1764 3750 1827 3805 C.

229 3837 547 3893 Marcellino
563 3836 805 3892 Tribuno
827 3849 878 3892 et
903 3837 1127 3893 Notario
1150 3839 1396 3896 mandavi
1426 3850 1480 3896 et
1510 3841 1826 3911 subscripsi.

224 3931 299 3987 Et
351 3931 564 4000 reliqua:
607 3929 1009 4002 subscriptiones
1059 3948 1278 4002 quorum
1331 3933 1540 3987 nomina
1587 3935 1829 3990 mandato

223 4025 579 4080 continentur.

299 4117 392 4172 58.
438 4116 775 4171 Marcellinus
801 4117 877 4170 vir
899 4117 1220 4174 clarissimus
1260 4121 1495 4176 tribunus
1520 4131 1567 4176 et
1595 4125 1829 4178 notarius

223 4211 384 4265 dixit.
420 4208 526 4264 Has
551 4222 768 4279 quoque
791 4207 1218 4279 subscriptiones
1244 4226 1364 4266 cum
1399 4213 1652 4269 mandato
1675 4226 1826 4285 gesta

221 4303 546 4374 suscipieut.
569 4301 636 4356 Et
658 4302 869 4374 adjecit.
890 4301 1156 4358 Numerus
1181 4307 1344 4359 etiam
1367 4305 1822 4364 subscribentium

220 4397 558 4467 designetur.
611 4394 874 4449 Martialis
914 4406 1151 4466 (πί-θρῖον
1191 4397 1345 4451 dixit.
1391 4398 1614 4454 Dttcenli
1661 4414 1828 4455 sexa-

221 4491 376 4564 ginta
407 4504 500 4546 sex
529 4497 672 4544 sunt.
976 4545 998 4560 ο
1373 4562 1378 4566 ι

297 4585 390 4642 59.
437 4583 724 4640 Petilianus
747 4583 1018 4653 episcopus
1041 4582 1190 4636 dixit.
1223 4581 1322 4638 Ubi
1345 4591 1469 4638 sunt
1491 4584 1581 4654 qui
1599 4585 1824 4640 manda-

1938 3377 2237 3434 Petilianus
2266 3378 2552 3449 episcopus
2580 3374 2889 3446 recognovi.

2007 3469 2098 3526 64.
2141 3469 2475 3525 Marcellinus
2502 3469 2580 3523 vir
2607 3467 2924 3522 clarissimus
2954 3465 3188 3520 tribunus
3217 3473 3263 3518 et
3303 3465 3534 3518 notarius

1935 3564 2084 3619 dixit.
2116 3562 2230 3617 Hoc
2255 3561 2425 3633 magis
2453 3565 2520 3616 de
2545 3569 2723 3615 vestra
2749 3557 2934 3628 judico
2961 3557 3272 3623 sanctitate,
3306 3555 3534 3626 diligen-

1933 3657 2022 3712 tiae
2053 3657 2230 3726 potius
2256 3669 2377 3710 esse
2407 3668 2566 3724 quam
2597 3651 2755 3706 ullius
2783 3650 2983 3720 objecti
3007 3648 3276 3714 criminis,
3308 3649 3451 3719 quod
3478 3648 3529 3704 itt

1932 3749 2314 3821 prosecutione
2360 3746 2647 3802 dicendum
2679 3758 2800 3800 esse
2845 3742 3074 3799 credidit
3111 3740 3369 3796 sanctitas
3417 3751 3527 3795 tua.

1932 3841 2041 3898 Sed
2075 3841 2205 3897 illud
2235 3855 2440 3912 qua-ro,
2474 3848 2650 3894 utrum
2683 3838 2737 3893 itt
2767 3836 3018 3892 omnibus
3047 3835 3180 3890 locis
3207 3844 3262 3889 et
3296 3832 3530 3888 civitati-

1932 3935 2033 3991 bus
2063 3934 2342 4005 utriusque
2390 3934 2558 4004 partis
2587 3931 2698 3988 bini
2741 3947 2864 3987 esse
2911 3929 3116 4001 possint
3145 3926 3416 3997 episcopi;
3449 3925 3529 3981 sic

1931 4027 2074 4083 enim
2101 4037 2322 4095 possunt
2344 4041 2403 4082 se
2431 4026 2751 4080 alterutrum
2775 4023 2932 4094 plene
2954 4035 3303 4092 cognoscere.

2004 4121 2094 4176 65.
2140 4121 2428 4177 Petiliauus
2471 4121 2742 4193 episwpus
2789 4119 2939 4172 dixit.
2997 4115 3408 4186 Sapientissime
3464 4126 3528 4169 ac

1929 4215 2158 4286 prmscie
2185 4216 2365 4270 omnia
2397 4213 2714 4285 praevidisti,
2749 4211 2831 4266 vir
2852 4209 3080 4275 nobilis;
3127 4224 3248 4264 nam
3289 4208 3340 4264 in
3370 4206 3528 4278 plebe

1930 4324 2071 4373 mea,
2119 4307 2166 4361 id
2221 4317 2325 4373 est,
2377 4307 2594 4362 civitate
2637 4303 3098 4368 Constantittcusi,
3159 4300 3526 4356 adversarium

1930 4403 2104 4457 habeo
2133 4401 2508 4456 Fortunatum.
2539 4399 2593 4454 In
2642 4399 2820 4452 medio
2855 4405 3032 4452 autem
3066 4394 3516 4456 dimcesismeas,

1930 4511 2074 4551 nunc.
2121 4494 2426 4550 institutum
2479 4493 2674 4557 habeo,
2725 4492 2835 4545 imo
2884 4491 2984 4559 ipsi
3033 4489 3259 4553 habent,
3306 4487 3528 4543 nomine

1931 4587 2254 4658 Delphinum
2296 4586 2434 4660 (10).
2467 4585 2718 4642 Pervidet
2757 4585 2866 4654 jam
2901 4583 3028 4636 hinc
3072 4568 3381 4651 praestantia
3414 4591 3524 4647 tua,

219 4679 441 4736 vcrint?
461 4677 522 4733 Et
546 4679 653 4732 alia
675 4693 851 4767 manu.
876 4676 1169 4733 Petilianus
1195 4675 1482 4748 episcopus
1513 4680 1819 4750 recognovi.
1851 4671 1902 4731 D
1931 4680 2068 4736 duos
2104 4679 2158 4735 in
2189 4680 2349 4734 unius
2389 4678 2546 4750 plebe
2573 4676 2740 4732 fuisse
2765 4673 3086 4746 imaginarie
3120 4674 3234 4746 (11)
3260 4673 3527 4730 constitu-

298 4818 379 4889 (9)
425 4815 752 4889 Vaiaitensis,
790 4829 885 4869 sett
912 4813 1346 4889 Baianet_ts_is,_tt_l_i_
1372 4815 1630 4889 scriptum
1657 4823 1740 4869 est
1768 4815 1821 4869 in

220 4885 393 4946 veteri
425 4889 580 4942 libro.
608 4885 747 4941 Infra
770 4900 926 4956 capp.
952 4885 1040 4951 99,
1079 4887 1200 4950 115,
1245 4885 1368 4951 155,
1401 4885 1653 4939 scribitur
1675 4901 1822 4940 sem-

223 4977 327 5034 per
358 4958 623 5034 Vaiensis,
655 4957 748 5013 sed
797 4972 896 5011 nos
929 4956 1125 5034 ubique
1179 4957 1519 5025 reposuimus
1568 4956 1821 5034 Vaianen-

221 5028 333 5096 sis;
361 5031 485 5100 quia
527 5037 738 5100 constat
778 5029 1220 5100 emendationem
1247 5042 1371 5083 esse
1412 5037 1637 5100 certam.
1689 5028 1821 5100 Nam

225 5097 393 5159 Felix'
411 5104 680 5174 episcopus
705 5099 1028 5174 Baianensjs
1054 5097 1305 5174 interfuit
1334 5099 1569 5174 concilio
1593 5097 1822 5154 Cartha-

221 5167 448 5244 giuensi'
485 5167 594 5228 sub
623 5171 810 5244 Grato,
855 5180 908 5226 et
936 5167 1163 5244 Beianus
1208 5169 1510 5244 Baianensis
1527 5171 1825 5244 damnatus

221 5240 329 5302 fuit
379 5259 519 5299 anno
567 5246 690 5310 594,
741 5243 794 5298 in
839 5242 1066 5296 concilio
1097 5240 1664 5312 BagaieusiaAnimus
1705 5251 1825 5296 erat

223 5319 368 5374 hanc
415 5315 597 5377 sedem
645 5309 847 5369 referre
885 5313 951 5366 ad
998 5309 1368 5367 Mauritaniam
1408 5309 1820 5380 Ca-sariensetn,

221 5391 350 5460 quia
401 5389 540 5442 inter
569 5387 853 5460 episcopos
883 5383 1029 5438 illius
1060 5384 1578 5460 provineite‘ejectos
1616 5386 1683 5460 ab
1713 5384 1825 5438 Hu-

223 5453 415 5517 tierico
443 5475 570 5527 rege
597 5453 958 5527 Vandalorttm
988 5453 1204 5527 reperio
1232 5453 1506 5527 Ctecilium
1541 5455 1821 5509 Belianen-

222 5547 364 5587 sem.
402 5526 594 5585 Verum
623 5528 749 5583 huic
791 5526 1100 5595 cogitationi
1141 5527 1357 5580 obstant
1401 5526 1822 5595 subscriptiones

224 5603 443 5658 concilii
471 5598 925 5661 Cabarsussitani,
957 5597 1044 5652 ubi
1094 5597 1289 5667 legitur
1319 5611 1512 5652 nomen
1554 5597 1820 5652 Pancratii

225 5673 584 5730 Baliaucusis.
616 5670 751 5726 Cum
795 5670 938 5724 enim
978 5668 1215 5739 synodus
1259 5668 1346 5724 illa
1375 5669 1554 5723 habita
1602 5668 1674 5724 sit
1713 5683 1821 5724 uno

223 5761 374 5800 anno
403 5753 530 5799 ante
552 5742 902 5812 Bagaiensetn
945 5741 996 5793 in
1029 5755 1131 5806 qua
1162 5739 1558 5812 datnuatusest
1591 5740 1821 5796 Beiztuus

223 5814 545 5872 Baianensis
582 5811 877 5880 Donatista,
919 5812 1059 5866 istud
1097 5811 1348 5866 evincere
1378 5811 1588 5866 videtur
1629 5812 1816 5866 Eccle-

221 5889 360 5946 siatn
393 5887 760 5946 Balianeuscm
791 5881 955 5942 fuisse
977 5883 1248 5941 diversam
1287 5897 1316 5938 a
1339 5882 1652 5951 Baianensi;
1684 5883 1818 5941 duos

1928 4815 2126 4886 quippe
2164 4815 2452 4885 episc0pos
2494 4810 2882 4886 Donatistasin
2917 4825 3018 4886 una
3078 4807 3316 4886 Ecclesia
3344 4805 3525 4886 fuisse

1927 4877 2250 4942 c'on's'titutos
2299 4877 2405 4940 non
2445 4894 2528 4938 est
2579 4882 2891 4942 verisimile.
2943 4882 3210 4936 BsLuztus
3248 4877 3414 4932 addit.
3465 4877 3522 4932 lu

1927 4959 2119 5014 eodem
2169 4957 2396 5011 concilio
2442 4954 2893 5011 Cabarsussitano
2943 4961 3139 5020 praeter
3183 4949 3523 5005 Pancratium

1927 5029 2301 5085 Balianensem
2329 5038 2413 5083 est
2435 5028 2670 5081 Donatus
2683 5027 2964 5095 episcopus
2991 5020 3348 5095 Beliauensis,
3383 5021 3525 5076 unde

1929 5101 2306 5156 Baliauensem
2336 5109 2392 5154 et
2423 5093 2794 5153 Bclianensem
2819 5093 2954 5151 duas
2983 5093 3141 5150 sedes
3171 5107 3292 5148 esse
3316 5103 3521 5149 certum

1929 5183 2031 5228 est.

2003 5244 2122 5314 (10)
2155 5239 2492 5313 Delphinum.
2539 5240 2731 5296 Missus
2783 5238 2830 5294 is
2860 5237 3116 5314 fuerat_in
3141 5235 3445 5314 lfltmiidiam
3491 5249 3522 5287 a

1929 5306 2271 5386 coepiscopis
2292 5315 2406 5386 suis
2428 5322 2653 5386 propter
2674 5311 3024 5386 necessitates
3046 5307 3322 5386 Ecclcsye,
3341 5317 3398 5386 t_t_t
3427 5306 3520 5386 Ita-

1927 5376 2298 5458 befAugfep.
2329 5384 2394 5439 ad
2425 5376 2657 5458 hlarccll.
2688 5384 2814 5458 olim
2849 5383 2972 5458 158,
3007 5394 3148 5458 nunc
3197 5377 3319 5431 159.
3354 5376 3520 5458 Hujus

1926 5459 2090 5514 etiam
2121 5449 2177 5511 lit
2207 5449 2410 5512 mentio
2453 5454 2588 5509 infra
2620 5469 2668 5510 c.
2699 5453 2825 5507 215.
2865 5451 2988 5506 Erat
3015 5453 3301 5520 episcopus
3322 5449 3521 5502 consti-

1924 5537 2071 5584 tutus
2099 5529 2166 5584 de
2189 5544 2327 5583 novo
2355 5529 2423 5581 oli
2449 5526 2702 5582 Ecclesia:
2732 5519 3081 5578 necessitates
3108 5522 3162 5576 in
3186 5519 3364 5592 aliqua
3388 5521 3521 5575 urbe

1922 5602 2290 5656 Constantium
2317 5600 2510 5654 vicina.

2007 5671 2112 5744 [11)
2153 5671 2488 5744 Imaginarie.
2536 5666 2838 5744 Sub__ti_tulo
2859 5665 2986 5726 ficto
3015 5673 3069 5721 et
3089 5664 3368 5744 supposito
3397 5680 3411 5717 :
3440 5662 3520 5744 sic

2023 5688 2112 5744 11)
2153 5688 2488 5744 Imaginartc.
2536 5688 2650 5724 at")
2677 5688 2831 5721 tttuto
2860 5688 2986 5726 Itctu
3015 5688 3069 5721 et
3089 5688 3368 5734 supposito
3397 5688 3411 5717 ;
3440 5688 3520 5717 sit;

1921 5688 2206 5800 Collutltns
2233 5743 2374 5812 apud
2397 5741 2597 5798 Athan.
2629 5739 2825 5796 dicitur
2852 5753 2958 5796 non
2983 5750 3165 5805 verus,
3193 5735 3290 5793 sed
3332 5734 3522 5806 imagi~

1923 5817 2108 5872 uarius
2133 5817 2442 5889 episcopus.
