3972 6328
496 314 638 372 1³2Ἱὸ

1419 309 1673 384 ιϐῑζὸτΑ
1712 309 2168 374 COLLATIONIS
2206 314 2827 377 CARTHAGINENSIS.

3618 327 3728 384 Ητϐ

499 440 585 488 tos
605 472 621 498 ,
655 439 714 487 ut
751 437 810 486 et
848 443 1130 485 numerum
1158 437 1409 500 augeant,
1437 435 1494 484 et
1519 438 1699 485 tamen
1731 429 1970 500 plebium
1998 445 2098 486 nu-
2121 432 2170 494 Α
2199 434 2538 499 splendidam
2569 435 2949 508 Carthaginem
2975 436 3399 495 constitutusest
3427 453 3594 497 verum
3633 458 3733 500 esse

499 537 686 580 merus
713 536 818 578 non
850 521 991 578 idem
1017 521 1110 589 sit,
1141 522 1232 592 qui
1264 521 1336 577 sit
1359 521 1573 578 illarum
1599 521 1811 578 scilicet
1839 536 2088 594 persons-

498 631 640 673 rum.
674 614 740 671 Et
765 613 870 671 hoc
895 614 1197 685 argumenti
1225 624 1310 671 est
1333 614 1578 680 maximi,
1612 623 1673 672 ut
1690 613 1974 674 videantur
1998 629 2098 674 nos

502 711 606 767 hoc
634 725 834 782 genere
863 725 1145 780 superare,
1199 711 1243 764 si
1267 709 1376 765 duo
1403 719 1590 766 contra
1624 726 1790 768 unum
1822 711 1933 768 sint
1967 726 2098 768 con-

500 803 674 860 stituti
699 803 786 860 vel
817 812 948 860 tres.
999 801 1132 859 Nam
1163 802 1325 860 etiam
1363 804 1414 858 in
1454 802 1614 874 plebe
1637 788 1923 874 praesentis
1964 819 2096 860 san-

501 897 728 953 ctissimi
756 896 978 967 collegae
1023 910 1088 951 ac
1132 894 1314 951 fratris
1359 893 1468 950 mei
1493 893 1787 962 Adeodati,
1825 896 1876 953 id
1905 905 2010 965 est,
2042 897 2096 955 in

504 990 725 1046 civitate
761 988 1090 1056 Milevitana,
1133 987 1208 1043 ita
1233 987 1522 1044 commissa
1565 1001 1652 1043 res
1683 996 1768 1044 est
1793 1030 1810 1055 ,
1843 995 1902 1044 ut
1933 1003 2098 1046 unum

506 1084 704 1140 ibidem
745 1082 943 1140 habeat
987 1082 1357 1139 adversarium
1407 1079 1549 1154 (12),
1586 1081 1814 1138 alterum
1860 1083 1913 1138 in
1960 1082 2100 1140 Tuc-

505 1181 654 1238 eensi
678 1180 794 1253 (i3)
826 1178 1064 1244 civitate,
1090 1193 1209 1250 quae
1239 1177 1306 1233 ad
1352 1177 1510 1246 hujus
1539 1176 1747 1233 scilicet
1767 1176 1978 1248 plebem
2005 1193 2102 1234 an-

506 1274 731 1347 tiquitus
757 1274 1014 1344 pertinet,
1037 1280 1094 1328 et
1117 1278 1244 1327 ante
1270 1270 1545 1326 biennium
1568 1283 1690 1326 esse
1720 1269 1930 1325 videtur
1970 1285 2100 1326 con-

503 1367 758 1434 stitutus;
809 1366 1002 1422 tertius
1029 1380 1159 1421 vero
1202 1364 1272 1420 sit
1313 1365 1366 1420 in
1413 1364 1536 1419 loco
1575 1364 1663 1434 qui
1694 1363 1893 1419 dicitur
1932 1363 2098 1420 Cera-

507 1477 712 1519 mussa.
751 1461 894 1533 Ergo
921 1476 1044 1516 cum
1084 1476 1226 1516 unus
1276 1459 1348 1515 sit
1375 1458 1612 1514 civitatis
1639 1457 1961 1516 Milevitana
1989 1457 2102 1528 epi-

505 1571 706 1628 scopus
727 1570 756 1609 a
787 1555 1027 1626 partibus
1049 1553 1268 1618 nostris,
1294 1561 1404 1608 tres
1427 1551 1680 1608 videntur
1699 1551 1767 1606 ab
1791 1550 1873 1606 his
1899 1552 2104 1607 consti-

505 1651 601 1705 tuti
627 1649 812 1712 fuisse.
843 1659 896 1703 ut
923 1648 1137 1703 illorum
1167 1661 1420 1702 numerus
1451 1654 1754 1716 augeretur,
1783 1652 1874 1698 aut
1902 1645 2097 1700 fortas-

504 1744 580 1799 sis
606 1742 896 1799 excederet
931 1755 1219 1797 numerum
1264 1739 1525 1794 veritatis.
1580 1737 1980 1809 Requirendum
2019 1744 2101 1793 est

2199 527 2373 586 credit
2401 528 2785 590 venerabilitas
2828 539 2936 600 tua,
2983 530 3098 603 jam
3131 546 3273 588 nunc
3317 531 3548 592 intimare
3579 535 3731 610 digne-

2199 630 2311 678 ων.

2271 715 2360 772 70.
2403 715 2698 772 Petilianus
2725 716 2996 788 cpiswpus
3025 717 3176 774 dixit.
3206 717 3320 774 Non
3349 719 3592 777 intellexit
3614 737 3642 779 e
3671 724 3733 779 dl-

2199 824 2360 866 verso
2389 811 2714 877 consistens,
2745 812 2874 883 quid
2917 811 3109 868 fuerim
3135 824 3466 884 prosecutus,
3508 831 3615 873 nam
3639 834 3732 875 cum

2200 905 2267 962 de
2289 920 2517 962 numero
2540 905 2910 963 mandantium
2939 922 3083 963 nunc
3111 916 3317 979 agatur,
3343 908 3611 980 diligentia:
3630 928 3735 970 mea

2202 999 2443 1056 maxime
2486 999 2581 1054 fuit
2613 1001 2912 1071 requirere,
2944 1000 3032 1056 ubi
3061 1010 3188 1056 sunt
3215 1000 3290 1056 illi
3319 1002 3405 1072 qui
3436 1006 3736 1073 praesentibus

2201 1093 2631 1150 mandaverunt:
2675 1095 2872 1152 deinde
2895 1105 3148 1152 constare
3193 1111 3299 1152 non
3341 1097 3408 1166 ab
3433 1113 3490 1154 re
3514 1108 3606 1165 est,
3624 1101 3735 1172 quod

2202 1204 2318 1246 sum
2349 1189 2399 1244 in
2424 1198 2516 1246 tuo
2537 1189 2764 1260 judicio,
2791 1189 2875 1245 vir
2901 1189 3120 1257 nobilis,
3161 1199 3495 1263 prosccutus.
3521 1192 3734 1260 Quoniam

2203 1287 2364 1358 igitur
2395 1295 2448 1342 et
2473 1285 2739 1356 jacturam
2769 1285 3015 1342 fecerunt
3035 1301 3222 1342 earum
3253 1301 3426 1343 rerum
3453 1301 3576 1358 quas
3598 1287 3738 1344 loreu-

2203 1378 2351 1433 sibus
2372 1377 2627 1433 cancellis
2671 1393 2734 1434 ac
2775 1378 2983 1449 legibus
3005 1379 3078 1432 ttti
3112 1387 3419 1448 potuerant,
3447 1388 3499 1434 et
3524 1382 3739 1436 recitave-

2202 1481 2326 1526 runt
2359 1471 2671 1526 mandatum
2701 1469 2844 1542 quod
2883 1485 2991 1526 non
3021 1471 3190 1540 magis
3217 1469 3431 1526 forense
3457 1471 3540 1536 sit,
3572 1472 3649 1527 sed
3676 1473 3733 1528 le.

2201 1568 2343 1639 gale,
2379 1568 2503 1623 hinc
2528 1581 2764 1638 agnosco
2802 1566 3003 1622 debere
3040 1581 3126 1621 me
3157 1565 3262 1620 illis
3292 1565 3412 1636 lege
3436 1565 3600 1622 divina
3622 1583 3739 1622 com-

2205 1669 2455 1730 petenter
2493 1658 2844 1730 respondere.
2877 1658 3010 1722 Sed,
3040 1669 3098 1715 ut
3137 1659 3291 1729 prius
3325 1657 3393 1713 de
3419 1657 3738 1714 mandatorum

2206 1768 2431 1808 numero
2448 1761 2681 1817 constet,
2709 1759 2765 1807 et
2791 1751 2858 1807 de
2886 1750 3130 1823 partibus
3154 1751 3293 1806 meis
3305 1752 3483 1822 quanti
3505 1751 3742 1807 mandave-

505 1837 668 1908 igltur
689 1837 906 1907 quando
931 1843 1120 1891 auctus
1145 1835 1218 1890 sit
1241 1833 1458 1889 illorum
1485 1845 1764 1897 numerus,
1799 1844 1960 1901 quam
1993 1829 2103 1886 ori-

2209 1845 2315 1900 rint
2352 1845 2435 1900 vel
2464 1844 2649 1916 quanti
2686 1845 2794 1901 sint
2831 1845 3160 1912 mandaturi,
3205 1844 3259 1899 id
3301 1846 3520 1915 primum
3559 1853 3664 1915 peto
3691 1844 3744 1902 de

499 1932 682 2002 ginem
713 1929 984 1994 habuerit,
1015 1937 1195 1982 utrum
1222 1925 1324 1981 hoc
1356 1925 1565 1982 novitas
1595 1923 1809 1988 fecerit,
1843 1937 1909 1976 an
1939 1921 2102 1978 dede-

499 2026 569 2080 rit
591 2023 904 2095 antiquitas,
921 2030 1123 2086 utrum,
1143 2020 1285 2074 utita
1301 2017 1552 2080 dixerim,
1571 2023 1758 2071 contra
1781 2021 2101 2070 vetustatem

501 2133 716 2183 canam,
748 2117 938 2172 vitium
989 2114 1094 2169 hoc
1141 2113 1301 2169 fuerit
1343 2109 1616 2168 novitatis.
1666 2108 1735 2164 Et
1776 2109 1880 2165 alia
1923 2125 2100 2164 manu.

505 2211 804 2268 Petilianus
830 2209 1120 2280 episcopus
1148 2205 1462 2277 recognovi.

574 2303 666 2358 66.
709 2301 1118 2356 Fortunatianus
1155 2299 1422 2370 cpiscopus
1449 2295 1696 2354 Ecclesia:
1719 2295 1986 2358 catholicis
2016 2296 2101 2366 di-

393 2415 402 2424 ι
506 2395 603 2450 xit.
655 2393 994 2464 Multiloquio
1038 2391 1296 2448 Ecclesiae
1341 2404 1558 2446 causam
1599 2390 1683 2462 agi
1743 2403 1848 2446 non
1903 2388 2104 2447 debere

505 2488 764 2560 perspicit
810 2501 1022 2542 mecum
1077 2493 1180 2540 tua)
1228 2483 1556 2556 dignationis
1627 2497 1843 2549 sensus,
1899 2481 2104 2552 optime

505 2579 864 2654 cOgnitorum.
909 2580 977 2636 Et
1023 2595 1138 2634 cum
1164 2579 1372 2634 diceret.
1423 2577 1492 2633 Et
1541 2578 1646 2633 alia
1694 2594 1874 2635 manu.
1925 2577 2104 2634 Reco-

503 2677 687 2748 gnovL

575 2769 666 2825 67.
737 2768 1032 2826 Pctilianus
1096 2768 1370 2838 episcopus
1430 2767 1583 2822 dixit.
1647 2766 1774 2822 Pius
1842 2766 2106 2838 scripsisti

503 2877 664 2934 quam
705 2862 838 2918 dixi.
888 2862 959 2917 Et
994 2862 1100 2916 alia
1143 2877 1318 2916 manu.
1360 2859 1656 2916 Petilianus
1685 2859 1974 2932 episcopus
2013 2875 2104 2917 re.

504 2956 753 3028 cognovi

578 3049 670 3106 68.
712 3047 1122 3103 Fortunatianus
1145 3047 1432 3119 'cpiscopus
1461 3046 1712 3104 Ecclesia
1733 3045 1996 3104 catholicae
2025 3045 2110 3104 div

508 3142 604 3197 xit.
637 3141 833 3198 Verum
866 3141 948 3196 vir
966 3141 1319 3213 gravissimus
1343 3140 1638 3196 Petilianus
1657 3154 1780 3196 cum
1806 3148 1934 3195 ante
1976 3154 2108 3210 pau-

2206 1939 2486 1996 nobilitate
2533 1947 2642 2006 tua,
2689 1947 2748 1994 ut
2794 1939 3127 2010 superfluum
3172 1953 3280 1993 non
3320 1939 3409 2004 sit,
3458 1938 3522 1994 de
3565 1953 3745 1993 numero

2204 2034 2484 2105 utriusque
2523 2033 2691 2105 partis
2731 2031 2874 2089 ferre
2906 2033 3107 2090 debere
3133 2032 3396 2103 judicium
3426 2031 3745 2087 celsitudinem

2206 2133 2373 2182 tuam.
2429 2124 2497 2180 Et
2561 2125 2668 2180 alia
2707 2142 2883 2181 manu.
2936 2126 3229 2183 Petilianus
3288 2125 3568 2198 episcopus
3625 2141 3745 2186 reco-

2202 2220 2383 2290 gnovL

2277 2313 2366 2369 71.
2412 2312 2749 2371 Marcellinus
2775 2316 2853 2370 vir
2872 2315 3191 2370 clarissimus
3223 2314 3456 2370 tribunus
3483 2323 3526 2368 et
3565 2313 3748 2368 notarius

2204 2404 2357 2462 dixit.
2395 2406 2674 2463 Evitandae
2715 2407 2932 2479 quidem
2975 2407 3340 2463 multitudinis
3364 2404 3520 2462 causa
3557 2405 3615 2462 ad
3639 2406 3748 2461 hunc

2204 2503 2381 2558 locum
2413 2501 2482 2558 de
2509 2517 2739 2574 quorum
2773 2517 2998 2558 numero
3031 2501 3332 2564 dubitatur,
3359 2501 3567 2556 minime
3585 2515 3744 2555 conve.

2205 2597 2350 2652 nisse
2389 2596 2664 2663 dicuntur,
2715 2596 3013 2667 praesertim
3061 2610 3182 2650 cum
3224 2593 3500 2650 suffecerit
3538 2609 3620 2648 cos
3647 2608 3748 2664 prte-

2205 2689 2448 2746 sentibus
2476 2703 2637 2745 omne
2680 2688 2960 2761 delegasse
2997 2687 3312 2760 negotium;
3362 2687 3456 2743 sed
3493 2688 3533 2742 si
3561 2687 3666 2757 quid
3690 2701 3753 2739 su-

2206 2797 2306 2854 per
2352 2782 2452 2838 bac
2510 2791 2660 2853 parte
2710 2781 3064 2838 dubitationis
3115 2780 3367 2846 affertur,
3417 2778 3614 2849 iudiciis
3659 2777 3753 2832 inti-

2207 2885 2405 2932 metttr.

2276 2966 2365 3026 79.
2407 2967 2646 3023 Aurelius
2675 2967 2944 3040 cpiscopus
2966 2965 3210 3020 Ecclesiae
3229 2964 3503 3020 catholicae
3527 2962 3750 3033 Carthagi-

2206 3061 2376 3114 mmsis
2416 3059 2565 3114 dixit.
2619 3058 2727 3115 Nos
2779 3059 3045 3115 evitamus
3089 3057 3414 3124 tumultum;
3463 3057 3641 3113 idcirco
3671 3071 3752 3109 non

2207 3159 2508 3216 venerunt;
2545 3151 2639 3207 sed
2663 3151 2973 3207 mandatum
3008 3150 3382 3206 ﬁrmissimum
3405 3152 3504 3216 est,
3526 3147 3647 3219 quod
3674 3147 3754 3201 Ire-

513 3235 678 3290 lulum
703 3234 964 3290 Ecclesia:
994 3248 1211 3289 causam
1241 3233 1436 3288 divinis
1464 3233 1760 3302 Scripturis
1787 3232 2104 3294 ﬁrmandam

2213 3254 2322 3300 tum
2353 3254 2437 3301 est
2462 3242 2731 3299 nobilitati
2765 3253 2889 3298 ture.
2916 3242 2974 3299 Si
2999 3241 3069 3298 de
3098 3255 3327 3297 numero
3366 3240 3637 3303 dubitatur,
3663 3245 3756 3292 eant

510 3342 632 3385 esse
664 3328 938 3400 professus
978 3327 1168 3394 fuerit;
1200 3335 1358 3398 atque
1387 3341 1506 3384 eam
1547 3326 1746 3388 divinis
1785 3327 2110 3386 testimoniis

509 3424 677 3494 quaeri
727 3422 930 3479 debere
982 3420 1370 3489 constituerit,
1430 3435 1575 3477 nunc
1624 3435 1747 3476 cum
1779 3435 1875 3491 per
1897 3420 2109 3476 diversa

511 3517 691 3586 vagari
737 3517 792 3572 in
824 3517 1074 3588 personis
1111 3517 1511 3583 ordinatorum,
1565 3515 1948 3586 prosecutioue
1993 3515 2112 3586 ejus

509 3609 835 3664 ostenditur.
873 3612 1048 3681 Atque
1083 3610 1226 3678 ideo,
1258 3626 1324 3666 ne
1350 3609 1425 3665 illi
1453 3609 1656 3664 similes
1684 3607 1985 3674 videamur,
2016 3607 2114 3663 ἀθυ-

508 3705 641 3760 creti
665 3713 907 3759 tenorem
931 3705 1139 3775 accepit
1161 3703 1468 3760 sublimitas
1497 3710 1616 3768 tua;
1647 3701 1856 3773 etquid
1887 3701 2108 3758 Patrum

411 3867 413 3869 ι
507 3806 709 3854 statuta
729 3797 1022 3864 voluerint,
1051 3798 1170 3869 ejus
1188 3798 1421 3853 lectione
1453 3803 1810 3852 monstratum
1837 3805 1941 3852 est.
1969 3792 2110 3853 Con-

509 3894 656 3948 venit
706 3899 1027 3963 przesentes,
1062 3889 1374 3946 moratoriis
1400 3889 1653 3946 omnibus
1682 3889 1987 3945 actionibus
2023 3903 2109 3944 re-

511 3985 680 4058 pulsis
724 3995 884 4056 atqne
940 3983 1250 4055 prostratis,
1283 3983 1486 4054 eligere
1528 3996 1669 4038 nunc
1715 3997 1782 4037 ex
1820 3991 1973 4052 parte
2011 3996 2108 4038 sua

509 4080 737 4136 idoneos
767 4079 857 4150 qui
903 4079 1115 4149 possint
1144 4078 1403 4134 institutas
1429 4091 1609 4134 causas
1641 4083 1897 4145 prmstare
1945 4076 2112 4131 ratio-

508 4188 657 4240 nem,
704 4175 1054 4242 omniumque
1081 4183 1406 4226 consensum
1459 4169 1542 4223 bis
1587 4169 1722 4225 actis
1761 4168 2105 4240 depromere,

507 4273 587 4332 ttt,
607 4265 971 4321 dilucescentc
996 4264 1250 4330 veritate,
1279 4261 1410 4316 nulli
1437 4260 1607 4332 possit
1633 4274 1754 4316 esse
1773 4259 2107 4331 ambiguum.

511 4358 789 4428 Siquidem
835 4355 1171 4413 confirmatis
1220 4355 1476 4428 personis
1531 4354 1676 4410 nulla
1722 4368 1845 4424 pars
1891 4353 2111 4411 audebit

511 4451 714 4518 dicere,
746 4452 1072 4509 sententiam
1102 4466 1208 4507 non
1238 4464 1398 4522 posse
1425 4447 1571 4522 (nec)
1605 4448 1806 4505 debere
1845 4449 2110 4505 consiste—

509 4560 590 4610 re,
625 4546 1057 4620 quandoquidem
1087 4561 1274 4602 eorum
1306 4559 1603 4601 consensus
1643 4544 1781 4600 actis
1824 4543 1984 4600 fuerit
2016 4543 2111 4600 de-

2209 3338 2567 3410 provineiales
2591 3338 2655 3392 ad
2704 3337 2940 3402 Mauros,
2971 3346 3098 3393 eant
3127 3335 3488 3406 provinciales
3526 3333 3585 3389 ad
3610 3331 3755 3388 Numi-

2209 3432 2327 3503 das,
2360 3443 2483 3488 eant
2511 3432 2868 3503 provinciales
2895 3430 2960 3486 ad
2989 3431 3326 3503 Byzacenos.
3359 3439 3484 3486 eant
3503 3443 3686 3502 quoque
3707 3423 3755 3480 ad

2208 3525 2594 3598 Tripolitanos,
2628 3534 2756 3582 eant
2801 3525 2866 3579 ad
2913 3524 3205 3595 provinciae
3253 3521 3657 3595 proconsularis,
3689 3517 3755 3588 qui

2211 3630 2515 3692 prtesentes
2553 3629 2680 3676 sunt
2721 3635 2787 3677 ex
2836 3634 3062 3675 numero
3091 3618 3360 3689 ipsorum,
3393 3629 3448 3674 et
3488 3621 3758 3688 cognoscant

2212 3725 2429 3769 nostros
2484 3713 2575 3784 qui
2615 3713 2741 3768 huic
2787 3711 3043 3769 mandato
3088 3711 3545 3783 subscripserunt.
3586 3707 3646 3762 Et
3682 3705 3758 3760 alia

2211 3826 2388 3864 manu.
2422 3808 2749 3878 Recognovi.

2281 3903 2370 3958 75.
2415 3901 2752 3957 Marcellinus
2779 3902 2857 3956 vir
2883 3900 3201 3956 clarissimus
3227 3900 3466 3954 tribunus
3507 3907 3553 3953 et
3577 3894 3758 3951 notarius

2212 3997 2364 4051 dixit.
2397 3995 2515 4051 Non
2549 3995 2722 4064 patiar
2751 4009 2863 4050 rem
2903 3991 3229 4063 superfluam
3258 3991 3422 4062 longa
3461 3991 3666 4062 partium
3692 3985 3762 4039 ob-

2210 4088 2504 4145 luctatloue
2532 4085 2762 4152 differri,
2787 4085 2931 4141 unde
2957 4085 3175 4140 veniant
3195 4085 3457 4140 universi.
3540 4111 3548 4118 -

2284 4181 2371 4236 74.
2414 4180 2655 4235 Aurelius
2707 4181 2976 4250 episcopus
3033 4176 3286 4232 Ecclesiae
3329 4178 3588 4234 catholica
3641 4171 3758 4226 dixit.

2210 4273 2348 4342 Quid
2378 4287 2515 4343 opus
2542 4283 2623 4328 est
2656 4271 2871 4326 turbis?
2903 4271 2970 4325 Et
2998 4284 3094 4323 nos
3123 4269 3175 4324 in
3206 4269 3434 4328 civitate
3482 4268 3564 4321 diu
3601 4261 3759 4319 versati

2211 4381 2420 4432 sumus,
2453 4372 2508 4421 et
2529 4363 2698 4418 nostri
2723 4363 2966 4433 collegte.
2992 4360 3032 4416 li
3056 4376 3269 4432 quoque
3296 4360 3352 4416 in
3380 4360 3605 4420 civitate,
3634 4366 3678 4410 ut
3701 4353 3762 4407 di-

2211 4464 2358 4524 cunt,
2420 4473 2526 4512 non
2583 4455 2762 4527 hodie,
2815 4455 2909 4510 sed
2963 4454 3254 4524 aliquantis
3307 4452 3498 4509 diebus
3547 4443 3759 4506 demorati

2213 4557 2357 4605 sunt.
2401 4547 2673 4620 Legantur
2719 4545 3172 4616 subscriptiones,
3210 4554 3265 4601 et
3302 4544 3374 4601 de
3403 4545 3551 4614 cujus
3590 4540 3761 4598 nomine

510 4647 824 4710 promptus;
853 4649 909 4696 et
951 4640 1074 4696 ideo
1100 4641 1190 4695 aut
1215 4638 1709 4710 subscriptionibus
1731 4653 1851 4708 quae
1873 4637 2111 4709 gerimus
2140 4632 2188 4693 D
2216 4641 2486 4706 dubitant,
2521 4640 2636 4711 ipse
2661 4639 2862 4694 veniat.
2901 4637 2965 4692 Et
2991 4637 3100 4692 alia
3128 4653 3308 4692 manu.
3341 4633 3652 4705 Recognovi.

511 4749 573 4790 se
598 4733 828 4790 doceant
856 4735 1204 4799 conﬁrmare,
1236 4743 1327 4789 aut
1366 4748 1694 4790 consensum
1723 4747 1878 4787 suum
1909 4730 2110 4802 singuli

507 4829 855 4898 patefaciant,
901 4835 958 4884 ut
986 4828 1128 4883 actio
1171 4828 1428 4884 Ecclesiae
1475 4828 1646 4899 possit
1672 4841 1773 4884 suo
1801 4825 1995 4895 ordine
2037 4825 2112 4888 in-

509 4916 714 4975 choari.
745 4919 810 4974 Et
840 4921 946 4975 alia
978 4936 1156 4974 manu.
1190 4919 1520 4990 Recognovi.

582 5013 672 5068 69.
716 5011 1050 5069 Marcellinus
1077 5013 1156 5067 uir
1181 5010 1500 5067 clarissimus
1539 5011 1775 5068 tribunus
1803 5021 1852 5067 ct
1881 5013 2112 5069 notarius

509 5106 660 5162 dixit.
694 5105 772 5161 De
797 5111 1227 5176 incompetenter
1253 5104 1516 5159 ordinatis
1542 5120 1678 5174 quos
1709 5105 2005 5161 Petilianus
2032 5105 2114 5166 vir

477 5198 889 5256 'sanctissimus
919 5197 1356 5265 comprehendit,
1406 5211 1493 5250 me
1529 5207 1737 5253 certum
1785 5206 1870 5253 est
1911 5197 2002 5269 qui
2046 5196 2114 5253 ad

510 5293 669 5350 aliam
725 5303 932 5364 partem
986 5287 1267 5362 principali
1322 5289 1646 5345 auctoritate
1710 5290 1875 5360 jndex
1926 5291 2116 5348 videor

511 5386 858 5450 constitutus,
893 5400 999 5440 non
1045 5397 1208 5456 posse
1249 5396 1598 5454 cognoscere.
1629 5383 1889 5456 Superest
1934 5393 2014 5452 ut,
2067 5384 2113 5444 si

511 5492 797 5534 numerum
845 5477 1227 5549 episcoporum
1277 5475 1368 5547 qui
1415 5475 1484 5530 ab
1549 5475 1732 5533 ofﬁcio
1784 5478 1921 5534 intra
1974 5481 2114 5538 hanc

582 5629 707 5758 at?)
735 5631 1120 5696 Adversarium.
1163 5631 1425 5688 Severum
1451 5646 1650 5701 nempe
1677 5632 1772 5703 qui
1806 5632 1966 5701 paulo
1988 5641 2114 5690 ante

622 5704 838 5757 rmitate
866 5711 1148 5758 correptus
1177 5704 1526 5758 discesserat.
1558 5712 1616 5758 ut
1647 5705 1874 5758 habetur
1900 5719 1949 5758 c.
1981 5705 2112 5758 illi.

519 5703 838 5760 inﬁrmitate
866 5711 1148 5772 correptus
1177 5704 1526 5771 discesserat,
1558 5712 1616 5759 ut
1647 5705 1874 5759 habetur
1900 5719 1949 5758 c.
1981 5705 2112 5762 illi.

520 5774 707 5849 Exstat
719 5773 834 5849 ejus
846 5775 1070 5849 epistola
1093 5775 1155 5849 ad
1169 5773 1526 5849 Augustinum
1548 5777 1688 5832 inter
1702 5777 1900 5849 August
1911 5776 2118 5836 inianas

530 5844 657 5914 l09,
678 5854 735 5904 et
752 5844 1186 5919 dua'Augustini
1217 5847 1284 5908 ad
1318 5848 1493 5920 ipsum
1523 5849 1624 5910 110
1644 5859 1696 5906 et
1717 5844 1810 5919 62,
1839 5858 2126 5924 postrema

2463 4734 2547 4790 75.
2567 4732 2903 4787 Marcellinus
2926 4731 3001 4784 uir
3020 4730 3340 4786 clarissimus
3356 4730 3578 4783 tribunus
3595 4734 3636 4780 et
3652 4733 3763 4776 nota-

2219 4827 2331 4884 rius
2360 4826 2510 4892 dimit.
2537 4824 2594 4879 In
2623 4838 2730 4880 uno
2753 4823 2872 4878 loco
2898 4830 3025 4880 sunt
3053 4835 3243 4882 omnes
3265 4863 3279 4886 ,
3311 4829 3406 4882 aut
3428 4819 3479 4874 id
3510 4833 3604 4874 non
3629 4818 3764 4886 potest

2220 4919 2426 4991 liquido
2447 4916 2757 4986 designari?

2291 5011 2381 5068 76.
2413 5011 2649 5068 Aurelius
2676 5010 2948 5082 episcopus
2970 5006 3220 5062 Ecclesiae
3241 5006 3507 5064 catholiclr
3533 5001 3664 5057 dixit.
3688 4994 3763 5058 Νο-

2219 5105 2420 5163 scimus
2444 5113 2626 5177 postea
2659 5118 2818 5178 quam
2870 5100 3263 5164 mandavarunt
3290 5099 3418 5171 quid
3452 5112 3580 5168 Opus
3605 5099 3698 5148 erat
3721 5095 3761 5140 nl

2217 5198 2694 5254 concluderentur.
2727 5195 2793 5251 Et
2820 5196 2926 5252 alia
2948 5211 3124 5252 manu.
3150 5191 3482 5262 Recognnvi.
3507 5185 3762 5259 Augustin“

2216 5294 2490 5366 episcOpus
2548 5289 2796 5345 Ecclesiae
2821 5287 3089 5342 catholica:
3141 5287 3288 5340 dixit.
3340 5287 3414 5342 De
3439 5295 3646 5354 quorum
3687 5289 3760 5328 no-

2217 5387 2362 5448 mine
2400 5385 2695 5448 dubitatur,
2729 5381 2829 5457 ipsi
2864 5380 3100 5440 veniant.
3142 5377 3210 5440 Et
3266 5376 3376 5434 alia
3422 5391 3588 5431 manu.
3631 5369 3762 5425 Reco-

2215 5496 2400 5552 gnovu

2219 5633 2496 5691 editionis.
2515 5630 2648 5686 ibid.
2667 5643 2758 5699 ep.
2772 5628 2864 5693 54,
2882 5625 3166 5699 Augustini
3181 5621 3576 5699 condiscipulus
3590 5612 3760 5699 dicitur:

2297 5689 2412 5775 (15)
2454 5703 2684 5775 Alterum
2707 5689 2766 5755 in
2799 5689 3046 5775 Tuscensi
3070 5698 3296 5775 ciuitate.
3329 5694 3580 5775 Sitbiuum
3607 5689 3763 5775 de‘qtlg

2226 5793 2277 5834 c.
2298 5748 2429 5843 i325,
2454 5748 2780 5846 tetigistis
2802 5748 3044 5846 air-.136;
3070 5748 3311 5846 nam.
3331 5748 3606 5824 suam.
3643 5748 3761 5816 llud

2234 5853 2305 5912 ita
2317 5839 2540 5926 ’pridet'n
2568 5839 2892 5926 episcopalis
2918 5841 3057 5910 facta
3085 5839 3279 5909 fuerat.
