3972 6328
123 314 144 335 f

223 355 354 410 ἱεὶἷῖ

1179 342 1404 402 GESTA
1439 333 1890 398 COLLA'I'IONIS
1928 332 2547 394 CARTHAGINENSIS.

3375 333 3516 390 1978

285 466 374 520 Ti.
407 459 664 526 Emetitur
692 459 961 530 cpiscopus
1009 456 1161 512 dixit.
1219 455 1501 527 lmpugnat
1545 467 1606 508 se
1653 450 1817 517 actio,
1846 454 1903 518 Α
1928 449 2009 505 Ad
2036 449 2202 505 multa
2223 450 2403 506 fratris
2426 451 2530 506 mei
2565 447 2745 506 videat
2769 449 3019 506 nobilitas
3047 457 3133 504 ttta
3162 462 3321 521 quam
3349 464 3517 520 pauca

211 567 267 613 et
322 572 387 612 ex
437 569 538 610 una
572 560 725 623 parte
753 551 965 606 diversa
1007 549 1314 614 contentio;
1352 563 1492 604 unus
1540 542 1820 616 prosequi-

211 660 302 716 tur
345 648 530 704 venire
571 646 792 716 debere,
839 645 977 700 alter
1027 644 1242 702 nescire
1265 657 1323 706 se
1373 651 1550 704 utrum
1607 639 1818 708 possint

212 741 429 797 adesse.
463 738 805 795 Concordeut
853 737 994 794 inter
1037 751 1097 792 se
1118 733 1402 790 sententiis
1422 733 1553 798 suis,
1575 739 1632 788 et
1673 729 1819 788 arbi-

215 841 358 902 tratu
387 831 604 906 proprio
627 840 786 904 atque
808 839 1017 886 secreto
1032 828 1159 900 quid
1184 827 1356 898 magis
1377 827 1598 897 eligant,
1614 822 1815 880 dicant.

213 926 540 1000 Opperimttr
569 924 711 980 enim
740 938 840 998 pro
875 921 1083 979 meritis
1108 922 1215 978 tuis
1248 919 1502 992 quicquid
1540 917 1627 974 isti
1668 915 1820 972 dixe-

214 1022 371 1087 rint,
405 1018 549 1092 quod
590 1018 762 1089 magis
809 1016 1118 1088 putaverint
1157 1013 1491 1086 eligendum.
1523 1011 1635 1066 Non
1676 1010 1819 1066 enim

215 1129 321 1170 nos
361 1111 608 1168 falsitatis
643 1109 848 1166 crimen
877 1107 1206 1179 objeeimus,
1261 1105 1359 1163 sed
1389 1105 1491 1162 Itoc
1529 1103 1702 1174 ipsum
1743 1100 1823 1156 fa-

205 1203 370 1258 ‘ctum
395 1202 642 1257 volumus
677 1201 894 1272 judiciis
925 1199 1232 1271 approbari.
1258 1198 1447 1254 Melior
1467 1195 1705 1270 estcnim
1728 1194 1823 1250 ad-
1870 1251 1881 1261 ,

223 1294 508 1365 stipulatio
535 1335 550 1362 ,
577 1309 697 1365 qua:
728 1293 1086 1366 praesentibus
1112 1291 1244 1346 actis
1278 1290 1500 1357 inditur,
1522 1296 1578 1344 et
1624 1287 1824 1343 verita-

225 1390 298 1443 tis
354 1388 487 1444 lidcs
540 1387 1023 1448 instrumentorum
1066 1386 1292 1442 veritate
1332 1386 1592 1440 firmatur.
1634 1381 1824 1452 Agitur

220 1481 370 1546 enim
399 1497 486 1536 res
514 1481 580 1540 de
617 1496 717 1552 qua
742 1481 861 1552 quis
892 1494 1090 1549 negare
1131 1478 1327 1549 poterit
1360 1495 1372 1532 :
1406 1475 1530 1531 Non
1559 1473 1821 1540 mandavi,

223 1590 324 1628 non
347 1574 583 1644 interfui,
634 1576 824 1628 nescio.
851 1571 967 1627 Non
996 1573 1140 1628 enim
1171 1587 1239 1627 ex
1268 1586 1353 1627 me
1372 1571 1471 1626 ista
1495 1567 1821 1641 procedunt,

221 1666 322 1722 sed
347 1682 416 1722 ex
440 1666 572 1737 ipsis
603 1667 781 1738 potius
805 1667 895 1737 qui
923 1667 1022 1720 ista
1050 1663 1387 1734 confingunt.
1417 1662 1658 1720 Habeant
1685 1661 1826 1716 inter

222 1777 285 1822 se
333 1761 618 1818 consilium
664 1776 858 1828 suum,
888 1759 1216 1828 arbitrioque
1264 1772 1362 1812 suo
1392 1756 1656 1812 deliniant
1707 1755 1828 1809 unl-

1921 542 2300 615 respondettm.
2389 543 2544 611 Quod
2608 543 2654 598 si
2709 543 2866 600 nobis
2935 542 3206 598 voluerint
3286 557 3516 611 respon-

1920 638 2054 695 dero
2084 680 2098 705 ,
2131 651 2291 693 causa
2339 646 2450 694 tota
2493 639 2601 694 clto
2649 638 2875 694 forsitan
2917 644 3239 709 peragetur;
3271 645 3519 693 metuen-

1921 733 2049 788 dum
2079 743 2198 800 est,
2247 747 2316 788 ne
2353 731 2476 789 ideo
2518 749 2624 788 non
2669 733 2760 788 flat
2808 733 3069 788 tumultus
3113 731 3182 788 ab
3235 730 3336 786 bac
3367 731 3522 788 turba

1923 841 2044 898 quae
2069 841 2312 897 praesens
2333 834 2448 893 est,
2477 827 2603 896 quia
2633 840 2740 882 non
2773 826 2860 882 ltic
2882 835 2968 882 est
2995 824 3100 881 alia
3122 825 3409 882 multitudo
3427 868 3441 891 ,
3465 825 3519 881 in

1922 938 2084 995 quam
2133 922 2301 994 possit
2345 919 2536 977 referri
2582 921 2842 977 causatio.
2877 919 2946 976 Et
2971 921 3077 977 alia
3121 936 3299 976 manu.
3332 919 3518 976 Reco-

1921 1016 2104 1088 gnovL

1994 1111 2086 1167 εἰ.
2112 1109 2406 1165 Pctilianus
2423 1109 2487 1181 (Ι.
2505 1107 2791 1182 Emeritus)
2810 1108 3082 1180 cpiscopus
3103 1108 3254 1164 dixit.
3277 1107 3520 1162 Confite-

1924 1204 2002 1260 ris
2024 1204 2147 1259 illos
2177 1218 2300 1259 cum
2327 1203 2559 1258 tumultu
2589 1217 2712 1258 esse
2743 1209 3022 1258 venturos.
3048 1199 3178 1256 Nam
3210 1199 3298 1254 ltic
3323 1198 3525 1254 tumul-

1925 1307 2012 1353 tus
2038 1311 2139 1352 nec
2168 1295 2268 1351 fuit
2295 1311 2396 1352 nec
2422 1296 2529 1351 erit
2549 1311 2577 1350 a
2602 1295 2848 1366 partibus
2871 1293 3098 1349 nostris.
3123 1291 3188 1346 Et
3215 1291 3318 1347 alia
3346 1307 3522 1346 manu.

1925 1391 2198 1448 Emeritos
2225 1391 2516 1461 episcOpus
2539 1391 2849 1460 recognovl.

1997 1485 2088 1540 85.
2118 1484 2442 1556 'Augustinus
2488 1483 2754 1555 episcopus
2801 1479 3052 1535 Ecclesia:
3087 1478 3332 1534 caholica:
3374 1478 3524 1532 dixit.

1925 1575 2042 1632 Non
2071 1575 2340 1631 conllteor
2363 1588 2486 1630 eum
2511 1572 2745 1628 tumultu
2769 1586 2892 1628 esse
2912 1580 3174 1627 venturos
3199 1585 3213 1635 ;
3240 1557 3335 1626 sed
3364 1569 3531 1625 timeo

1927 1685 1998 1726 ne
2031 1667 2154 1724 ideo
2179 1667 2356 1723 adhuc
2381 1668 2624 1738 quiescat
2653 1663 2942 1722 multitudo
2967 1677 3210 1734 praesens
3234 1705 3250 1731 ,
3273 1663 3397 1734 quia
3420 1676 3528 1717 non

1927 1772 2011 1819 est
2040 1765 2091 1818 in
2119 1776 2278 1831 quem
2303 1759 2502 1816 referat
2529 1760 2572 1814 si
2594 1758 2722 1830 quid
2767 1759 2906 1814 forte
2937 1757 3277 1812 turbulenter
3300 1756 3526 1810 exstite-

226 1869 422 1920 versa;
459 1862 513 1908 υῐ
541 1853 585 1908 εί
614 1852 800 1908 "Dium
849 1851 899 1908 ίη
928 1851 1179 1921 Ρνωὸθιιῑί
1223 1848 1480 1906 mandare
1501 1889 1515 1916 υ
1543 1847 1702 1903 Siculi
1731 1860 1829 1902 "05
1859 1854 1907 1915 B
1934 1857 2005 1912 rit
2029 1898 2044 1923 ,
2068 1857 2196 1911 dum
2223 1863 2455 1926 utraque
2483 1867 2725 1926 prmseus
2762 1851 2923 1907 fuerit
2948 1849 3256 1905 multitudo.
3285 1845 3528 1903 Petimus

223 1960 490 2018 personas
518 1943 886 2000 mandantium
925 1943 1063 1998 actis
1093 1941 1442 2000 sublimitatis
1475 1949 1578 1995 tua!
1607 1954 1747 1994 nunc
1773 1939 1827 1994 in

222 2037 481 2110 praesenti
507 2037 844 2092 iusiuuamus
869 2078 882 2102 ,
929 2035 1161 2090 habeant
1197 2035 1248 2088 in
1295 2031 1618 2102 compendio
1643 2073 1658 2100 ,
1692 2033 1830 2087 tule-

223 2132 338 2192 rint
367 2129 435 2186 de
481 2129 663 2186 medio
707 2127 1040 2197 falsitatem,
1094 2125 1362 2182 donamus
1415 2125 1522 2180 illis
1574 2123 1829 2180 universa

223 2240 347 2296 quas
367 2231 658 2295 potuerant
689 2221 756 2278 de
785 2222 1150 2293 praeceptione
1171 2217 1447 2288 depromi,
1480 2225 1537 2272 ut
1584 2216 1830 2272 sublimi-

224 2319 357 2374 tatis
391 2327 494 2372 tuae
517 2316 720 2388 judicio
751 2316 920 2386 possit
949 2329 1014 2370 ex
1041 2313 1259 2368 illorum
1277 2319 1334 2368 et
1353 2327 1418 2367 ex
1445 2309 1648 2366 nostris
1670 2309 1832 2379 parti-

225 2411 329 2470 bus
356 2425 657 2482 apparere,
689 2407 834 2479 quod
888 2407 1059 2479 possit
1087 2420 1208 2461 esse
1251 2403 1583 2460 mandatum.
1629 2401 1696 2458 Et
1725 2402 1831 2456 alia

225 2526 405 2565 manu.
440 2508 709 2574 Emeritos
738 2507 1022 2578 episcopus
1055 2501 1364 2574 recognovi.

302 2603 392 2660 78.
425 2602 743 2676 Augustinus
795 2601 1065 2671 episc0pus
1097 2595 1344 2652 Ecclesiw
1372 2593 1641 2650 cath’olicte
1679 2593 1829 2650 dixit.

227 2695 519 2762 Tumultus
568 2709 636 2751 ne
678 2693 833 2760 lieret
858 2689 1156 2748 cavendum
1178 2686 1308 2752 fuit,
1339 2697 1392 2744 et
1415 2687 1518 2743 boc
1547 2686 1834 2742 salubriter

229 2791 634 2868 prudenterque
656 2788 957 2862 providisti.
991 2787 1059 2844 Et
1079 2787 1333 2858 quoniam
1357 2782 1702 2841 metuendum
1726 2789 1828 2848 est,

231 2901 302 2943 ne
326 2927 341 2956 ,
382 2900 505 2946 cum
542 2883 908 2944 fueritexorta
940 2881 1116 2952 aliqua
1143 2878 1478 2950 perturbatio
1498 2918 1513 2943 ,
1545 2874 1703 2931 nobis
1738 2888 1835 2944 po-

230 2982 342 3036 tius
368 2979 655 3046 tribuatur,
687 2977 1062 3046 incertumque
1084 2973 1155 3029 sit
1186 2971 1529 3037 hominibus,
1555 2985 1582 3023 a
1606 2984 1832 3041 quorum

228 3082 384 3145 parte
436 3073 616 3142 potius
667 3067 1135 3136 exstiterit,nibil
1163 3065 1357 3121 melius
1384 3074 1440 3120 et
1492 3063 1834 3133 tranquillius

232 3174 487 3239 putamus
517 3165 812 3220 decernere
866 3161 1202 3222 nobilitatem
1242 3168 1388 3214 tuam
1411 3201 1426 3225 ,
1455 3159 1558 3214 nisi
1608 3165 1666 3212 ut
1695 3157 1834 3212 reci-

1933 1961 1994 2007 ut
2023 1950 2168 2022 quod
2198 1949 2401 2006 dictum
2433 1960 2546 2016 est,
2572 1949 2694 2015 flat;
2725 1948 2794 2003 de
2843 1960 3184 2018 quocumque
3229 1942 3528 2009 dubitatur,

1934 2049 2316 2113 pratsentetur.
2352 2041 2419 2096 Et
2447 2043 2551 2097 alia
2580 2057 2756 2096 manu.
2792 2038 3128 2109 Recognovi.

2004 2133 2097 2192 ει.
2122 2135 2416 2190 Adsodatus
2443 2134 2716 2205 episwpus
2741 2133 2894 2187 dixit.
2927 2129 2983 2187 Si
3015 2130 3070 2185 in
3102 2141 3303 2201 paucos
3333 2126 3534 2182 tumul-

1935 2235 2022 2282 tus
2046 2226 2162 2282 lieri
2195 2241 2300 2282 non
2331 2234 2532 2298 potest,
2561 2226 2611 2281 in
2638 2225 2902 2296 plurimos
2931 2222 3046 2278 fieri
3076 2218 3531 2291 quemadmodum

1937 2321 2154 2389 potest?
2184 2320 2252 2374 Et
2277 2321 2380 2375 alia
2407 2336 2584 2376 manu.
2619 2317 2951 2389 llecognovl.
3006 2314 3243 2370 Aurelius
3269 2314 3535 2386 episwpus

1937 2415 2185 2472 Ecclesia
2203 2413 2472 2470 catholica:
2507 2413 2660 2469 dixit.
2684 2412 2896 2470 iudica.
2932 2408 3001 2466 Et
3027 2409 3131 2464 alia
3155 2424 3332 2463 manu.
3365 2406 3540 2463 Reco-

1933 2511 2118 2582 gnovL

2007 2604 2097 2662 85.
2127 2601 2467 2658 Marcellinus
2494 2601 2572 2656 vir
2599 2600 2921 2657 clarissimus
2952 2599 3186 2655 tribunus
3217 2607 3266 2653 et
3307 2597 3538 2652 notarius

1937 2697 2087 2752 dixit.
2114 2696 2300 2752 Potest
2330 2695 2548 2768 quidem
2580 2692 2938 2751 sacerdotalis
2976 2691 3268 2748 multitudo
3294 2689 3536 2746 divinam

1934 2791 2290 2849 considerans
2326 2791 2616 2862 utrobique
2657 2789 3013 2855 sententiam,
3044 2787 3206 2842 etiam
3250 2785 3304 2840 in
3347 2786 3537 2856 quavis

1936 2883 2306 2957 popttlosltate
2350 2893 2614 2956 praestare
2651 2882 2960 2947 silentium,
3012 2879 3109 2935 sed
3152 2877 3284 2933 illud
3329 2884 3537 2940 certum

1936 2990 2050 3048 est,
2080 2987 2136 3036 et
2180 2979 2382 3050 ambigi
2429 2977 2738 3033 nullatenus
2768 2982 2983 3048 potest,
3017 2972 3343 3046 paucitatem
3367 2970 3539 3041 magis

1937 3074 2156 3131 silentio
2184 3087 2345 3144 posse
2383 3073 2631 3149 prtebere
2669 3083 3018 3126 consensum.
3053 3066 3210 3124 Unde
3240 3080 3310 3122 ne
3348 3079 3540 3136 super-

1937 3167 2060 3222 ﬁuis
2116 3167 2492 3229 immorcmur,
2526 3165 2570 3219 si
2622 3163 2690 3219 de
2720 3160 3215 3232 subscriptionibus
3237 3158 3415 3230 aliqua
3456 3164 3541 3213 est

227 3262 356 3318 talis
380 3259 631 3316 omnibus
678 3257 1011 3324 "ominibus.
1061 3255 1128 3311 de
1160 3271 1268 3326 (Ιυο
1296 3253 1582 3320 ἀιιδὶιαην,
1625 3253 1830 3307 veniat
1859 3249 1905 3312 C
1938 3261 2237 3328 dubitatio,
2291 3275 2384 3316 eos
2425 3272 2559 3329 quos
2602 3272 2703 3313 nec
2741 3261 3040 3327 praesentes
3089 3267 3245 3318 esse,
3273 3265 3374 3305 nec
3411 3249 3539 3304 sub-

233 3351 304 3406 Et
342 3353 448 3407 alia
469 3368 645 3407 manu.
677 3350 1002 3422 Recognovi.

305 3443 396 3500 79.
431 3441 771 3502 Marcellinus
809 3443 885 3497 uir
911 3439 1228 3500 clarissimus
1259 3440 1490 3495 tribunus
1515 3447 1561 3493 et
1605 3439 1835 3494 notarius

230 3538 384 3592 dixit.
416 3535 714 3607 Accepistis
754 3534 1143 3607 professionem
1188 3531 1356 3604 partis
1395 3531 1656 3588 adversae.
1701 3532 1833 3600 Quae

231 3637 550 3698 competunt
574 3669 590 3694 ,
622 3637 964 3700 peraguntur.

307 3722 400 3778 80.
434 3720 695 3776 Emeritus
736 3719 1002 3792 episcOpus
1034 3717 1186 3782 dixit.
1230 3716 1493 3773 Patientia
1539 3713 1835 3776 nobilitatis

233 3823 340 3868 tuac
366 3814 726 3884 intimumque
757 3821 1027 3874 secretum
1048 3853 1062 3875 ,
1086 3809 1229 3884 quod
1261 3811 1510 3866 omnibus
1541 3818 1832 3878 monstras,

232 3915 558 3976 cunctorum,
585 3904 755 3959 oculis
781 3904 987 3976 patuit,
1018 3913 1175 3960 teneo
1201 3903 1386 3974 judicii
1416 3903 1492 3958 tui
1525 3902 1684 3958 (idem
1710 3943 1725 3969 ,
1756 3910 1837 3958 te-

235 4012 344 4052 neo
391 3996 778 4058 testimonium.
824 3995 970 4060 Pene
999 3996 1106 4066 iam
1133 4005 1352 4067 peracto
1406 3996 1539 4051 solis
1564 3995 1837 4050 curriculo

235 4098 386 4143 totus
409 4097 491 4143 est
519 4095 825 4144 transactus
850 4087 995 4154 dies,
1023 4097 1078 4152 et
1107 4087 1288 4146 nullus
1313 4085 1490 4144 adhuc
1518 4095 1740 4143 exortus
1765 4097 1838 4141 tu-

235 4180 444 4238 multus
465 4222 478 4245 ,
505 4195 624 4236 cum
649 4189 792 4236 tanta
834 4179 1175 4236 sacerdotum
1204 4180 1300 4236 Dei
1341 4179 1629 4236 multitudo
1657 4179 1838 4236 consi-

235 4281 366 4329 stat.
400 4274 530 4344 Quis
551 4272 694 4332 cnim
718 4282 915 4344 praeter
947 4287 1042 4335 eos
1075 4287 1213 4343 quos
1237 4271 1428 4343 judicii
1453 4272 1653 4328 veritas
1681 4271 1838 4328 ades-

236 4381 300 4422 se
348 4366 634 4436 prmcepit;
684 4366 772 4422 vel
804 4365 1081 4421 mutiendo
1112 4367 1253 4421 inter
1301 4380 1378 4432 se,
1410 4366 1498 4420 vel
1540 4366 1701 4421 balbo
1724 4381 1840 4421 ser.-

238 4472 402 4528 mone
451 4457 773 4527 respondit?
797 4457 985 4526 Tacito
1037 4456 1239 4528 lingua:
1276 4457 1495 4515 silentio
1522 4465 1840 4527 exspectant

237 4551 464 4608 veridici
489 4552 780 4622 cognitoris
810 4551 1074 4622 integram
1097 4565 1454 4621 severantque
1475 4549 1835 4618 sententiam,

1937 3355 2179 3411 scribere
2208 3341 2452 3424 potuisse
2479 3351 2654 3408 credit
2683 3349 2942 3406 sanctitas
2980 3353 3159 3401 vestra
3182 3386 3196 3412 ,
3229 3343 3420 3406 faciam
3470 3341 3538 3397 ad

1930 3449 2193 3521 judicium
2221 3461 2350 3502 mox
2374 3445 2580 3511 venire,
2607 3453 2662 3498 ut
2683 3442 2900 3497 tandem
2929 3437 3220 3510 aliquando
3247 3435 3540 3500 conﬁrma-

1938 3542 2006 3596 tis
2033 3539 2332 3596 secundum
2364 3536 2642 3608 imperiale
2665 3541 2998 3606 praeceptum
3032 3547 3100 3586 ex
3128 3539 3356 3604 utraque
3384 3536 3538 3600 parte

1936 3633 2215 3704 personis,
2241 3630 2307 3685 ad
2337 3627 2534 3700 negotii
2569 3627 2758 3682 merita
2791 3625 3057 3680 veniatur.

2009 3725 2100 3782 86.
2134 3719 2395 3778 Emeritus
2415 3720 2684 3795 episwpus
2706 3717 2858 3772 dixit.
2894 3715 2969 3771 Ex
2995 3730 3100 3770 una
3126 3721 3277 3786 parte
3303 3711 3535 3767 diversae

1937 3816 2223 3874 sententia:
2253 3813 2589 3871 concordare
2615 3812 2836 3867 debent.
2860 3809 2969 3864 Aut
2989 3808 3132 3863 enim
3157 3807 3244 3862 bic
3270 3820 3390 3861 esse
3411 3819 3539 3859 suos

1937 3909 2155 3976 dicunt,
2203 3917 2259 3964 et
2301 3905 2493 3962 adesse
2541 3903 2852 3969 debebunt;
2901 3911 2994 3956 aut
3029 3901 3076 3955 si
3125 3899 3378 3954 absentes
3416 3911 3538 3966 esse

1939 4003 2288 4074 profitentur,
2345 3999 2526 4055 videat
2555 3998 2806 4055 nobilitas
2848 4005 2935 4050 tua
2966 3993 3093 4066 quid
3122 3993 3190 4049 de
3217 3989 3536 4058 absentibus

1939 4093 2136 4153 debeat
2174 4093 2438 4164 judicare.
2493 4088 2562 4146 Et
2604 4090 2709 4146 alia
2737 4105 2913 4144 manu.
2945 4085 3220 4159 Emeritus
3246 4084 3534 4155 episcopus

1939 4189 2252 4261 recognovi.

2011 4283 2102 4340 87.
2136 4281 2478 4338 Marcellinus
2506 4283 2584 4337 vir
2613 4280 2933 4346 clarissimus
2965 4278 3194 4332 tribunus
3230 4283 3276 4338 et
3304 4274 3539 4330 notarius

1941 4375 2094 4431 dixit.
2146 4375 2301 4444 Quod
2356 4383 2652 4446 praesentes
2696 4370 3052 4443 praesentibus
3101 4367 3536 4432 mandaverunt,

1942 4467 2320 4537 prosecutione
2371 4463 2784 4536 Spectabilitatis
2810 4469 3009 4516 vestrae
3051 4468 3270 4514 tenetur
3315 4473 3542 4530 expres-

1941 4575 2060 4616 sum
2079 4601 2094 4625 ,
2136 4573 2202 4614 eo
2245 4557 2386 4629 quod
2409 4547 2604 4612 omnes
2630 4556 2721 4626 qui
2743 4554 3180 4624 subscripserunt
3199 4592 3214 4616 ,
3245 4565 3274 4604 a
3303 4550 3459 4606 vobis
3487 4556 3545 4605 et

235 4654 294 4704 ct
321 4646 650 4718 acclinibus.
691 4655 747 4712 ut
771 4646 901 4712 diti!
921 4686 936 4712 ρ
985 4660 1124 4717 pelle
1151 4644 1452 4702 cel‘ViCiblIS
1472 4685 1488 4712 ν
1522 4645 1575 4700 in
1608 4645 1836 4716 teipsum
1864 4652 1920 4714 D
1944 4665 1974 4706 a
2007 4650 2206 4706 vestris
2244 4648 2499 4704 omnibus
2530 4647 2685 4702 facile
2713 4645 2925 4716 possint
2949 4643 3191 4714 agnosci.
3239 4640 3394 4699 Unde
3418 4656 3540 4696 cum

234 4749 356 4796 toto
377 4755 472 4794 ore
494 4739 794 4810 pendentes
815 4781 829 4806 ,
853 4739 978 4810 quid
1007 4739 1075 4794 de
1114 4739 1209 4810 Dei
1240 4754 1407 4804 causa
1451 4739 1663 4809 judices
1689 4740 1840 4796 solli-

235 4832 346 4888 cite
390 4831 679 4892 rimantur.
711 4830 898 4900 Nullus
938 4831 1226 4902 strepitus,
1270 4845 1451 4890 sermo
1491 4832 1704 4898 nullus,
1731 4831 1840 4887 imo

235 4925 305 4980 ad
338 4924 505 4982 Deum
549 4925 805 4982 continua
834 4926 1042 4992 oratio,
1071 4934 1125 4982 et
1153 4925 1220 4990 ad
1247 4927 1442 4982 coelum
1475 4927 1681 4996 privata
1711 4943 1835 4981 vox.

238 5015 400 5090 Unde
457 5017 543 5073 hic
587 5017 847 5074 tumultus
876 5017 1126 5089 publicus
1159 5017 1227 5080 de
1257 5019 1480 5089 privatis
1499 5019 1843 5075 scurrilibus-

235 5123 346 5181 que
367 5108 746 5178 sermonibus,
777 5109 972 5180 quibus
1020 5118 1112 5166 aut
1139 5108 1295 5170 facile
1329 5119 1571 5180 strepere
1593 5153 1608 5178 ,
1639 5120 1732 5167 aut
1772 5127 1838 5168 ex

237 5200 362 5273 ipso
401 5216 500 5256 usu
531 5203 653 5254 rixa
707 5201 1019 5270 quotidiana
1065 5209 1246 5258 melus
1277 5201 1603 5271 iudiciorum
1633 5218 1740 5258 non
1774 5204 1843 5258 ti-

237 5309 429 5360 mens,
480 5293 657 5365 possit
682 5293 1087 5366 exurgere?Ad
1140 5295 1242 5352 hoc
1275 5295 1367 5352 Dei
1403 5294 1716 5353 sacerdotes
1765 5305 1843 5354 tot

238 5392 542 5461 antistites,
568 5392 764 5447 animae
794 5406 907 5447 sua:
929 5405 1148 5447 causam
1178 5399 1233 5447 et
1257 5391 1380 5462 ﬁdei
1411 5408 1524 5449 suae
1575 5396 1840 5451 rationem

238 5486 432 5556 audire
461 5485 740 5557 cupientes
763 5527 778 5552 ,
807 5486 1037 5542 tumultu
1065 5487 1342 5556 superﬂuo
1367 5495 1421 5543 et
1451 5487 1682 5558 quadam
1724 5490 1838 5545 rixa

243 5577 562 5644 turbantes,
592 5577 658 5634 ad
680 5577 867 5648 judicii
904 5579 1184 5636 veritatem
1211 5579 1459 5635 nolentes
1487 5579 1844 5652 descendere,

237 5678 490 5742 quarunt
520 5669 818 5728 immissam
849 5671 1120 5730 actionem
1167 5670 1481 5741 turpissime
1501 5673 1840 5743 perturbare.

239 5762 313 5821 Et
341 5764 447 5819 alia
474 5780 650 5819 manu.
683 5765 958 5820 Emeritos
984 5763 1276 5835 episcopus
1302 5766 1614 5838 recognovi.

1943 4742 2372 4814 subscriptiones
2397 4755 2493 4812 per
2521 4739 2767 4795 ordinem
2798 4737 2999 4795 iuerint
3023 4736 3265 4793 recitatae
3290 4778 3304 4804 ,
3336 4735 3404 4789 de
3435 4749 3542 4806 quo

1943 4837 2239 4901 dubitatur,
2268 4834 2466 4906 poterit
2488 4849 2612 4889 mox
2640 4832 2844 4888 venire.

2014 4929 2104 4984 88.
2139 4928 2435 4983 Adeodalus
2463 4927 2732 4999 episcopus
2757 4925 2906 4980 dixit.
2937 4923 3120 4980 Αἰγενο
3157 4917 3539 4992 compendium

1944 5022 2177 5078 diversae
2203 5021 2373 5092 parti,
2402 5036 2471 5076 ne
2503 5020 2766 5076 tumultus
2796 5033 2956 5093 posse
3001 5017 3114 5074 fieri
3140 5017 3386 5096 utrisque
3414 5031 3540 5086 par-

1943 5117 2086 5173 tibus
2129 5116 2488 5186 praasentibus
2539 5124 2748 5187 putent.
2799 5113 2858 5169 ltt
2890 5129 3001 5169 uno
3054 5112 3179 5167 loco
3231 5107 3542 5182 coepiscopi

1945 5210 2117 5266 nostri
2173 5211 2508 5278 consistant,
2553 5208 2619 5264 ad
2670 5210 2904 5264 alterum
2936 5210 3063 5263 item
3102 5206 3278 5282 locum
3311 5218 3438 5257 suos
3465 5205 3544 5254 lu-

1948 5304 2098 5359 ciant
2155 5304 2362 5361 venire.
2426 5303 2493 5359 Et
2537 5319 2660 5359 cum
2692 5303 2911 5359 recitata
2941 5301 3142 5357 fuerint
3193 5309 3546 5368 qtthIttttqtte

1945 5396 2099 5464 loca,
2139 5396 2250 5452 bini
2293 5396 2602 5464 mittantur,
2653 5410 2761 5466 quo
2811 5393 2982 5465 possit
3034 5391 3213 5446 omnis
3257 5387 3537 5454 causatio,

1947 5491 2128 5545 omnis
2150 5490 2410 5546 tumultus
2451 5489 2740 5562 amputari.
2773 5487 2841 5541 Et
2867 5487 2974 5542 alia
3019 5499 3195 5538 manu.
3229 5481 3544 5552 Adcodatus

1947 5586 2237 5657 episcopus
2265 5587 2577 5655 recognovi.

2021 5678 2112 5734 89.
2147 5678 2367 5750 Alypius
2394 5678 2666 5748 episcopus
2698 5672 2943 5744 Ecclesia:
2968 5671 3236 5727 catholica:
3256 5668 3408 5724 dixit.
3435 5665 3543 5722 No-

1947 5786 2013 5826 va
2042 5787 2130 5852 res
2150 5788 2293 5851 nunc
2322 5789 2352 5832 a
2375 5772 2590 5860 diversa
2617 5780 2770 5844 parte
2795 5767 3083 5862 flagitptur.
3116 5763 3250 5846 ﬁam
3291 5776 3390 5818 nos
3411 5761 3554 5820 obe-.

299 5857 410 5932 ,ει
435 5857 760 5934 Augustinus
799 5859 1068 5936 episcopus
1099 5857 1345 5946 Ecclesite
1384 5860 1651 5929 catholica:
1689 5861 1842 5929 dixit.
1917 5846 2503 5937 'tlienteshedictalibus
2537 5846 2827 5958 praeceptis
2840 5846 2958 5956 ,‘iot
2984 5861 3230 5958 venimus
3261 5867 3392 5934 quat
3421 5854 3544 5919 lues
