3972 6328
502 297 643 353 1279

1473 291 1704 350 GESTA
1741 291 2194 351 COLLATIONIS
2229 293 2857 357 CARTHAGINENSIS.

3593 312 3694 368 12⁵0

501 421 626 470 rant
651 410 830 468 edicto
854 407 1082 466 definiti.
1109 408 1219 466 Sed
1248 408 1374 480 quia
1425 417 1481 466 et
1507 409 1614 466 hoc
1641 424 1750 466 non
1779 421 1866 466 est
1900 425 2099 481 negan-
2124 410 2179 473 Α
2202 412 2429 483 singulis
2467 416 2890 488 subscriptiones
2927 419 3158 492 propriae
3194 421 3495 496 relegantur,
3521 438 3572 486 ιιι
3591 435 3700 503 agai-

504 507 633 564 dum
662 503 1013 563 sollicitudini
1042 504 1390 575 praesentium
1409 545 1425 569 ,
1468 518 1797 576 quamquam
1824 504 1892 560 de
1914 518 2102 560 nume-

503 615 568 658 ro
591 612 837 670 qumrere
870 610 978 652 non
1008 595 1078 652 sit
1099 606 1303 652 nostra:
1331 597 1617 666 praesentis
1644 595 1894 663 actionis,
1921 604 2101 650 tamen

505 694 599 766 qui
629 692 792 749 modo
820 699 1118 764 praesentes
1146 690 1341 748 fratres
1363 692 1534 747 nostri
1550 692 1774 762 reperiri
1791 699 2102 762 potuerunt,

501 786 636 857 juhe
665 794 723 841 ut
749 783 1156 856 ingrediantur;
1185 783 1229 839 si
1261 783 1350 854 qui
1402 782 1537 839 forte
1573 784 1829 840 absentes
1867 782 2066 838 fuerint
2087 823 2102 848 ,

508 881 747 938 crastino
794 894 986 936 eorum
1012 878 1312 949 praesentire
1336 877 1441 933 tuis
1459 877 1621 932 etiam
1652 877 1928 934 obtutibus
1950 891 2105 932 mon-

505 972 843 1035 8trahuntur,
869 971 996 1026 dum
1028 978 1212 1025 tamen
1243 985 1312 1026 ne
1341 969 1450 1024 ulla
1480 969 1669 1024 dilatio
1707 984 1886 1024 causae
1915 983 2104 1024 nasca—

513 1075 626 1135 tur,
658 1067 801 1122 sicut
841 1081 943 1122 nos
981 1065 1118 1122 certi
1164 1079 1392 1120 numero
1423 1063 1680 1119 adsumus
1706 1063 1863 1120 electi
1885 1063 1955 1119 ab
1984 1063 2106 1118 uni-

508 1161 709 1216 versali
739 1159 1011 1215 catholico
1032 1158 1265 1214 concilio
1284 1200 1300 1224 ,
1329 1157 1491 1212 etiam
1523 1156 1624 1227 ipsi
1654 1155 1721 1211 ad
1748 1154 2104 1211 asserendum

509 1251 811 1310 confirmati
850 1251 964 1322 jam
1009 1250 1310 1320 suscipiant
1349 1263 1567 1304 omnem
1590 1248 1856 1304 sarcinam
1888 1263 2102 1315 causae,

507 1353 570 1400 ut
589 1345 733 1400 nulla
749 1343 937 1399 dilatio
960 1343 1245 1416 quaastioni
1268 1342 1438 1414 possit
1465 1341 1687 1413 opponi.
1705 1340 1774 1396 Et
1795 1341 1900 1396 alia
1923 1357 2103 1396 manu.

513 1438 844 1512 Rccognovi.

533 1605 537 1609 Δ
584 1534 674 1590 90.
718 1532 1013 1588 Adeadatus
1041 1533 1311 1604 episcopus
1333 1531 1482 1586 dixit.
1516 1529 1756 1600 Pracipe
1776 1529 1932 1585 nobis
1959 1541 2111 1583 man-

511 1631 694 1687 datum
717 1628 1210 1703 meorumdem
1251 1625 1467 1683 ostendi
1515 1625 1610 1681 ubi
1647 1625 2107 1696 subscripserunt,

513 1722 656 1796 quod
681 1737 824 1778 nunc
853 1721 1052 1778 lectum
1079 1729 1163 1776 cst
1184 1720 1253 1776 ab
1282 1719 1485 1776 officio.
1512 1716 1582 1773 Et
1610 1717 1715 1773 alia
1735 1733 1910 1772 manu.
1933 1715 2115 1773 Adeo-

514 1814 674 1870 datus
713 1813 1001 1885 episcopus
1028 1813 1340 1884 recognovi.

586 1907 677 1963 91.
713 1905 1049 1961 Marcellinus
1080 1907 1156 1960 vir
1190 1905 1508 1960 clarissimus
1535 1903 1768 1959 tribunus
1797 1910 1844 1959 et
1880 1903 2111 1958 notarius

513 2002 664 2056 dixit.
696 1999 1008 2055 Mandatum
1039 1998 1185 2070 quod
1211 2013 1354 2054 nunc
1377 1998 1444 2053 ab
1467 1996 1648 2054 ofﬁcio
1682 1997 1969 2052 recitatum
1997 2005 2110 2063 est,

517 2095 572 2150 in
615 2110 724 2166 quo
771 2096 1014 2148 omnium
1054 2093 1484 2164 subscriptiones
1522 2091 1890 2158 continentur,
1928 2101 2114 2163 postu-

516 2187 757 2244 lantibus
776 2187 1113 2244 ostendatur.

589 2282 678 2336 92.
717 2281 1008 2336 Petilianus
1031 2282 1300 2354 episcOpus
1331 2281 1484 2336 dixit.
1517 2279 1762 2352 Magnam
1793 2279 1950 2336 nobis
1969 2279 2116 2338 solli-

516 2373 810 2429 citudinem
867 2374 994 2429 facit
1039 2373 1142 2430 ista
1173 2376 1446 2430 varietas:
1489 2383 1584 2428 aut
1631 2372 1792 2429 hodie
1816 2388 2115 2444 represen-

518 2475 930 2522 tentnnmcrum
954 2481 1140 2523 eorum
1162 2481 1297 2538 quos
1323 2466 1425 2522 sibi
1451 2467 1638 2523 dicunt
1661 2466 1946 2523 mandasse
1971 2466 2115 2537 quod

518 2567 715 2628 agant,
752 2567 844 2614 aut
865 2559 964 2629 ipsi
1014 2573 1233 2614 causam
1263 2559 1316 2615 in
1337 2559 1638 2616 crastinum
1669 2558 2018 2616 distulerunt.
2053 2559 2118 2615 Et

517 2649 624 2705 alia
647 2667 822 2706 manu.
857 2650 1150 2707 Petilianus
1172 2651 1465 2722 episcopus
1489 2651 1800 2721 recognovi.

592 2743 684 2800 93.
714 2744 933 2816 Alypius
959 2743 1230 2816 episcOpus
1261 2743 1507 2798 Ecclesia:
1531 2743 1797 2798 catholica:
1817 2742 1968 2797 dixit.
2000 2741 2116 2796 Non

517 2843 602 2889 est
629 2833 792 2890 dilata
839 2849 1032 2900 causa;
1079 2834 1242 2890 hodie
1271 2836 1478 2905 agenda
1529 2844 1632 2889 est.
1668 2833 1737 2887 Et
1778 2836 1883 2888 alia
1935 2851 2115 2888 manu.

517 2927 851 2997 Recognovi.
886 2928 1202 3000 Augustinus
1255 2928 1522 2998 episwpus
1554 2927 1708 2980 dixit.
1761 2925 2117 2999 (Mandatum)

516 3023 653 3074 actis
680 3019 961 3085 offeratur,
983 3020 1052 3076 ab
1081 3019 1262 3075 officio
1300 3019 1581 3075 oll'eratur.

591 3114 680 3170 91.
707 3113 1000 3169 Adeodatus
1029 3115 1300 3186 episcOpus
1332 3115 1485 3170 dixit.
1517 3115 1628 3170 Hoc
1657 3117 2117 3187 exspectavimus,

2206 505 2276 561 tis
2299 507 2492 564 iisdem
2519 509 2671 564 exire
2701 509 3006 582 dignentur.

2276 601 2366 657 99.
2401 601 2664 659 Martialis
2690 615 2924 676 exceptor
2952 624 3015 662 ex
3058 612 3292 667 ntandato
3333 614 3551 670 recitavit.
3578 620 3701 677 Aure-

2208 692 2316 750 lius
2373 696 2661 766 episcopus
2713 697 2969 754 Ecclesize
3018 701 3289 758 catholica:
3336 703 3698 779 Carthagiuensis

2206 786 2518 860 Carthagini
2546 791 2875 848 constitutus
2893 835 2906 858 ,
2937 804 3202 863 praesente
3226 797 3340 852 viro
3369 799 3624 856 clarissimo
3641 806 3704 860 tri-

2207 879 2353 934 hunc
2383 891 2435 936 et
2466 883 2680 938 notario
2724 884 3039 941 Marcellino
3061 927 3076 952 ,
3107 886 3209 943 hoc
3235 889 3522 946 mandatum
3549 898 3704 967 suscepi

2207 983 2262 1026 et
2293 973 2605 1044 subscripsi.
2647 975 2758 1031 Hoc
2787 979 2937 1032 modo
2960 995 3133 1036 omnes
3161 983 3337 1053 reliqui
3362 985 3705 1056 subscripserunt.

2216 1064 2344 1120 Item
2372 1067 2624 1122 recitavit.
2655 1068 2904 1125 Silvanus
2931 1070 3216 1144 episcopus
3243 1074 3552 1131 Sumtnensis
3577 1077 3710 1136 Eccle-

2208 1158 2303 1213 sia:
2345 1145 2650 1216 callio‘licm.
2702 1160 2851 1215 Idem
2880 1163 3028 1218 dixit.
3054 1164 3259 1221 Prmsto
3293 1182 3425 1222 sum.
3453 1169 3711 1228 Marcellinus

2207 1249 2284 1304 uir
2308 1251 2623 1308 clarissimus
2652 1253 2886 1309 tribunus
2913 1265 2959 1310 et
2984 1258 3213 1312 notarius
3247 1259 3392 1314 dixit.
3417 1260 3628 1316 Silvanus
3650 1265 3710 1334 qui

2210 1359 2318 1400 non
2350 1347 2590 1416 suscepit
2614 1347 2957 1404 collationem
2979 1361 3153 1406 exeat.
3185 1349 3298 1416 Quo
3325 1369 3510 1421 egresso
3533 1355 3637 1409 idem
3659 1373 3714 1410 re-

2209 1438 2399 1493 citavit.
2415 1437 2734 1494 Valentinus
2746 1441 3034 1512 episcopus
3048 1442 3306 1499 Ecclesia:
3327 1444 3604 1502 Vaianensis
3619 1448 3715 1519 (ll).

2214 1527 2359 1584 Idem
2383 1529 2536 1585 dixit.
2571 1530 2778 1587 Praesto
2805 1547 2948 1588 sum.

2285 1620 2409 1678 100.
2463 1623 2683 1694 Alypius
2734 1625 3002 1695 episcopus
3051 1624 3299 1681 Ecclesia:
3345 1629 3583 1686 catholica:
3610 1630 3718 1686 dixit.

2213 1712 2586 1770 Reddiderunt
2612 1729 2709 1770 nos
2736 1716 3003 1771 sollicitos
3024 1758 3039 1784 ,
3071 1717 3400 1788 diligentiam
3428 1721 3565 1774 nobis
3590 1722 3723 1789 primi-

2143 1807 2192 1867 B
2221 1814 2306 1861 Ius
2351 1805 2452 1875 ipsi
2492 1807 2835 1864 incusserunt
2863 1827 2876 1862 :
2921 1810 3195 1880 quomodo
3227 1813 3548 1866 nominantur
3567 1816 3722 1882 nostri,

2215 1897 2294 1952 sic
2340 1899 2502 1953 etiam
2555 1898 2624 1954 de
2678 1901 2916 1970 ipsorum
2969 1896 3198 1958 numero
3245 1904 3551 1960 dubitamus.
3580 1907 3633 1960 Et
3653 1909 3727 1960 alia

2216 2007 2393 2047 manu.
2420 1991 2749 2064 Recognovi.

2291 2085 2412 2140 101.
2447 2085 2782 2142 Marcellinus
2811 2087 2888 2142 vir
2917 2089 3234 2146 clarissimus
3257 2092 3480 2147 tribunus
3500 2104 3538 2146 et
3557 2096 3728 2148 notarius

2222 2177 2370 2232 dixit.
2407 2177 2483 2232 Ita
2515 2179 2606 2234 flet
2628 2221 2642 2246 ,
2670 2182 2941 2236 consentit
2985 2191 3163 2238 tamen
3195 2198 3325 2255 pars
3363 2184 3584 2250 diversa,
3617 2195 3663 2240 ut
3683 2187 3730 2241 si-

2220 2268 2330 2323 mul
2359 2269 2522 2340 agniti
2549 2280 2766 2326 exeant.

2295 2358 2421 2419 102.
2449 2364 2689 2420 Aurelius
2731 2368 2998 2440 episcopus
3044 2367 3298 2426 Ecclesia:
3347 2371 3586 2426 catholica:
3624 2372 3732 2425 dixit.

2223 2455 2328 2514 Sed
2355 2457 2534 2528 primo
2561 2458 2820 2516 mandare
2845 2460 3045 2516 habent
3083 2475 3138 2518 et
3163 2463 3302 2534 ipsi,
3334 2473 3393 2520 ut
3415 2476 3634 2536 appareat
3649 2465 3734 2536 quia

2222 2549 2309 2606 hic
2334 2560 2478 2607 sunt.
2512 2550 2578 2606 Et
2607 2553 2712 2606 alia
2741 2570 2917 2610 manu.
2951 2555 3290 2626 Recognovi.

2295 2644 2417 2700 105.
2454 2644 2791 2702 Marcellinus
2814 2649 2891 2702 uir
2913 2649 3236 2707 clarissimus
3259 2653 3486 2708 tribunus
3503 2663 3544 2707 et
3566 2656 3737 2706 notarius

2223 2736 2373 2791 dixit.
2400 2737 2542 2807 Ergo
2560 2737 2736 2807 placet
2762 2740 3036 2795 sanctitati
3065 2752 3286 2812 vestrae,
3313 2753 3370 2798 ut
3395 2753 3509 2814 post
3527 2742 3738 2813 impletum

2223 2828 2534 2884 mandatum
2559 2873 2574 2896 ,
2603 2840 2832 2897 exeant,
2859 2834 3023 2887 etiam
3060 2834 3234 2903 partis
3266 2844 3456 2892 vestra:
3478 2833 3740 2890 venerabiles

2223 2923 2324 2978 viri
2350 2925 2591 2994 episcopi
2618 2967 2632 2990 ,
2665 2935 2720 2981 et
2747 2926 2890 2981 inter
2924 2941 3124 2997 paucos
3146 2944 3313 2985 causa
3335 2937 3610 3001 peragatur,
3633 2935 3675 2982 et
3695 2924 3740 2980 ad

2223 3015 2365 3086 quod
2395 3017 2679 3087 quaesitum
2703 3026 2786 3072 est
2812 3018 3142 3089 respondere
3169 3020 3488 3091 dignemini.

2299 3108 2423 3164 104.
2481 3107 2782 3163 Primianus
2809 3111 3076 3182 episcOpus
3102 3111 3358 3168 Ecclesia:
3402 3109 3745 3182 Carthaginensis

519 3205 623 3262 hoc
652 3205 1112 3274 desideravimus,
1145 3217 1205 3262 nt
1233 3207 1422 3263 eadem
1447 3217 1600 3279 gesta
1624 3208 1820 3278 quibus
1845 3209 2117 3280 subscrip-
2145 3201 2190 3264 C
2223 3201 2370 3257 dixit.
2402 3201 2538 3257 Cum
2567 3211 2621 3258 et
2645 3218 2745 3257 nos
2772 3204 2913 3274 apud
2942 3215 3060 3261 acta
3104 3207 3536 3262 mandaverituus
3573 3220 3747 3275 prasen-

519 3311 704 3354 serunt
751 3301 806 3354 in
849 3301 1260 3372 praesentiarum
1307 3302 1417 3357 sint
1468 3302 1644 3358 donec
1665 3301 2008 3358 mandatores
2031 3319 2120 3357 vc-

520 3390 688 3446 niant.
714 3390 782 3445 Et
811 3393 916 3446 alia
942 3409 1120 3448 manu.
1147 3393 1465 3450 Adeodatus
1491 3395 1778 3465 cpisc0pus
1806 3397 2120 3466 recognovi.

592 3482 682 3537 95.
729 3483 1063 3540 Marcellinus
1088 3485 1165 3540 uir
1193 3487 1515 3541 clarissimus
1538 3485 1774 3541 tribunus
1803 3497 1850 3542 et
1891 3488 2124 3541 notarius

519 3577 674 3630 dixit.
711 3578 823 3632 lloc
849 3593 1075 3635 necesse
1105 3588 1189 3636 est
1220 3587 1281 3634 ut
1331 3581 1425 3634 fiat
1450 3579 1556 3644 ita,
1586 3588 1644 3634 ut
1669 3578 1714 3634 si
1741 3578 2126 3635 sollicitudinis

521 3669 724 3738 aliquid
751 3670 969 3740 geritis,
997 3687 1027 3726 a
1051 3672 1206 3728 vobis
1228 3672 1509 3744 obsignata
1538 3682 1847 3729 serventur.

595 3762 685 3820 96.
747 3763 1036 3818 Petilianus
1079 3767 1348 3836 episcOpus
1402 3766 1555 3822 dixit.
1586 3765 1804 3823 Illorum
1835 3769 2124 3836 praesentia

526 3858 685 3913 nobis
713 3857 1024 3913 necessaria
1053 3868 1170 3928 est,
1212 3875 1318 3915 non
1347 3862 1683 3918 mandatum.
1714 3861 1783 3916 Et
1809 3863 1916 3917 alia
1943 3880 2122 3918 manu.

524 3948 826 4005 Petilianus
849 3949 1136 4021 episcopus
1161 3954 1473 4023 recognovi.

594 4042 684 4097 97.
731 4039 1140 4098 Fcrtunatianus
1180 4046 1454 4114 episcopus
1492 4045 1738 4100 Ecclesia:
1757 4046 2028 4102 catholica:
2048 4047 2127 4100 di-

521 4135 620 4188 xit.
647 4134 764 4189 Jam
809 4136 1200 4206 postulavimus
1227 4137 1424 4193 fratres
1462 4146 1518 4193 et
1561 4139 1982 4194 consacerdotes
2026 4157 2125 4195 nu-

524 4233 668 4280 stros
711 4225 998 4281 intromitti
1042 4227 1274 4291 debere.
1308 4229 1396 4299 qui
1442 4239 1742 4300 praesentes
1771 4231 2004 4286 inveniri
2035 4248 2130 4302 po-

528 4324 764 4372 tuerunt.
796 4317 1086 4389 Prazcipiat
1129 4320 1385 4376 nobilitas
1409 4331 1530 4388 tua,
1563 4321 1898 4393 superfluum
1928 4324 2126 4380 nodum

525 4411 796 4480 amputari
832 4411 1155 4483 quaestionis
1176 4455 1190 4481 ,
1226 4421 1286 4468 ut
1314 4413 1611 4470 intromissi
1639 4414 1832 4470 saltem
1864 4415 1947 4472 vel
1975 4416 2130 4472 obtu-

529 4501 672 4558 tibus
695 4518 885 4561 eorum
918 4504 1078 4562 fidem
1109 4505 1344 4564 debitam
1374 4505 1568 4564 ferant.
1596 4505 1665 4562 Et
1690 4508 1796 4564 alia
1824 4525 2002 4564 manu.
2031 4509 2130 4566 Re-

527 4599 780 4667 cognovi.

599 4687 689 4744 98.
728 4689 1066 4747 Marcellinus
1094 4692 1169 4746 vir
1195 4693 1516 4748 clarissimus
1560 4694 1796 4750 tribunus
1823 4705 1869 4750 et
1900 4696 2130 4751 notarius

526 4783 678 4837 dixit.
715 4783 775 4838 lli
825 4785 1165 4840 venerabiles
1195 4787 1510 4844 sacerdotes
1547 4789 1642 4858 qui
1673 4798 1973 4860 praesentes
2011 4804 2134 4846 esse

527 4875 800 4946 dicuntur,
833 4879 1021 4934 venire
1045 4877 1358 4948 dignentur.
1407 4879 1474 4933 Et
1510 4881 1751 4953 ingressis
1775 4883 2026 4954 episcOpis
2049 4900 2133 4938 ca-

531 4967 759 5024 tltolicis.

607 5057 938 5113 Marcellinus
965 5061 1041 5115 vir
1079 5062 1398 5116 clarissimus
1443 5062 1676 5118 tribunus
1716 5075 1763 5120 et
1791 5066 2025 5119 notarius
2051 5065 2133 5119 tli-

530 5150 625 5204 xit.
673 5148 727 5203 In
758 5151 903 5204 omni
962 5152 1210 5222 petitioni
1244 5164 1440 5208 vestra:
1489 5157 1829 5212 satisfactum
1878 5173 2000 5214 esse
2039 5175 2132 5214 co-

534 5259 759 5317 gnosco.
794 5243 859 5298 ls‘t
883 5245 1092 5318 adjecit.
1120 5245 1426 5302 Praesentes
1457 5259 1581 5303 sunt
1624 5251 1862 5322 episcopi
1890 5265 2026 5324 quos
2054 5253 2133 5307 in-

533 5339 681 5408 gredi
728 5337 1008 5404 voluistis;
1041 5339 1130 5410 qni
1176 5339 1474 5395 secundum
1530 5343 1824 5413 imperialis
1878 5346 2131 5414 prmcepti

532 5432 764 5488 formam
791 5443 846 5489 et
875 5432 1038 5488 edicti
1067 5443 1337 5502 tenorem,
1361 5445 1570 5490 certum
1599 5451 1883 5490 numerum
1917 5435 1984 5491 ad
2014 5452 2134 5505 per-

535 5526 800 5598 agendam
839 5543 1059 5584 causam
1103 5528 1335 5599 elegisse
1364 5536 1686 5584 noscuntur.
1717 5528 1869 5584 Unde
1890 5569 1904 5596 ,
1943 5543 2011 5585 ne
2031 5543 2134 5599 qua

537 5619 766 5677 ulterius
809 5622 984 5694 possit
1038 5636 1162 5679 esse
1205 5621 1514 5692 dubitatio,
1549 5620 1634 5679 vel
1675 5622 1814 5678 forte
1852 5621 2134 5690 confusio,

2224 3304 2306 3352 tes
2331 3337 2345 3361 ,
2375 3297 2618 3362 eximus,
2647 3297 2840 3354 damus
2877 3300 3054 3355 locum
3087 3301 3368 3356 actoribus
3402 3320 3415 3355 :
3449 3301 3527 3354 hic
3551 3308 3691 3353 tamen
3711 3298 3748 3349 in

2224 3389 2472 3460 proximo
2494 3391 2719 3446 erimus.
2753 3389 2820 3445 Et
2862 3393 2966 3447 alia
2993 3408 3172 3448 manu.
3203 3393 3510 3450 Primianus
3531 3392 3750 3463 episcopus

2225 3485 2541 3553 recognovi.

2297 3576 2422 3633 105.
2453 3577 2794 3635 Marcellinus
2813 3579 2890 3634 vir
2910 3579 3233 3636 clarissimus
3262 3583 3494 3638 tribunus
3517 3592 3559 3636 et
3579 3579 3753 3634 notarius

2226 3670 2378 3726 dixit.
2412 3671 2554 3742 Ergo
2592 3681 2787 3727 vestrae
2810 3687 3024 3743 quoque
3048 3672 3677 3745 subscriptionesjudiciis
3698 3668 3755 3721 in-

2229 3763 2512 3830 timentur,
2543 3773 2603 3818 ut
2654 3765 2871 3820 illorum
2923 3780 3139 3838 quoque
3169 3766 3534 3837 professiones
3579 3777 3757 3836 prteseu-

2229 3856 2360 3912 tium
2386 3857 2752 3926 requiruntur.

2302 3949 2425 4006 106.
2458 3948 2748 4004 Petilianus
2793 3951 3063 4022 episcopus
3091 3951 3243 4006 dixit.
3284 3950 3442 4023 Apud
3472 3959 3580 4004 aeta
3621 3945 3761 4002 volunt

2230 4042 2513 4097 mandare.
2551 4042 2616 4097 Et
2643 4045 2748 4097 alia
2774 4061 2955 4099 manu.
2982 4043 3283 4099 Petilianus
3318 4043 3607 4114 recognovi.

2308 4134 2433 4190 107.
2469 4135 2808 4190 Marcellinus
2834 4137 2908 4189 uir
2935 4137 3250 4191 clarissimus
3277 4139 3509 4193 tribunus
3530 4145 3572 4191 et
3593 4131 3763 4188 notarius

2231 4227 2381 4282 dixit.
2410 4226 2565 4297 Apud
2593 4243 2714 4298 qua:
2740 4235 2860 4283 acta
2879 4229 3141 4284 sanctitas
3167 4240 3354 4284 vestra
3377 4244 3437 4286 se
3460 4225 3635 4282 asserit
3655 4235 3764 4277 man-

2230 4320 2478 4376 daturam
2499 4320 2524 4373 ‘l
3699 4309 3705 4320 ’

2305 4415 2429 4471 108.
2457 4414 2718 4470 Emeritus
2753 4415 3026 4488 episcOpus
3052 4416 3203 4472 dixit.
3231 4416 3292 4472 In
3339 4415 3538 4488 judicio
3562 4417 3768 4484 praestan-

2233 4508 2326 4562 tia:
2358 4516 2466 4563 tua:
2495 4507 2742 4562 voluntas
2764 4518 2848 4563 est
2870 4518 3054 4563 nostra
3075 4551 3089 4576 ,
3113 4509 3155 4562 si
3183 4509 3352 4578 jubes
3389 4517 3448 4563 ιιι
3469 4505 3621 4578 gestis
3638 4498 3770 4556 muni-

2151 4590 2206 4651 D
2231 4600 2498 4672 cipalibus
2531 4599 2634 4654 hoc
2666 4600 2876 4668 judicio
2907 4601 3200 4656 nobilitatis
3228 4611 3339 4657 tua:
3373 4602 3595 4658 finiatur.
3618 4591 3768 4650 Etalia

2233 4713 2414 4751 manu.
2449 4697 2724 4752 Emeritns
2751 4698 3041 4768 episcopus
3071 4700 3390 4768 recognovi.

2307 4790 2429 4846 109.
2465 4788 2802 4846 Marcellinus
2828 4791 2906 4844 vir
2927 4791 3244 4847 clarissimus
3265 4793 3505 4846 tribunus
3529 4798 3574 4843 et
3594 4781 3773 4840 notarius

2234 4882 2385 4937 dixit.
2438 4881 2574 4936 Illud
2625 4897 2768 4936 nunc
2816 4891 2930 4948 est,
2962 4883 3104 4952 quod
3147 4899 3177 4937 a
3219 4892 3412 4938 vestra
3459 4879 3708 4936 sanctitate
3726 4868 3775 4924 ad

2232 4975 2589 5046 amputandas
2621 4990 2812 5030 omnes
2839 4976 3096 5047 ambages
3144 4977 3456 5032 necessario
3503 4968 3773 5044 postulatur.

2234 5078 2292 5121 ut
2313 5066 2656 5136 apertissime
2685 5065 2980 5137 designetis
3025 5076 3203 5121 utrum
3233 5066 3392 5121 vobis
3419 5062 3630 5135 epistola
3664 5069 3778 5112 man-

2234 5159 2349 5213 dati
2377 5173 2499 5213 cum
2530 5158 3024 5228 subscriptionibus
3047 5159 3270 5214 recitata
3296 5158 3553 5222 sufficiat,
3574 5171 3635 5210 an
3655 5149 3776 5206 etiam

2236 5250 2382 5322 ipsos
2413 5251 2655 5320 quaeritis
2681 5250 2821 5322 apud
2845 5261 2962 5306 acta
2992 5251 3271 5306 mandare.

2315 5342 2436 5398 110.
2467 5340 3064 5415 Petilianus'episwpus
3112 5343 3264 5398 dixit.
3309 5343 3433 5399 Non
3465 5351 3522 5397 ut
3550 5338 3782 5411 proﬁtean-

2241 5443 2331 5490 tur
2384 5433 2630 5490 volutnns
2656 5476 2671 5500 ,
2704 5434 2798 5490 sed
2845 5445 2907 5488 ut
2961 5444 3428 5507 recngnoscantnr
3456 5451 3487 5490 a
3531 5422 3781 5494 nobis,qu

2243 5527 2531 5584 mandasse
2569 5526 2850 5582 dicuntur.
2886 5527 2956 5581 Et
2985 5528 3090 5582 alia
3111 5545 3286 5583 manu.
3318 5527 3393 5584 Ut
3421 5541 3594 5598 supra.

2321 5621 2448 5676 111.
2479 5617 2816 5675 Marcellinus
2839 5619 2918 5675 uir
2944 5603 3261 5676 clarissimus
3289 5621 3526 5676 tribunus
3549 5628 3591 5674 et
3605 5610 3786 5671 notarius

467 5807 472 5813 ’
543 5803 554 5811 ’
613 5801 737 5875 (Η)
775 5801 1080 5861 Valentinus
1141 5805 1468 5864 Vaiancnsis.
1521 5807 1730 5865 Primas
1776 5805 1874 5863 fuit
1901 5803 2190 5862 Nnmidaa'
2255 5817 2403 5862 anno
2421 5804 2550 5873 M9,
2582 5818 2692 5877 quo
2719 5803 2954 5894 concilio
2979 5802 3394 5874 Carthaginensi
3426 5792 3682 5858 interfuit.'
