3972 6328
293 351 425 406 1997

1255 352 1483 410 CESTA
1522 352 1978 412 COLLATIONIS
2012 353 2641 420 CARTHAGINENSIS.

3449 372 3592 432 1298

281 467 653 539 suprascripta:
679 468 826 523 dixit.
855 467 1297 538 Agnoscoillum.
1336 465 1464 523 Item
1486 467 1889 525 recitavit.Sex-
1917 472 1971 534 Α
1997 471 2148 526 dixit.
2185 472 2389 532 Praesto
2438 492 2578 534 sum.
2607 477 2724 537 Non
2774 480 2848 538 ibi
2897 482 3070 543 habeo
3108 496 3296 544 contra
3351 504 3440 546 me
3475 493 3591 563 epi—

283 561 430 616 tilius
456 561 743 632 episc0pus
767 561 937 632 plebis
964 560 1286 617 Assabensis
1319 560 1496 633 (144).
1539 560 1688 617 Idem
1729 561 1880 618 dixit.

279 656 490 713 Prmsto
525 673 664 712 sum.
706 656 1008 713 Marcianus
1052 659 1322 730 episcOpus
1371 657 1494 732 [loci
1519 660 1882 733 suprascripti]

1989 579 2210 622 sconum
2219 607 2232 622 .

2062 581 2082 621 α
2123 582 2232 622 um.

2062 581 2186 715 1210.
2222 659 2522 720 Primianus
2567 667 2836 738 episcopus
2880 669 3030 726 dixit.
3081 672 3376 732 Damnatus
3423 677 3590 735 estin

276 751 429 805 dixit.
473 750 721 822 Agnosco
767 751 937 806 illum.
969 751 1102 807 Item
1142 754 1390 808 recitavit.
1423 754 1726 811 Marcianus
1769 757 1884 826 epi-
1987 767 2148 809 causa
2183 755 2476 825 adulterii;
2520 768 2702 818 tamen
2757 765 2866 819 illic
2895 765 2989 820 fuit
3043 783 3213 839 usque
3258 771 3326 825 ad
3383 787 3587 828 annum

274 858 473 914 scepus
521 843 808 901 ldicrensis
863 843 1038 918 (145).
1092 843 1238 900 Idem
1289 846 1441 900 dixit.
1481 846 1689 902 Praesto
1737 861 1878 903 sum.

274 937 541 992 Martialis
567 938 836 1010 episcOpus
866 937 1018 992 dixit.
1049 935 1301 1008 Agnosco
1325 938 1500 993 illum.
1533 936 1663 992 Item
1693 939 1880 992 recita-

269 1031 361 1084 vit.
420 1027 702 1098 CriSpulus
746 1032 1036 1102 episcopus
1082 1032 1338 1087 Ecclesia:
1393 1030 1656 1086 Volitanae
1705 1031 1877 1104 (146).

272 1121 423 1178 Idem
452 1124 602 1178 dixit.
635 1123 842 1180 Praesto
863 1139 1004 1180 sum.
1025 1124 1418 1193 Quodvultdeus
1441 1127 1705 1198 episcopus
1721 1125 1874 1180 dixit.

269 1219 526 1284 Agnosco
573 1218 744 1273 illum.
796 1217 928 1274 Item
955 1221 1204 1274 recitavit.
1233 1220 1536 1276 Germanus
1590 1222 1877 1290 episcopus

267 1311 656 1382 Gypsariensis
697 1311 894 1386 (147).
926 1311 1072 1366 Idem
1096 1313 1246 1368 dixit.
1285 1315 1488 1370 Prxsto
1515 1330 1654 1369 sum.
1680 1313 1878 1369 Fiden-

267 1405 408 1458 tiuus
441 1405 714 1475 episcopus
741 1406 892 1460 dixit.
923 1405 1177 1476 Agnosco
1205 1406 1377 1462 ἰΙΙιιιιι.
1405 1405 1564 1478 [Item
1596 1406 1873 1478 recitavit.]

265 1496 510 1567 Rogatus
541 1499 827 1570 cpiscopus
857 1498 1252 1571 Gaguaritanus
1311 1500 1486 1574 (148).
1543 1499 1691 1556 Idem
1717 1502 1868 1558 dixit.

266 1589 482 1647 Praesto
536 1607 679 1656 sum,
743 1592 1001 1648 unitatem
1047 1592 1229 1649 habet.
1269 1593 1567 1649 Adeodatus
1605 1597 1874 1666 episcOpus

261 1682 419 1736 dixit.
447 1681 643 1738 Noster
663 1682 784 1751 fuit,
825 1699 856 1738 a
889 1684 1046 1740 nobis
1067 1685 1161 1741 illo
1188 1687 1420 1742 transiit.
1456 1685 1588 1742 Item
1615 1691 1868 1745 recitavit.

259 1773 575 1842 Quadratus
602 1777 887 1848 episcopus
911 1777 1082 1848 plebis
1107 1777 1382 1850 Gegitante
1406 1778 1581 1854 (149).
1617 1780 1764 1837 Idem
1789 1783 1872 1837 di-

1988 857 2338 917 prtesentem.
2371 851 2502 907 Item
2554 857 2803 910 recitavit.
2855 857 3090 916 Sabinus
3133 862 3421 933 episcopus
3445 863 3586 920 Tuc-

1983 941 2164 997 censis
2215 941 2388 1015 (i56).
2440 945 2590 1002 Idem
2638 950 2788 1004 dixit.
2849 952 3061 1008 Praesto
3098 970 3242 1011 sum.
3288 956 3585 1016 Adeodatus

1983 1034 2249 1106 episcopus
2299 1038 2451 1094 dixit.
2504 1039 2561 1094 In
2593 1041 2815 1099 dioecesi
2856 1061 2974 1101 mea
3029 1057 3114 1103 est
3163 1050 3442 1108 ordinatus
3470 1095 3484 1117 ,
3515 1071 3583 1112 ex

1983 1128 2320 1197 presbyterio
2352 1146 2474 1186 meo
2498 1141 2600 1188 est.
2623 1133 2874 1191 'Sabinus
2915 1139 3184 1209 episcopus
3219 1141 3467 1200 Ecclesite
3489 1164 3579 1202 ca-

1980 1217 2185 1274 tholica:
2211 1221 2363 1277 dixit.
2394 1223 2529 1279 Cum
2569 1241 2714 1298 saepe
2758 1219 3017 1286 aeivibus
3069 1233 3205 1289 meis
3256 1246 3470 1306 peterer
3520 1251 3582 1297 ut

1979 1325 2074 1366 eos
2105 1311 2158 1366 in
2207 1317 2645 1375 communionem
2699 1319 2962 1378 Ecclesia:
2991 1325 3276 1382 catholica:
3303 1332 3576 1402 suscepis-

1975 1420 2111 1473 sem,
2146 1420 2473 1480 rogaverunt
2497 1427 2617 1468 eam
2647 1423 2704 1470 ut
2731 1414 2812 1470 eis
2856 1417 3149 1488 episcopus
3197 1420 3439 1477 daretur.
3470 1424 3570 1478 Pe-

1977 1501 2178 1557 tierunt
2203 1519 2310 1571 me,
2361 1513 2418 1560 et
2446 1505 2726 1564 ordinalus
2778 1525 2920 1566 sum.
2970 1511 3268 1569 Adeodatus
3311 1517 3580 1590 episcopus

1975 1593 2128 1650 dixit.
2161 1595 2331 1664 Quem
2356 1597 2543 1655 habuit
2566 1600 2948 1660 decessorem?
2997 1605 3189 1662 Edicat
3224 1607 3276 1663 in
3307 1609 3462 1680 cujus
3493 1611 3576 1667 lo-

1973 1703 2094 1744 cum
2123 1691 2406 1748 successit.

2047 1783 2168 1838 151.
2203 1784 2539 1843 Marcellinus
2578 1790 2656 1843 vir
2703 1789 3023 1847 clarissimus
3060 1794 3294 1850 tribunus
3338 1807 3386 1851 et
3419 1808 3574 1853 nota-

256 1872 356 1926 xit.
403 1872 611 1928 Praesto
643 1889 784 1940 sum,
832 1890 1125 1946 numquam
1153 1876 1222 1932 ibi
1253 1877 1354 1932 fuit
1387 1879 1695 1949 episcopus.
1735 1876 1866 1933 Item
1898 1875 1945 1935 Β
1971 1879 2079 1933 rius
2110 1879 2258 1935 dixit.
2283 1879 2508 1938 Constat
2538 1899 2642 1941 non
2686 1886 2758 1941 ibi
2791 1886 2958 1944 fuisse
3002 1886 3373 1948 Catholicam?
3401 1894 3575 1950 Adeo-

254 1967 517 2021 rccitavit.
575 1965 868 2037 Gregorius
920 1968 1209 2040 episcopus
1251 1969 1614 2027 Tamallensis
1671 1970 1864 2043 (150).

255 2057 414 2114 Idem
465 2060 620 2116 dixit.
670 2061 877 2117 Praasto
936 2079 1078 2118 sum.
1128 2062 1322 2118 Lucius
1379 2065 1654 2136 episcopus
1711 2065 1863 2119 dixit.

251 2157 512 2228 Agnosco
536 2155 708 2210 illum.
745 2155 876 2212 Item
908 2159 1162 2213 recitavit.
1191 2159 1390 2215 Lucius
1410 2161 1700 2232 episcopus
1728 2159 1864 2214 civi-

248 2249 386 2304 tatis
421 2248 804 2320 Tagaratensis
851 2250 1026 2324 (151).
1079 2250 1225 2307 Idem
1265 2252 1416 2307 dixit.
1464 2253 1669 2307 Praesto
1715 2267 1857 2307 sum.

247 2342 482 2410 Quintus
504 2344 774 2414 episwpus
799 2345 949 2399 dixit.
976 2345 1226 2416 Agnosco
1251 2346 1424 2401 illum.
1447 2343 1579 2400 Item
1604 2347 1858 2400 recitavit.

247 2435 558 2491 Felicianus
587 2437 873 2507 episc0pus
902 2438 1070 2508 plebis
1099 2437 1440 2494 Cufrutensis
1469 2437 1614 2512 (152
1636 2437 1677 2512 ).
1709 2436 1859 2493 Idem

241 2529 405 2584 dixit.
434 2529 641 2585 Praesto
667 2545 809 2598 sum,
838 2532 1155 2602 epise0pum
1187 2532 1350 2588 alium
1372 2548 1481 2589 non
1505 2533 1699 2589 habeo.

319 2625 447 2683 129.
479 2625 779 2682 Primianus
806 2629 1076 2701 episcopus
1106 2630 1256 2685 dixit.
1299 2631 1393 2687 llle
1420 2630 1512 2701 qui
1567 2629 1669 2687 fuit
1703 2631 1854 2687 dam-

240 2729 408 2776 natus
437 2729 521 2775 est
557 2735 587 2775 a
630 2720 788 2775 nobis
840 2731 897 2778 et
950 2721 1019 2776 ab
1065 2722 1202 2789 illis;
1260 2739 1384 2779 cum
1443 2725 1646 2780 scirent
1699 2725 1848 2780 illum

237 2829 423 2879 reum,
453 2823 506 2869 et
530 2813 628 2884 ipsi
667 2813 1158 2882 confirmaverunt;
1217 2817 1392 2874 adhuc
1435 2818 1575 2874 alter
1616 2834 1720 2875 non
1764 2829 1847 2876 est

237 2906 546 2962 ordinatus.
573 2906 642 2961 Et
667 2907 772 2962 alia
793 2923 968 2962 manu.
1017 2908 1323 2965 Primianus
1366 2911 1652 2982 cpiscopus
1697 2926 1849 2968 reco-

235 2996 429 3068 gnovl.
463 2997 597 3053 Item
628 3002 877 3056 recitavit.
911 3002 1223 3058 Bonifacius
1244 3004 1536 3073 episcopus
1582 3003 1848 3062 Cenensis

235 3094 420 3164 (155).
453 3092 599 3149 Idem
623 3095 774 3150 dixit.
807 3095 1011 3152 Prwsto
1038 3111 1178 3152 sum.
1243 3096 1544 3152 Vindemius
1575 3099 1848 3172 episcOpus

234 3190 395 3243 dixit.
425 3191 679 3262 Agnosco
706 3191 876 3248 illum.
914 3191 1046 3246 Item
1087 3194 1342 3247 recitavit.
1369 3193 1682 3249 Adeodatus
1733 3195 1848 3265 epi-

233 3297 442 3353 scapus
477 3283 649 3353 plebis
673 3285 1008 3340 Bazaritanze
1052 3286 1228 3356 (154).
1263 3285 1411 3342 Idem
1457 3287 1609 3342 dixit.
1635 3287 1844 3344 Praesto

233 3390 385 3431 sum.
417 3375 514 3431 Est
540 3377 758 3447 quidem
789 3378 842 3433 in
873 3392 1102 3448 corpore
1132 3380 1462 3435 constitutus
1488 3378 1790 3450 Calipotius
1821 3397 1836 3448 ;

233 3469 337 3523 sed
374 3484 498 3524 eum
541 3469 751 3526 videret
780 3471 1093 3526 universum
1119 3473 1377 3543 populum
1426 3472 1492 3526 ad
1537 3473 1840 3530 Ecclesiam

232 3565 566 3620 catholicam
600 3564 768 3621 fuisse
787 3580 1107 3622 conversum
1137 3609 1151 3632 ,
1181 3566 1454 3623 discessit.
1489 3566 1619 3620 Item
1652 3569 1840 3623 recita-

233 3660 328 3715 vit.
366 3659 647 3716 Niventius
687 3661 978 3733 episcopus
1015 3660 1427 3733 Tunugabensis
1475 3659 1651 3734 (155).
1689 3661 1840 3717 Idem

234 3826 435 3882 masba.
474 3826 550 3882 Ita
581 3827 742 3882 etiam
794 3827 1102 3898 appellatur
1132 3827 1300 3883 hocce
1330 3828 1586 3898 oppidum
1626 3827 1678 3883 in
1733 3829 1847 3883 An-

236 3899 415 3954 tonini
481 3899 798 3968 ltinerario;
851 3901 902 3954 in
967 3900 1167 3956 tabulis
1216 3899 1648 3970 Pcutingerianis
1682 3941 1697 3965 ,
1750 3899 1846 3954 La-

235 3973 476 4026 masbua.

313 4041 468 4114 (144)
498 4042 818 4108 Assabensis,
843 4057 940 4100 seu
971 4045 1145 4114 potius
1169 4043 1466 4114 Assafensis
1496 4043 1548 4097 in
1575 4042 1843 4112 Sitifensi,

243 4123 306 4168 nt
335 4114 495 4169 docet
526 4116 736 4170 notitia.

313 4185 469 4256 (145)
520 4184 818 4242 Idicrensis.
869 4186 924 4240 In
971 4186 1246 4242 Numidia.
1288 4186 1425 4242 Vide
1463 4195 1643 4242 notam
1676 4186 1747 4242 49
1788 4187 1841 4243 in

237 4260 296 4314 in
336 4257 532 4312 librum
561 4275 595 4312 ιι
639 4258 840 4327 Optati,
873 4274 925 4329 p.
958 4259 1051 4313 42.

313 4329 466 4399 (Mli)
510 4329 782 4385 i"olitautc.
809 4331 1161 4394 Ptolemmns,
1187 4330 1327 4384 inter
1355 4330 1487 4384 alias
1525 4331 1685 4386 urbes
1709 4346 1845 4400 quas

240 4401 340 4472 lib.
363 4417 436 4466 ιν,
467 4417 588 4472 cap.
623 4405 678 4465 5,
705 4403 807 4456 sub
849 4401 1178 4469 Carthagine
1211 4401 1375 4456 fuisse
1405 4411 1837 4467 commemorat,

248 4471 350 4526 Vol
380 4471 679 4538 secundam
718 4479 988 4528 recenset.
1047 4473 1103 4526 In
1153 4472 1340 4526 notitia
1372 4473 1666 4538 provincizr
1712 4487 1841 4543 pro-

239 4546 570 4609 consularis,
600 4543 871 4599 Bolitamts
893 4545 1090 4598 dicitur
1115 4543 1231 4612 ejus
1279 4543 1588 4612 episeopus,
1613 4553 1666 4598 et
1699 4545 1839 4598 Pau-

243 4617 388 4670 linus
417 4619 466 4670 in
497 4618 600 4671 vita
651 4615 923 4671 Ambrosii
983 4615 1267 4670 Mttrantmt
1315 4615 1614 4686 episwpunt
1640 4613 1842 4668 Bolita-

237 4704 365 4742 num
412 4688 625 4782 lapdat:
651 4690 1030 4782 ltxstat‘sernio
1051 4687 1331 4782 August-ini
1388 4687 1458 4742 15
1490 4730 1502 4754 ,
1527 4687 1606 4782 l(lle
1645 4687 1840 4782 .verhis
1871 4721 1926 4782 Β

238 4759 474 4829 apostoli
506 4760 716 4814 habitus
747 4763 796 4813 in
827 4761 912 4812 die
936 4759 1096 4814 natali
1131 4757 1486 4812 Bolitanoruut
1516 4758 1846 4829 Martyrum;

237 4842 294 4882 et
342 4841 640 4885 sanrtorum
699 4831 1059 4886 Volitanorum
1102 4831 1362 4885 memoria
1429 4831 1738 4886 celebratur
1786 4830 1840 4886 in

236 4901 656 4974 Carthaginiensi
688 4903 1000 4959 calendario
1026 4902 1112 4957 die
1164 4917 1252 4956 xvt
1300 4899 1563 4956 kalendas
1606 4901 1841 4958 Novem-

238 4975 372 5028 bris.

317 5045 469 5118 (H7)
515 5045 892 5118 Cypsarieusis.
926 5044 982 5099 ln
1013 5045 1326 5101 Mauritania
1372 5045 1704 5118 Caesareensi
1732 5055 1840 5118 .iut

237 5117 418 5186 colligi
445 5116 619 5183 potest
637 5135 700 5174 ex
724 5119 1040 5181 Ptolemaeo,
1066 5117 1162 5173 lib.
1195 5134 1268 5185 tv,
1300 5132 1420 5181 cap.
1449 5117 1534 5170 14.
1563 5116 1708 5171 Attin
1737 5117 1845 5172 Ta-

240 5190 380 5243 bulis
410 5189 862 5261 Pcutingerianis,
889 5198 944 5244 et
971 5189 1024 5242 in
1054 5188 1341 5259 Anonymo
1365 5188 1676 5261 Ravennate
1699 5187 1846 5260 Cyp-

236 5259 703 5332 sariaieolloca'tur
728 5261 868 5316 inter
906 5261 1102 5332 oppida
1137 5261 1431 5330 provincia:
1457 5259 1770 5332 Byzacenaa.

317 5331 471 5400 (148)
529 5331 1032 5404 ϐαθυαήιαηαδζὴι
1083 5334 1268 5386 notitia
1329 5332 1621 5401 provincia:
1670 5331 1843 5404 Byza-

236 5419 390 5458 cenm
419 5404 616 5458 dicitur
648 5403 1049 5460 Guuvaritanus.

311 5473 506 5549 (M9)_
545 5473 1728 5549 ﬂagitante.Gegitanusuepiscopuslegitur
1780 5477 1835 5530 in

239 5547 430 5602 notitia
459 5545 796 5602 Mauritania:
823 5547 1115 5602 Sitifensis.
1145 5545 1244 5602 Hie
1282 5547 1458 5616 pouius
1483 5545 1795 5616 designatur
1817 5588 1834 5614 ,

237 5634 399 5690 quam
431 5617 698 5689 Ziggensis
720 5635 839 5687 quae
865 5620 916 5673 in
942 5619 1334 5688 proconsulari.

313 5690 466 5761 (150)
511 5689 895 5761 ίΤαηιαιιεηδίε.
931 5691 1058 5746 Ηαιε
1103 5699 1185 5745 est
1214 5690 1543 5746 Tamalluma
1585 5690 1836 5746 Maurita-

240 5765 346 5818 niae
395 5760 686 5818 Sitifensis.

253 5897 282 5958 ι.
312 5833 468 5958 (1ῗ1)
501 5832 889 5957 I‘ttgaratensis.
916 5833 970 5890 In
1003 5835 1278 5907 provincia
1311 5833 1684 5906 proconsulari
1715 5871 1731 5902 ,
1780 5843 1839 5891 ut

274 5921 371 5958 ore
420 5916 628 5958 notua.

233 5909 398 5960 tl'oret
420 5909 628 5960 notitia.

1971 1973 2125 2028 datus
2154 1976 2422 2047 epismpus
2450 1977 2601 2033 dixit.
2647 1979 2785 2035 Non.
2817 1979 2950 2036 Item
2997 1985 3248 2039 recitavit.
3295 1983 3573 2045 Marianus

1969 2067 2258 2140 episcopus
2274 2069 2807 2142 Utzipparitanorum
2823 2073 2997 2146 (157).
3019 2077 3170 2132 Idem
3192 2079 3343 2135 dixit.
3364 2080 3572 2138 Pra'sto

1967 2173 2110 2228 smn,
2140 2177 2432 2231 numquam
2466 2163 2538 2219 ibi
2581 2166 2746 2222 habui
2783 2168 2972 2222 alium.
3005 2168 3138 2224 Item
3165 2173 3420 2227 recitavit.
3459 2173 3574 2230 Vic-

1967 2257 2140 2312 torius
2179 2257 2466 2331 episcopus
2509 2260 2681 2330 plebis
2712 2262 2966 2318 Larensis
3007 2263 3180 2335 (158).
3225 2264 3376 2321 Idem
3409 2267 3564 2324 dixit.

1967 2350 2172 2407 Praesto
2211 2365 2355 2407 sum.
2430 2351 2734 2411 Honoratus
2780 2357 3056 2428 episcopus
3112 2359 3262 2415 dixit.
3318 2360 3568 2434 Agnosco

1963 2441 2132 2498 illum.

2034 2533 2159 2589 £52.
2193 2534 2412 2591 Hilarus
2448 2550 2688 2609 exceptor
2709 2540 2860 2598 dixit,
2892 2541 3160 2610 Quoniam
3209 2543 3427 2601 codices
3458 2547 3568 2602 im-

1957 2627 2246 2697 plevimus,
2273 2637 2328 2685 et
2352 2629 2444 2686 alii
2478 2631 2634 2687 nobis
2656 2632 2986 2704 subrogandi
3037 2644 3165 2692 sunt
3187 2647 3513 2710 exeeptores
3541 2683 3558 2706 ,

1950 2719 2141 2792 jubeat
2172 2720 2428 2778 nobilitas
2470 2731 2561 2779 tua
2601 2739 2632 2780 e
2676 2739 2906 2795 corpore
2944 2737 3132 2784 nostro
3181 2727 3319 2785 alios
3365 2731 3564 2787 subro-

1956 2814 2094 2885 gari,
2126 2814 2281 2869 nobis
2310 2816 2627 2872 custodibus
2653 2814 2817 2872 datis.
2855 2817 3077 2874 Vitalius
3106 2821 3344 2877 notarius
3375 2821 3562 2878 Eccle-

1955 2910 2048 2965 sia:
2071 2909 2339 2967 catholica:
2377 2910 2530 2965 dixit.
2562 2911 2675 2966 Hoc
2695 2920 2751 2966 et
2778 2927 2878 2982 ego
2907 2927 3138 2984 suggero
3163 2956 3177 2980 ,
3221 2915 3363 2986 quod
3388 2925 3442 2971 et
3471 2932 3567 2972 ex-

1953 3015 2141 3074 ceptor
2194 3003 2460 3059 nobilitati
2513 3011 2639 3060 tum.
2704 3005 3041 3060 Marcellinus
3104 3007 3180 3061 vir
3245 3008 3567 3065 clarissimus

1953 3094 2189 3150 tribunus
2218 3104 2267 3150 et
2296 3097 2528 3150 notarius
2574 3097 2726 3152 dixit.
2777 3098 2982 3153 Dentur
3023 3113 3167 3155 nunc
3209 3102 3437 3157 notariis
3468 3104 3560 3173 qui

1953 3189 2170 3246 codices
2192 3203 2253 3245 se
2276 3190 2530 3260 implesse
2575 3191 2936 3258 confirmant,
2981 3202 3037 3248 et
3075 3195 3464 3264 exceptoribus
3493 3198 3562 3252 ab

1954 3291 2183 3351 utraque
2209 3291 2361 3354 parte
2388 3283 2660 3340 custodes.
2715 3285 2956 3341 Aurelius
2989 3287 3264 3358 episcOpus
3312 3285 3563 3345 Ecclesite

1950 3377 2220 3432 catholica:
2240 3376 2660 3450 Carthaginensis
2681 3379 2834 3433 dixit.
2863 3378 2981 3434 Jam
3007 3394 3108 3435 nos
3155 3379 3427 3452 delegisse
3467 3399 3563 3438 cu-

1948 3472 2153 3540 stodes,
2175 3472 2432 3528 mandato
2457 3473 2576 3542 ipso
2591 3474 2951 3529 narravimus.
2973 3473 3053 3528 Ex
3079 3474 3211 3543 ipsis
3236 3475 3400 3531 etiam
3423 3475 3563 3533 duos

1950 3567 2228 3624 oderimus
2259 3568 2534 3624 cuswdes.
2561 3568 2630 3622 Et
2658 3569 2766 3623 alia
2801 3585 2982 3623 manu.
3041 3569 3376 3640 Reeognovi.
3407 3571 3558 3625 Maro

1948 3661 2164 3716 cellinus
2189 3662 2269 3716 vir
2296 3661 2618 3717 clarissimus
2663 3659 2896 3717 tribunus
2925 3671 2974 3718 et
2994 3661 3229 3718 notarius
3274 3663 3427 3720 dixit.
3453 3667 3561 3723 E0-

2031 3826 2186 3913 (1ξί2)
2203 3827 2578 3913 _Cuft;utensis.
2597 3828 2655 3883 ln
2674 3829 2956 3913 provincia
2980 3830 3292 3913 Bxxacena,_
3313 3832 3566 3913 undecet

1953 3897 2173 3973 notitia.
2203 3897 2640 3973 lsIeI'Telicianus
2668 3897 2841 3973 adfuit
2875 3897 3116 3973 concilio
3146 3901 3562 3973 Carthaginensi

1951 3971 2245 4046 ann_._4_(_)5,_
2267 3981 2324 4026 et
2354 3971 2424 4046 ibi
2452 3971 2885 4046 qu‘oquedicitur
2907 3972 3233 4046 Cufrutensis
3261 3971 3556 4046 episcopus.

2027 4041 2178 4111 (155)
2206 4043 2468 4097 Cenensis.
2499 4042 2670 4111 Cujus
2697 4041 2995 4111 provinciae
3021 4046 3115 4110 sit,
3136 4041 3425 4100 incertum.

2042 4112 2192 4185 (154)
2224 4113 2576 4168 Βαωτίιαηω.
2609 4114 2664 4168 1η
2698 4112 2970 4179 Numidia,
3025 4125 3083 4170 ut
3133 4116 3290 4171 docet
3347 4118 3561 4172 notitia.

1953 4186 2256 4255 Calipotius
2284 4186 2442 4254 hujus
2467 4186 2811 4242 adversarius
2857 4186 3017 4252 infra,
3050 4202 3172 4256 cap.
3199 4187 3337 4256 188,
3359 4188 3562 4244 dicitur

1954 4256 2261 4323 Calipodius
2287 4259 2556 4326 episcopus
2587 4257 2954 4313 Vasaritanus.

2027 4328 2180 4472 trs

1957 4471 2142 4526 Tucca:
2160 4471 2220 4525 in
2253 4472 2553 4544 Byzacena,
2586 4472 2687 4544 sed
2702 4471 2891 4544 oppidi
2919 4473 3199 4536 cujusdam
3251 4477 3410 4544 hujus
3459 4471 3558 4533 no-

1953 4544 2116 4619 minis
2136 4553 2295 4596 antea
2309 4541 2610 4598 dimceseos
2623 4541 2968 4608 Milevitanm,
2987 4553 3045 4597 ut
3065 4554 3210 4614 patet
3231 4561 3300 4601 ex
3321 4541 3557 4619 sequen—

1951 4615 2112 4670 tibus.

2028 4685 2178 4757 (l57)
2218 4683 2838 4757 Πιιῦρρανὶιαηονιιηιδιι
2868 4685 3146 4752 provincia
3190 4689 3546 4757 proconsula-

1953 4757 2017 4823 ri,
2037 4753 2102 4812 ‘ut
2127 4753 2284 4812 docet
2313 4753 2498 4828 notitia
2527 4773 2541 4820 ;
2572 4771 2692 4823 qum
2726 4753 3386 4828 stipparitanum'babet
3428 4763 3548 4828 epi-

1951 4843 2197 4899 scopum.
2218 4829 2265 4883 Is
2294 4827 2564 4901 Marianus
2579 4827 2815 4883 concilio
2831 4826 3245 4900 Carthaginensi
3268 4847 3395 4886 ann.
3410 4826 3541 4901 419,

1951 4911 2138 4972 postea
2169 4899 2430 4972 interfuit.

2024 4971 2561 5056 (15_8)I:are_nsis-.nlu
2590 4973 2873 5056 provincia
2907 4971 3320 5056 proconsulari.
3373 4975 3548 5046 Hujus

1950 5043 2194 5100 meminit
2217 5043 2404 5099 Victor
2428 5045 2686 5115 Vitensis,
2712 5045 2806 5099 lib.
2838 5059 2872 5098 tt
2905 5043 3050 5115 Hist.
3080 5043 3328 5115 \’antlal.,
3392 5043 3543 5103 num.

1955 5117 2008 5171 6.
2037 5115 2094 5169 ln
2133 5115 2368 5189 concilio
2411 5114 2833 5189 Carthaginensi
2870 5116 2971 5171 sub
3023 5114 3546 5189 Cypriano'senten-

1956 5189 2081 5242 tiam
2114 5187 2247 5242 dixit
2294 5185 2672 5242 Hortensianus
2728 5206 2760 5242 a
2803 5186 3045 5242 Laribus.
3069 5185 3276 5243 'Adfuit
3313 5191 3545 5246 concilio

1953 5257 2513 5332 Carthaginiensiann.
2545 5258 2673 5326 525,
2707 5260 2808 5315 sub
2838 5259 3151 5332 Bonifacio,
3180 5259 3386 5332 vitulus
3431 5264 3542 5332 epi-

1953 5347 2138 5399 scopus
2159 5331 2320 5401 plebis
2343 5329 2607 5388 Larensis.
2639 5332 2768 5386 Erat
2793 5333 2844 5385 in
2877 5331 3188 5386 Mauritania
3204 5328 3544 5401 Ctesareeusi

1951 5401 2059 5457 Lar
2101 5400 2422 5467 castellum,
2469 5415 2526 5458 ut
2579 5403 2775 5457 docent
2812 5401 3145 5456 ltinerarium
3187 5400 3441 5459 Antonini
3484 5414 3542 5461 et

1949 5489 2254 5546 anonymus
2287 5473 2592 5539 Ravennas,
2615 5474 2710 5546 sed
2730 5473 3002 5546 diversum
3021 5470 3296 5546 θρανεηεὶ
3320 5476 3534 5545 oppido,

1945 5545 2013 5602 de
2060 5543 2168 5614 quo
2219 5545 2280 5600 ﬁt
2305 5548 2512 5602 mentio
2541 5544 2682 5611 apud
2735 5544 3008 5598 Victorem
3058 5543 3359 5600 Vitensem.
3389 5543 3537 5603 Nam

1944 5618 2084 5673 istud
2109 5615 2276 5674 Sicca:
2311 5618 2539 5673 Veneria:
2566 5617 2801 5672 vicinum
2825 5624 2978 5681 erat,
3035 5626 3090 5670 et
3141 5615 3245 5672 huc
3298 5619 3539 5689 episcopi

1943 5690 2090 5746 dueti
2121 5690 2352 5750 fuerant.
2386 5701 2442 5743 ut
2469 5689 2596 5745 inde
2627 5689 2678 5742 in
2705 5702 2948 5743 eremum
2971 5689 3409 5756 deportarentur.
3437 5689 3537 5745 lli-

1949 5763 2168 5816 larettsis
2193 5761 2369 5833 Oppidi
2401 5770 2455 5816 et
2487 5760 2744 5816 Siccensis
2770 5759 2919 5833 quasi
2953 5759 3252 5833 vicinorum
3287 5762 3535 5832 meminit

1947 5831 2277 5902 Augustinus
2298 5833 2460 5902 epist.
2517 5847 2709 5895 ccxxx.
2755 5831 2820 5886 ad
2840 5831 3070 5902 parium
3101 5833 3405 5902 Comitem;
3434 5843 3535 5893 nec

1943 5899 2154 5962 vidétur
2182 5899 2458 5959 Hilarensi:
2479 5903 2752 5961 diversum
2774 5918 2804 5959 a
2832 5899 3065 5959 Larensi.

2221 4329 2632 4400 [unugabensix
2653 4330 2822 4394 Cujus
2840 4329 3131 4398 provinciae
3146 4331 3216 4385 sit
3232 4372 3247 4393 ,
3264 4332 3552 4390 incertum.

2233 4398 2532 4475 (accensis.
2567 4400 2684 4475 Non
2719 4400 2902 4475 Tucca;
2951 4402 3003 4475 in_
3050 4403 3294 4475 Sitifensi
3331 4445 3344 4468 ,
3378 4421 3556 4475 neque
