3972 6328
493 321 558 372 Η
601 319 634 374 9

491 457 609 494 rum
670 441 884 493 nomina
916 441 1002 508 qui
1055 454 1195 492 nunc
1243 437 1545 491 olli-runtur
1597 439 1818 493 inlicito.
1870 442 2087 512 Alypius

495 540 762 605 episcopus
789 531 1032 586 Ecclesia:
1085 531 1355 586 cat/tolij
1379 533 1530 586 dixit.
1579 533 1891 588 Dculerium
1939 535 2094 604 (159)

488 639 542 683 et
566 626 890 681 Restitutum
924 625 1098 695 (161)).
1141 623 1477 679 Marcellinus
1510 627 1585 679 vir
1629 627 1945 681 clarissimus
2000 631 2096 682 tri-

489 719 654 774 bunus
675 728 721 772 et
752 718 984 771 notarius
1019 717 1172 772 dixit.
1219 717 1529 787 Congruum
1581 728 1666 774 est
1722 725 1780 772 ut
1835 720 1990 775 sicuti
2039 729 2096 776 et

487 813 580 868 alii
608 813 886 881 subrogati
914 818 1042 866 sunt
1080 820 1422 880 exceptores,
1450 810 1531 866 sic
1560 811 1756 866 dentur
1784 821 1840 866 et
1871 813 1940 867 ab
1987 813 2090 869 alia

487 913 643 978 parte
683 903 955 960 custodes.
1003 901 1305 958 Primianus
1345 905 1620 975 episcopus
1672 903 2092 979 Carthaginensis

487 1001 638 1056 dixit.
673 1001 870 1054 Damus
887 999 1163 1067 custodes,
1184 999 1462 1056 Vicmrem
1490 1001 1912 1071 Hipponiensem
1935 1002 2089 1075 (161)

485 1101 542 1149 et
583 1092 748 1165 268
789 1090 1146 1148 Marinianum
1196 1093 1461 1149 Oeensem
1510 1093 1662 1166 (162)
1691 1095 1928 1166 collegas
1959 1111 2089 1152 nos-

491 1195 625 1241 ll'OS.

558 1280 688 1336 155.
712 1279 1053 1334 Marcellinus
1104 1280 1182 1334 vir
1215 1280 1535 1334 clarissimus
1583 1282 1818 1338 tribunus
1845 1293 1892 1337 et
1941 1295 2089 1339 nota-

484 1374 594 1428 rius
626 1372 778 1427 dixit.
813 1371 1081 1440 Quoniam
1113 1389 1180 1428 ex
1210 1383 1434 1444 utraque
1463 1385 1614 1445 parte
1644 1377 1883 1448 episcopi
1907 1389 2089 1434 custo-

486 1467 588 1523 des
618 1466 871 1521 videntur
890 1467 1123 1537 appositi
1157 1508 1170 1533 ,
1225 1467 1565 1538 singulorum
1613 1469 1777 1541 (sicut
1822 1472 2085 1544 cmperat)

484 1560 723 1616 cilicium
751 1561 970 1615 nomina
997 1560 1536 1633 subscriptionesque
1567 1563 1800 1618 recitare
1838 1563 2084 1631 debebit,

483 1666 538 1711 et
567 1655 631 1709 ad
661 1663 942 1725 susceptas
971 1655 1179 1710 tabulas
1206 1654 1272 1709 ad
1302 1655 1564 1726 majorem
1588 1655 1918 1728 diligentiam
1951 1659 2085 1714 alte-

484 1755 694 1804 rutrum
732 1749 910 1818 signet
937 1747 1250 1802 sollicitudo
1289 1748 1602 1816 custodum,
1631 1759 1688 1803 ut
1719 1748 1928 1806 hisdem
1949 1766 2084 1822 pra:-

482 1839 728 1896 sentibus
748 1847 1040 1908 reseratae,
1083 1839 1320 1896 describi
1351 1842 1560 1912 possint
1591 1881 1606 1908 ,
1652 1851 1813 1914 atque
1857 1859 1920 1898 ea
1962 1861 2081 1915 qua)

483 1945 637 2005 gesta
679 1943 809 1990 sunt
845 1934 1172 1990 schedarum
1219 1935 1365 1990 serie
1409 1935 1705 1990 contineri.
1758 1934 1986 2006 Cumque
2022 1939 2086 1992 ab

479 2031 706 2100 utrisque
724 2030 955 2100 partibus
972 2029 1162 2085 tabula
1179 2031 1560 2101 susciperentur
1571 2041 1721 2102 atque
1741 2031 2084 2104 signarentur,

481 2124 753 2178 recitatum
779 2134 872 2178 est.
924 2123 1275 2178 Innocentius
1318 2123 1614 2196 episcopus
1660 2125 2088 2199 Lamiggigensis

483 2214 640 2289 (165)
670 2231 855 2272 corum
885 2216 1003 2271 viro
1025 2216 1334 2272 clarissimo
1363 2217 1580 2274 tribuno
1606 2229 1662 2274 et
1693 2221 1907 2276 notario
1945 2221 2086 2276 Mar-

485 2313 686 2368 cellino
729 2313 1100 2384 suprascripta
1131 2313 1382 2368 mandavi
1429 2323 1483 2370 et
1511 2313 1810 2386 subscripsi
1857 2315 2085 2371 Cartha‘

486 2407 619 2479 gini.
655 2407 766 2474 Quo
787 2409 1019 2473 recitato,
1044 2407 1177 2462 idem
1218 2408 1372 2463 dixit.
1404 2409 1609 2466 Praesto
1639 2425 1782 2465 sum.
1823 2409 2086 2467 Junianus

483 2500 752 2571 episcopus
773 2502 922 2558 dixit.
954 2498 1065 2557 Nec
1093 2515 1196 2572 ego
1225 2501 1376 2556 illum
1405 2503 1528 2558 novi
1556 2541 1570 2570 ,
1607 2517 1706 2558 nec
1736 2503 1854 2574 ipse
1879 2517 1987 2560 me.
2018 2504 2087 2558 Et

482 2594 734 2649 recitauit.
763 2593 1083 2651 Ruﬁnianus
1108 2597 1398 2666 episcopus
1438 2593 1793 2653 Bonustensis
1816 2596 1968 2670 (164)
1997 2611 2088 2654 co-

483 2703 601 2745 ram
627 2689 742 2743 viro
769 2687 1078 2745 clarissimo
1101 2691 1321 2746 tribuno
1350 2700 1404 2747 et
1432 2691 1644 2747 notario
1661 2692 1976 2749 Marcellino
1999 2710 2090 2749 su-

484 2785 788 2859 prascripta
811 2783 1083 2853 mandavi,
1115 2791 1170 2839 et
1185 2783 1487 2856 subscripsi
1508 2783 1841 2859 Carthagini.
1867 2787 1983 2856 Quo
2005 2804 2089 2843 rc-

560 2934 714 3007 (159)
751 2934 1072 2988 Denterium.
1123 2931 1450 3007 Episcopum
1475 2930 1850 3007 Gazsareensent
1875 2934 1926 2988 in
1949 2931 2089 2986 Mau-

485 3005 706 3071 ritania,
739 3016 796 3060 ut
829 3014 976 3074 patet
1017 3020 1084 3059 ex
1128 3006 1450 3075 Augustino,
1485 3005 1576 3060 lib.
1609 3022 1646 3060 n
1691 3005 1931 3061 Relract.
1963 3017 2084 3075 cap.

486 3079 576 3135 51.
605 3079 888 3133 BALUZIUS.

561 3150 713 3223 (-160)
754 3149 1079 3206 Restitutum.
1140 3149 1471 3221 Episcopum
1523 3147 1864 3220 Tagorensem
1898 3149 1949 3203 in
1980 3147 2090 3203 Nu~

487 3225 673 3279 midia.

560 3295 710 3367 (161)
761 3294 1188 3367 Hipponiensem.
1244 3292 1646 3367 Diarrliytoruut
1701 3293 1753 3346 in
1805 3292 2079 3367 provincia

484 3363 1020 3439 proclinSIIlariLnon
1051 3365 1537 3439 [lippo-Regiorunt
1588 3363 1640 3418 in
1669 3365 1946 3439 provincia
1973 3363 2084 3439 Nu-

483 3437 686 3494 iniiliar.
712 3439 843 3493 Nam
885 3437 1181 3492 Macrobius
1211 3452 1314 3491 non
1356 3437 1531 3490 Victor
1572 3448 1688 3490 erat
1740 3437 2084 3494 adversarius

486 3511 659 3564 sancti
688 3509 968 3582 Augustini
1003 3509 1492 3582 Hippo—Regiorum
1537 3508 1780 3582 episcoiii
1816 3527 1837 3582 :_
1862 3517 1916 3562 et
1945 3524 2079 3582 (cap.

488 3583 618 3645 159,
655 3583 700 3634 is
737 3576 905 3634 Victor
936 3576 1133 3636 dicitur
1165 3576 1511 3635 adversarius
1540 3576 1839 3649 Florentini
1871 3579 2084 3649 episco-

487 3655 539 3720 pi
583 3652 836 3723 Ecclesim
865 3652 1147 3706 catholica:
1194 3648 1969 3723 Hipponensium-Zaritoryrtt,
2022 3667 2084 3706 ac

486 3723 704 3778 demum
721 3722 925 3777 diserte
943 3739 1060 3793 cap.
1085 3720 1421 3786 179,dicilur
1445 3720 2085 3793 Ilipponensis.Diarrhy-

485 3805 672 3848 lorum.
737 3793 891 3862 Apud
943 3792 1311 3858 Ptulemaeum,
1347 3795 1436 3848 lib.
1499 3807 1549 3848 IV
1585 3836 1597 3860 ,
1649 3811 1770 3864 cap.
1824 3792 2085 3851 531m»

484 3868 769 3944 Δίαρρντὸς
800 3865 1128 3944 appellatur,
1174 3879 1330 3944 quam
1365 3868 1550 3920 urbem
1580 3867 1659 3944 sic
1683 3882 1712 3920 a
1739 3865 1942 3920 Grmcis
1990 3881 2086 3919 no-

488 3935 680 3994 minari
701 3949 977 3992 asseverat
997 3937 1221 4002 Plinius,
1250 3937 1341 3991 lib.
1372 3951 1424 4004 γ,
1451 3952 1571 4006 cap.
1598 3935 1654 4000 4,
1675 3949 1891 4006 prOpter
1919 3954 2086 4006 aqua-

488 4028 607 4066 rum
643 4012 862 4077 irrigua.
889 4009 1088 4064 Eodem
1114 4008 1332 4063 nomine
1354 4008 1668 4078 designatur
1689 4008 1830 4078 apud
1855 4006 2084 4077 Pompo-

485 4085 634 4138 nium
653 4081 869 4146 Melam,
902 4081 996 4134 lib.
1028 4097 1046 4134 ι
1068 4081 1133 4134 de
1157 4083 1261 4134 situ
1286 4080 1434 4133 orbis
1456 4077 1581 4150 cap.
1611 4079 1664 4143 7,
1689 4077 2085 4150 Hippozarr/ttt-

490 4165 568 4208 tus
597 4153 796 4207 dicitur
825 4153 878 4207 in
911 4151 1195 4207 ltinerario
1240 4150 1524 4204 Antonini.
1559 4149 1614 4204 In
1645 4149 1840 4205 tabulis
1870 4151 2086 4206 Peulin—

488 4225 723 4294 gerianis
767 4223 990 4294 lpponte
1028 4220 1454 4294 DiaritotApnd
1505 4235 1835 4294 anonymous
1869 4222 2084 4294 Ilaven-

489 4291 736 4361 ncnsem,
767 4291 860 4349 libi.
886 4312 962 4360 Ill,
995 4310 1142 4350 nnm.
1167 4295 1220 4357 6,
1253 4291 1774 4363 Hippone-Zareston
1798 4309 1817 4348 :
1848 4299 1902 4348 et
1932 4293 2005 4349 lib
2032 4310 2083 4359 v,

490 4382 640 4421 num.
683 4368 738 4429 Β,
770 4365 984 4437 Yppone
1006 4365 1289 4422 Zarestum.
1331 4364 1625 4434 Utriusque
1659 4363 1921 4437 Hipponis
1975 4383 2088 4422 me—

492 4437 664 4492 menit
686 4437 903 4503 Strabo,
931 4440 1026 4493 lib.
1057 4454 1187 4503 xvu,
1217 4438 1310 4492 sed
1334 4446 1481 4509 errat
1519 4452 1642 4492 cum
1687 4441 1905 4509 utrique
1937 4437 2087 4509 Regii

488 4524 689 4564 nomen
727 4511 932 4564 tribuit.
973 4511 1193 4566 Rectius
1226 4510 1446 4565 Solinus
1469 4508 1523 4564 in
1555 4507 1919 4580 Polyhistore,
1961 4507 2081 4578 cap.

490 4583 583 4644 50.
617 4593 900 4650 utramque
927 4584 1112 4637 urbem
1137 4584 1217 4637 sic
1238 4581 1517 4651 distinguit
1549 4598 1563 4637 :
1597 4579 1934 4651 Hipponem,
1983 4582 2086 4636 lle-

489 4657 631 4727 gium
667 4643 843 4727 postea
870 4655 1094 4727 dictum;
1126 4655 1251 4727 item
1280 4643 1572 4724 Hippvonem
1620 4643 1880 4727 allet'um,
1907 4643 1970 4727 de
1986 4655 2084 4727 _in-
2110 4643 2162 4705 Ι)

490 4721 760 4795 ἱενῙιιιρηιε
788 4726 919 4794 freto
955 4721 1260 4795 Diarrhiton
1317 4721 1673 4794 nuncupatum
1696 4765 1710 4791 ,
1762 4725 2079 4778 nobilissima

490 4794 681 4868 Oppida
721 4797 912 4868 equites
945 4794 1110 4868 (ξι-(τοὶ
1149 4796 1511 4851 condiderunt.
1571 4797 1626 4849 In
1683 4797 1916 4868 concilio
1952 4798 2080 4868 car-

490 4866 792 4938 thagineusi
813 4866 914 4920 sub
942 4866 1216 4938 Cypriano
1247 4870 1569 4922 sententiam
1602 4868 1721 4922 tulit
1754 4867 1954 4938 Mai-lyr
1978 4866 2081 4922 Pe-

491 4949 601 4991 trus
623 4938 685 4990 ab
718 4937 954 5008 Hippone
981 4937 1262 4992 ltiarrliito.
1289 4938 1642 5003 Augustinus,
1664 4939 1754 4992 lib.
1791 4955 1878 4993 xvr
1899 4937 1968 4993 de
1992 4938 2080 4995 Ci-

490 5010 658 5082 vitate
694 5007 792 5082 Dei
815 5024 933 5082 cap.
960 5010 1014 5076 8,
1045 5008 1946 5082 HipponemDiarrltitumappellat.
1981 5014 2081 5067 De-

494 5081 659 5150 nique
688 5078 934 5146 epistola:
964 5078 1429 5148 procoiisularium
1468 5078 1774 5138 antistitum
1804 5084 1855 5136 in
1898 5083 2081 5138 conci-

455 5194 460 5201 .
493 5152 566 5206 lio
617 5151 973 5225 Lateranensj
995 5151 1286 5225 subscribit
1319 5150 1554 5225 Donatus
1578 5194 1591 5216 ,
1637 5154 1804 5222 gratia
1844 5153 1940 5208 Dei
1977 5157 2088 5225 epi-

493 5239 681 5292 scopus
703 5231 894 5292 satiem-
928 5221 1174 5292 Ecclesia:
1207 5219 1687 5288 lpponizuritensis.

567 5291 721 5364 (162)
751 5291 1016 5347 Oeensem.
1061 5291 1117 5345 In
1165 5292 1530 5360 Tripolitana,
1575 5305 1634 5352 ut
1667 5295 1828 5350 docet
1867 5295 2082 5353 Notitia.

493 5364 683 5420 Oceani
720 5366 880 5418 habet
907 5364 1214 5418 Antoninus
1266 5366 1318 5418 in
1354 5364 1672 5420 ltiuerario:
1708 5365 1906 5420 Heoam
1953 5369 2084 5423 Pto-

490 5436 738 5508 lemaeus,
756 5436 865 5508 _lib.
895 5449 966 5502 tv,
995 5451 1114 5508 cap.
1141 5436 1211 5508 5.
1229 5435 1430 5490 Dicitur
1448 5451 1478 5490 a
1499 5436 1673 5490 Plinio
1693 5434 1827 5492 Urbs
1849 5439 2080 5495 Oeensis.

494 5506 696 5577 Agrum
739 5505 986 5561 Oeensem
1029 5505 1080 5562 in
1127 5506 1455 5577 Tripolitana
1503 5509 1775 5577 provincia
1819 5522 2084 5567 memorat

495 5579 814 5633 Ammianus
844 5579 1209 5642 Marcellinus.
1252 5580 1347 5634 lib.
1381 5592 1511 5634 xm
1536 5622 1550 5644 ,
1587 5595 1706 5646 cap.
1747 5582 1799 5634 6.
1839 5582 2080 5637 Statuam

497 5652 636 5723 apud
667 5650 881 5703 Coenses
911 5649 1168 5706 habuisse
1193 5651 1392 5723 dicitur
1425 5653 1708 5723 Apuleius,
1732 5653 1872 5721 apud
1901 5652 2088 5723 Augu-

505 5722 724 5796 stinum,
756 5723 922 5796 epist.
955 5736 1212 5796 CXXXVIII,
1245 5722 1678 5796 sedinrundecim
1713 5722 2092 5796 ntauuscriptis

514 5791 742 5870 habetur
755 5793 995 5858 Ocenscs,
1013 5795 1129 5848 etin
1145 5796 1380 5870 quinque
1401 5795 1639 5865 Oeenses,
1657 5808 1818 5870 atque
1831 5799 1901 5854 ita
1916 5791 2098 5869 legen-

521 5862 648 5916 dum
675 5872 822 5932 patet
849 5878 916 5920 ex
937 5879 1004 5921 eo
1031 5862 1177 5937 quod
1197 5862 1378 5925 statim
1407 5862 1644 5944 additur,
1671 5862 1859 5944 etc-qua
1903 5862 2104 5931 civitate

1426 318 1655 376 GESTA
1695 319 2149 377 COLLATIUNIS
2187 321 2517 379 CARTIIAG
2532 323 2818 383 lNENSIS.

3610 344 3627 401 I
3638 343 3720 403 illi)

2115 445 2168 505 Α
2195 444 2371 499 citato.
2407 445 2540 497 idem
2569 446 2716 500 dixit.
2749 445 3051 520 Numquam
3084 451 3193 507 illic
3223 456 3423 513 luerunt
3453 460 3718 521 Donatista.

2204 535 2504 591 Primianns
2545 539 2815 613 episcOpus
2859 541 3276 619 Carthaginensis
3322 554 3460 608 dixit.
3497 555 3602 623 Ipse
3645 559 3723 616 iuit

2200 640 2407 723 noster,
2434 633 2526 688 sed
2559 636 2786 704 populos
2811 638 3071 695 habemus
3095 643 3284 712 quibus
3310 646 3541 704 ordinare
3583 650 3720 723 (165).

2135 719 2138 722 ’
2198 722 2510 793 Ruﬁnianus
2540 728 2812 799 episwpus
2860 730 3106 790 Ecclesia
3150 737 3404 794 catholica:
3443 719 3724 800 Bonustensis

2197 817 2352 873 dixit.
2385 818 2686 890 Numquam
2717 822 2922 879 habuit.
2960 825 3024 880 Et
3053 829 3299 886 recitavit.
3332 833 3592 890 Laodicius
3631 840 3720 906 epi~

2196 927 2395 982 scepns
2430 914 2602 984 plebis
2631 915 2936 988 Clypiensis
2962 920 3115 994 (166)
3141 938 3318 980 coram
3349 925 3411 983 V.
3455 929 3513 984 C.
3545 930 3720 987 tribuno

2193 1013 2249 1062 et
2275 1007 2486 1062 notario
2508 1007 2821 1066 Marcellino
2853 1017 3215 1086 suprascripta
3260 1020 3498 1076 mandavi
3546 1032 3593 1078 et
3623 1027 3722 1080 sub-

2193 1099 2385 1169 scripsi
2415 1098 2750 1169 Carthagini.
2784 1102 2899 1170 Quo
2926 1107 3160 1177 recitato,
3190 1111 3325 1166 idem
3365 1112 3506 1168 dixit.
3539 1115 3576 1171 Ε
3604 1129 3722 1186 parte

2192 1192 2418 1248 adversa
2452 1195 2860 1252 estGeminins.
2891 1198 2959 1254 Et
2991 1205 3241 1260 recitauit.
3287 1205 3515 1263 Donatus
3553 1211 3722 1281 episco-

2193 1299 2294 1356 pus
2317 1286 2492 1356 plebis
2520 1286 2787 1344 Bnrilante
2836 1290 2986 1364 (I67)
3032 1308 3213 1350 coram
3265 1294 3330 1351 ν.
3361 1296 3420 1354 C.
3466 1301 3650 1358 tribuno
3682 1313 3723 1361 et

2191 1379 2406 1436 notario
2461 1381 2774 1439 Marcellino
2828 1388 3194 1458 suprascripta
3252 1392 3489 1448 mandavi
3530 1405 3578 1450 et
3626 1398 3724 1452 sub-

2189 1472 2383 1541 scripsi
2409 1472 2743 1546 Carthagini.
2769 1475 2944 1545 Quare
2965 1495 3080 1535 eunt
3113 1484 3440 1552 recitavisset,
3462 1487 3583 1541 idem
3605 1491 3722 1545 dixit.

2191 1564 2306 1620 Non
2337 1565 2452 1622 illic
2489 1567 3016 1628 habentDonatis-tte
3072 1577 3366 1633 neminem.
3418 1579 3481 1632 Et
3525 1584 3724 1640 recitavit.

2189 1658 2489 1716 Candorius
2517 1661 2803 1734 episcopus
2829 1665 3002 1735 plebis
3048 1667 3345 1726 Mullitante
3393 1673 3536 1745 (168)
3581 1689 3725 1730 coram

2190 1751 2255 1808 ν.
2290 1755 2351 1809 C.
2413 1756 2625 1812 tribuno
2674 1769 2730 1813 et
2781 1761 2989 1814 notario
3045 1761 3356 1822 Marcellino
3422 1772 3724 1840 suprascripta

2112 1853 2160 1918 Β
2189 1849 2439 1905 mandavi
2465 1860 2518 1907 et
2541 1851 2831 1925 subscripsi
2855 1852 3183 1929 Carthagini.
3235 1859 3551 1918 Marcellinus
3573 1865 3726 1935 cpisco-

2194 1957 2290 2011 pus
2320 1942 2470 1996 dixit.
2506 1945 2752 2015 Agnosco
2779 1947 2952 2004 illum.
3008 1947 3075 2004 Et
3104 1954 3357 2008 recitavit.
3404 1954 3536 2010 Isaac
3560 1958 3726 2027 episco-

2193 2049 2294 2104 pus
2317 2035 2487 2105 plebis
2504 2036 2782 2094 Utinensis
2804 2039 2956 2113 (169)
2986 2058 3169 2099 coram
3200 2043 3269 2102 ν.
3292 2046 3354 2102 C.
3392 2047 3584 2102 tribuno
3600 2059 3643 2103 et
3661 2064 3727 2102 no

2194 2128 2331 2183 tario
2362 2128 2674 2186 Marcellino
2703 2135 3072 2204 suprascripta
3104 2137 3358 2194 mandavi
3383 2149 3439 2194 et
3483 2142 3724 2212 subscripsi

2192 2219 2530 2292 Carthagini.
2570 2221 2871 2279 Felicianus
2912 2227 3182 2300 episcopus
3232 2232 3381 2286 dixit.
3435 2232 3650 2304 Agnosco
3683 2234 3730 2288 il-

2197 2315 2328 2370 lum.
2381 2314 2446 2368 Et
2476 2315 2729 2370 recitauit.
2777 2319 2879 2385 Qui
2924 2334 3084 2391 supra
3127 2338 3225 2393 pro
3274 2322 3484 2380 Victore
3529 2327 3728 2395 episcopo

2191 2407 2685 2465 Tuburbilanorum
2718 2410 2978 2468 Minorum
3007 2414 3157 2486 (170)
3209 2431 3395 2472 coram
3436 2416 3495 2472 ν.
3522 2417 3574 2474 C.
3601 2417 3730 2472 tribu-

2196 2519 2268 2560 no
2294 2515 2348 2559 et
2371 2509 2582 2560 notario
2607 2504 2925 2562 Marcellino
2955 2508 3254 2581 subscripsi
3278 2527 3399 2567 eum
3428 2512 3730 2583 suprascripta

2198 2597 2485 2653 mandasse
2517 2607 2838 2669 prmsentem
2867 2598 3216 2673 Carthagine.
3254 2603 3556 2659 Maximinus
3579 2604 3729 2674 episto-

2199 2711 2295 2764 pus
2315 2694 2468 2749 dixit.
2502 2694 2754 2767 Agnosco
2807 2695 2977 2750 illum.
3009 2695 3076 2750 Et
3108 2699 3364 2753 recitavit.
3407 2697 3545 2755 Felix
3569 2699 3730 2769 episco-

2200 2803 2299 2861 pus
2329 2787 2615 2844 Tubieusis
2646 2790 2800 2864 (171)
2845 2806 3029 2848 coram
3056 2791 3122 2848 γ.
3145 2791 3209 2848 C.
3261 2793 3472 2849 tribuno
3498 2800 3545 2848 et
3568 2791 3730 2847 notario

2197 2949 2410 2986 uxorem
2433 2930 2647 2985 habebat
2679 2948 2696 2985 :
2719 2930 3022 2986 Pudentilla
3050 2940 3234 2987 autem
3260 2927 3469 2999 Apuleii
3491 2946 3624 2995 uxor,
3644 2929 3728 2996 ipso

2197 3001 2422 3073 Apuleio
2447 3007 2582 3058 teste
2617 3003 2670 3058 in
2699 3003 2983 3073 Apologia,
3025 3001 3240 3059 Oeensis
3285 3013 3418 3059 erat.
3457 3003 3509 3057 In
3548 3001 3732 3058 concilio

2199 3073 2610 3145 Carthaginiensi
2642 3078 2742 3130 sub
2770 3073 3041 3147 Cypriano
3070 3074 3285 3131 Natalis
3317 3079 3380 3130 ab
3409 3075 3526 3140 Oea,
3549 3085 3731 3147 taiupro

2199 3161 2258 3202 se
2287 3144 2448 3218 quam
2477 3163 2574 3214 pro
2596 3148 2707 3218 suis
2734 3144 3290 3214 coiiiprovinciilibus
3318 3148 3552 3217 Pompeio
3581 3144 3726 3199 Sabm-

2114 3251 2160 3314 c
2201 3221 2419 3314 “nisi
2451 3218 2614 3314 9'39?
2648 3217 3583 3314 Eilf‘ﬁ‘f’glie."_f‘-§‘i'1‘Ellllf‘Pl.919E

2269 3289 2420 3363 (163)
2453 3288 3035 3363 LatitiggigensitiIDute
3065 3301 3191 3363 sunt
3220 3291 3386 3360 hujus
3416 3290 3622 3363 nominis
3647 3301 3726 3363 inr-

2189 3359 2286 3417 bes
2349 3362 2399 3416 in
2440 3359 2668 3438 Africa,
2696 3359 2769 3438 iet
2814 3364 2986 3416 amba:
3038 3359 3411 3438 iu‘lﬂunii’dia.
3465 3363 3516 3416 In
3557 3359 3728 3438 Noliba.

2190 3450 2293 3488 una
2326 3438 2489 3488 'ninn.
2529 3434 2651 3499 101,
2678 3434 2844 3488 altera
2877 3451 3026 3489 num.
3057 3434 3176 3488 12%.
3217 3436 3422 3504 Duplex
3442 3447 3627 3504 quoque
3649 3434 3731 3504 epi-

2189 3520 2386 3574 scopus
2422 3507 2701 3578 Donatista
2717 3504 3126 3578 Lamigqigensis
3150 3501 3420 3576 reperitur
3446 3501 3492 3559 in
3523 3501 3621 3578 hac
3639 3501 3731 3554 Col-

2190 3572 2411 3643 latiOne,
2445 3594 2639 3646 nempe
2667 3572 2924 3632 Juniunus
2948 3572 3035 3632 liic
3061 3589 3116 3632 et
3144 3572 3269 3648 cap.
3323 3577 3441 3644 198,
3490 3585 3539 3632 el
3587 3572 3733 3628 Recur-

2188 3650 2391 3719 gcnlius
2420 3663 2540 3718 cap.
2582 3649 2698 3705 187.

2265 3720 2412 3794 (16.1)
2446 3719 2794 3775 Bonustensis.
2842 3719 2901 3774 In
2954 3722 3230 3790 provincia
3279 3718 3624 3794 proconsulari
3651 3759 3662 3783 ,
3689 3725 3729 3767 ut

2190 3792 2349 3848 dcent
2383 3794 2589 3846 notitia.

2447 3863 2646 3940 Quibus
2688 3863 2947 3940 ordinare.
2977 3864 3139 3919 Deest
3157 3863 3256 3940 hic.
3288 3864 3508 3936 aliquid.
3641 3932 3648 3940 .
3676 3930 3683 3940 .

2265 3866 2392 3936 (165
2447 3866 2646 3928 Quibus
2688 3866 2947 3917 ordinare.
2977 3866 3139 3919 Deest
3165 3866 3256 3918 hic
3288 3866 3508 3936 aliquid.

2265 3866 2417 4006 (166)
2446 3933 2753 4006 Clypiensis.
2790 3937 2844 3989 in
2879 3935 3278 4004 proconsulari,
3309 3950 3366 3991 ut
3389 3941 3533 3990 docet
3557 3930 3729 4006 notitia.

2190 4000 2430 4062 Crescens
2462 4000 2747 4079 Clypiensis
2785 4000 3048 4079 episcopus
3091 4009 3341 4079 interfuit
3384 4000 3732 4079 concilioﬁar-

2192 4078 2493 4146 thaginensi
2528 4077 2640 4132 sub
2682 4077 2956 4134 Bonifacio
3007 4095 3138 4135 ann.
3196 4077 3306 4133 523
3340 4121 3354 4145 ,
3401 4089 3452 4134 et
3491 4077 3731 4143 Stephanus

2189 4153 2462 4221 episcopus
2515 4149 2764 4206 Ecclesia:
2815 4150 3104 4220 Clypiensis
3156 4151 3480 4217 subscripsit
3515 4146 3732 4221 synodica

2189 4218 2568 4292 episcoporum
2594 4218 2894 4292 provincia!
2916 4225 3325 4292 proconsularis
3358 4225 3410 4277 in
3440 4218 3733 4292 concilioALa-

2190 4290 2870 4368 teraneiisisub'biartino.
2895 4291 3096 4368 ρινρθα
3117 4294 3266 4368 urbs
3298 4295 3560 4368 celebrata
3583 4309 3607 4344 a
3635 4290 3730 4368 [nos

2191 4365 2405 4430 lemneo,
2444 4365 2639 4431 llirtin,
2674 4365 2868 4430 Plinio,
2895 4363 3195 4434 Pomponio
3222 4365 3382 4430 Mela,
3407 4367 3599 4428 Solino,
3636 4363 3734 4414 Silio

2191 4435 2399 4501 italico,
2437 4437 2596 4492 Floro
2627 4437 2878 4508 aliisque.
2913 4437 3094 4492 Prima
3125 4437 3373 4492 omnium
3417 4436 3730 4508 Africanarum

2191 4509 2244 4563 in
2276 4509 2647 4564 Romanorum
2684 4503 3004 4579 potestatem
3035 4510 3182 4565 venit
3202 4513 3305 4564 sub
3335 4509 3556 4580 Regulo,
3585 4514 3634 4560 ut
3663 4503 3733 4556 ob-

2191 4591 2407 4654 servant
2441 4580 2692 4654 [’olybius
2715 4580 3029 4654 cLFlorus,
3226 4652 3236 4654 _
3497 4651 3535 4654 Α

2265 4650 2417 4727 (167)
2434 4645 2725 4727 βηίὶιᾳηαξ.
2751 4652 2914 4707 Forte
2936 4652 3307 4727 eademsedes
3326 4654 3479 4727 cujus
3495 4651 3654 4727 Victor
3668 4645 3733 4727 Vi-

2189 4722 2378 4785 ten'sis,
2409 4724 2548 4801 libri
2590 4724 2659 4779 de
2691 4725 2967 4801 Rersecut.
2992 4723 3249 4801 VandaI_.,
3277 4741 3429 4801 num.
3463 4725 3538 4786 1|,
3570 4722 3734 4801 aitepi-

2187 4810 2415 4864 scopum
2463 4798 2628 4851 fuisse
2679 4795 2960 4861 Faustum,
2984 4813 3146 4866 quem
3174 4794 3548 4852 Buronitanum
3580 4794 3733 4858 episto-

2189 4884 2313 4934 pum
2335 4869 2590 4936 appellat.
2616 4867 2844 4925 Videtur
2872 4869 3130 4938 Oppidum
3152 4869 3319 4923 fuisse
3341 4867 3621 4939 provincia:
3641 4875 3732 4933 pro-

2187 4940 2507 4994 c0nsularis.

2262 5009 2416 5082 (168)
2444 5011 2754 5066 Mullitame.
2789 5010 2847 5065 ln
2873 5012 3150 5081 provincia
3174 5010 3635 5082 proconsulari_,__ut
3657 5002 3729 5082 do-

2187 5075 2281 5136 cet
2307 5075 2518 5136 tiotitia.
2550 5083 2606 5137 In
2638 5075 3309 5153 concilio'Carlhagiuensi
3343 5083 3468 5137 anni
3498 5077 3610 5144 525,
3638 5075 3732 5131 sub-

2190 5153 2411 5228 scripsit
2442 5154 2676 5228 Segetius
2705 5155 2974 5228 episcopus
2996 5155 3160 5228 plebis
3193 5153 3506 5208 Mullitanaz.

2268 5224 2420 5298 (169)
2448 5224 2739 5281 Utinensis.
2761 5226 2816 5281 In
2849 5224 3132 5298 provincia
3163 5224 3551 5297 procmisulari,
3582 5229 3630 5276 ut
3664 5232 3729 5271 su-

2189 5311 2284 5367 pra
2317 5300 2663 5354 observatum
2691 5306 2794 5352 est.
3513 5365 3523 5369 _
3602 5363 3611 5369 .
3633 5361 3648 5369 -
3671 5360 3678 5369 .

2262 5368 2414 5439 (170)
2450 5369 2919 5424 Tuburbitanorum
2949 5369 3233 5426 .lIinorum.
3261 5369 3465 5440 Duplex
3511 5365 3561 5419 in
3589 5361 3725 5440 Africa

2189 5431 2510 5495 Tuburb’ium
2537 5459 2555 5506 ;
2588 5441 2765 5504 Maius
2795 5453 2850 5497 et
2883 5441 3079 5496 Minus.
3121 5431 3557 5496 .llinoris'mcntio
3581 5438 3629 5490 lit
3663 5431 3726 5484 hic

2187 5522 2245 5567 et
2272 5527 2394 5581 cap.
2422 5513 2549 5578 903,
2587 5513 2806 5583 Majoris
2834 5529 2956 5584 Cap.
2989 5515 3091 5570 1'55
3114 5523 3172 5570 et
3189 5514 3317 5568 261.
3348 5511 3518 5568 Ambo
3539 5509 3725 5569 [necop-

2190 5584 2314 5652 pida
2370 5594 2525 5639 erant
2575 5586 2866 5654 provinciae
2908 5586 3331 5656 proconsularis.
3368 5585 3536 5640 Unum
3563 5584 3725 5634 tantum

2190 5664 2275 5711 est
2297 5657 2347 5709 in
2379 5656 2590 5711 notitia.

2269 5728 2424 5798 (171)
2462 5727 2753 5784 Tubieusis.
2786 5730 2837 5784 in
2862 5729 3183 5786 Mauritania
3228 5727 3486 5785 Sitil’ensi.
3535 5721 3723 5798 Nemi“u

2199 5786 2430 5857 concilio
2460 5801 2878 5879 Carthagincnsi
2905 5820 2994 5861 an.
3019 5805 3146 5879 δεῖ,
3187 5803 3318 5879 Cod.
3351 5803 3464 5879 Ait.
3653 5786 3718 5879 4?:

2202 5885 2611 5944 conqueruntur
2635 5867 2796 5947 le'gati
2823 5878 3113 5950 provincia:
3135 5867 3462 5936 Mauritania:
3500 5867 3722 5930 Sitifensis
