3972 6328
197 312 338 368 1515

1153 305 1378 367 GESTA
1414 305 1872 368 COLLATIONIS
1908 301 2538 364 CARTHAGINENSIS.

3361 310 3500 368 i5“

194 425 408 480 notario
464 420 776 478 Marcellino
825 422 1190 494 suprascripta
1247 423 1499 478 mandavi
1553 432 1609 480 et
1661 423 1790 478 sub-
1819 429 1866 489 Α
1895 436 2069 492 scopo,
2097 420 2232 474 idem
2258 420 2409 474 dixit.
2438 419 2690 491 Agnosco
2722 418 2899 475 illum.
2937 418 3002 474 Et
3034 419 3287 478 recitavit.
3317 422 3507 484 Victor

194 517 390 588 scripsi
415 515 767 586 Carthagine.
801 513 916 581 Quo
947 515 1180 582 recitato,
1211 514 1350 570 idem
1373 515 1524 570 dixit.
1557 516 1597 571 E
1619 515 1798 572 diver-

193 628 256 669 so
292 611 428 667 mihi
479 620 562 667 est
605 612 854 682 Optatus.
892 608 959 665 Et
980 610 1250 665 accedente
1281 610 1471 680 Optato
1515 612 1795 681 episcopo,

193 705 333 760 idem
382 704 533 758 dixit.
566 703 816 774 Agnosco
857 701 1030 757 illum.
1065 700 1131 754 Et
1163 702 1412 757 recitavit.
1443 702 1627 758 Victor
1683 702 1798 770 epi-

195 813 395 870 scopus
418 798 589 868 plebis
617 796 1038 852 Bartimisiensis
1068 795 1222 868 (242)
1252 811 1434 851 coram
1477 795 1537 851 V.
1571 793 1656 852 Cl.
1702 796 1799 850 tri-

197 893 343 948 buno
369 899 426 949 et
455 891 665 946 notario
693 889 1007 946 Marcellino
1045 889 1411 961 suprascripta
1464 888 1714 944 mandavi
1744 897 1800 944 et

197 984 495 1055 subscripsi
525 982 871 1052 Carthagine.
909 981 1024 1049 Quo
1052 985 1292 1048 recitato,
1335 983 1473 1037 idem
1511 982 1662 1037 dixit.
1693 981 1797 1037 Ca-

198 1080 398 1136 tholica
429 1089 534 1136 est.
575 1078 866 1133 Habetdeus
897 1078 1146 1132 diaconus
1175 1078 1330 1132 dixit.
1362 1077 1479 1132 Non
1511 1077 1794 1133 habemus.

199 1172 268 1229 Et
311 1163 564 1229 recitavit.
597 1172 993 1228 Restitutianus
1033 1172 1321 1242 episcopus
1351 1168 1524 1242 plebis
1573 1172 1802 1227 Sululit-

200 1278 342 1324 lanae
365 1268 519 1340 (245)
534 1282 715 1322 coram
739 1265 807 1321 V.
829 1264 912 1320 Cl.
940 1265 1157 1321 tribuno
1178 1275 1231 1322 et
1254 1266 1467 1322 notario
1482 1267 1800 1323 Marcellino

197 1359 568 1430 suprascripta
602 1357 853 1414 mandavi
896 1366 951 1413 et
977 1357 1272 1428 subscripsi
1303 1357 1657 1430 Carthagine.
1685 1359 1798 1426 Quo

201 1456 446 1522 recitato,
477 1453 611 1508 idem
657 1453 804 1507 dixit.
850 1451 1038 1506 Omnis
1079 1451 1361 1506 Catholica
1388 1493 1403 1519 ,
1445 1460 1564 1520 est,
1611 1467 1800 1508 omnes

197 1546 510 1602 Catholicos
565 1545 849 1600 habemus.
904 1543 1296 1598 Valentinianus
1347 1543 1597 1599 diaconus
1646 1543 1795 1599 dixit.

199 1639 317 1696 Non
353 1640 634 1714 habemus.
679 1638 748 1694 Et
779 1639 1028 1694 recitavit.
1061 1637 1341 1708 Helpidius
1363 1637 1650 1709 episcopus
1678 1638 1798 1708 ple—

202 1734 283 1790 bis
313 1735 578 1808 Aquensis
613 1733 768 1808 (244)
793 1749 976 1790 coram
1023 1732 1085 1787 V.
1118 1731 1200 1787 Cl.
1245 1733 1462 1788 tribuno
1488 1742 1545 1788 et
1588 1732 1800 1787 notario

1905 514 2186 584 episcopus
2201 513 2370 583 plebis
2382 512 2718 568 Timicitante
2734 511 2887 584 (248)
2903 528 3086 570 coram
3103 514 3166 570 V.
3183 513 3267 572 Cl.
3285 517 3505 576 tribuno

1902 615 1956 661 et
1994 605 2206 662 notario
2235 606 2546 662 Marcellino
2591 606 2958 680 suprascripta
2994 608 3245 664 mandavi
3287 619 3341 666 et
3379 611 3505 668 sub-

1903 700 2095 770 scripsi
2125 697 2472 771 Carthagine.
2500 699 2614 768 Quo
2659 702 2873 757 recitato
2895 741 2912 769 ,
2955 702 3092 758 idem
3135 703 3286 759 dixit.
3318 705 3506 762 Habeo

1901 793 2154 864 Optatum
2182 809 2213 849 e
2241 793 2479 849 diverso.
2507 791 2574 848 Et
2602 795 3127 866 occedenteOptato,
3177 797 3313 853 idem
3347 798 3502 854 dixit.

1903 887 2022 957 ipse
2058 894 2162 943 est.
2214 886 2283 941 Et
2333 887 2579 942 recitavit.
2628 887 2942 945 Bonifacius
2994 891 3302 963 episcopus}
3328 891 3507 964 plebis

1901 979 2068 1053 274
2095 979 2374 1036 Vallitanzn
2404 979 2558 1052 (249)
2584 995 2767 1038 coram
2795 981 2857 1037 V.
2884 981 2947 1038 C.
2987 983 3204 1040 tribuno
3249 994 3304 1040 et
3347 997 3506 1043 nota-

1902 1073 1984 1128 rio
2031 1072 2345 1128 Marcellino
2387 1074 2754 1144 suprascripta
2803 1073 3051 1130 mandavi
3101 1085 3159 1132 et
3201 1077 3504 1148 subscripsi

1903 1164 2248 1236 Carthagine.
2280 1165 2394 1233 Quo
2419 1167 2662 1234 recitato,
2687 1165 2823 1220 idem
2849 1165 2999 1221 dixit.
3028 1166 3144 1224 Non
3175 1167 3368 1226 habeo.
3404 1169 3508 1224 Va-

1904 1259 2219 1314 lentinianus
2248 1259 2502 1314 diaconus
2531 1259 2684 1316 dixit.
2722 1259 3018 1316 Defunctus
3057 1271 3142 1317 est
3166 1273 3294 1319 ante
3333 1277 3508 1320 annos

1904 1361 2133 1424 septem.
2167 1351 2472 1409 Restitutus
2498 1351 2676 1408 dietus
2698 1363 2803 1409 est.
2832 1352 2900 1407 Et
2929 1355 3184 1412 recitavit.
3213 1356 3315 1423 Qui
3345 1371 3510 1427 supra

1905 1461 2003 1517 pro
2029 1444 2347 1500 Limeniano
2369 1444 2625 1516 episcopo
2657 1445 2831 1516 plebis
2856 1445 3214 1516 Taprurensis
3241 1447 3395 1522 (250)
3419 1463 3511 1504 co-

1905 1554 2020 1595 ram
2059 1537 2124 1594 V.
2158 1537 2220 1594 C.
2253 1537 2473 1593 tribuno
2507 1546 2561 1593 et
2598 1539 2810 1593 notario
2849 1538 3164 1597 Marcellino
3202 1541 3503 1612 subscripsi

1904 1648 2028 1688 eum
2061 1639 2381 1702 przcsentem
2409 1628 2736 1700 Carthagine
2764 1631 3075 1688 mandasse.
3111 1632 3225 1698 Quo
3255 1634 3466 1688 recitato
3489 1675 3505 1702 ,

1905 1727 2038 1782 idem
2068 1726 2217 1780 dixit.
2249 1723 2531 1780 Catholica
2573 1732 2676 1778 est.
2727 1722 3020 1780 Habetdeus
3066 1726 3312 1781 diaconus
3356 1726 3508 1782 dixit.

200 1827 512 1883 Marcellino
558 1825 923 1896 suprascripta
973 1823 1224 1880 mandavi
1255 1832 1311 1878 et
1349 1823 1643 1894 subscripsi
1673 1823 1802 1877 Car-
1832 1866 1881 1927 Β
1908 1819 2105 1876 Contra
2139 1835 2245 1874 non
2280 1817 2564 1874 habemus.
2612 1815 2680 1871 Et
2727 1818 2974 1873 recitavit.
3007 1818 3271 1876 Proculus
3299 1819 3511 1890 episco-

200 1922 437 1992 thagine.
472 1921 586 1986 Quo
612 1921 852 1986 recitato,
885 1918 1020 1974 idem
1048 1918 1199 1972 dixit.
1229 1918 1270 1973 E
1301 1917 1519 1974 diverso
1561 1916 1692 1972 mihi
1720 1927 1803 1973 est

200 2015 505 2085 Reparatus
555 2014 862 2084 episcOpns.
918 2011 985 2066 Et
1037 2011 1344 2066 accendente
1386 2010 1644 2082 Reparato
1693 2011 1803 2082 epi-

197 2124 380 2178 scopo,
409 2105 544 2162 idem
573 2107 723 2161 dixit.
761 2104 879 2176 ipse
913 2113 1016 2172 est,
1047 2119 1284 2176 agnosco
1315 2104 1490 2161 illum.
1522 2105 1589 2160 Et
1618 2107 1799 2160 recita-

199 2203 291 2256 vit.
323 2199 514 2256 Victor
539 2199 826 2270 episcopus
853 2197 1026 2269 plebis
1056 2197 1404 2253 Malianensis
1433 2197 1586 2269 (245)
1618 2213 1800 2253 coram

199 2295 265 2350 V.
286 2294 369 2351 Cl.
393 2294 610 2350 tribuno
632 2293 914 2348 etnotario
935 2291 1252 2348 Marcellino
1275 2292 1641 2363 suprascripta
1657 2306 1804 2346 man-

198 2387 325 2443 davi
377 2395 432 2443 et
477 2386 773 2457 subscripsi
811 2385 1161 2457 Carthagine.
1207 2384 1318 2453 Quo
1356 2386 1608 2452 recitato,
1663 2386 1802 2441 idem

201 2482 353 2535 dixit.
404 2479 448 2536 E
492 2479 706 2536 diverso
739 2479 867 2533 mihi
897 2487 982 2533 est
1019 2478 1322 2534 Nestorius.
1367 2475 1435 2532 Et
1483 2478 1801 2534 accendente

201 2573 447 2630 Nestor-io
479 2573 746 2645 episcOpo,
775 2571 911 2626 idem
941 2572 1093 2626 dixit.
1127 2575 1380 2642 Agnosco
1411 2571 1582 2627 illum.
1621 2569 1689 2624 Et
1718 2586 1803 2625 re-

201 2668 393 2722 citavit.
427 2667 538 2738 Ego
580 2667 878 2722 Restitutus
917 2665 1203 2735 episcopus
1235 2664 1459 2736 petitum
1503 2680 1591 2720 me
1633 2680 1663 2718 a
1709 2664 1802 2719 Vi-

200 2773 352 2817 ctore
382 2763 640 2832 episc0po
671 2757 1051 2814 Mammillensi
1076 2755 1230 2830 (246)
1264 2773 1449 2813 coram
1475 2756 1542 2812 V.
1591 2754 1671 2812 Cl.
1705 2757 1803 2814 tri-

201 2855 348 2911 buno
386 2862 440 2910 et
481 2853 696 2909 nOIario
739 2851 1053 2908 Marcellino
1097 2851 1397 2919 subscripsi
1441 2867 1563 2906 eum
1608 2867 1800 2923 supra-

201 2949 401 3018 scripta
441 2947 571 3002 mihi
615 2946 922 3001 mandasse.
959 2946 1074 3014 Quo
1109 2946 1349 3012 recitato,
1382 2945 1520 3000 idem
1560 2946 1712 3002 dixit.
1763 2949 1801 3002 lii

201 3042 418 3097 diverso
441 3050 523 3097 est
553 3040 902 3097 Serenianus.
931 3037 1000 3093 Et
1023 3039 1324 3094 accendente
1350 3037 1636 3094 Sereniano
1693 3041 1803 3111 epi-

200 3153 380 3206 sc0po,
415 3134 550 3189 idem
581 3135 734 3190 dixit.
764 3131 1207 3204 Agnoscoillum.
1239 3131 1305 3186 Et
1332 3133 1580 3187 recitavit.
1613 3131 1802 3189 Victor

201 3230 489 3298 cpiscOpus
516 3225 689 3296 plebis
711 3223 1141 3281 Tabaicariensis
1189 3224 1339 3296 (247)
1383 3238 1566 3279 coram
1615 3225 1680 3280 V.
1714 3225 1794 3280 Cl.

201 3322 424 3376 tribuno
460 3320 758 3398 etnotario
796 3319 1108 3375 Marcellino
1137 3319 1503 3389 suprascripta
1548 3319 1798 3374 mandavi

202 3427 256 3474 et
284 3415 580 3486 subscripsi
611 3413 942 3486 Carthagini.
978 3412 1091 3479 Quo
1130 3415 1341 3467 recitato
1364 3455 1378 3478 ,
1407 3412 1541 3466 idem
1569 3413 1720 3466 dixit.
1757 3411 1801 3467 E

207 3510 424 3566 diverso
450 3507 880 3565 estMarcianus.
927 3504 997 3560 Et
1025 3506 1334 3561 accendente
1387 3503 1661 3561 Marciano
1694 3506 1803 3577 epi-

205 3625 443 3680 Nicellus
489 3624 830 3680 Rusurrcnsis
857 3629 951 3679 aut
992 3622 1420 3678 Rusurrianensis
1457 3623 1793 3680 Mauritania:

203 3697 555 3754 Cznsariensis
586 3697 812 3767 legatus,
829 3697 918 3766 qui
952 3696 1004 3750 in
1027 3695 1331 3767 Labbzeana
1343 3694 1583 3751 editione
1601 3695 1797 3751 dicitur

203 3769 601 3832 Ruscuriensis,
629 3766 684 3823 et
732 3768 786 3823 in
817 3769 1057 3837 margine
1083 3766 1547 3834 Rusuccnrrensis,
1574 3768 1658 3822 vel
1688 3767 1799 3821 Ru-

203 3840 512 3895 sacorensis.
544 3840 838 3905 Caeterum,
868 3839 1097 3905 Plinius,
1127 3839 1218 3893 lib.
1244 3855 1296 3905 v,
1329 3852 1448 3907 cap.
1482 3838 1537 3901 2.
1581 3840 1656 3893 ait
1687 3837 1800 3892 Ru-

203 3913 469 3967 sucurium
509 3912 733 3967 civitate
765 3911 1088 3965 honoratum
1127 3925 1250 3966 esse
1290 3925 1320 3964 a
1351 3908 1600 3966 Claudio.
1638 3909 1802 3966 Colo-

203 3987 347 4039 niam
390 3984 663 4053 appellant
704 3982 1011 4038 Antoninus
1074 3982 1129 4037 in
1174 3982 1461 4038 ltinerario
1503 3991 1558 4037 et
1602 3983 1801 4039 tabula:

203 4054 658 4125 Pcntingerianze.
694 4054 846 4126 Apud
879 4055 1250 4118 Ptolemaeum,
1286 4053 1380 4109 lib.
1409 4070 1483 4122 IV,
1507 4070 1562 4111 c.
1585 4055 1656 4122 2.,
1691 4055 1806 4111 Ru-

201 4142 416 4182 succore
439 4126 656 4181 dicitur.

283 4197 438 4268 (242)
469 4197 890 4253 Bartimisiensis.
925 4197 981 4252 ln
1019 4197 1214 4254 eadem.
1243 4197 1517 4268 provincia
1550 4197 1805 4253 Maurita-

203 4271 312 4326 niae
342 4270 721 4341 Caesariensis,
755 4271 808 4324 in
847 4269 1002 4341 cujus
1047 4270 1261 4336 notitia,
1295 4285 1444 4326 num.
1477 4269 1583 4338 45,
1615 4285 1807 4327 occur-

204 4345 277 4398 rit
319 4340 760 4396 Vardimissensis.

279 4413 443 4486 (243)
490 4412 868 4486 δμιηιὲιιαῃιεη
896 4411 1101 4486 lterum
1143 4427 1264 4480 cap.
1305 4411 1424 4486 201
1497 4411 1557 4486 lit
1599 4413 1806 4468 mentio

202 4483 450 4557 episcopi
504 4483 674 4539 Hilari
733 4484 1002 4540 Snllitani.
1055 4483 1258 4557 Neuter
1304 4485 1466 4557 locus,
1502 4484 1557 4539 in
1610 4487 1805 4540 notitia

205 4555 411 4613 Africae
438 4558 725 4626 reperitur,
755 4557 855 4611 nisi
885 4558 1023 4612 forte
1049 4556 1393 4610 Sululittanus
1419 4555 1562 4611 idem
1590 4557 1802 4612 sitcum

206 4628 508 4683 Culnlitano
529 4671 542 4696 ,
575 4629 665 4700 qui
697 4636 875 4684 tamen
921 4628 1258 4699 probabilius
1289 4637 1372 4684 est
1411 4626 1706 4684 Cttllitanus
1737 4627 1806 4684 de

247 4716 319 4754 uo
347 4714 529 4767 supra.

205 4717 738 4845 quaigirzalquengis.
769 4771 828 4845 ln
853 4769 1170 4845 Mauritania
1189 4770 1530 4845 Cmsariensi
1572 4787 1638 4827 ex
1666 4772 1806 4827 noti:

203 4842 469 4898 tia'num.
498 4842 588 4897 24.
628 4843 884 4913 Ejusdem
929 4843 1074 4899 sedis
1113 4843 1325 4898 videtur
1361 4843 1528 4901 fuisse
1567 4845 1807 4900 Crescens

208 4916 661 4985 Metropolitanus
712 4915 1002 4987 Aquitania:
1044 4916 1316 4981 civitatis,
1361 4916 1514 4986 cujus
1559 4918 1807 4971 meminit

204 4987 400 5042 Victor
430 4987 687 5048 Vitensis.
721 4987 814 5043 lib.
839 5003 1049 5054 r,num.
1085 4987 1138 5041 7.
1179 4987 1286 5041 Alii
1330 4997 1703 5043 memorantur
1751 4989 1804 5042 in

209 5059 317 5114 hac
344 5058 633 5114 collatione
654 5059 908 5123 Aquenses
933 5058 1205 5129 episcopi,
1229 5058 1298 5114 de
1323 5059 1513 5129 quibus
1536 5075 1636 5115 suo
1662 5059 1804 5114 loco.

290 5129 444 5203 (245)
479 5130 834 5203 Malianensis.
859 5131 922 5203 In
945 5131 1134 5184 notitia
1158 5130 1492 5203 Mauritania:
1513 5131 1809 5203 Caesarien-

211 5203 317 5268 sis,
352 5201 498 5256 num.
529 5203 582 5266 8,
605 5202 842 5272 occurrit
872 5202 1206 5256 Melirtnensis
1226 5242 1240 5263 .
1283 5201 1568 5272 legendum
1614 5201 1810 5256 Matia-

211 5274 412 5328 nensis.
444 5273 576 5328 Nam
597 5271 907 5328 Mallianam
932 5273 1095 5328 habet
1117 5271 1418 5328 Antoninus
1450 5276 1500 5327 in
1531 5273 1814 5329 ltinerario

212 5347 382 5417 inter,
411 5345 659 5417 Sufasari
685 5353 739 5400 et
786 5343 1176 5417 Tigavascastra
1201 5387 1215 5409 ,
1265 5345 1597 5400 Mauritania:
1637 5347 1817 5401 Cursa-

211 5415 416 5473 ricnsis
432 5419 613 5472 nrbes.
638 5416 694 5471 In
718 5415 998 5484 Augustini
1021 5419 1244 5486 epistola
1265 5431 1514 5482 ccxxxvt,
1530 5418 1596 5472 ad
1622 5417 1819 5473 lieute-

211 5491 385 5553 rium,
407 5488 464 5542 lit
492 5488 694 5544 mentio
721 5486 967 5543 Victorini
990 5487 1267 5560 cujusdam
1305 5487 1662 5560 Mallianensis
1686 5489 1818 5543 sub-

211 5560 436 5616 diaconi
484 5576 548 5617 ex
594 5560 1015 5616 Manichaeorum
1058 5559 1211 5616 secta
1238 5603 1254 5630 ,
1291 5575 1499 5616 necnon
1545 5559 1848 5615 Mallianw’

211 5633 451 5776 ωῗέῗὸ)
487 5703 876 5760 Mammillensi.
901 5704 958 5760 ln
1002 5703 1318 5760 Mauritania
1345 5703 1720 5775 Caesariensi,
1763 5711 1824 5759 ut

209 5776 384 5832 docet
410 5778 530 5846 ejus
555 5777 785 5841 notitia,,
805 5793 956 5832 nnm.
989 5777 1076 5832 78.

291 5847 926 5921 (247)‘Tabaicariensis.
958 5849 1016 5908 lu
1057 5848 1246 5908 eadem
1295 5850 1573 5923 provincia
1612 5867 1682 5910 cx
1728 5864 1820 5908 co-

1909 1931 2008 1986 pus
2047 1915 2223 1986 plebis
2271 1913 2622 1976 Giutsitensis
2653 1911 2876 1972 Salaria:
2915 1911 3068 1984 (251)
3119 1926 3301 1967 coram
3334 1911 3396 1968 V.
3442 1911 3502 1969 C.

1906 2009 2127 2066 tribuno
2154 2019 2209 2065 et
2249 2013 2463 2068 notario
2501 2011 2817 2068 Marcellino
2854 2008 3221 2081 suprascripta
3253 2005 3506 2063 mandavi

1905 2112 1959 2159 et
2001 2104 2297 2176 subscripsi
2341 2105 2677 2178 Carthagini.
2717 2106 2832 2172 Quo
2876 2105 3093 2161 recitato
3117 2145 3133 2169 ,
3175 2103 3313 2158 idem
3351 2101 3505 2157 dixit.

1902 2197 2181 2254 Catholica
2213 2208 2316 2256 est.
2348 2199 2643 2256 Habetdeus
2674 2201 2925 2255 diaconus
2965 2198 3119 2253 dixit.
3154 2196 3325 2252 Habet
3357 2211 3509 2267 pres-

1904 2289 2151 2362 byterum
2191 2291 2503 2363 Lillybium.
2541 2292 2611 2346 Et
2652 2293 2908 2348 recitavit.
2937 2289 3187 2347 Anxilius
3226 2289 3515 2360 episcopus

1905 2383 2078 2454 plebis
2105 2382 2472 2441 Nurconensis
2501 2383 2652 2457 (252)
2684 2400 2867 2441 coram
2894 2383 2958 2439 V.
2989 2384 3050 2440 C.
3082 2383 3298 2440 tribuno
3329 2391 3386 2439 et
3410 2397 3508 2438 no-

1903 2479 2040 2533 tario
2079 2478 2393 2534 Marcellino
2425 2478 2802 2554 suprascripta
2830 2477 3078 2533 mandavi
3109 2485 3164 2533 et
3202 2475 3506 2546 subscripsi

1903 2570 2248 2644 Carthagine.
2286 2574 2400 2641 Quo
2429 2573 2674 2639 recitato,
2705 2572 2842 2627 idem
2878 2571 3030 2626 dixit.
3073 2570 3343 2627 Unitatem
3378 2583 3504 2640 pos-

1905 2667 2178 2734 sidemus,
2223 2668 2366 2740 quod
2414 2683 2608 2724 omnes
2651 2668 2831 2724 sciunt
2871 2666 3255 2723 Cmsarienses.
3290 2666 3390 2721 Hic
3419 2675 3505 2722 est

1908 2760 2200 2816 Severinus
2246 2759 2396 2834 (253)
2422 2803 2436 2828 ,
2491 2760 2654 2817 dicat.
2703 2761 2980 2818 Severinus
3031 2761 3302 2832 episcopus
3349 2759 3503 2815 dixit.

1904 2853 2207 2924 Numquam
2240 2853 2448 2910 habuit.
2477 2853 2548 2909 Et
2582 2855 2832 2910 recitauit.
2867 2855 3173 2912 Mensurius
3214 2854 3504 2925 episcopus

1905 2948 2078 3020 plebis
2123 2949 2552 3006 Medel'essitanae
2605 2949 2757 3024 (254)
2790 2966 2972 3007 coram
3003 2951 3071 3006 V.
3103 2950 3166 3007 C.
3204 2951 3421 3008 tribuno
3451 2959 3525 3008 et

1906 3041 2124 3096 notario
2178 3042 2490 3098 Marcellino
2538 3044 2906 3115 suprascripta
2963 3043 3218 3100 mandavi
3269 3052 3323 3099 et
3377 3044 3511 3100 sub-

1867 3150 1870 3152 ‘
1905 3135 2098 3206 scripsi
2136 3135 2486 3206 Carthagine.
2523 3135 2636 3204 Quo
2667 3137 2879 3192 recitato
2903 3180 2917 3205 ,
2950 3136 3104 3209 [idem
3138 3137 3290 3194 dixit.
3318 3137 3508 3194 Nemi-

1907 3242 2029 3283 nem
2058 3227 2234 3284 habeo
2272 3240 2460 3284 contra
2492 3230 2624 3302 me.]
2667 3229 3055 3286 Valentinianus
3085 3231 3331 3286 diaconus
3352 3231 3504 3286 dixit.

1910 3320 2068 3377 Modo
2097 3322 2263 3377 exivit
2293 3322 2363 3379 de
2392 3338 2643 3394 corpore.
2681 3321 2742 3378 Et
2771 3326 3020 3380 recitauit.
3067 3325 3341 3382 Honorius
3393 3324 3511 3396 epi-

1909 3430 2106 3486 scopus
2137 3432 2233 3487 pro
2259 3416 2516 3472 Januario
2544 3417 2711 3474 fratre
2737 3428 2792 3474 et
2814 3420 3136 3491 coepiscopo
3185 3434 3307 3476 meo
3334 3417 3513 3490 plebis

1910 3507 2169 3566 Casarum
2203 3511 2630 3569 Mcdianensiutn
2656 3512 2806 3584 (255)
2833 3511 3143 3586 Carthagini
3177 3513 3509 3570 constitutus

1902 3627 2026 3754 ῗὲῐξη
2069 3638 2441 3695 monumento,
2465 3644 2614 3685 num.
2652 3628 2790 3700 105,
2821 3630 2911 3686 ubi
2945 3630 3352 3690 Tabadcarensis
3379 3633 3514 3706 legi-

1977 3769 2129 3846 (248)
2149 3770 2488 3846 Tinticitanw.
2505 3773 2563 3829 In
2583 3773 2771 3846 eadem
2793 3776 3090 3846 provincia,
3113 3777 3335 3836 ibidem.
3355 3794 3509 3836 num.

1906 3841 1959 3897 6.
1992 3841 2220 3909 Plinius,
2248 3845 2342 3900 lib.
2374 3861 2437 3911 ν,
2463 3860 2583 3914 cap.
2609 3845 2664 3913 2,
2701 3841 2885 3902 Tiniici
2927 3841 3086 3904 inter
3108 3850 3354 3906 civitates
3396 3866 3511 3906 me-

1878 3922 2108 3990 -inorat.
2141 3915 2493 3990 Ptolemaeus,
2524 3917 2620 3972 lib.
2651 3933 2862 3990 tv,cap.
2892 3920 2927 3973 2
2949 3959 2966 3987 ,
3001 3919 3192 3975 Timice
3221 3937 3342 3978 cum
3388 3924 3511 3978 aliis

1910 3985 2244 4042 Mauritanim
2275 3988 2500 4044 urbibus
2528 3997 2792 4045 recenset.

1910 4064 1952 4133 ζ
1984 4057 2144 4133 (249)
2173 4059 2473 4133 Vallitana'.
2505 4060 2662 4132 Apud
2691 4060 2967 4133 Optatum,
2995 4063 3089 4119 lib.
3119 4079 3190 4132 ll,
3220 4065 3280 4120 lit
3308 4070 3513 4123 mentio

1910 4128 2168 4214 {laniﬁcii
2223 4129 2475 4187 Ballitani
2517 4128 2772 4214 episcopi
2835 4128 3236 4214 Donatistarum
3269 4138 3505 4214 _liom;e._

1920 4201 2112 4256 Vallim
2147 4203 2198 4258 in
2243 4201 2616 4272 proconsulari
2666 4201 2847 4262 locant
2879 4207 3221 4264 ltinerarium
3251 4209 3512 4267 Antonini

1910 4284 1965 4328 et
2010 4274 2206 4354 tabulae
2233 4275 2685 4354 Peutingerianze.
2723 4277 2780 4354 l_n
2821 4278 3053 4354 concilio
3097 4278 3516 4354 Carthaginiensi

1911 4360 2038 4398 ann.
2191 4389 2204 4412 ,
2229 4346 2648 4427 subl-Bonifacio
2674 4351 2964 4407 subscribit
2995 4351 3282 4409 Restitutus
3300 4346 3511 4427 cpisco-

1913 4433 2008 4486 pus
2036 4417 2196 4485 plebis
2235 4417 2530 4475 Vallitanw.

1985 4485 2538 4565 (2§0)_Tap_rurensis._
2561 4491 2671 4565 llic
2687 4492 2839 4548 locus
2889 4493 3159 4565 Taparura
3187 4505 3413 4554 vocatur
3458 4500 3514 4556 in

1829 4578 1884 4640 Ι)
1915 4557 2603 4640 tabulis‘Peutirlger-ianis,
2627 4561 2908 4640 T‘aphrura
2950 4557 3090 4640 apud
3121 4569 3509 4640 Etolomaaum,

1909 4639 1964 4712 et
2005 4628 2270 4712 Tapltraji
2300 4628 2495 4712 Plinio.
2527 4633 2627 4712 llic
2667 4628 2720 4690 in
2762 4628 3100 4712 ms:_codice
3127 4628 3516 4712 Taprurensis}

1908 4709 1965 4784 at
1995 4716 2114 4772 eap.
2145 4703 2512 4784 l87,_di_citur
2541 4705 2800 4784 (amara.
2841 4709 2990 4766 Situs
3031 4720 3114 4784 est
3150 4703 3514 4784 in'pruvincia

1910 4773 2186 4854 pyzacena
2209 4785 2274 4854 et_
2291 4776 2541 4854 in__lin_1ite
2563 4773 2856 4854 Numidico
2873 4825 2888 4850 ,
2917 4791 2972 4836 ut
2997 4773 3275 4854 colligitu'r
3298 4799 3365 4840 ex
3387 4786 3518 4842 Pto-

1909 4843 2104 4920 lemaeo
2119 4855 2181 4920 et
2202 4847 2398 4920 tabulis
2424 4843 2876 4920 Peutingerianis.

1911 4989 1923 5000 .
1984 4917 2137 5000 (251)
2187 4917 2513 4976 Giutsitensis
2563 4917 2808 4981 Sator-ix.
2855 4925 3020 4997 Cujus
3060 4927 3360 4998 provincia:
3401 4929 3515 4999 sit,

1911 4999 2198 5045 incertum.

1987 5059 2140 5146 (252)
2171 5062 2557 5146 ζγλιμνεοηεηδὶξἒ
2566 5066 2650 5146 Δ1η
2695 5067 3383 5146 MauritaniaﬂCtesariensi
3413 5117 3427 5140 ,
3459 5083 3519 5130 ut

1914 5131 2072 5188 docet
2098 5131 2290 5191 notitia
2319 5153 2468 5192 num.
2496 5138 2600 5196 102
2621 5180 2636 5202 ,
2664 5139 2754 5195 ubi
2777 5141 2976 5199 dicitur
3003 5131 3385 5202 Marconensis.
3415 5131 3522 5201 Pa-

1919 5212 1994 5288 tet
2022 5219 2102 5288 es‘
2124 5208 2304 5288 verbis
2349 5210 2702 5288 sequentibus
2733 5212 2877 5271 hunc
2908 5215 3081 5272 locum
3113 5232 3235 5274 esse
3261 5217 3520 5274 Maurita-

1920 5277 2025 5332 niae
2063 5275 2435 5337 Cmsariensis.

2189 5350 2488 5431 Severinus.
2536 5355 2840 5430 Episcopus
2868 5355 3194 5414 Castellanus
3223 5359 3278 5415 in
3321 5360 3522 5417 Mauri-

1927 5419 2070 5474 tania
2101 5419 2445 5481 Caesariensi.

2001 5489 2151 5566 (254)
2177 5493 2609 5578 diedefessitante;
2632 5497 2690 5554 In
2710 5501 2993 5578 provincia
3019 5502 3320 5578 Byzacena,
3350 5513 3409 5560 ut
3431 5520 3526 5576 pa-

1928 5571 2005 5619 tet
2033 5580 2098 5619 ex
2127 5569 2340 5634 notitia,
2363 5586 2511 5647 nutu.
2542 5571 2642 5647 57A,
2672 5571 2762 5628 ubi
2781 5569 3212 5647 Menefessiianus
3238 5569 3531 5647 episcopus

1927 5650 2404 5718 commemoratur.
2436 5640 2759 5718 yetiefeseos
2789 5647 2842 5699 in
2869 5640 3098 5718 By'zacio
3119 5640 3362 5704 meminit
3388 5640 3527 5704 Pro-

1928 5709 2138 5788 copias,
2169 5711 2238 5788 de
2265 5712 2407 5768 bello
2436 5709 2664 5788 Vandal.
2697 5716 2789 5770 lib.
2824 5709 3046 5788 ufcap.
3071 5720 3166 5776 25.

2003 5782 2156 5862 (255.)
2192 5780 2440 5862 Casurum
2457 5785 2511 5838 Μ
2516 5785 2867 5862 edianensium
2875 5780 2890 5845 .’
2922 5780 3069 5847 Casa:
3087 5791 3144 5847 Il!
3147 5793 3299 5850 editm
3307 5808 3450 5851 enses
3474 5792 3530 5854 in

1930 5851 2213 5925 Numidia,
2249 5866 2306 5912 ut
2331 5856 2490 5914 docet
2508 5860 2720 5930 notitia,
2756 5878 2905 5918 num.
2933 5864 3022 5921 29.
