3972 6328
481 279 632 349 ,ιδ-ιδ

1408 288 1636 349 GESTA
1674 287 2134 352 COLLATIONIS
2169 289 2795 354 CARTHACINENSIS.

3658 286 3793 346 1516

476 414 759 479 prasente
785 406 852 462 V.
882 405 943 462 C.
979 404 1196 462 tribuno
1223 411 1278 460 ct
1327 406 1539 461 notario
1566 404 1878 461 Marcellino
1902 421 2090 476 supra-
2117 417 2168 479 Α
2197 417 2307 462 tum
2335 408 2548 478 suscepi
2573 450 2587 474 ,
2621 417 2675 464 et
2701 407 3018 478 subscripsi.
3045 387 3160 476 Quo
3199 408 3442 472 recitato,
3473 406 3612 461 idem
3639 407 3790 460 dixit.

479 503 684 573 scripta
709 498 958 556 mandavi
988 509 1043 556 et
1061 515 1158 570 pro
1186 513 1253 555 eo
1289 498 1607 569 subscripsi.
1641 497 1756 566 Quo
1770 499 2007 564 recitato,
2037 508 2083 553 et

479 595 746 650 accedente
762 594 1018 648 Januario
1038 593 1280 664 episcopo
1300 591 1578 656 catholico,
1601 591 1738 646 idem
1761 592 1910 646 dixit.
1940 590 1982 645 E
2006 590 2085 645 di-

479 702 640 744 verso
667 695 748 744 est
768 686 1258 743 mihixﬁmilianus.
1277 685 1608 746 Etracitavit.
1636 684 1949 742 Adeodatus
1970 684 2086 754 epi-

475 797 678 854 scopus
693 781 866 852 plebis
902 780 1312 839 Simidiocensis
1333 777 1488 854 (233)
1503 794 1687 836 coram
1708 778 1772 833 ν.
1788 778 1849 834 C.
1869 777 2085 832 tribuno

475 886 532 934 ot
561 878 773 934 notario
805 876 1122 933 Marcellino
1151 875 1521 946 suprascripta
1565 871 1822 929 mandavi
1862 881 1917 927 et
1957 871 2084 928 sub-

475 971 674 1043 scripsi
722 969 1072 1042 Carthagine.
1109 973 1225 1040 an
1253 970 1464 1031 recitato
1486 1011 1501 1035 ,
1533 969 1669 1026 idem
1698 967 1850 1021 dixit.
1886 965 2085 1024 Catho-

476 1062 581 1120 lica
611 1073 715 1120 est.
754 1062 1051 1119 llabetdeus
1083 1064 1334 1120 diaconus
1362 1063 1516 1116 dixit.
1549 1059 1666 1115 Non
1694 1058 1979 1114 habemus.
2013 1057 2082 1112 Et

475 1161 730 1215 recitavit.
758 1157 869 1230 Ego
896 1157 1200 1214 Restitutus
1224 1158 1515 1229 episcopus
1543 1170 1642 1225 pro
1668 1153 1946 1212 Solemnio
1969 1152 2084 1208 col-

475 1251 592 1324 lega
644 1266 768 1307 meo
811 1251 985 1323 plebis
1031 1250 1346 1322 Tigisitana:
1399 1248 1555 1321 (957)
1607 1255 1876 1318 praesente
1916 1245 1982 1300 ν.
2017 1244 2078 1301 C.

477 1344 698 1399 tribuno
731 1354 783 1400 et
813 1343 1028 1399 notario
1065 1342 1381 1398 Marcellino
1421 1340 1792 1411 suprascripta
1825 1338 2080 1414 mandavi

475 1446 532 1491 et
560 1435 855 1508 subscripsi
880 1437 1225 1508 Carthagine.
1263 1437 1377 1503 Quo
1402 1437 1616 1496 recitato
1637 1479 1650 1501 ,
1685 1434 1823 1489 idem
1853 1435 2006 1490 dixit.
2041 1433 2082 1488 E

475 1529 694 1586 diverso
719 1541 802 1586 est
833 1529 1177 1585 Paschasius.
1211 1529 1279 1584 Et
1305 1528 1574 1584 accedente
1599 1525 1879 1582 Pinc/casio
1898 1567 1913 1593 ,
1946 1526 2082 1581 idem

474 1624 629 1680 dixit.
678 1627 930 1696 Agnosco
958 1625 1129 1679 illum.
1185 1623 1250 1678 Et
1295 1624 1549 1680 recitauit.
1590 1621 1922 1694 Lampadius
1961 1621 2080 1692 epi-

474 1731 675 1789 scopus
701 1718 877 1789 plebis
894 1716 1251 1773 Tisediteusis
1281 1717 1436 1790 (ηε)
1464 1731 1650 1773 coram
1675 1713 1738 1770 V.
1771 1713 1834 1770 C.
1868 1713 2082 1795 tribuno

473 1820 529 1866 et
559 1813 772 1868 notario
811 1813 1125 1868 Marcellino
1164 1813 1530 1884 suprascripta
1561 1810 1821 1867 mandavi
1860 1820 1915 1866 et
1954 1809 2080 1865 sub-

470 1906 665 1976 scripsi
702 1905 1051 1977 Carthagine.
1101 1906 1215 1971 Quo
1261 1906 1507 1971 recitato,
1559 1905 1695 1958 idem
1735 1903 1884 1957 dixit.
1923 1902 1965 1956 E
1996 1902 2078 1956 di-

471 2013 632 2054 verso
661 1999 767 2073 {est
804 1999 936 2054 mihi
965 1999 1230 2053 Donatus.
1264 1997 1335 2052 Et
1373 1998 1642 2053 accedente
1674 1997 1878 2050 Donato
1900 2038 1914 2063 ,
1943 1995 2078 2048 idem

469 2089 648 2164 dixit].
691 2090 944 2163 Agnosco
991 2091 1164 2145 illum.
1199 2090 1264 2146 Et
1309 2093 1562 2147 recitauit.
1605 2090 1907 2162 Cyprianus
1959 2087 2076 2158 epi-

466 2200 670 2255 scapus
709 2184 884 2256 plebis
914 2185 1412 2240 Tuburbitanorum
1443 2186 1708 2254 Maiorum
1734 2183 1888 2257 (2)9)
1938 2198 2078 2254 pra:-

469 2288 625 2352 sentc
673 2277 736 2336 ν.
785 2277 846 2334 C.
894 2279 1117 2335 tribuno
1161 2263 1234 2335 et.
1266 2279 1480 2334 notario
1525 2278 1843 2334 Marcellino
1883 2292 2077 2346 supra-

469 2371 671 2442 scripta
703 2371 956 2428 mandavi
993 2381 1046 2428 et
1075 2371 1376 2442 subscripsi
1415 2370 1762 2443 Carthagine.
1797 2370 1912 2438 Quo
1939 2373 2074 2427 reci-

469 2471 606 2529 tato,
627 2464 766 2518 idem
791 2465 944 2520 dixit.
975 2463 1021 2519 E
1049 2463 1274 2520 diverso
1301 2472 1388 2520 cst
1424 2463 1675 2520 Ruﬁnus.
1711 2462 1778 2518 Et
1801 2465 2075 2521 accedente

473 2554 690 2627 Rufino,
726 2558 865 2614 idem
892 2558 1048 2614 dixit.
1081 2559 1334 2630 Agnosco
1376 2557 1551 2612 illum.
1584 2556 1653 2612 Et
1689 2559 1940 2614 recitauit.
1971 2559 2076 2614 Do-

465 2649 720 2706 natianus
761 2653 1054 2723 episcopus
1084 2651 1258 2722 plebis
1304 2650 1572 2708 Zellensis
1614 2650 1770 2722 (260)
1806 2660 2075 2720 praesente

465 2743 532 2799 γ.
581 2744 648 2800 C.
703 2744 924 2801 tribuno
970 2754 1027 2800 et
1077 2745 1292 2800 notario
1344 2744 1656 2802 Marcellino
1705 2746 2072 2816 suprascripta

461 2837 712 2895 mandavi
742 2850 797 2894 et
827 2838 1124 2908 subscripsi
1157 2836 1502 2909 Carthagine.
1534 2839 1649 2908 Quo
1669 2842 1912 2907 recitato,
1939 2841 2074 2895 idem

462 2931 613 2985 dixit.
637 2931 681 2986 E
711 2931 928 2987 diverso
951 2931 1126 2986 habeo
1159 2930 1483 2989 Natalicum.
1518 2931 1586 2987 Et
1610 2934 1878 2989 accedente
1907 2933 2073 2989 Nata-

461 3024 562 3078 tico
588 3024 852 3095 episcopo,
876 3023 1012 3080 idem
1035 3025 1183 3079 dixit.
1207 3023 1458 3095 Agnosco
1485 3026 1655 3081 illum.
1685 3025 1776 3099 [Et
1797 3026 2070 3099 recitavit]

533 3116 658 3173 156.
689 3119 924 3189 Alypius
949 3119 1242 3188 episcopus
1272 3119 1530 3175 Ecclesia:
1555 3119 1840 3176 catholicae
1869 3119 2070 3191 Tagas-

2189 497 2406 555 Utinatu
2434 500 2890 572 quemadmodum
2913 499 3162 571 Tagastis
3193 501 3411 572 antiqua
3446 500 3652 555 unitate
3672 515 3794 569 gau-

2189 593 2316 662 det,
2345 596 2415 650 ita
2443 596 2606 652 etiam
2630 595 2698 652 de
2727 597 2939 653 caeteris
2970 597 3100 652 locis
3130 596 3484 666 gaudeamus.

2264 687 2384 744 157.
2419 686 2707 744 Petitiams
2733 690 3001 761 episcopus
3023 689 3174 742 dixit.
3203 687 3341 744 Mala
3380 697 3466 748 est
3500 687 3682 743 unitas
3710 687 3790 742 in.

2189 781 2458 837 nocentia:
2502 792 2556 837 et
2609 782 2871 838 criminis.
2927 781 3045 836 Non
3096 789 3324 851 possunt
3367 791 3597 852 utraque
3640 778 3791 848 juxta

2187 875 2426 930 misceri.
2461 873 2529 929 Et
2558 876 2663 930 alia
2707 892 2884 932 utinm.
2932 874 3233 931 Petilianus
3294 875 3589 945 episcopus
3633 887 3791 929 reco-

2185 969 2367 1039 gnovi.
2386 967 2454 1022 Et
2484 969 2738 1026 recitavit.

2262 1063 2385 1118 l58.
2419 1062 2751 1133 Augustinus
2798 1063 3089 1132 episcopus
3137 1061 3400 1118 Ecclesiae
3450 1060 3790 1132 Hipponien-

2181 1155 2324 1210 sium
2351 1153 3133 1228 regiorum‘(262)Cartbagini
3163 1153 3498 1212 eottstitutus
3519 1161 3794 1223 praesente

2185 1249 2304 1303 viro
2355 1249 2661 1306 clarissimo
2710 1248 2930 1304 tribuno
2970 1257 3027 1304 et
3067 1246 3280 1308 netario
3325 1246 3641 1302 Marcellino
3689 1244 3792 1304 hoc

2186 1342 2498 1402 mandatum
2531 1342 2742 1413 suscepi
2773 1349 2829 1396 et
2856 1340 3173 1410 subscripsi.
3206 1340 3321 1408 Quo
3347 1340 3565 1394 recitato
3585 1381 3600 1404 ,
3630 1347 3678 1394 et
3707 1355 3792 1391 ac-

2185 1437 2397 1492 cedente
2427 1437 2695 1508 cpiscopo,
2728 1436 2864 1490 idem
2892 1434 3044 1490 dixit.
3082 1435 3331 1505 Agnosco
3356 1433 3527 1488 illum.
3567 1431 3632 1486 Et
3665 1434 3791 1485 reci-

2185 1533 2329 1586 tavit.
2358 1531 2672 1587 Vincuntlus
2696 1529 2984 1601 episcopus
3008 1527 3264 1586 Ecclesia:
3282 1527 3614 1582 Culus-itam:
3636 1526 3789 1598 (265)

2185 1623 2496 1694 Carthagini
2528 1623 2889 1689 constitutus,
2941 1631 3208 1692 prteseute
3256 1619 3320 1680 γ.
3363 1619 3426 1674 C.
3475 1620 3704 1678 tribuno
3743 1630 3794 1674 et

2185 1718 2401 1773 notatio
2437 1716 2751 1772 Marcellino
2780 1715 2883 1770 hoc
2934 1713 3246 1770 mandatum
3294 1714 3511 1783 suscepi
3557 1724 3615 1769 et
3665 1713 3790 1769 sub-

2109 1840 2158 1910 Β
2189 1813 2405 1882 scripsi.
2451 1809 2570 1876 Quo
2594 1811 2840 1876 recitato,
2875 1809 3008 1865 idem
3037 1809 3189 1864 dixit.
3229 1807 3501 1864 catholica
3537 1816 3646 1863 cst.
3687 1805 3793 1859 Ha-

2183 1904 2391 1958 betdeus
2418 1903 2668 1958 diaconus
2708 1901 2859 1957 dixit.
2897 1901 3091 1958 Habuit
3112 1943 3126 1967 ,
3159 1901 3254 1957 sed
3295 1900 3460 1956 modo
3488 1899 3794 1955 communi-

2179 1997 2319 2053 cavit
2355 1997 2504 2067 ipsis.
2538 1995 2607 2051 Et
2634 1996 2886 2051 recitavit.
2922 1996 3252 2052 Fortunatus
3277 1994 3573 2065 episcopus
3605 1993 3792 2050 Eccle-

2179 2092 2276 2146 siae
2289 2087 2935 2162 Coustantiniensisﬁﬁi)
2954 2088 3262 2159 Carthagini
3279 2088 3638 2156 constitutus,
3658 2103 3795 2160 pra:-

2179 2195 2333 2241 scnte
2360 2183 2424 2240 Y.
2461 2183 2522 2239 C.
2569 2183 2786 2240 tribuno
2815 2195 2870 2239 et
2897 2183 3111 2238 notario
3151 2182 3470 2239 Marcellino
3499 2182 3611 2237 hoc
3643 2197 3793 2237 man-

2179 2278 2364 2334 datum
2419 2276 2582 2349 375
2632 2276 2845 2346 suscepi
2893 2284 2949 2332 et
2987 2275 3302 2346 subscripsi.
3355 2275 3471 2342 Quo
3537 2275 3754 2334 recitato
3775 2315 3792 2343 ,

2177 2368 2314 2425 idem
2339 2369 2488 2428 dixit.
2522 2369 2561 2424 E
2592 2368 2815 2425 diverso
2856 2367 3029 2424 habeo
3058 2367 3406 2432 Petilianum.

2190 2451 2204 2461 ’
2254 2462 2378 2520 159.
2423 2461 2714 2520 Petilianis:
2755 2462 3028 2532 episwpus
3061 2462 3214 2517 dixit.
3250 2461 3369 2532 Ipse
3405 2470 3485 2518 est
3527 2459 3793 2517 Ecclesia:

2177 2567 2496 2630 persecutor
2522 2557 2575 2613 in
2604 2557 2796 2613 eadem
2825 2557 3045 2613 civitate
3074 2558 3163 2613 ubi
3193 2572 3296 2628 ego
3321 2557 3620 2628 episcopus
3644 2572 3786 2612 sum.

2179 2652 2424 2708 Aurelius
2469 2653 2738 2724 episcopus
2779 2649 3028 2707 Ecclesia:
3064 2650 3335 2706 catholica:
3365 2649 3792 2722 Carthagineusis

2175 2746 2326 2800 dixit.
2377 2745 2445 2800 Et
2489 2745 2652 2816 paulo
2683 2753 2808 2801 ante
2854 2744 3125 2815 iaculatus
3164 2759 3225 2801 es
3269 2745 3526 2815 iniuriam
3551 2785 3567 2810 ,
3595 2754 3654 2800 et
3681 2761 3790 2800 non

2176 2839 2454 2910 recepisti.
2513 2837 2833 2894 Fortunatus
2884 2838 3159 2908 episcopus
3211 2835 3464 2893 Ecclesiae
3517 2837 3792 2892 catholica

2177 2934 2328 2988 dixit.
2362 2932 2418 2988 In
2450 2932 2638 2988 eadem
2669 2932 2892 2988 civitate
2937 2931 3007 2987 ab
3055 2931 3327 2987 btereticis
3361 2931 3543 2988 omnia
3589 2931 3789 2986 altaria

2173 3028 2451 3084 confracta
2490 3036 2632 3083 sunt.
2684 3026 2972 3083 Petitianus
3012 3028 3282 3098 episcopus
3311 3026 3459 3080 dixit.
3515 3024 3788 3082 Persecu-

2175 3132 2348 3178 torent
2393 3130 2448 3178 to
2482 3136 2603 3177 esse
2631 3129 2752 3177 acta
2775 3121 3108 3176 contineant.
3141 3120 3286 3177 Loco
3312 3133 3410 3178 suo
3439 3119 3637 3176 audies
3667 3135 3792 3189 qua:

461 3213 631 3269 tensis
679 3213 832 3286 (261)
878 3211 1197 3284 Carthagini
1243 3214 1576 3268 constitutus
1629 3225 1901 3284 praesente
1949 3218 2067 3271 viro
2095 3230 2142 3294 ρ
2175 3217 2422 3273 mereris.
2483 3215 2549 3270 Et
2593 3216 2840 3271 recitavit.
2890 3214 3314 3270 Fortu—uatlauus
3348 3214 3646 3284 episcopus
3691 3213 3791 3269 Ec-

456 3307 760 3364 elarissimo
784 3307 1003 3364 tribuno
1041 3315 1099 3363 et
1127 3307 1339 3364 notario
1368 3305 1680 3363 Marcellino
1707 3307 1814 3363 hoc
1839 3308 2064 3364 manda-

531 3447 682 3522 (25‘6)
717 3447 1131 3522 ξὶηιὶιὶὶεσιεηδὶδ.Δ
1164 3445 1221 3501 In
1269 3444 1546 3522 provincia
1580 3445 1971 3522 proconsulari.
2000 3443 2062 3522 in

459 3517 690 3576 Concilio
719 3517 1135 3588 Carthaginensi
1165 3517 1293 3572 ann.
1332 3518 1468 3586 419,
1506 3518 1606 3572 iste
1643 3519 1953 3573 Adeodatus
1981 3517 2064 3572 di-

458 3595 602 3651 citur
629 3603 740 3650 tum
763 3593 818 3646 in
845 3593 1032 3646 codice
1055 3591 1263 3645 Canon.
1291 3589 1504 3646 Ecclcs.
1538 3589 1727 3659 Afric.,
1753 3597 1863 3645 tum
1894 3591 1948 3644 in
1972 3606 2065 3645 co-

458 3663 579 3719 dice
606 3663 789 3718 Canon
820 3662 1137 3717 Ecclesiast.
1169 3675 1231 3716 cx
1265 3662 1523 3733 Dionysio
1553 3660 1756 3732 Exiguo
1784 3661 2065 3717 Simidicus

457 3736 728 3808 episwpus
748 3774 766 3808 ,
796 3736 849 3789 itt
875 3733 1067 3808 Graeco
1088 3733 1412 3808 Σιμηδικίτης
1437 3733 1622 3808 ;_mal_e
1655 3743 1844 3808 autent
1865 3735 1916 3787 in
1945 3733 2060 3789 edi-

457 3803 605 3870 tione
634 3803 935 3864 Labbzcana
964 3803 1314 3869 Simituensis,
1336 3804 1773 3861 scuSumiteusis.
1800 3803 1952 3864 Unus
1982 3815 2068 3870 cst

458 3895 490 3936 c
518 3879 708 3950 legatis
740 3877 1031 3950 provinciae
1061 3877 1484 3950 proconsularis.

527 3895 1031 4005 lcgatt51provtttcue
1061 3895 1484 3959 proconsularis.

527 3951 682 4022 (257)
760 3950 1032 4022 tgisitauw.
1067 3950 1212 4006 lllius
1256 3948 1464 4022 scilicet
1504 3963 1623 4018 quae
1671 3948 1723 4022 in
1770 3947 2059 4016 Numidia,

463 4037 572 4078 non
607 4020 748 4078 illius
775 4020 898 4092 una:
930 4023 983 4075 in
1023 4022 1339 4077 Mauritania
1371 4020 1730 4092 Caesariensi;
1764 4037 1886 4074 nant
1926 4023 2058 4092 sub-

456 4095 647 4150 scribit
669 4111 765 4163 pro
794 4089 1073 4163 Solemnio
1102 4092 1392 4163 {testiiutus
1428 4089 1835 4163 Nopqsiunensis
1860 4091 2062 4163 cpisco-

455 4183 552 4234 pus
593 4168 648 4219 in
671 4160 956 4218 Numidia.
986 4162 1069 4234 De
1110 4161 1404 4234 Tigisitanis
1434 4160 1655 4216 sedibus
1685 4160 1908 4220 consule
1955 4179 2054 4217 n0-

457 4233 565 4289 tam
591 4235 661 4292 65
681 4277 694 4299 ,
727 4236 781 4290 in
807 4234 900 4288 lib.
935 4233 1178 4300 IOptati.
1199 4273 1216 4299 ,
1248 4248 1299 4302 p.
1337 4233 1426 4288 15.

528 4307 677 4379 (258)
710 4304 1303 4379 Tisediteusis._Baluzio
1328 4302 1473 4379 idem
1499 4312 1668 4379 estac
1692 4302 2054 4379 Tididitauus,

493 4395 544 4432 ut
580 4379 632 4432 in
659 4375 853 4433 notitia
883 4375 1148 4447 Numidia:
1177 4392 1324 4430 num.
1356 4376 1460 4440 Ἡ,
1505 4375 1787 4447 lglolstenio
1818 4378 1958 4433 idem
1991 4395 2054 4434 ac

493 4395 544 4432 ιιι
580 4396 632 4432 tn
664 4394 853 4433 nouua
883 4394 1148 4447 nuntiata:
1177 4394 1324 4430 num.
1357 4394 1460 4440 24,
1505 4394 1787 4440 ttotstento
1818 4394 1958 4433 tuent
1991 4395 2050 4434 ac

455 4394 758 4519 g‘iﬁttensis,
778 4449 935 4519 quiin
952 4447 1140 4504 notitia
1163 4448 1494 4519 Mauritaniae
1509 4446 1879 4519 Calsaricusis,
1896 4450 2050 4506 11.15.

530 4523 682 4594 (ii-.9)
712 4517 1182 4594 Tuburbitauot'um
1218 4518 1503 4594 Majoruut.
1535 4517 1593 4576 In
1628 4522 1898 4594 provincia
1931 4539 2057 4593 pru-

2129 3299 2134 3304 ’
2173 3311 2354 3366 etesiae
2401 3308 2675 3366 Siccensis
2719 3307 2870 3382 (265)
2897 3305 3215 3378 Carthagini
3237 3306 3605 3372 constitutus,
3637 3321 3790 3376 prtu-

2169 3463 2318 3502 num.
2351 3446 2490 3513 “8,
2527 3455 2648 3503 nota
2679 3446 2871 3502 civitas
2907 3462 2974 3500 ex
3030 3442 3312 3514 Augustini
3345 3451 3399 3499 et
3443 3443 3631 3514 Λιγρῆ
3691 3461 3792 3500 no-

2170 3520 2426 3574 minibus.
2459 3518 2515 3574 ln
2544 3519 2803 3574 Antonini
2853 3516 3134 3572 ltinerario
3177 3515 3351 3571 media
3385 3517 3595 3570 locatur
3631 3520 3786 3572 inter

2173 3590 2474 3664 Hipponem
2493 3592 2696 3664 regium
2718 3601 2773 3648 et
2804 3589 3185 3662 Naragarratu.

2244 3658 2395 3751 (262)
2429 3658 2867 3732 Hipponiensium
2906 3658 3188 3789 r§giorum.
3229 3658 3580 3715 Notissimum
3635 3672 3796 3717 vete-

2244 3753 2316 3789 nts
2348 3733 2668 3789 Lmnoriuut
2701 3735 2754 3788 in
2799 3752 2889 3789 ora
2981 3733 3227 3789 lltllidltB.
3277 3732 3430 3789 cuius
3472 3734 3793 3789 meminere

2170 3732 2316 3791 ribus
2348 3732 2668 3801 Emporium
2701 3735 2754 3788 in
2799 3752 2889 3790 ora
2930 3732 3227 3798 Numidiae,
3277 3732 3430 3801 cujus
3472 3734 3793 3789 meminere

2171 3807 2402 3874 Strabo,
2430 3806 2785 3873 Ptulctnmus,
2819 3806 3126 3862 Antoninus
3169 3805 3219 3874 in
3251 3803 3565 3868 Itinerario,
3615 3805 3793 3862 Silius

2172 3879 2386 3934 Italicus
2407 3919 2424 3945 ,
2455 3877 2656 3949 aliique
2682 3888 2924 3944 veteres,
2970 3877 3112 3933 inter
3137 3873 3422 3929 Tabracam
3458 3885 3515 3929 et
3553 3875 3790 3949 Cirtam.

2175 3951 2301 4022 llaec
2329 3951 2456 4005 urbs
2490 3947 2788 4022 Augustini
2841 3949 3156 4022 episcopatu
3202 3956 3458 4018 quantum
3492 3947 3794 4005 nobilitata

2169 4021 2334 4077 fuerit
2365 4023 2449 4074 vix
2472 4021 2576 4076 dici
2600 4030 2800 4091 potest.

2241 4091 2396 4164 (265)
2428 4089 2766 4148 Culusitauw.
2812 4092 2869 4147 In
2923 4089 3195 4164 provincia
3251 4090 3634 4164 proconsulari
3666 4135 3683 4154 ,
3736 4104 3796 4147 ut

2168 4162 2328 4220 doCet
2372 4162 2560 4220 notitia
2607 4181 2757 4221 num.
2789 4167 2878 4222 55.
2925 4162 3239 4220 Vincentius
3281 4162 3439 4232 hujus
3479 4163 3794 4232 episcopus

2169 4237 2268 4289 l'uit
2291 4252 2428 4292 unus
2441 4253 2503 4292 cx
2521 4236 2816 4301 actoribus,
2839 4236 3233 4305 dcquibusjam
3258 4235 3490 4289 diximus
3510 4236 3562 4288 in
3585 4237 3799 4300 nncia-

2171 4307 2316 4362 Iionc
2355 4308 2668 4364 GeStorunt.
2703 4307 3004 4379 Marcianus
3045 4309 3314 4379 episcopus
3359 4305 3523 4379 plebis
3565 4306 3796 4362 Calusi-

2168 4391 2308 4435 tuna:
2353 4381 2596 4436 interluit
2633 4381 2863 4436 concilio
2904 4377 3315 4450 Qtrtltagittcnsi
3346 4380 3463 4450 sub
3491 4377 3796 4434 BOItiIacin

2166 4467 2294 4506 ann.
2326 4451 2456 4525 5'25.
2489 4453 2552 4525 lit
2579 4452 2852 4525 synodica:
2868 4449 3264 4525 _episcoporu_m
3318 4449 3619 4525 provinciae
3654 4469 3794 4522 pro-

2167 4523 2469 4579 consularis
2495 4522 2550 4578 in
2591 4522 2824 4580 concilio
2863 4523 3215 4579 Lateranensi
3249 4522 3348 4578 sub
3381 4523 3619 4576 Martino
3655 4525 3796 4578 sub-

451 4590 754 4667 .consulari,
776 4610 922 4662 nam,
943 4603 1000 4650 ut
1023 4590 1450 4667 observavimus,
1470 4594 1666 4667 oppida
1694 4590 2056 4662 ejusdentno-
2085 4595 2141 4656 Ι)
2166 4595 2360 4667 scribit;
2377 4591 2565 4667 Petrus
2584 4595 2852 4667 epis-capas
2887 4594 3128 4667 Ecclesia:
3154 4590 3550 4667 Culcitattensis:

453 4666 637 4732 minis,
666 4681 1078 4738 quorumunum
1107 4664 1306 4728 dicitur
1333 4667 1508 4735 majus
1527 4707 1542 4732 ,
1571 4664 1804 4728 alterum
1831 4668 2011 4723 minus
2034 4709 2050 4734 ,

453 4739 635 4798 solent
663 4737 788 4794 esse
811 4737 1006 4792 vicina.

525 4809 678 4883 (260)
710 4807 958 4883 Zellensis
979 4823 1073 4864 seu
1101 4810 1278 4883 potius
1303 4806 1532 4883 Telensis
1551 4808 1604 4863 in
1633 4809 1910 4883 provincia
1937 4825 2057 4879 pro-

453 4879 749 4945 consulari.
770 4891 828 4938 ut
867 4880 1029 4937 docet
1067 4881 1279 4945 notitia,
1310 4896 1458 4934 num.
1491 4882 1590 4944 te,
1621 4896 1746 4935 nam
1777 4879 2052 4936 Nataticus

451 4949 1000 5033 huiushadversarius
1040 4950 1276 5033 Te_lensis
1305 4953 1596 5033 episcopus"
1606 4952 1802 5008 dicitur
1828 4954 1884 5008 in
1915 4969 2048 5008 con.

453 5021 582 5078 cilio
607 5023 1074 5079 Cabarsussitano.
1108 5024 1326 5094 Littera;
1370 5021 1413 5075 Ζ
1459 5031 1513 5078 et
1545 5021 1596 5094 Ι
1629 5037 1775 5094 saepe
1801 5041 2048 5080 commu-

455 5103 655 5166 tantur.
681 5095 1099 5166 Attatnenbalius
1121 5105 1204 5150 est
1233 5092 1520 5166 episcopus
1541 5092 1770 5158 Telcnsis
1801 5112 1865 5152 ex
1898 5109 2049 5166 parte

450 5165 646 5238 ροηδιὶ
675 5165 894 5238 notitiae
915 5159 1092 5238 elix,
1111 5179 1230 5238 cap.
1253 5159 1380 5238 207,
1407 5159 1777 5238 undecolligit
1801 5159 2051 5226 Balitzius

452 5235 650 5294 Zellam
678 5254 706 5292 a
739 5235 863 5292 Tela
900 5237 1138 5292 differre.
1182 5235 1289 5290 Sed
1331 5238 1448 5290 ticri
1496 5235 1784 5305 potuit,'ut
1823 5240 1929 5294 duo
1959 5257 2049 5298 es-

451 5322 573 5367 sent
601 5310 842 5380 episcopi
877 5309 1170 5380 Donatistae
1192 5305 1436 5380 ejusdem
1465 5309 1652 5380 urbis,
1674 5320 1766 5366 aut
1787 5312 2045 5368 mendum

449 5382 523 5455 s_it
564 5387 613 5438 in
637 5376 872 5438 'nomittc
913 5379 1262 5455 posterioris._
1293 5376 1425 5455 Nam
1451 5377 1781 5455 -Natalicum
1819 5385 1910 5455 qui
1951 5385 2040 5442 hic

450 5451 697 5510 Zellcnsis
744 5449 939 5511 dicitur
977 5466 1032 5510 et
1076 5451 1357 5508 Donatiani
1401 5449 1781 5520 adversarius,
1826 5449 2042 5512 constat.

450 5521 716 5582 Teleusem
730 5525 895 5582 fuisse
907 5527 1217 5596 episcOpum
1232 5538 1298 5578 ex
1323 5521 1551 5596 concilio
1569 5521 2038 5586 Cabarsussitauo.

449 5596 507 5652 In
536 5599 792 5670 synodica
816 5594 1192 5670 epiSCOpot'ttut
1236 5594 1964 5670 provittobnnproconsularis
1987 5600 2040 5654 in

450 5663 677 5743 concilio
708 5663 1053 5743 Lateranettsi
1083 5663 1286 5743 legitur
1307 5682 1513 5743 nomen
1532 5663 1787 5739 Bouifacii
1815 5671 2043 5743 episcoiii

454 5738 706 5796 Telettsis.
737 5740 895 5796 Zeﬂw
924 5741 1055 5794 alias
1084 5740 1231 5804 nulla
1264 5740 1323 5795 ﬁt
1352 5742 1575 5796 mentio.

526 5809 676 5881 (~26!)
716 5811 1065 5883 Tagastensis.
1091 5810 1150 5867 1n
1193 5809 1479 5883 Numidia,
1521 5822 1583 5871 ut
1625 5812 1785 5870 docet
1828 5813 2038 5883 notitia,

2239 4665 2391 4740 (264)
2417 4663 2880 4740 Constautt'uieusis
2911 4663 3007 4740 seu
3057 4664 3338 4740 Cirtensius
3383 4663 3449 4740 itt_
3491 4663 3792 4740 Numidia.

2170 4736 2309 4796 Urbs
2334 4739 2600 4796 Numidia:
2640 4738 2904 4805 celebris;
2939 4739 3066 4791 olim
3113 4737 3256 4808 regia
3291 4736 3628 4808 Massinissa:
3670 4739 3795 4793 Me—

2165 4810 2396 4881 tropolis
2444 4810 2619 4868 civilis
2663 4811 2828 4864 totius
2877 4808 3141 4864 Numidia:
3169 4807 3188 4862 :'
3228 4807 3423 4881 Mela},
3467 4807 3793 4881 Straboni,

2165 4878 2368 4938 Caesari
2395 4924 2410 4948 ,
2443 4881 2623 4949 Livio,
2657 4881 2810 4936 Plino
2833 4923 2849 4946 ,
2881 4881 3203 4951 cactcrisque
3245 4878 3501 4952 omnibus
3533 4879 3796 4952 Geogra-

2205 4955 2289 5008 itis
2332 4965 2478 5009 nuta.
2521 4953 2578 5007 lu
2609 4948 2874 5008 Antonini
2913 4948 3196 5007 ltinerai‘io
3236 4967 3337 5021 pro
3383 4948 3531 5023 Cirta
3581 4948 3797 5023 legitur

2205 4971 2289 5008 ius
2332 4971 2478 5009 nuta.
2521 4971 2578 5007 tu
2620 4971 2874 5008 antontnt
2914 4971 3196 5007 itinerario
3237 4971 3337 5021 pro
3383 4971 3531 5008 una
3581 4971 3796 5023 tegitur

2157 4971 2327 5081 Circa.
2389 5024 2458 5082 Et
2494 5026 2548 5080 in
2591 5026 2781 5082 notitia
2827 5025 3205 5095 episcoporum
3243 5022 3516 5095 Numidia:
3547 5023 3796 5082 Cicada

2155 5113 2373 5168 quoque
2404 5098 2620 5168 legitur.
2653 5093 2996 5152 Constantina:
3019 5093 3218 5168 nomen
3242 5093 3409 5168 habet
3446 5111 3478 5150 a
3515 5097 3792 5151 Constan-

2155 5167 2263 5224 tino
2289 5167 2521 5241 Magno,
2552 5177 2609 5224 et
2632 5184 2782 5241 nunc
2809 5168 3116 5241 etiamnum
3139 5167 3240 5223 hoc
3269 5167 3491 5222 nomine
3515 5169 3789 5225 donatur.

2230 5238 2404 5316 (265)
2435 5239 2720 5316 δὶιῖςςξηδίε.Δ
2763 5238 2820 5295 In
2866 5239 3156 5316 provincia
3192 5241 3620 5316 proconsulari,
3692 5242 3794 5316 tibi

2155 5311 2286 5370 urbs
2337 5311 2491 5368 Sicca
2538 5312 2756 5369 Veneria
2794 5311 2948 5383 cujus
2983 5312 3232 5383 menti-uit
3261 5312 3573 5368 Antoninus
3597 5316 3660 5366 in
3693 5313 3796 5368 lti-

2151 5386 2388 5444 nerario.
2435 5386 2599 5454 Cujus
2621 5387 2782 5440 etiam
2827 5381 3078 5445 meminit
3110 5381 3431 5454 Procopius,
3461 5383 3605 5438 libro
3635 5400 3682 5440 ιι
3719 5387 3795 5441 dc

2151 5459 2300 5514 bello
2333 5451 2638 5526 Vandalic,
2672 5456 2852 5514 Victor
2873 5455 3141 5518 Vitensis.
3193 5463 3246 5509 et
3286 5451 3628 5527 Augustinus
3659 5498 3679 5518 .
3732 5468 3795 5512 et

2154 5531 2374 5586 Tabula:
2414 5529 2869 5600 Petttingeriante.
2909 5527 3082 5598 Hujus
3122 5527 3411 5598 cpisconus
3440 5527 3797 5600 subscripsit

2155 5604 2395 5672 cpistola:
2451 5601 2827 5670 episcoporum
2894 5600 3185 5672 provincia:
3241 5600 3664 5672 proconsularis
3731 5602 3791 5655 in

2155 5669 2386 5729 concilio
2416 5669 2774 5732 Lateratiensi
2809 5669 2911 5729 sub
2952 5670 3209 5738 Martino,
3236 5681 3294 5726 et
3319 5669 3507 5732 Casth
3541 5689 3573 5724 a
3612 5670 3794 5726 Sicca

2156 5762 2296 5800 unus
2339 5754 2422 5800 est
2463 5748 2841 5815 episcoporum
2869 5745 2964 5815 qui
2991 5744 3045 5798 in
3074 5743 3307 5799 concilio
3343 5741 3794 5815 Cartbagineusi

2155 5816 2258 5874 sub
2285 5816 2552 5889 Cypriano
2581 5817 2906 5874 sententiam
2937 5815 3210 5884 dixerunt.
