3972 6328
527 334 666 392 1519

1450 332 1671 392 GESTA
1714 330 2174 393 COL[.AT|0NIS
2209 333 2838 396 CARTHACINENSIS.

3639 349 3745 409 1520

521 449 888 522 suprascripta
933 445 1180 503 mandavi
1216 447 1290 521 [et
1333 447 1678 520 subscripsi.]
1725 448 1838 517 Quo
1867 449 2083 503 recitato
2109 489 2125 511 ,
2154 466 2209 526 Α
2233 449 2485 520 expedit,
2521 450 2572 506 id
2606 467 2830 508 necesse
2873 459 2957 508 est
2983 494 2996 519 ,
3043 460 3101 507 ut
3145 467 3263 508 cum
3302 469 3448 510 causa
3482 472 3746 533 peroratur,

523 543 938 601 Fortunatianus
1006 543 1279 613 episcopus
1338 539 1588 596 Ecclesia:
1653 539 1921 595 catholica:
1975 540 2126 594 dixit.

522 637 722 694 Custos
773 643 857 691 est
895 634 1218 690 tabularum.
1288 633 1679 688 Valentinianus
1725 632 1977 688 diaconus
2023 632 2129 704 epi-

519 729 663 797 scOpi
693 727 950 782 Primiani
977 727 1131 783 dixit.
1175 725 1446 783 Emeritus
1480 736 1565 783 est
1596 725 1729 782 illic.
1759 725 1824 780 Et
1861 724 2133 780 accedente

529 822 792 892 Emerita,
842 822 978 878 idem
1035 823 1188 878 dixit.
1239 823 1492 894 Agnosco
1541 837 1686 876 eum.
1751 818 1820 874 Et
1875 821 2128 875 recitavit.

515 915 828 972 Restitutus
879 916 1167 988 episcopus
1215 915 1543 984 Tagorensis
1607 913 1762 986 (275)
1819 912 2131 984 Carthagini

525 1009 850 1065 constitutus
895 1017 1164 1080 prasente
1203 1008 1320 1063 viro
1366 1007 1670 1063 clarissimo
1712 1005 1926 1062 tribuno
1953 1017 2001 1061 et
2038 1019 2134 1060 no-

529 1104 666 1160 tario
685 1103 1019 1168 Marcellino,
1032 1101 1394 1173 suprascripta
1417 1099 1666 1155 mandavi
1693 1097 1774 1172 [et
1787 1094 2131 1169 subscripsi.]

532 1198 649 1265 Quo
682 1198 916 1262 recitato,
943 1194 1357 1251 Fortunatianus
1382 1193 1658 1265 episcopus
1681 1191 1932 1247 Ecclesia:
1958 1190 2137 1244 catho-

528 1292 643 1347 lica:
680 1291 834 1346 dixit.
876 1291 1049 1346 Etiam
1089 1289 1203 1360 ipse
1232 1297 1415 1345 custos
1441 1298 1526 1343 est
1567 1286 1892 1342 tabularum.
1947 1283 2137 1338 Valen-

530 1385 757 1440 tinianus
796 1383 1044 1438 diaconus
1085 1382 1314 1453 episcopi
1362 1379 1621 1435 Primiani
1671 1379 1823 1434 dixit.
1883 1376 2002 1432 Non
2041 1375 2136 1430 ha-

529 1477 740 1536 bemus.
774 1476 842 1532 Et
876 1477 1126 1533 recitauit.
1163 1475 1273 1532 Leo
1315 1476 1602 1547 episcOpus
1646 1473 1927 1545 municipii
1979 1471 2132 1542 Mop-

533 1572 701 1628 tensis
736 1569 886 1644 (276)
927 1570 1254 1641 Carthagine
1285 1569 1612 1625 constitutus
1652 1574 1922 1640 praesente
1965 1565 2029 1620 V.
2069 1563 2134 1619 C.

533 1665 749 1722 tribuno
777 1672 834 1720 et
863 1663 1074 1721 notario
1115 1663 1427 1719 Marcellino
1467 1663 1837 1734 suprascripta
1881 1659 2135 1716 mandavi

531 1769 588 1815 et
627 1757 942 1829 subscripsi.
979 1756 1095 1823 Quo
1131 1758 1379 1825 recitato,
1420 1756 1556 1811 idem
1601 1755 1750 1810 dixit.
1800 1754 1984 1810 Habeo
2029 1752 2136 1809 Fe-

2235 558 2357 598 cum
2415 545 2566 615 prius
2615 545 2892 616 incipitur,
2939 557 2995 602 ut
3040 546 3199 604 etiam
3244 565 3473 619 personae
3509 564 3745 624 constent,

2233 647 2378 694 stare
2429 638 2672 711 singulos
2727 640 2956 709 deceat,
3000 643 3191 713 quibus
3217 644 3390 701 subire
3415 648 3645 719 contingit
3666 651 3748 706 dis-

2234 733 2556 803 ceptationis
2585 749 2834 791 examen.
2887 733 2956 791 Et
3008 738 3114 792 alia
3150 754 3320 793 manu.
3383 739 3749 816 Petilianusepi-

2234 841 2436 896 seopus
2475 830 2790 899 recognovi.

2311 907 2434 964 M6.
2466 908 2810 964 Marcellinus
2832 910 2910 964 vir
2923 911 3240 966 clarissimus
3264 912 3545 991 tribunuset
3570 919 3749 973 notarius

2235 1000 2388 1054 dixit.
2420 1000 2684 1068 Quoniam
2715 1002 2891 1058 oblata
2933 1013 3147 1059 recusat
3184 1007 3431 1062 sanctitas
3454 1016 3639 1077 vestra,
3664 1025 3753 1080 pars

2237 1093 2324 1150 illa
2355 1096 2637 1152 tractanda
2664 1107 2778 1165 est,
2813 1109 2870 1154 ut
2895 1101 3016 1171 quia
3048 1101 3191 1157 sicut
3218 1103 3380 1158 voluit
3404 1115 3564 1161 vestra
3589 1109 3752 1180 religio,

2238 1188 2616 1246 universorum
2666 1193 2754 1264 qui
2804 1194 3246 1266 subscripserunt
3280 1198 3610 1257 demonstrata
3651 1219 3750 1272 pne-

2237 1281 2411 1336 sentia
2433 1292 2537 1349 est,
2559 1285 2853 1341 secundum
2885 1287 3110 1343 formam
3140 1290 3372 1346 caelestis
3401 1295 3610 1360 oraculi,
3630 1311 3754 1366 spon-

2237 1374 2407 1432 sionis
2462 1393 2676 1450 quoque
2723 1391 2917 1437 vestrae
2968 1399 3238 1440 memores
3265 1427 3280 1452 ,
3319 1385 3545 1455 deligatis
3583 1388 3756 1445 idoneos

2237 1479 2436 1526 vestrae
2483 1472 2690 1528 scilicet
2741 1475 3057 1531 assertionis
3101 1487 3352 1544 actores,
3407 1478 3578 1550 quibus
3619 1480 3755 1550 dispu-

2242 1565 2477 1621 tantibus
2508 1607 2522 1632 ,
2553 1578 2714 1639 atque
2745 1570 3106 1626 multitudinis
3137 1572 3276 1626 sicut
3314 1583 3434 1630 ante
3467 1575 3636 1644 placuit
3659 1590 3753 1630 con-

2240 1655 2451 1714 fusione
2480 1662 2689 1716 seclusa
2716 1704 2730 1730 ,
2760 1662 2920 1734 plene
2951 1666 3162 1734 possint
3194 1666 3435 1723 universa
3459 1670 3690 1740 cognosci.

2312 1752 2437 1808 147.
2490 1751 2751 1809 Emeritus
2783 1758 3054 1828 episcopus
3090 1758 3246 1816 dixit.
3285 1760 3392 1816 Res
3436 1761 3483 1815 in
3519 1762 3636 1817 vado
3669 1773 3757 1828 est,

534 1853 711 1909 licem.
758 1851 830 1908 Et
875 1851 1146 1907 accedente
1174 1849 1351 1906 Felice
1377 1892 1392 1917 ,
1420 1849 1556 1905 idem
1585 1849 1738 1905 dixit.
1781 1849 2031 1921 Agnosco
2072 1847 2138 1902 il-
2165 1869 2214 1930 Β
2242 1844 2611 1901 mandantium
2639 1863 2864 1918 persona
2889 1866 3128 1921 praesens
3151 1863 3257 1921 est,
3282 1853 3574 1910 mandatum
3601 1871 3760 1926 quoque

538 1944 668 2000 lum.
701 1943 772 2000 Et
798 1945 1047 2000 recitavit.
1080 1943 1328 2000 Asterius
1362 1942 1650 2014 episcopus
1678 1941 1848 2012 plebis
1886 1939 2136 1996 Viccnsis

536 2040 688 2112 (277)
713 2039 1038 2112 Carthagine
1065 2039 1392 2096 constitutus
1411 2053 1596 2094 coram
1624 2035 1688 2092 γ.
1717 2035 1800 2092 Cl.
1839 2035 2058 2090 tribuno
2083 2042 2139 2090 et

536 2136 750 2188 notario
785 2133 1095 2190 Marcellino
1144 2129 1577 2205 [suprascripta]
1623 2129 1874 2185 mandavi
1907 2137 1964 2185 et
2008 2127 2138 2184 sub-

537 2229 750 2300 scripsi.
789 2228 903 2296 Quo
932 2229 1164 2296 recitato,
1193 2227 1327 2283 idem
1359 2227 1508 2282 dixit.
1542 2227 1598 2282 lu
1633 2225 1752 2297 ipso
1777 2224 1898 2280 solo
1926 2239 2138 2280 mecum

539 2321 680 2376 alius
703 2322 991 2392 episcopus
1029 2337 1136 2378 non
1200 2330 1304 2378 est.
1350 2321 1416 2375 Et
1453 2321 1724 2376 accedente
1770 2319 1980 2376 Urbano
2029 2320 2140 2390 epi-

537 2432 714 2490 scOpo,
755 2417 892 2472 idem
920 2417 1070 2472 dixit.
1115 2417 1257 2472 Deus
1286 2415 1468 2485 videt,
1499 2417 1625 2487 quia
1670 2429 1779 2471 non
1808 2413 1958 2470 illum
1991 2413 2139 2470 novi.

615 2510 740 2592 114.
775 2509 1110 2566 Marcellinus
1125 2510 1202 2565 vir
1230 2509 1548 2564 clarissimus
1570 2508 1806 2564 tribunus
1826 2519 1874 2563 et
1904 2509 2142 2563 notarius

538 2602 692 2659 dixit.
733 2603 1055 2660 iamdudum
1085 2618 1172 2660 me
1209 2603 1469 2660 obtulisse
1507 2602 1776 2658 sanctitati
1823 2611 2026 2657 vestra:
2056 2607 2143 2654 sat

537 2707 746 2756 certum
802 2708 922 2768 est,
978 2708 1038 2756 ut
1089 2699 1418 2771 competenti
1483 2697 1783 2754 reverentia
1812 2739 1827 2764 ,
1890 2696 2144 2753 sedentes

538 2792 719 2849 omnia
749 2794 1053 2850 tractaretis
1082 2809 1096 2847 :
1125 2793 1392 2864 siquidem
1419 2792 1553 2848 mihi
1573 2807 1867 2848 onerosum
1891 2806 2012 2847 esse
2035 2805 2144 2845 non

540 2888 761 2956 nescio,
813 2896 895 2944 tot
932 2886 1333 2944 venerabilibus
1386 2885 1519 2941 viris
1569 2885 1836 2942 stantibus
1880 2883 2142 2940 residere.

539 2981 699 3040 Unde
727 2981 814 3037 vel
844 2995 988 3037 nunc
1027 2977 1370 3036 multitudine
1406 2987 1743 3051 sequestrata
1771 3019 1786 3040 ,
1827 2977 2020 3034 sedere
2056 2975 2145 3031 di-

543 3075 807 3148 gnemini.

617 3157 739 3214 145.
797 3154 1089 3211 Petilianus
1138 3153 1405 3228 episcopus
1458 3153 1613 3210 dixit.
1669 3152 1892 3225 Agimus
1944 3153 2146 3224 gratias

2241 1937 2498 2005 ferimus;
2551 1941 2644 1995 sed
2703 1951 2760 1995 ut
2805 1952 3048 1998 actorum
3105 1944 3239 2001 ﬁdes
3283 1947 3440 2002 etiam
3481 1962 3586 2002 eum
3626 1956 3760 2002 nostra

2241 2031 2640 2102 subscriptione
2679 2033 3036 2106 adstipulatur
3062 2079 3078 2105 ,
3111 2049 3166 2093 et
3201 2038 3456 2110 professio
3480 2039 3760 2104 recitabitur.

2244 2135 2298 2182 et
2337 2142 2460 2198 qua:
2496 2128 2548 2183 in
2583 2129 2780 2200 placito
2807 2132 3112 2203 subscripta
3159 2144 3288 2192 sunt
3313 2176 3329 2202 ,
3377 2137 3503 2192 actis
3529 2137 3759 2192 haerebunt.

2247 2217 2315 2274 Et
2339 2221 2444 2274 alia
2477 2238 2653 2276 manu.
2686 2223 2960 2280 Emeritus
2987 2227 3278 2297 episcopus
3305 2229 3594 2300 recognovi.

2320 2314 2442 2370 M8.
2476 2313 2812 2372 Marcellinus
2839 2319 2915 2373 vir
2938 2319 3268 2377 clarissimus
3296 2323 3514 2378 tribuam
3531 2333 3574 2378 et
3594 2325 3766 2378 notarius

2247 2407 2398 2463 dixit.
2445 2408 2768 2481 Susceptum
2813 2414 3126 2470 mandatum
3163 2417 3237 2472 ab
3273 2417 3448 2474 ofﬁcio
3471 2420 3697 2476 recitetur.
3722 2419 3766 2474 Et

2247 2519 2364 2557 cum
2413 2503 2776 2574 tradidissent,
2810 2506 3126 2578 Ruﬁnianus
3149 2512 3416 2567 subscribe
3440 2515 3653 2568 recitavit.
3678 2514 3768 2568 Post

2249 2597 2594 2653 consulatum
2646 2598 2876 2656 Varanis
2933 2603 3032 2658 viri
3083 2604 3383 2661 clarissimi
3431 2611 3599 2662 octavo
3635 2606 3768 2661 kalen-

2247 2690 2437 2746 darum
2469 2691 2750 2748 luniarum
2770 2694 3488 2767 Cat-tbaginiJunuarianus,
3517 2700 3766 2765 Primianus,

2250 2786 2402 2843 Felix
2427 2829 2443 2854 ,
2477 2788 2718 2844 Donatus
2743 2831 2759 2856 ,
2803 2787 3104 2848 Candorins
3129 2833 3144 2860 ,
3181 2792 3446 2865 Optatus,
3484 2795 3767 2856 Domitianus,

2250 2881 2623 2948 Antonianus,
2681 2882 3062 2951 Victorianus,
3119 2885 3305 2942 lt‘ortis
3363 2897 3418 2945 et
3467 2889 3649 2954 exteri,
3686 2886 3768 2941 Pri-

2252 2975 2466 3040 miano,
2522 2973 2820 3042 Petiliano,
2872 2976 3152 3044 Emerito,
3219 2979 3495 3046 Protasio,
3547 2979 3767 3039 Montano,

2252 3067 2559 3124 Gaudentio
2581 3109 2596 3132 ,
2629 3067 2912 3124 Adeodato
2935 3071 3282 3142 coepiscopis
3327 3072 3514 3127 nostris
3548 3079 3768 3142 pnesentes

2253 3163 2611 3234 praesentibus
2649 3162 2902 3219 salutem.
2932 3163 3256 3221 Mandamus
3287 3165 3437 3222 vobis
3476 3163 3685 3220 Ecclesia
3706 3161 3769 3216 Dei

543 3247 968 3305 honoriﬁcentia:
1000 3257 1105 3303 tua:
1131 3289 1145 3313 ,
1176 3247 1259 3302 vir
1285 3245 1482 3304 nobilis
1507 3288 1524 3313 ,
1552 3245 1697 3318 quod
1732 3246 1854 3301 talis
1899 3260 1962 3300 ac
2001 3253 2146 3299 tanta
2176 3271 2220 3336 ο
2253 3273 2505 3326 causam,
2549 3255 2972 3327 defensoresque
3017 3272 3113 3313 νος,
3165 3257 3398 3314 facimus
3446 3257 3665 3314 adversus
3698 3263 3772 3307 ιη.

540 3353 627 3401 est
662 3353 750 3399 tua
786 3344 959 3415 pietas
979 3385 994 3409 .
1019 3353 1077 3398 ut
1101 3343 1453 3400 benemeritis
1484 3342 1616 3398 viris
1642 3340 2148 3413 antiquissimisque

539 3437 914 3495 sacerdotibus
941 3446 996 3494 et
1037 3445 1115 3492 tot
1140 3436 1572 3505 persecutionum
1594 3434 1789 3506 palmis
1805 3432 2148 3500 ﬂorentibus,

544 3527 685 3586 hanc
715 3530 1100 3602 benignitatem
1140 3540 1400 3602 praestare
1448 3527 1690 3601 digneris
1728 3536 1787 3582 ut
1831 3526 2149 3599 gravissima

543 3635 799 3681 senectus
822 3666 838 3692 ,
864 3641 985 3696 quae
1013 3634 1202 3681 ornata
1243 3633 1328 3680 est
1363 3624 1524 3680 annis
1549 3633 1604 3680 et
1647 3623 1855 3679 meritis
1880 3623 1994 3678 suis
2013 3662 2028 3688 ,
2062 3635 2152 3675 se-

541 3715 722 3772 dendo
771 3731 894 3774 sese
934 3718 1182 3787 reﬁciat,
1216 3734 1284 3774 ne
1319 3718 1513 3774 stando
1540 3717 1746 3773 diutius
1784 3716 2036 3772 laborare
2079 3715 2153 3770 vi-

545 3808 769 3878 deatur,
817 3825 887 3867 ne
931 3810 1019 3866 hic
1053 3826 1266 3884 quoque
1304 3812 1456 3868 labor
1500 3819 1694 3867 oneret
1723 3809 1966 3866 modicas
2005 3809 2150 3866 vires

544 3904 860 3962 senectutis.
890 3902 998 3961 Sed
1025 3905 1280 3975 quoniam
1305 3903 1447 3960 vires
1470 3903 1728 3959 Dominus
1747 3902 2149 3968 subministrat,

542 3995 824 4068 ipsamque
871 3997 1231 4054 reverendam
1288 4005 1630 4054 senectutem
1680 3995 1810 4050 facit
1865 4009 1985 4050 esse
2043 3993 2153 4048 for-

543 4091 738 4148 tiorem
761 4133 777 4158 ,
830 4106 936 4147 non
977 4090 1380 4156 erubescimus,
1418 4105 1525 4144 non
1555 4097 1824 4155 ,veremur
1847 4128 1862 4154 ,
1901 4101 2009 4140 non
2046 4084 2154 4140 evi-

547 4193 724 4241 tamus
753 4191 808 4241 te
834 4183 1106 4240 residente
1140 4224 1156 4251 ,
1185 4184 1268 4238 vir
1309 4182 1537 4247 nobilis,
1588 4180 1820 4236 libenter
1856 4178 2147 4235 adsistere.

543 4276 819 4347 Siquidem
851 4276 952 4332 hoc
979 4290 1080 4332 nec
1101 4275 1352 4332 Christus
1382 4274 1667 4344 Dominus;
1688 4281 1875 4330 noster
1901 4272 2153 4328 vitaverit

549 4383 673 4426 eum
719 4376 846 4424 ante
889 4368 1173 4441 praesidem
1223 4369 1444 4426 stetisse
1489 4368 1743 4440 dignatus
1780 4378 1862 4424 est
1889 4410 1903 4434 ,
1948 4377 2151 4440 quanto

551 4464 722 4536 magis
762 4479 860 4521 nos
898 4451 1355 4521 non'reeusamus
1381 4504 1396 4529 ,
1439 4478 1562 4520 cum
1603 4472 1660 4517 tu
1690 4460 2058 4531 honoriﬁcus,
2094 4471 2151 4517 tu

543 4559 722 4631 justus
746 4601 760 4626 ,
809 4569 864 4616 tu
898 4574 1187 4630 reverens,
1224 4569 1279 4616 tu
1311 4558 1574 4631 benignus
1599 4599 1612 4622 ,
1641 4556 1781 4612 hanc
1803 4556 2000 4612 oll‘eras
2027 4571 2153 4628 gra-

2255 3351 2461 3408 ditores
2493 3357 2978 3420 persecutoresquc
3011 3358 3234 3405 nostros
3258 3391 3274 3418 ,
3311 3351 3399 3422 qui
3442 3364 3531 3404 nos
3556 3348 3602 3403 in
3621 3343 3770 3415 judicio

2253 3442 2357 3500 viri
2401 3440 2688 3498 clarissimi
2733 3441 3046 3512 spectabilis
3078 3442 3284 3497 tribuni
3315 3451 3370 3497 et
3405 3442 3579 3496 notarii
3606 3435 3771 3494 Marcel-

2256 3535 2351 3592 lini
2377 3577 2392 3602 ,
2425 3550 2522 3605 per
2553 3533 3001 3604 supplicationem
3045 3548 3198 3589 suam
3250 3535 3518 3606 proposito
3543 3531 3686 3588 edicto
3718 3527 3773 3579 in-

2252 3628 2495 3698 quietare
2520 3625 2808 3682 voluerunt
2839 3667 2854 3692 ,
2877 3636 2937 3682 ut
2961 3641 3148 3680 eorum
3181 3627 3564 3683 intentionibus
3609 3636 3772 3691 respon-

2252 3719 2446 3777 deatis.
2475 3718 2742 3790 Quicquid
2785 3719 3004 3790 egeritis
3033 3733 3132 3789 pro
3158 3727 3306 3775 statu
3331 3729 3523 3776 sancta:
3549 3713 3770 3775 Ecclesiz.

2253 3822 2426 3869 ratum
2480 3827 2578 3867 nos
2629 3811 2944 3877 habituros,
3002 3824 3186 3867 nostra
3243 3812 3621 3884 subscriptione
3659 3808 3774 3880 proﬁ-

2256 3917 2452 3963 temur.
2484 3903 2551 3959 Et
2582 3905 2688 3960 alia
2720 3922 2893 3960 manu.
2937 3905 3202 3976 Optamus
3243 3922 3340 3962 vos
3381 3908 3431 3962 in
3464 3905 3658 3961 Domino
3678 3901 3774 3956 bene

2254 3998 2435 4054 valere
2463 4007 2518 4054 et
2542 3996 2714 4052 nostri
2743 4011 3012 4053 memores
3039 4013 3181 4054 esse.
3217 4000 3337 4067 Qua
3366 4002 3581 4054 recitato.

2327 4089 2451 4145 M9.
2509 4089 2846 4146 Marcellinus
2891 4091 2968 4162 vir
3006 4091 3334 4147 clarissimus
3373 4093 3591 4146 tribunus
3613 4100 3650 4145 et
3671 4096 3774 4142 nota-

2251 4183 2360 4238 rius
2385 4184 2538 4238 dixit.
2587 4184 3028 4256 Subscriptiones
3070 4186 3230 4258 hujus
3261 4204 3476 4260 quoque
3503 4185 3698 4242 mandati
3722 4197 3778 4236 re-

2252 4275 2522 4348 legantur.
2591 4276 2905 4348 Ruﬁnianus
2969 4279 3137 4334 scriba
3198 4282 3453 4336 recitavit.
3499 4277 3778 4336 Januariauus

2252 4372 2539 4444 episcopus
2590 4370 2910 4428 Casensium
2947 4373 3294 4444 Nigrensium
3347 4375 3495 4447 (278)
3541 4374 3645 4429 huic
3676 4384 3779 4424 man-

2251 4466 2382 4523 dato
2412 4476 2600 4524 nostro
2629 4467 2947 4538 subscripsi.
2995 4468 3128 4526 Item
3171 4470 3284 4525 alia
3328 4488 3500 4526 manu.
3547 4467 3778 4526 Primianus

2253 4560 2541 4631 episc0pus
2571 4559 3018 4631 Carthaginiensis
3062 4562 3185 4618 huic
3236 4565 3492 4622 mandato
3536 4556 3776 4623 subscripsi.

548 4652 680 4709 tiam
727 4668 848 4724 qua:
884 4653 982 4709 tibi
1047 4669 1077 4709 a
1125 4653 1354 4711 Domino
1383 4659 1790 4710 remuneratore
1819 4648 2150 4720 dignissimis
2178 4664 2229 4724 ι)
2255 4649 2390 4706 Item
2419 4651 2527 4705 alia
2573 4667 2750 4706 manu.
2783 4650 2934 4708 Felix
2963 4653 3111 4710 urbis
3149 4655 3338 4713 Roma:
3383 4657 3644 4728 episc0pus
3671 4647 3776 4723 (9.79)

547 4746 787 4818 praemiis
831 4745 1267 4818 frequentissime
1313 4745 1614 4803 referatur?
1663 4743 1719 4799 Id
1761 4750 1941 4798 autem
1986 4743 2145 4800 nobis

547 4886 688 4924 mare
729 4871 1010 4947 aliquando
1039 4873 1277 4947 ignobilis
1301 4914 1316 4940 ,
1335 4889 1479 4947 nunc
1504 4871 1624 4947 quia
1650 4865 1805 4947 tib“?
1830 4869 1971 4947 τεθὶᾳ
2003 4868 2101 4947 [υἷε
2121 4909 2138 4936 ν

548 4950 595 5012 et
623 4943 756 5012 quod
783 4939 1016 5000 Ctesarea
1047 4939 1300 5000 tiocitatur
1328 4944 1566 4998 illustris.
1592 4939 1810 5012 Solinus
1840 4939 1985 5012 regis
2005 4940 2140 5012 Boce

548 5009 639 5085 chi
690 5015 890 5085 regiam
937 5017 1277 5085 postmodum
1329 5013 1483 5070 Jubae
1509 5054 1524 5077 ,
1563 5009 1926 5085 indulgentia
1958 5011 2142 5084 populi

549 5080 780 5156 Romani
817 5080 962 5141 dono
1005 5089 1185 5143 datam
1238 5087 1509 5143 observat.
1561 5083 1714 5156 Nunc
1765 5080 1982 5156 putatur
2022 5080 2145 5139 esse

549 5153 756 5226 Algerii
798 5157 1006 5214 civitas.
1065 5159 1337 5214 Emeritus
1381 5156 1500 5226 ejus
1543 5153 1834 5226 episcopus
1866 5156 2145 5210 Donatista

549 5240 693 5302 unus
719 5225 820 5284 fuit
843 5244 874 5284 e
920 5239 1126 5302 septem
1157 5225 1430 5284 actoribus
1457 5225 1623 5302 partis
1649 5225 1845 5302 Donati
1872 5270 1889 5302 ε
1920 5236 1978 5283 et
2009 5229 2150 5282 Deu-

550 5297 719 5353 terius
767 5297 1066 5358 catholicus
1116 5315 1256 5356 unus
1298 5317 1330 5356 e
1377 5297 1696 5356 custodibus
1745 5299 2050 5355 tabularum
2081 5315 2150 5354 ex

551 5380 703 5439 parte
737 5372 1161 5430 Catholicorum.

623 5439 774 5518 (275)
831 5444 1156 5516 Tagorensis.
1188 5443 1605 5518 ﬂujtts__'I‘agorte
1649 5457 1771 5518 qua:
1810 5441 1864 5496 in
1913 5457 2144 5513 procon-

550 5513 763 5590 sulari,
810 5513 926 5572 non'
945 5518 1089 5574 illius
1117 5534 1239 5590 qua:
1267 5513 1320 5574 in
1353 5513 1624 5572 Numidia.
1658 5513 1788 5590 Yide
1814 5530 1996 5590 supra,
2030 5521 2142 5568 not.

548 5582 677 5641 201.
711 5584 998 5645 Restitutus
1029 5593 1074 5646 is
1111 5582 1208 5646 luit
1251 5604 1388 5646 unus
1421 5604 1452 5645 e
1495 5584 1808 5643 custodibus
1835 5585 2144 5641 chartarum

547 5669 618 5712 ex
642 5668 796 5727 parte
818 5659 1242 5719 Catholicorum.

617 5724 771 5803 (276)
828 5729 1130 5805 Moptensis.
1180 5733 1239 5788 In
1311 5731 1628 5790 Mauritania
1673 5727 1950 5805 Sitifensi.
1983 5724 2150 5805 Cujus

550 5800 842 5878 provinciae
894 5800 1100 5878 legatus
1151 5806 1241 5878 hie
1269 5805 1379 5861 Leo
1423 5805 1619 5878 adfuiu
1647 5800 2144 5878 concili9_Cartlta-

549 5870 760 5948 giliensi
789 5897 916 5940 ann.
947 5870 1076 5939 119.
1105 5877 1334 5948 Quidam
1363 5875 1580 5936 codices
1607 5874 1810 5936 habent
1839 5870 2144 5930 .lloctensis.

2257 4746 2383 4802 huic
2412 4743 2667 4800 mandato
2708 4745 3026 4817 subscripsi.
3059 4746 3192 4802 Item
3227 4751 3339 4805 alia
3392 4767 3558 4805 manu.
3603 4747 3781 4801 Donatus

2248 4867 2416 4936 Mopti
2446 4866 2797 4938 municipium
2826 4868 3058 4925 habetur
3105 4871 3158 4926 in
3203 4873 3406 4928 tabulis
3433 4871 3654 4940 Peuting.
3678 4865 3779 4940 idem

2246 4940 2463 5016 videtur
2502 4954 2622 5016 esse
2661 4955 2783 5016 eum
2827 4940 3116 5016 Mgsolertsi
3138 4985 3154 5010 ,
3183 4945 3252 5000 de
3280 4959 3392 5016 quo
3423 4948 3474 4999 in
3504 4939 3664 4999 notitia
3694 4939 3782 4992 Siti-

2248 5010 2418 5067 fensis
2450 5009 2761 5080 provincia',
2793 5027 2849 5066 η.
2881 5013 2972 5068 53.

2323 5083 2496 5154 (27η
2539 5081 2795 5138 Vicensis.
2843 5083 3007 5141 Forte
3048 5084 3170 5140 Vico
3197 5084 3454 5142 Pacensis
3477 5086 3528 5142 in
3569 5081 3776 5140 Numidia.

2249 5152 2591 5227 quieultima
2638 5164 2724 5227 est
2754 5155 2934 5227 _sedes
2966 5155 3020 5211 in
3065 5156 3183 5227 ejus
3211 5162 3426 5213 notitia.
3457 5157 3670 5214 Concilio
3691 5154 3779 5227 lier-

2253 5221 2556 5292 thaginensi
2599 5225 2698 5280 sub
2742 5225 3013 5296 Cypriane
3052 5221 3299 5284 interluit
3343 5230 3612 5285 Ianuarius
3641 5243 3667 5279 a
3695 5221 3778 5296 Vita

2257 5296 2682 5371 Cesaris,_et_in
2713 5294 2943 5371 eoi—tellio
2985 5300 3398 5371 Carthaginensi
3441 5302 3538 5358 sub
3570 5294 3779 5354 Bonifatio

2256 5367 2556 5442 antrto7525j
2586 5366 2956 5442 Florentianus
2989 5366 3428 5442 VicOpaEatensis.

2330 5439 2480 5512 (278)
2507 5437 3196 5512 Casensium-Nigrensium.
3255 5445 3312 5499 In
3341 5443 3580 5501 Numidia
3607 5444 3779 5495 famosus

2255 5523 2340 5585 est
2370 5511 2607 5585 Donatus
2639 5511 2830 5566 aCasis
2865 5511 3048 5585 Nigris
3075 5525 3264 5572 auctor
3290 5516 3604 5572 sehismatis.
3631 5513 3778 5585 Janua-

2255 5584 2441 5639 rianus
2485 5583 2689 5653 primas
2732 5594 2850 5639 erat
2894 5583 3271 5656 episcoporum
3304 5588 3634 5642 Numidarum
3658 5583 3778 5652 partis

2254 5654 2484 5715 Donati,
2539 5663 2598 5709 ut
2641 5654 2802 5711 docet
2851 5656 3121 5713 indiculus
3160 5658 3388 5715 Possidii
3429 5659 3481 5715 in
3510 5657 3671 5715 codice
3690 5651 3778 5707 Col-

2257 5725 2500 5802 bertino,
2541 5725 3155 5802 gt_l_emt_n_a_ep._t.xvm
3185 5730 3242 5787 S.
3271 5729 3410 5802 Aug.

2280 5869 2289 5880 .
2327 5795 2483 5880 (ῳ)
2533 5793 2688 5880 Felix
2750 5792 3679 5880 Urbi.s'nRomx._Pseudo—episcopus
3699 5792 3774 5852 sci-

2255 5869 2384 5927 licet
2407 5867 2766 5927 Moutensiutu
2795 5870 2888 5942 qui
2915 5871 3106 5932 Romae
3125 5873 3421 5948 degebant.
