3972 6328
162 299 168 302 -
205 259 338 316 1521
1156 260 1381 318 GESTA
1421 259 1870 317 COLLATIONIS

1988 259 2140 316 .R’l‘ll
2151 259 2307 318 AGIN
2317 257 2528 320 ENSIS.
3199 298 3210 308 κ
3355 263 3490 320 1522

206 379 498 448 episcopus
551 376 922 433 Botrianeusis
970 376 1120 449 (280)
1173 377 1297 433 huic
1346 379 1599 433 mandato
1671 378 1796 432 sub-
1830 381 1876 437 A
1911 376 2090 430 Roma
2144 377 2293 431 dixit.
2349 378 2414 431 Et
2455 374 2701 431 mandavi
2754 384 2806 431 et
2857 376 3174 444 subscripsi.
3223 377 3491 431 Possidius

203 473 422 542 scripsi.
459 471 591 525 Item
619 473 723 525 alia
765 488 940 525 manu.
992 471 1273 526 Flarianus
1320 475 1605 540 epist-Opus
1649 473 1797 527 Puti-
1902 471 2180 540 episcopus
2207 469 2456 525 Ecclesia
2480 470 2746 524 catholica
2777 470 2928 525 dixit.
2959 470 3062 527 Ubi
3093 480 3178 526 est
3205 470 3391 527 Felix?
3433 470 3498 524 Et

201 565 402 621 ziensis
431 563 583 636 (281)
615 564 929 634 subscripsi.
979 563 1110 618 Item
1140 565 1246 618 alia
1285 581 1460 618 manu.
1499 562 1800 619 Cundorius
1903 563 2009 616 alia
2055 579 2235 616 manu.
2266 563 2603 634 Recogttovi.

202 657 492 727 episcopus
547 657 907 729 Aggeritanus
951 657 1266 726 subscripsi.
1301 656 1433 712 Itent
1477 658 1582 712 alia
1619 675 1797 713 manu.
1982 655 2103 710 158.
2148 655 2388 710 Aurelius
2438 659 2708 727 episcopus
2763 655 3013 712 Ecclesia
3053 656 3319 711 catholica
3347 657 3500 710 dixit.

204 751 856 821 Antonianus'episeopus
877 749 1276 805 Lamsorteusis
1298 749 1450 823 (282)
1481 750 1802 821 subscripsi.
1909 749 2044 805 Esto
2067 789 2082 813 ,
2115 750 2237 819 quia
2270 749 2418 804 urbis
2457 747 2996 820 Romae'episcopum
3028 764 3086 803 se
3115 749 3266 803 dicit.
3327 748 3508 816 Quare

208 843 326 911 Quo
356 843 589 898 recitato.
1910 841 2299 912 praejudicatur
2329 841 2539 897 absenti
2571 841 2769 914 (285)?
2799 840 2865 896 Et
2908 840 3015 895 alia
3059 857 3237 895 manu.
3291 840 3500 911 Recog-

279 935 409 990 150.
445 934 717 989 Possidius
759 934 1028 1006 cpiswpus
1071 933 1316 990 Ecclesia
1346 933 1614 990 catholica
1652 933 1804 989 dixit.
1914 936 2061 992 novi.

205 1028 530 1084 Noverimus
603 1026 766 1083 etiam
832 1028 1072 1098 ipsorum
1128 1027 1494 1099 praesentiam.
1545 1025 1638 1100 [Et
1704 1027 1812 1082 alia
1987 1028 2111 1084 159.
2155 1027 2452 1082 Petilianus
2493 1027 2764 1096 episcopus
2816 1027 2965 1082 dixit.
3017 1027 3148 1096 Quae
3177 1027 3317 1082 ratio
3363 1024 3515 1096 (28.1)

208 1118 390 1191 manu]
432 1120 762 1190 Recognovi.
1916 1119 2023 1176 huc
2066 1135 2189 1174 cum
2221 1120 2478 1175 detulerit
2508 1121 2690 1174 nullus
2730 1120 2964 1190 ignorat.
2997 1119 3345 1175 Nobilitatem
3395 1135 3516 1173 om-

288 1212 413 1267 151.
472 1210 807 1266 Marcellinus
857 1211 933 1265 vir
973 1212 1288 1266 clarissimus
1341 1211 1579 1266 tribunus
1628 1221 1673 1266 et
1722 1229 1816 1266 no-
1919 1229 2041 1268 nem
2077 1213 2164 1268 hic
2212 1229 2338 1268 esse
2386 1213 2684 1268 Romanam
2738 1229 2839 1268 nec
2887 1214 2986 1284 ipsi
3070 1213 3311 1268 nescitis.
3370 1213 3514 1266 Idem

209 1307 374 1360 terius
421 1306 568 1361 dixit.
627 1304 757 1360 Tam
803 1307 1116 1361 mandatum
1172 1321 1333 1377 quam
1389 1305 1818 1374 subscriptiones
1920 1307 2082 1376 igitur
2108 1307 2305 1370 turbo,
2343 1307 2644 1377 eademque
2676 1307 2976 1362 necessitas
3021 1321 3144 1362 eum
3176 1307 3279 1360 huc
3309 1305 3520 1360 detulit.

211 1396 390 1453 eidem
420 1397 756 1452 coharentes
784 1399 952 1467 gestis
979 1398 1340 1466 praesentibus
1373 1398 1701 1453 inserentur.
1739 1397 1818 1452 Ad
1923 1400 1995 1457 Ut
2038 1414 2143 1454 non
2197 1399 2492 1454 dissentire
2540 1398 2818 1454 videretur
2848 1413 2875 1450 a
2907 1399 3061 1452 nobis
3087 1439 3102 1464 ,
3145 1407 3198 1453 et
3228 1398 3343 1466 ipse
3373 1411 3522 1450 man.

216 1490 516 1558 pleniorem
543 1499 720 1544 autem
754 1488 912 1544 tidem
939 1502 1063 1558 pars
1081 1497 1306 1559 utraque
1335 1488 1578 1558 designet
1602 1529 1617 1554 ,
1641 1500 1819 1543 utrum
1922 1493 2092 1549 davit.
2123 1493 2189 1548 Et
2215 1493 2323 1546 alia
2355 1509 2533 1546 manu.
2564 1491 2862 1546 Petilianus
2888 1492 3177 1560 episcopus
3206 1490 3527 1560 recognovi.

216 1580 356 1635 nihil
383 1580 451 1636 de
477 1582 676 1636 mutuis
707 1579 974 1635 mandatis
1007 1589 1227 1635 vocetur
1254 1581 1306 1635 in
1333 1581 1579 1636 dubium.
1996 1584 2121 1641 160.
2164 1585 2400 1638 Aurelius
2426 1584 2694 1655 episcOpus
2723 1582 2967 1636 Ecclesia
2997 1583 3266 1636 catholica
3298 1581 3520 1636 Cartha-

299 1671 424 1727 152.
483 1672 728 1733 Aurelius
773 1673 1040 1744 episcOpus
1090 1670 1338 1726 Ecclesia
1379 1673 1646 1727 catholica
1696 1672 1825 1726 Car-
1926 1678 2060 1750 ginis
2086 1677 2240 1732 dixit.
2269 1677 2546 1732 Potuimus
2567 1685 2624 1732 et
2651 1691 2751 1731 nos
2773 1677 3167 1732 transmarinos
3188 1675 3516 1742 conducere,

219 1764 445 1835 tltaginis
498 1765 650 1819 dixit.
705 1764 1014 1820 Secundum
1083 1764 1512 1834 subscriptiones
1583 1764 1818 1818 mandati
1851 1772 1898 1832 B
1923 1785 2152 1842 quorum
2181 1771 2402 1826 nomina
2426 1769 2753 1826 adderemus
2798 1770 3075 1824 mandato,
3111 1769 3178 1823 Et
3205 1771 3314 1824 alia
3342 1785 3521 1824 manu.

218 1859 415 1930 singuli
495 1865 841 1914 accesserunt
908 1868 1215 1911 nostrorum
1244 1898 1258 1922 ,
1303 1866 1356 1910 et
1413 1856 1639 1926 professi
1699 1868 1824 1912 sunt
1929 1859 2266 1930 Recognovi.

223 1953 513 2008 mandasse
543 1967 603 2006 se
641 1951 819 2007 nobis.
852 1950 1027 2005 Etiam
1060 1951 1162 2019 ipsi
1189 1949 1290 2004 hoc
1329 1948 1560 2015 faciant,
1595 1960 1649 2004 ttt
1699 1951 1827 2004 sub-
1862 2004 1866 2009 .

2005 1953 2129 2008 161.
2152 1953 2228 2007 -Μ
2234 1953 2510 2009 arcellinus
2531 1955 2608 2008 vir
2629 1954 2951 2018 clarissimus
2967 1956 3203 2011 tribunus
3224 1967 3271 2010 et
3299 1955 3532 2009 notarius

222 2045 617 2118 scriptionibus
644 2043 906 2110 recitatis,
959 2043 1154 2115 singuli
1203 2043 1555 2113 proﬁteantur
1604 2045 1830 2098 manda-
1933 2047 2084 2102 dixit.
2135 2046 2283 2103 Licet
2315 2056 2369 2103 et
2389 2048 2652 2103 sanctitas
2681 2055 2858 2103 vestra
2891 2048 3104 2117 plenius
3128 2056 3528 2119 recognoscat,

225 2139 370 2194 visse
415 2153 474 2192 se
530 2137 760 2207 huicque
808 2136 1063 2191 mandato
1111 2135 1516 2206 subscripsisse.
1598 2133 1663 2188 Et
1725 2134 1830 2189 alia
1934 2150 1990 2195 et
2025 2139 2295 2210 imperiali
2317 2140 2390 2194 sit
2419 2139 2739 2194 auctoritate
2769 2138 3046 2194 deﬁnitum
3082 2139 3226 2194 inter
3252 2139 3537 2194 Africana-

225 2247 405 2285 manu.
439 2229 770 2300 RecOgnovi.
1935 2248 2054 2288 rum
2084 2232 2486 2302 provinciarum
2515 2231 2802 2301 episcopos
2833 2246 2920 2303 me
2951 2239 3160 2285 tantum
3178 2229 3378 2284 debere
3409 2243 3534 2298 cog-

301 2323 426 2378 155.
460 2321 796 2378 Marcellinus
839 2321 916 2376 vir
953 2321 1270 2376 clarissimus
1315 2319 1552 2374 tribunus
1591 2328 1640 2375 et
1685 2329 1832 2374 nota—
1936 2338 2204 2388 noscere,
2256 2333 2434 2378 tamen
2484 2322 2588 2378 hoc
2639 2337 2855 2392 quoque
2893 2323 3011 2377 sine
3051 2321 3368 2391 prmiudieio
3419 2321 3534 2389 epi-

225 2415 338 2470 rius
353 2415 512 2486 277
540 2414 692 2468 dixit.
714 2412 840 2468 Ideo
868 2413 1100 2468 transire
1124 2412 1398 2482 jussisunt
1424 2411 1617 2482 singuli
1646 2452 1661 2476 ,
1688 2420 1744 2466 ut
1764 2411 1834 2466 de
1939 2416 2088 2484 scopi
2119 2415 2272 2470 urbis
2317 2413 2504 2469 Romae
2529 2455 2545 2482 ,
2577 2414 2704 2468 licet
2730 2429 2795 2468 ex
2827 2413 3102 2484 superﬂuo
3131 2454 3146 2475 .
3196 2414 3428 2470 libenter
3459 2415 3544 2469 iu-

229 2509 554 2579 praesentia,
610 2521 718 2560 non
748 2505 818 2561 de
857 2504 1194 2576 professione
1223 2511 1515 2560 constaret.
1548 2503 1836 2572 Subscrip-
1941 2507 2161 2576 dulgeo.

232 2601 410 2656 tiones
449 2599 592 2654 enim
644 2606 852 2652 tantum
895 2611 1056 2668 posse
1087 2595 1336 2652 sul'ltcere
1366 2595 1496 2651 nulli
1526 2604 1751 2650 vocatur
1779 2595 1838 2651 in
2014 2598 2141 2654 162.
2183 2598 2425 2653 Aurelius
2452 2599 2719 2669 episcopus
2751 2595 3000 2652 Ecclesia
3027 2596 3296 2651 catholica
3324 2595 3544 2650 Cartha-

231 2691 478 2749 dubium.
529 2689 687 2747 Unde
743 2705 886 2745 nunc
935 2687 1066 2744 illud
1113 2687 1415 2758 quaeritur,
1465 2695 1647 2743 utrum
1687 2697 1836 2743 ulra-
1943 2693 2079 2764 ginis
2104 2691 2251 2746 dixit.
2286 2691 2541 2746 Abundat
2567 2705 2668 2746 nos
2711 2690 2920 2747 absenti
2954 2688 3107 2761 [non]
3136 2689 3540 2760 pricjudicasse.

233 2799 466 2856 rumque
511 2784 744 2854 partium
797 2781 1053 2838 mandata
1081 2783 1324 2853 utrisque
1356 2781 1599 2853 partibus
1629 2781 1842 2852 placere
1947 2783 2034 2840 Ex
2059 2784 2168 2838 alia
2189 2801 2367 2838 manu.
2398 2783 2732 2855 Recognovi.

235 2877 544 2935 videantur.
2023 2879 2146 2935 165.
2183 2878 2473 2933 Petilianus
2494 2879 2767 2950 episcOpus
2786 2877 2937 2932 dixit.
2971 2877 3030 2931 In
3055 2875 3310 2930 omnibus
3338 2873 3442 2928 hoc
3461 2888 3546 2929 sc-

308 2973 434 3027 154.
477 2971 717 3027 Aurelius
747 2970 1017 3040 episcopus
1042 2967 1289 3024 Ecclesia
1309 2965 1590 3024 Catholica
1615 2965 1838 3020 Cartha-

1989 2983 2182 3030 uantur
2210 2980 2266 3028 et
2288 2980 2508 3028 teneant
2534 3013 2549 3036 ,
2580 2987 2638 3026 se
2671 2987 2768 3042 pro
2797 2971 3112 3026 absentibus
3141 2978 3197 3024 et
3228 2968 3543 3023 transmari-

239 3064 376 3137 gt'nis
395 3063 547 3118 dixit.
574 3061 683 3118 Sed
714 3062 963 3117 VOIUInuS
989 3069 1050 3115 ιιι
1094 3060 1210 3116 suis
1245 3058 1736 3130 svbscriplionibus
1761 3071 1850 3112 ι’θ-
1953 3070 2039 3124 nis
2083 3068 2212 3124 nihil
2262 3083 2384 3123 esse
2433 3067 2730 3121 locuturos.
2782 3064 2849 3118 Et
2897 3065 3003 3118 alia
3043 3079 3224 3117 manu.
3257 3061 3554 3116 Petilianus

244 3155 555 3227 εροηάθιιηι
584 3170 678 3220 ρει·
702 3149 1129 3210 ἱηοοιυῐηίιεῑεέῐη
1161 3159 1675 3222 ιυειηνοοεηοεοειηι
1700 3165 1852 3204 ῐηθη·
1881 3159 1927 3223 C
1957 3163 2248 3232 episcopus
2275 3159 2588 3230 recognovi.
2629 3157 2869 3212 Aurelius
2899 3156 3171 3225 cpiscopus
3201 3152 3445 3207 Ecclesia
3470 3168 3557 3204 ca-

242 3249 461 3306 davisse
507 3263 608 3314 se.
640 3247 763 3318 quia
794 3261 900 3303 non
945 3246 1188 3302 interfuit
1235 3247 1541 3302 sublimitas
1589 3256 1676 3302 tua
1721 3263 1843 3302 cum
1953 3254 2157 3308 tltolica
2185 3250 2520 3322 Carthaginis
2551 3249 2706 3305 dixit.
2744 3248 3000 3304 Abundat
3035 3261 3134 3302 nos
3182 3245 3557 3300 Innocentium

243 3341 337 3398 isti
366 3341 792 3398 subseriberent.
847 3339 1002 3408 Quod
1032 3338 1279 3394 clanculo
1310 3339 1588 3407 fecerunt,
1621 3339 1838 3410 publice
1951 3346 2156 3402 dixisse
2199 3345 2349 3400 urbis
2391 3343 2577 3398 Romae
2617 3356 2739 3397 esse
2767 3341 3102 3410 episcopum.
3137 3336 3203 3390 Et
3237 3336 3344 3390 alia
3371 3352 3550 3388 manu.

245 3434 630 3508 proﬁteantur.
665 3432 736 3487 Et
763 3433 868 3486 alia
890 3449 1065 3486 manu.
1098 3432 1429 3502 Recognovi.

1988 3437 2280 3508 .ecogttovi.
2316 3435 2628 3504 Ruﬁnianus
2673 3433 2844 3486 scriba
2871 3430 3123 3484 recitavit.
3154 3428 3395 3482 Donatus
3434 3427 3553 3496 epi-

320 3527 448 3584 155.
494 3525 832 3582 Marcellinus
854 3526 930 3580 uir
951 3526 1268 3580 clarissimus
1292 3527 1525 3580 tribunus
1553 3527 1848 3582 etnotarius
1953 3543 2150 3599 scopus
2171 3525 2568 3584 Botrianensis.
2600 3522 2748 3577 Idem
2771 3523 2924 3576 dixit.
2951 3520 3020 3575 Et
3065 3519 3315 3575 mandavi
3345 3528 3400 3573 et
3429 3519 3561 3574 sub-

248 3623 404 3678 dixit.
435 3621 588 3678 Justa
640 3631 976 3692 poscuntur,
1031 3621 1154 3676 licet
1185 3620 1610 3692 subscriptiones
1639 3631 1849 3677 certum
1951 3625 2170 3695 scripsi.
2223 3623 2496 3691 Scriptum
2543 3619 2616 3673 sit
2665 3633 2755 3673 me
2800 3632 2906 3671 non
2953 3613 3154 3670 habere
3199 3612 3560 3669 contrarium.

250 3717 323 3772 Sil
343 3729 507 3786 posse
533 3713 804 3770 sumcel‘e-
1954 3717 2268 3785 Ruﬁnianus
2315 3711 2484 3767 scriba
2512 3711 2765 3765 recitavit.
2795 3708 3083 3764 Florianus
3119 3705 3408 3775 episcopus
3453 3706 3558 3758 Pu-

326 3808 454 3865 156.
496 3807 735 3862 Aurelius
760 3806 1032 3877 episc0pus
1053 3805 1278 3860 ecclesia
1296 3805 1562 3860 catholica
1582 3805 1853 3876 Carthagi—
1957 3803 2217 3864 tiziensis.
2253 3806 2319 3860 Et
2350 3821 2465 3859 cum
2491 3803 2777 3868 recitasset,
2801 3800 3100 3854 Primianus
3135 3799 3407 3867 episcopus
3437 3794 3561 3849 Car-

255 3903 336 3958 nis
356 3902 509 3956 dixit.
533 3899 642 3970 lpsi
670 3914 770 3956 nos
795 3898 1139 3955 sollicitiores
1168 3897 1538 3954 reddiderunt.
1951 3900 2177 3972 tltaginis
2204 3898 2357 3952 dixit.
2393 3895 2491 3952 Hic
2518 3895 2660 3963 apud
2684 3891 3072 3961 Carthaginem
3106 3889 3408 3944 inﬁrmatus
3430 3896 3520 3942 est
3543 3905 3558 3939 :

333 3995 462 4052 157.
505 3992 817 4062 Ruﬁnianus
869 3991 1036 4046 scribit
1061 3991 1311 4046 recitauit.
1355 3989 1716 4046 Iauuarianus
1745 3990 1860 4060 epi-
1962 3996 2162 4051 timens
2187 3991 2390 4049 exitum
2421 4005 2580 4044 suum
2614 3985 2873 4059 perrexit,
2903 3984 3015 4054 jam
3045 3983 3466 4052 subscripserat.
3495 3978 3565 4033 Et

259 4101 462 4158 scapus
484 4085 800 4143 Casensium
827 4083 1269 4156 [Nigrensium].
1307 4083 1515 4137 Etcum
1558 4084 1858 4148 recitasset,
1963 4086 2219 4143 recitavit.
2262 4083 2573 4139 Candorius
2621 4081 2912 4151 episcopus
2945 4075 3323 4148 Aggeritauus.
3357 4074 3426 4128 Et
3453 4091 3570 4127 cum
3637 4096 3642 4100 -

258 4180 619 4235 Januarianus
657 4176 973 4250 [Episcopus
995 4175 1173 4248 dixit.]
1193 4175 1306 4246 Ego
1323 4184 1375 4231 et
1398 4176 1647 4231 mandavi
1672 4175 1870 4232 etsub—
1967 4180 2270 4243 recitasset,
2301 4177 2436 4230 ident
2457 4174 2612 4230 dixit.
2645 4170 2893 4226 Mandavi
2922 4178 2978 4224 et
3025 4167 3344 4237 subscripsi.
3383 4166 3569 4221 Habeo

261 4273 478 4343 scripsi.
507 4271 781 4341 Scriptum
816 4270 888 4324 sit
914 4270 1095 4339 itaque
1121 4282 1210 4323 me
1241 4284 1351 4322 non
1380 4266 1584 4323 habere
1613 4268 1868 4324 adversa-
1968 4271 2328 4328 contrarium.
2377 4266 2446 4321 Et
2487 4264 2737 4322 recitauit.
2789 4262 3059 4318 Antonius
3101 4261 3387 4331 episcopus
3412 4259 3573 4315 Lam"

261 4367 406 4424 rium
433 4366 666 4436 aliquem
695 4363 763 4419 de
793 4372 950 4433 parte
978 4363 1221 4433 ipsorum
1252 4362 1305 4416 in
1333 4361 1492 4432 plebe
1535 4376 1677 4415 mea.
1715 4362 1869 4430 Ruﬁ-
1968 4360 2258 4419 sortensis.
2299 4357 2452 4412 Ident
2498 4357 2650 4411 dixit.
2697 4354 2946 4409 Mandavi
2999 4364 3049 4408 et
3092 4351 3408 4422 subscripsi.
3450 4350 3571 4405 Non

263 4462 454 4516 nianus
476 4459 643 4514 scriba
666 4457 917 4512 recitavit.
951 4455 1252 4510 Primianus
1273 4455 1561 4524 episcopus
1583 4452 1865 4523 Carthagi-

263 4553 475 4609 neusis.
513 4550 720 4606 Etcum
760 4550 1025 4604 recitasset
1053 4590 1068 4615 ,
1098 4547 1402 4601 Primianus
1438 4547 1706 4617 episcOpus
1735 4541 1867 4597 Car-

266 4645 495 4716 thaginis
516 4643 666 4697 dixit.
698 4640 1115 4706 Mandaveram;
1145 4638 1240 4694 sed
1268 4652 1370 4708 ego
1411 4637 1512 4692 hoc
1549 4635 1862 4690 mandatum

266 4735 503 4807 suscepi.
534 4733 844 4803 Ruﬁnianus
882 4732 1050 4786 scriba
1092 4730 1344 4784 recitavit.
1389 4727 1543 4784 Felix
1574 4729 1865 4798 episcopus

269 4827 422 4884 urbis
449 4826 658 4882 Roma.
693 4823 761 4879 Et
784 4840 901 4878 cum
921 4825 1180 4878 recitasset
1203 4863 1218 4888 ,
1245 4819 1401 4876 Felix
1423 4822 1696 4892 episcopus
1727 4818 1867 4874 urbis

346 5009 501 5082 (280)
531 5007 909 5082 ζῑοινίωωῃιςὶεἐ
937 5004 1101 5082 Cujus
1123 5002 1415 5082 provinci-te
1443 5001 1860 5082 .sit,.incertum.._

349 5073 500 5152 (281)
528 5080 862 5152 Putiziensis.
883 5073 1088 5152 Duplex
1127 5073 1304 5152 sedes
1330 5073 1592 5152 I’utiensis
1630 5073 1870 5152 occurrit

273 5157 331 5211 in
357 5142 585 5216 'not'ttia;
624 5167 727 5206 una
756 5149 810 5203 in
846 5142 1120 5217 provincia
1152 5145 1595 5217 Numidi;e_num.
1640 5144 1705 5197 17
1736 5184 1750 5209 ,
1793 5142 1872 5217 al-

274 5238 394 5283 tera
426 5225 477 5279 in
505 5214 780 5294 BYzacena
805 5214 952 5275 num.
988 5219 1075 5273 18.
1108 5217 1211 5294 llic
1238 5215 1699 5294 forte_By_zacenae
1751 5214 1871 5283 epi-

275 5284 612 5366 scopusges't.
642 5293 805 5366 Alter
834 5294 1120 5360 episcOpus
1168 5287 1429 5343 Putiensis
1456 5284 1738 5341 Donatista
1778 5299 1874 5341 no-

278 5361 430 5424 mine
455 5364 608 5421 Felix
632 5361 920 5434 reperitur.

357 5455 940 5532 (28%)gLamsortensis.
971 5453 1030 5532 In
1069 5452 1316 5532 Numidia
1343 5494 1359 5518 ,
1382 5459 1485 5532 ευξ-
1501 5449 1877 5532 dccchotitia

283 5523 441 5588 num.
470 5523 562 5584 25.
595 5528 838 5584 Concilio
862 5524 1274 5596 Carthagineusi
1317 5523 1416 5579 sub
1447 5523 1721 5596 Bonilacio
1749 5537 1877 5596 ann.

283 5602 395 5661 525
457 5600 775 5670 subscripsit
818 5592 1121 5652 Florentius
1176 5597 1445 5664 episcopus
1483 5592 1880 5647 Lamsortensis.

363 5691 518 5762 (285)
570 5690 798 5746 Absenti.
844 5687 903 5762 Id
938 5695 1044 5762 est,
1061 5702 1192 5742 vero
1221 5686 1476 5757 episcopo
1497 5684 1766 5751 Romano,
1791 5683 1884 5755 qui

286 5775 421 5823 tunc
448 5759 567 5820 erat
597 5761 960 5818 innocentius.
994 5759 1274 5814 Bswzrus.

707 5857 986 5916 PATROL.
1040 5851 1157 5912 XI.

1969 4455 2081 4510 illic
2114 4452 2286 4506 habeo
2325 4449 2720 4504 adversarium.
2751 4443 2822 4498 Et
2867 4445 3122 4499 recitavit.
3163 4443 3423 4498 Datianus
3456 4444 3573 4512 epi-

1970 4557 2170 4614 scopus
2224 4538 2565 4600 Tamicensis
2617 4535 2790 4607 (285).
2846 4534 2996 4589 Idem
3038 4535 3192 4589 dixit.
3223 4535 3467 4589 Mandavi
3516 4545 3574 4589 et

1971 4631 2267 4703 subscripsi
2297 4648 2310 4684 :
2355 4629 2724 4685 adversarium
2757 4626 2826 4681 ibi
2855 4641 2965 4680 non
2993 4625 3187 4681 habeo.
3217 4624 3285 4680 Et
3314 4627 3566 4680 recitauit.

1973 4725 2318 4783 Victorianus
2343 4721 2634 4792 episcopus
2663 4716 2972 4772 Abissensis
2993 4716 3166 4788 (286).
3201 4717 3269 4772 Et
3294 4733 3412 4772 cum
3440 4717 3571 4770 reci-

1977 4829 2131 4876 tasset
2152 4862 2168 4888 ,
2199 4818 2335 4873 idem
2365 4817 2518 4882 dixit,
2550 4811 2799 4869 Mandavi
2839 4820 2895 4868 et
2937 4812 3233 4882 subscripsi
3272 4829 3285 4866 :
3317 4811 3578 4874 adversa_

2047 4994 2214 5069 (284)
2245 4995 2373 5069 Qua
2421 4994 2576 5069 iptio.
2611 4991 2874 5048 Nimirum
2906 4991 3089 5047 clades
3137 4990 3398 5069 Romana:
3425 4993 3576 5048 urbis

1972 5063 2133 5141 quam
2157 5063 2404 5141 Alaricus
2427 5064 2731 5141 Gothorum
2758 5079 2854 5118 rex
2879 5073 3099 5134 ceperat
3123 5079 3178 5119 ιχ
3199 5063 3307 5118 kal.
3331 5065 3578 5136 Septem-

1973 5135 2086 5198 bris
2108 5139 2232 5194 anni
2261 5135 2578 5207 superioris.
2608 5135 2896 5191 BALUZIUS.

2051 5229 2205 5301 (285)
2247 5227 2605 5301 Tamicensis,
2672 5243 2797 5301 non_
2835 5226 3154 5301 Timicensis.
3226 5227 3358 5280 Nam
3417 5225 3576 5296 hujus

1978 5299 2267 5373 episcopus
2312 5299 2618 5373 Donatista
2650 5299 2941 5373 vocabat_ur
2983 5299 3225 5373 Optatus,
3275 5305 3577 5373 ut‘cgnstat

1985 5366 2051 5430 e'x
2079 5366 2484 5440 superioribus;
2527 5369 2620 5425 sed
2668 5369 2807 5424 forte
2856 5368 3247 5440 Tatttazucensis
3277 5367 3360 5421 vel
3392 5366 3578 5421 Tanta-

1985 5437 2163 5499 zensis
2199 5445 2250 5497 in
2299 5443 2486 5497 notitia
2518 5440 2847 5496 Mauritania:
2894 5437 3243 5494 Caesariensis
3276 5454 3424 5493 num.
3451 5440 3574 5495 120.

1988 5516 2084 5572 Est
2125 5524 2179 5569 et
2219 5513 2539 5568 Tantazenus
2599 5511 2887 5580 episc0pus
2940 5511 3083 5562 inter
3123 5508 3470 5577 Byzacenos,
3524 5513 3576 5564 in

1988 5584 2218 5656 epistola
2247 5584 2418 5640 relata
2453 5585 2505 5656 in
2536 5583 2765 5656 concilio
2796 5580 3149 5656 Laterauensi
3184 5581 3284 5634 sub
3308 5580 3534 5636 Martinn
3559 5624 3576 5650 ,

1987 5650 2142 5728 cujus
2181 5656 2328 5710 nulla
2354 5663 2439 5710 est
2468 5654 2521 5707 in
2561 5652 2748 5707 notitia
2774 5650 3000 5706 mentio.
3340 5671 3345 5678 -

2063 5750 2219 5824 (286)
2261 5748 2566 5806 Abissensis.
2617 5745 2782 5816 Cujus
2821 5744 3114 5817 provinciae
3144 5745 3242 5814 sit,
3278 5745 3538 5818 ignotum.

3017 5839 3099 5901 ls2
