3972 6328
422 265 446 319 l
459 262 563 319 5‘25

1384 249 1610 309 GESTA
1651 241 2101 306 COLLATIONIS
2136 243 2756 305 CARTHAGINENSIS.

3582 247 3720 303 ιδξι

425 383 567 438 riunt
619 377 792 433 habeo
819 375 872 430 in
901 371 1122 429 dioecesi
1169 381 1308 424 mea.
1356 368 1423 422 Et
1470 367 1716 423 recitavit.
1743 363 2018 420 Natalicus
2047 369 2221 429 Anos
2262 365 2632 436 prtejudiciutu
2665 378 2760 419 sua
2792 362 3174 433 prosecutione
3226 363 3471 418 voluisse
3522 362 3723 433 depro-

423 476 710 545 episcopus
755 467 1040 524 Zellensis.
1078 462 1143 517 Et
1191 478 1308 516 cunt
1341 463 1640 526 recitasset,
1673 459 1808 514 idem
1862 458 2014 512 dixit.

427 565 676 624 Mandavi
705 572 758 618 et
786 560 1102 629 subscripsi.
1125 557 1446 611 Maximinus
1473 557 1740 626 episcopus
1772 551 2020 606 Ecclesia:

425 663 693 718 catholica:
739 659 888 714 dixit.
918 655 1174 714 Dicecesis
1205 664 1288 711 est
1315 655 1527 710 Mizouii
1564 653 1711 725 (287)
1757 649 2015 721 episcopi.

426 757 782 826 Presbyteros
821 751 981 807 habet
1030 759 1085 806 et
1134 748 1499 804 abundantem
1539 743 1797 818 pepulum
1857 756 2022 813 quam

424 851 560 921 ipse.
604 847 674 902 Et
709 847 957 900 recitavit.
1012 842 1188 898 Fortis
1242 843 1529 912 episcopus
1585 836 1889 895 Cediensis.
1948 831 2020 887 Et

425 959 540 998 cum
583 941 887 1005 recitasset,
935 937 1069 992 idem
1102 935 1252 990 dixit.
1303 932 1553 988 Mandavi
1584 941 1638 986 et
1687 925 2016 997 subscripsi,

425 1033 794 1090 adversarium
828 1046 934 1084 non
959 1028 1156 1083 habeo.

499 1125 623 1182 164.
669 1121 1008 1178 Marcellinus
1034 1121 1110 1174 vir
1145 1118 1460 1174 clarissimus
1508 1115 1741 1170 tribunus
1771 1120 1816 1167 et
1867 1118 2019 1165 nota-

424 1219 535 1275 rius
576 1219 726 1274 dixit.
757 1217 1023 1286 Quoniam
1064 1217 1281 1284 longum
1310 1219 1392 1268 est
1418 1212 1498 1266 ire
1528 1226 1623 1280 per
1649 1207 1894 1278 singulos
1922 1247 1936 1271 ,
1966 1204 2020 1258 lii

427 1314 615 1370 decem
646 1312 736 1381 qui
785 1325 846 1365 se
877 1307 1163 1363 mandasse
1193 1305 1423 1376 professi
1451 1309 1578 1358 sunt
1603 1344 1616 1366 ,
1645 1303 1780 1355 actis
1806 1297 2022 1355 edicam

427 1415 606 1461 utrum
636 1418 821 1460 coram
849 1402 982 1473 ipsis
1014 1399 1254 1456 omnium
1284 1398 1354 1452 sit
1383 1397 1518 1451 facta
1546 1393 1871 1464 subscriptio
1897 1431 1912 1458 ,
1963 1398 2022 1444 et

426 1499 709 1571 praebeant
741 1497 876 1551 inea
907 1510 1027 1565 qua-
1056 1501 1180 1548 sunt
1203 1500 1354 1562 gesta
1379 1501 1728 1545 consensum.

509 1589 634 1645 165.
677 1587 966 1642 Petiliantts
1012 1585 1282 1654 episcopus
1329 1583 1480 1638 dixit.
1547 1579 1737 1650 Magno
1802 1575 2018 1647 quidem

427 1680 753 1751 compendio
780 1681 951 1733 utitur
980 1676 1377 1747 magniﬁcentia
1406 1673 1603 1741 tua,vir
1624 1667 2020 1735 nobilis,utde-

2124 477 2294 518 mere.
2328 459 2524 514 Etcum
2557 459 2761 513 diceret.
2795 456 2901 528 (Et
2928 457 3034 512 alia
3059 473 3234 511 manu.
3264 457 3598 528 Roengnovi.
3625 458 3641 522 )

2198 553 2320 609 169.
2366 551 2654 606 Petilianus
2669 551 2938 621 episcopus
2954 548 3108 604 dixit.
3127 548 3382 619 lnjuriam
3409 549 3542 605 lacis
3563 563 3724 614 vane,

2133 655 2434 719 reponetnr
2456 645 2556 701 tibi
2583 689 2598 712 ,
2643 654 2696 700 et
2735 658 3062 714 quamquam
3092 659 3358 714 reponere
3384 657 3494 699 non
3524 642 3685 698 liceat
3709 685 3723 710 ,

2124 754 2301 802 tecum
2327 744 2544 800 habeto.
2574 741 2638 798 Et
2665 742 2769 796 alia
2796 759 2972 796 manu.
3001 735 3335 812 Recognovi.

2197 838 2320 892 170.
2365 835 2777 891 Fortunatianus
2831 836 3099 906 episcopus
3145 833 3398 889 Ecclesia:
3448 832 3730 888 Catholica:

2125 932 2274 988 dixit.
2301 931 2418 1002 Quo
2450 929 2694 998 diceret,
2739 931 3108 987 excusationis
3149 929 3458 986 tendiculas
3499 940 3733 998 praten-

2125 1024 2281 1090 dens,
2310 1033 2433 1079 ante
2465 1024 2608 1078 diem
2641 1023 2971 1095 cognitionis
2995 1038 3055 1078 se
3081 1022 3239 1093 quasi
3266 1023 3540 1078 caelorum
3571 1035 3734 1077 sena-

2124 1126 2234 1172 tum
2264 1117 2431 1188 partis
2465 1117 2656 1172 Donati
2680 1117 2971 1186 episcopos
3000 1117 3323 1172 observasse
3358 1115 3626 1171 diuturno
3658 1116 3734 1169 la-

2125 1210 2256 1266 bore
2300 1211 2464 1266 luisse
2507 1210 2787 1266 conlectos
2811 1253 2824 1275 ,
2857 1225 2979 1265 cum
3021 1226 3053 1265 a
3081 1219 3266 1264 nostra
3310 1218 3468 1281 parte
3499 1209 3728 1264 omnino

2126 1318 2340 1373 semper
2367 1302 2643 1358 audientia
2669 1301 2903 1373 ﬂagitata
2936 1301 3042 1367 sit;
3072 1301 3165 1356 sed
3199 1301 3406 1357 idcirco
3428 1301 3573 1357 diem
3597 1310 3730 1356 tem-

2126 1413 2331 1469 pusque
2359 1396 2767 1453 observavimus
2794 1438 2808 1462 ,
2832 1405 2891 1450 ut
2913 1404 2969 1451 et
2997 1396 3048 1450 in
3078 1395 3181 1451 hoc
3207 1395 3523 1451 obedientia
3541 1395 3732 1450 catho-

2125 1490 2239 1545 lica:
2271 1490 2526 1546 Ecclesia:
2554 1499 2906 1546 monstretur.
2928 1488 2994 1543 Et
3013 1506 3131 1544 cum
3156 1490 3346 1545 diceret
3369 1491 3458 1561 (et
3484 1491 3594 1545 alia
3625 1505 3735 1543 ma-

2124 1599 2214 1636 nu.
2250 1583 2578 1654 Recognovi.
2604 1580 2624 1653 )

2197 1677 2321 1730 171.
2369 1674 2704 1730 Marcellinus
2725 1677 2802 1728 uir
2823 1675 3141 1730 clarissimus
3163 1674 3400 1729 tribunus
3421 1684 3468 1728 et
3499 1675 3736 1729 notarius

427 1790 654 1844 eamque
675 1783 852 1843 patres
872 1772 1198 1841 collegaeque
1221 1769 1411 1833 nostri.
1433 1766 1644 1838 (lniiam
1669 1779 1726 1820 Se
1740 1759 2025 1818 mandasse
2056 1777 2103 1845 Β
2129 1769 2277 1824 dixit.
2313 1767 2623 1824 Secundum
2655 1769 2816 1824 edicti
2849 1780 3094 1824 tenorem
3143 1777 3389 1838 utraeque
3429 1777 3618 1838 partes
3649 1767 3735 1823 his

427 1867 925 1937 subscripsisseque
956 1863 1189 1935 professi
1215 1872 1367 1926 sunt,
1387 1861 1546 1915 etiam
1578 1867 1807 1914 exteros
1839 1862 2020 1926 patres

425 1961 815 2030 subscripsisse
857 1968 1144 2018 testentur.
1191 1955 1453 2026 Equidem
1489 1956 1590 2008 hoc
1619 1952 1688 2007 ad
1712 1967 1828 2006 eam
1857 1965 1972 2006 rem
2003 1992 2017 2017 ,

422 2054 506 2107 vel
532 2053 766 2107 maxime
791 2049 1043 2122 proﬁcit,
1075 2063 1142 2104 ne
1173 2059 1386 2117 tempus
1415 2047 1644 2116 hujusce
1665 2044 1770 2100 diei
1793 2044 2022 2098 ulterius

419 2145 780 2216 producatur.
831 2143 939 2198 Sed
981 2152 1160 2197 tamen
1194 2140 1296 2195 hoc
1325 2138 1538 2209 expedit
1567 2151 1745 2193 causa:
1772 2178 1786 2202 ,
1813 2147 1872 2191 ut
1909 2137 2021 2190 sin-

421 2239 534 2310 guli
557 2241 755 2308 quique
779 2250 838 2291 se
860 2245 913 2290 et
938 2235 1226 2290 mandasse
1255 2243 1305 2289 et
1325 2233 1710 2302 subscripsisse
1730 2229 2021 2300 prolitean-

423 2340 513 2384 tur
536 2371 550 2394 ,
582 2341 867 2400 propterea
898 2335 957 2382 ut
981 2329 1145 2383 etiam
1174 2325 1308 2381 illud
1341 2341 1447 2380 non
1479 2332 1692 2378 taceant
1719 2365 1733 2388 ,
1765 2338 1824 2378 se
1855 2335 2019 2376 aemu-

418 2423 503 2478 los
535 2438 644 2476 non
675 2421 898 2478 habere.
941 2420 1178 2475 Lucrum
1213 2420 1354 2474 enim
1401 2417 1612 2473 videtur
1663 2415 1746 2470 his
1786 2416 2017 2481 cedere,

417 2515 509 2587 qui
551 2514 749 2568 multos
799 2529 858 2568 se
904 2513 1195 2568 adversum
1247 2522 1465 2568 nostros
1495 2511 1695 2564 habere
1738 2523 1832 2578 per
1878 2505 2021 2561 hanc

417 2606 750 2679 provinciam
801 2607 1208 2672 ostenderunt,
1250 2606 1294 2659 si
1342 2606 1394 2659 in
1448 2602 1723 2673 provincia
1772 2598 2019 2654 Numidia

422 2716 531 2756 non
559 2700 896 2756 ostendimus
942 2714 1039 2755 eos
1081 2699 1293 2768 penitus
1319 2713 1425 2752 non
1455 2696 1680 2762 habere,
1705 2702 1797 2748 aut
1819 2692 2022 2747 habere

414 2804 568 2850 certe
597 2835 613 2861 ,
644 2793 738 2848 scd
782 2793 921 2847 raris
949 2791 1101 2846 locis.
1151 2789 1340 2845 Omnis
1370 2791 1513 2844 enim
1545 2788 1770 2842 intentio
1801 2795 2017 2849 nostra,

415 2888 500 2942 vir
552 2887 785 2953 nobilis,
830 2885 968 2940 sicut
1011 2883 1326 2939 meminisse
1372 2881 1613 2954 dignaris
1643 2925 1658 2948 ,
1688 2877 1756 2937 de
1792 2894 2021 2935 numero

416 2977 718 3048 saepissime
744 2987 960 3030 causata
996 2985 1110 3041 est,
1143 2986 1304 3046 atque
1343 2977 1398 3030 in
1430 2973 1622 3030 eodem
1656 2972 2021 3029 vehementis-

417 3072 556 3125 sime
584 3070 772 3124 haeret.
804 3071 873 3124 Et
913 3085 1237 3140 quamquam
1287 3068 1444 3124 nobis
1477 3068 1876 3122 multitudinem
1909 3077 2019 3136 pax

417 3162 622 3216 nutriat
659 3168 715 3217 et
739 3173 1024 3217 conservet
1050 3203 1064 3227 ,
1101 3163 1210 3216 illis
1258 3160 1658 3216 multitudinem
1711 3160 1852 3215 bella
1882 3173 2012 3213 con-
2039 3171 2085 3237 ρ

416 3257 631 3326 quirant
655 3299 667 3320 ,
688 3256 816 3311 dum
843 3253 1154 3311 absentibus
1184 3255 1341 3309 nobis
1365 3297 1380 3320 ,
1408 3262 1500 3308 aut
1526 3252 1580 3308 in
1623 3253 1790 3319 locis,
1819 3261 1909 3305 aut
1959 3252 2014 3304 in

415 3346 746 3413 civitatibus,
771 3355 862 3402 aut
889 3348 940 3401 in
959 3347 1286 3402 dioecesibus
1308 3345 1506 3415 passim
1534 3344 1733 3399 multas
1753 3343 2018 3413 imagines

421 3440 574 3511 (ἣδε)
614 3441 869 3511 erigunt,
900 3451 956 3495 ut
995 3440 1272 3496 numerosi
1320 3453 1442 3495 esse
1473 3437 1795 3493 videantur:
1834 3433 2017 3492 tamen

421 3533 522 3586 etsi
577 3547 672 3602 par
709 3533 777 3587 sit
807 3534 1087 3603 utriusque
1117 3531 1466 3587 adversitatis
1497 3545 1758 3586 numerus
1781 3571 1795 3591 .
1845 3529 2019 3599 major

424 3637 579 3678 meus
607 3623 769 3678 debet
797 3624 1002 3689 videri,
1047 3625 1136 3694 qui
1167 3633 1220 3679 et
1257 3640 1343 3678 me
1374 3624 1599 3678 absente
1645 3622 1920 3692 perstitit,
1965 3629 2021 3676 et

424 3732 546 3771 eum
573 3716 689 3786 ipse
720 3717 790 3770 sit
817 3717 1108 3772 cardinalis
1133 3727 1293 3786 atque
1320 3716 1694 3780 authenticos,
1724 3729 1827 3770 nec
1853 3728 2026 3769 aemu—

422 3810 625 3864 latione
663 3810 944 3878 multiplici
977 3817 1281 3879 superatur.
1329 3808 1398 3864 Et
1439 3811 1543 3865 alia
1585 3826 1762 3864 manu.
1803 3808 2022 3864 Petilia-

423 3917 525 3958 nus
551 3902 836 3973 episcopus
861 3902 1171 3971 recognovi.

498 3994 621 4049 166.
668 3993 1006 4048 Marcellinus
1029 3995 1103 4047 vir
1123 3993 1439 4048 clarissimus
1461 3994 1697 4047 tribunus
1728 4001 1772 4045 et
1790 3992 2028 4046 notarius

425 4087 575 4140 dixit.
618 4086 897 4142 Desiderio
934 4097 1117 4140 vestro
1163 4087 1478 4141 satisfacere
1508 4084 1649 4138 volui
1682 4084 1732 4137 in
1774 4083 2025 4138 omnibus

427 4178 790 4248 inquirendis.
811 4180 1076 4233 Cazterum
1101 4186 1308 4232 constat
1332 4177 1534 4232 nullam
1560 4179 1688 4232 mihi
1712 4178 1780 4233 de
1799 4191 2028 4233 numero

431 4269 795 4340 cognitionem
825 4272 989 4325 fuisse
1009 4270 1340 4325 mandatam.

501 4359 626 4414 i67.
670 4359 963 4415 Petiliamts
991 4361 1262 4434 episcOptts
1292 4361 1442 4418 dixit.
1476 4360 1641 4419 Nobis
1673 4363 1774 4419 ltoc
1811 4364 2027 4420 salvum

432 4452 501 4507 sit
527 4453 668 4523 quod
699 4469 805 4508 non
825 4454 1109 4510 debuimus
1135 4455 1381 4512 reticere.

2124 1871 2331 1918 tantum
2364 1863 2419 1916 in
2449 1861 2651 1931 judicio
2667 1860 3073 1918 remanentibus
3101 1863 3296 1934 quibus
3320 1863 3572 1918 constitit
3597 1877 3727 1932 cog-

2124 1955 2388 2010 nitionem
2416 1954 2484 2010 ab
2515 1954 2766 2010 omnibus
2815 1955 2982 2010 fuisse
3027 1956 3338 2011 mandatam
3360 1995 3378 2023 ,
3419 1956 3579 2027 juxta
3604 1972 3733 2027 pro-

2123 2049 2385 2105 fessiones
2414 2064 2541 2104 suas
2565 2064 2784 2105 causam
2816 2058 3050 2105 tractare
3072 2049 3371 2105 debebunt.

2196 2141 2319 2196 172.
2363 2140 2774 2195 Fortunatianus
2829 2142 3100 2212 episcopus
3148 2139 3401 2195 Ecclesia
3462 2141 3739 2194 catholica

2124 2235 2274 2290 dixit.
2310 2235 2378 2291 Ut
2403 2251 2564 2290 causa
2601 2235 2855 2307 cognosci
2889 2238 3062 2304 possit
3085 2276 3101 2302 ,
3134 2236 3396 2291 decernat
3425 2235 3740 2290 sublimitas

2125 2337 2212 2382 tua
2245 2326 2579 2396 superﬂuam
2605 2336 2662 2384 et
2689 2329 3137 2384 circumstantem
3169 2328 3330 2383 nobis
3351 2329 3508 2384 exire
3550 2326 3740 2382 multi-

2123 2419 2389 2476 tudinem.
2422 2419 2489 2474 Et
2515 2422 2621 2474 alia
2643 2438 2816 2474 manu.
2851 2420 3184 2491 Recognnvi.

2197 2514 2319 2568 175.
2364 2512 2701 2568 Marcellinus
2727 2514 2802 2568 vir
2825 2514 3148 2568 clarissimus
3163 2514 3405 2567 tribunus
3425 2522 3475 2566 et
3501 2513 3740 2566 nota-rius

2123 2607 2273 2662 dixit.
2312 2607 2424 2663 Hoc
2453 2609 2567 2662 fieri
2617 2623 2841 2663 necesse
2872 2616 2974 2663 est.
3012 2607 3146 2662 Illud
3198 2617 3376 2662 autem
3428 2607 3586 2677 prius
3613 2616 3739 2671 est,

2123 2711 2184 2757 ut
2212 2702 2399 2757 decent
2433 2702 2499 2757 ab
2539 2713 2768 2773 utraque
2791 2711 2945 2774 parte
2990 2701 3260 2758 fateantur
3289 2717 3350 2756 se
3377 2701 3434 2756 in
3485 2701 3739 2756 subscri-

2121 2794 2362 2851 bentintn
2399 2796 2745 2851 consensisse
2777 2810 3070 2864 personas;
3123 2803 3176 2850 et
3221 2795 3346 2849 licet
3391 2794 3459 2848 ad
3492 2805 3739 2849 vestram

2123 2889 2438 2958 petitionem
2472 2903 2658 2943 eorum
2684 2887 2842 2942 fuerit
2867 2887 3151 2959 prxsentia
3175 2896 3487 2957 procurata,
3523 2895 3738 2953 tamen,

2123 2996 2191 3033 ne
2217 2980 2345 3050 quid
2373 2981 2526 3036 vobis
2549 2981 2874 3052 denegatum
2904 2995 3027 3035 esse
3044 2979 3314 3047 videatur,
3347 2980 3742 3035 universorum

2122 3070 2546 3141 subscriptiones
2573 3087 2635 3127 ex
2665 3072 2858 3127 ordine
2888 3072 3222 3142 relegantur.

2196 3167 2318 3221 174.
2360 3166 2580 3237 Alypius
2644 3168 2918 3239 episwpus
2959 3164 3208 3221 Ecclesia:
3265 3165 3536 3218 cat/taliae
3575 3162 3742 3218 dixit.

2122 3258 2545 3330 Respondeant;
2591 3269 2770 3313 utrum
2830 3259 3072 3314 omnium
3123 3259 3555 3328 subscriptiones
3609 3267 3746 3328 qua

2124 3350 2380 3405 mandato
2428 3351 2777 3406 continentur
2803 3393 2818 3416 ,
2849 3350 2936 3406 hic
2993 3350 3133 3420 apud
3171 3349 3558 3422 Carthaginem
3621 3349 3746 3405 sint

2123 3446 2468 3513 conscriptae.
2501 3444 2568 3498 Et
2594 3443 2701 3498 alia
2727 3462 2900 3499 manu.
2936 3444 3269 3516 Recognovi.

2201 3537 2323 3593 175.
2369 3537 2626 3594 Emeritus
2649 3540 2916 3611 episcopus
2945 3539 3096 3593 dixit.
3130 3539 3400 3606 Quantum
3433 3553 3503 3594 ex
3537 3551 3748 3608 prose-

2126 3632 2344 3687 cutione
2367 3632 2595 3702 cognovi
2621 3674 2634 3694 ,
2667 3649 2802 3702 opus
2829 3642 2948 3689 erat
2968 3642 3025 3687 ut
3054 3650 3083 3688 e
3105 3633 3309 3689 nostris
3327 3633 3576 3702 partibus
3608 3647 3753 3702 pro-

2126 3725 2296 3782 fessio
2317 3737 2678 3796 promeretur.
2699 3725 2968 3780 Patientia
2984 3725 3315 3796 judiciorum
3342 3735 3577 3788 tuorum,
3608 3740 3748 3794 quae

2131 3836 2347 3875 manuni
2377 3819 2468 3874 dat
2498 3818 2770 3885 omnibus,
2796 3819 3025 3874 libenter
3041 3821 3253 3885 annuit,
3273 3829 3328 3872 ut
3353 3825 3411 3873 et
3431 3817 3460 3870 ii
3489 3817 3581 3886 qui
3595 3816 3752 3872 sub-

2129 3913 2500 3982 scripserunt,
2538 3910 2927 3980 professionem
2959 3925 3114 3965 suam
3145 3910 3400 3980 praesenti
3428 3908 3752 3976 adstipula-

2129 4006 2281 4061 tione
2313 4007 2554 4060 inserant
2582 4005 2766 4075 gestis.
2793 4003 3034 4058 Petimus
3083 4003 3456 4074 pratstantiatn
3483 4010 3643 4056 suam
3679 4011 3747 4057 ut

2131 4118 2256 4158 cum
2305 4102 2632 4171 subscriptio
2675 4102 2904 4171 coeperit
2932 4100 3148 4156 recitari
3182 4140 3199 4165 ,
3237 4098 3457 4152 eosdem
3483 4095 3753 4168 digneris

2133 4197 2343 4252 audire.
2376 4194 2442 4248 Et
2471 4196 2578 4249 alia
2617 4211 2800 4249 manu.
2827 4193 3105 4249 Emeritus
3135 4189 3449 4261 recognovi.

2211 4288 2332 4344 176.
2383 4288 2717 4342 Marcellinus
2737 4289 2813 4342 vir
2833 4287 3149 4342 clarissimus
3167 4285 3400 4338 tribunus
3428 4289 3472 4337 et
3497 4283 3755 4336 notarius

2135 4381 2288 4436 dixit.
2316 4379 2755 4449 Subscriptiones
2782 4379 3025 4434 omnium
3055 4419 3071 4445 ,
3101 4377 3243 4432 sicut
3259 4379 3526 4444 iusseram
3549 4414 3565 4437 ,
3589 4373 3755 4428 reci-

2137 4481 2342 4528 tentur.
2382 4473 2688 4540 Ruﬁnianus
2712 4472 2882 4526 scriba
2906 4470 3158 4524 recitauit.
3183 4467 3415 4535 Optatos
3443 4465 3755 4534 episcopus

504 4546 624 4599 168.
665 4543 1070 4600 Fortunatianus
1120 4549 1387 4619 episcopus
1441 4546 1682 4603 Ecclesiw
1743 4547 2026 4605 Catholica:
2053 4560 2109 4621 1)
2137 4566 2615 4622 Rusuccurimnus,
2646 4565 2712 4620 Et
2735 4582 2852 4620 cum
2889 4563 3184 4626 recitasset,
3218 4560 3442 4630 Optatos
3467 4559 3754 4630 episcopus

433 4642 584 4698 dixit.
604 4643 766 4714 273
777 4643 1052 4697 Potuith
1068 4643 1284 4714 quidem
1310 4645 1712 4700 numerosiores
1728 4644 2023 4701 Catholicae

426 4732 686 4790 Ecclesia:
711 4742 819 4788 toto
841 4735 973 4789 orbe
991 4733 1220 4801 dimisso,
1245 4749 1504 4807 quantum
1521 4739 1585 4792 ad
1604 4754 1819 4794 oausam
1849 4739 2014 4808 perti-

434 4836 546 4893 net,
578 4828 628 4881 in
660 4826 840 4883 Africn
872 4827 1283 4896 demonstrare,
1313 4830 1357 4883 si
1384 4833 1431 4884 in
1463 4832 1565 4885 hoc
1597 4843 1762 4886 toturn
1794 4832 2022 4887 actionis

432 4920 643 4985 pondus
664 4921 1005 4974 consisteret.
1043 4920 1237 4975 Verum
1261 4923 1384 4990 quia
1417 4926 1600 4979 nescio
1626 4926 1819 4996 quibus
1843 4942 2026 4981 mora-

430 5008 585 5061 toriis
615 5012 920 5065 actionibus
969 5012 1052 5066 vir
1099 5012 1450 5080 gravissimus
1483 5017 1647 5071 utitur
1686 5017 2020 5083 Petilianus,

421 5104 711 5170 amputatis
742 5103 1051 5169 snpei-ﬂuis,
1077 5104 1142 5158 ad
1170 5108 1473 5174 causoejam
1503 5109 1715 5164 initium
1747 5112 2023 5177 veniatur,

422 5197 794 5268 signiﬁcantes
825 5197 1265 5267 insinuantesque
1286 5199 1555 5256 nobilitati
1582 5211 1710 5271 tum,
1741 5187 1934 5259 vanum
1959 5204 2020 5259 in

487 5340 663 5464 (287}.
683 5337 898 5424 Miconii
949 5344 1197 5414 episcopi.
1227 5345 1393 5428 Antea
1419 5347 1517 5430 sui)
1537 5349 1699 5430 'ﬁncm
1729 5365 1853 5419 cap.
1877 5353 2001 5418 155,

488 5431 518 5464 n
591 5413 618 5464 ﬂ
648 5430 874 5464 tzontus-
928 5413 1021 5464 sed
1073 5414 1394 5464 Dunatmmta
1438 5419 1638 5464 dicitur
1685 5421 2001 5464 ﬂatlmlimic

410 5427 518 5466 non
591 5413 874 5478 Mizonius,
928 5413 1022 5468 sed
1073 5413 1394 5470 Duttatianus
1438 5418 1638 5474 dicitur
1685 5413 2012 5478 Catholicus-

407 5485 848 5564 episcopushcui
900 5484 1174 5564 Ngtttlictts
1227 5486 1809 5564 _Zellensis_oppositus
1860 5505 1997 5549 erat.

403 5554 583 5636 Quare
614 5555 1217 5636 suspicatunBaluzius
1231 5558 1359 5614 hinc
1384 5554 1651 5636 excidisse
1676 5580 1876 5619 nomen
1907 5581 2002 5619 cu-

398 5625 632 5705 jusdam
663 5624 952 5705 ιὶομιαιίιιηὶΔ
981 5630 1217 5705 episcopi
1243 5671 1287 5705 ,_
1314 5632 1464 5701 cujus
1493 5633 1839 5690 adversarius
1883 5644 2014 5691 erat.

402 5696 506 5778 i_s_te
554 5696 808 5778 Alia-pitius
833 5716 873 5778 ;.
903 5696 1029 5778 nisi—
1055 5696 1204 5778 dicas
1245 5696 1585 5778 'duosgluisse
1611 5707 1902 5778 episcopos
1945 5708 2002 5762 in

399 5765 620 5824 dimcesi
647 5767 876 5826 Zellensi
909 5768 1258 5827 Donatianum
1280 5783 1325 5828 et
1352 5765 1653 5834 Misoniuml

2131 4663 2284 4716 dixit.
2340 4660 2587 4715 Maudavi
2638 4669 2694 4714 et
2744 4655 3066 4726 subscripsi.
3099 4653 3165 4708 Et
3214 4653 3470 4707 recitavit.
3499 4651 3752 4720 Pompo-

2133 4756 2256 4811 nius
2283 4752 2568 4823 episcopus
2597 4749 3004 4806 Macrianensis.
3037 4745 3108 4800 Et
3138 4762 3255 4799 cum
3283 4745 3569 4807 recitasset,
3594 4742 3750 4796 idem

2131 4850 2286 4904 dixit.
2342 4846 2584 4902 Mandavi
2616 4855 2668 4899 cl.
2705 4843 3024 4914 subscripsi.
3069 4841 3136 4894 Et
3181 4840 3436 4894 recitavit.
3474 4838 3748 4892 Donatiao

2134 4957 2239 4997 nus
2268 4941 2553 5010 episcOpus
2593 4936 2922 5007 Bagaieusis.
2979 4932 3046 4986 Et
3094 4948 3209 4986 cum
3244 4931 3549 4993 recitasset,
3599 4928 3751 4982 idem

2132 5037 2284 5090 dixit.
2332 5030 2573 5087 Mandavi
2615 5039 2669 5085 et
2717 5027 3031 5094 subscripsi.
3081 5023 3149 5078 Et
3197 5023 3449 5078 recitavit.
3482 5020 3749 5076 Privatus

2132 5130 2421 5198 cpiscopus
2464 5121 2796 5193 Auzagensis
2827 5119 3001 5194 (289).
3034 5116 3100 5172 Et
3129 5133 3244 5170 cum
3273 5117 3568 5180 recitasset,
3594 5111 3739 5167 idem

2132 5223 2284 5277 dixit.
2314 5216 2567 5275 Mandavi
2611 5223 2666 5271 et
2711 5211 3012 5282 subscripsi
3043 5229 3058 5266 :
3085 5209 3461 5264 adversarium
3489 5206 3548 5261 in
3577 5207 3745 5277 plebe

2200 5353 2352 5426 ($88)
2395 5353 2683 5426 Imagines.
2709 5348 2766 5403 Id
2797 5359 2879 5426 est
2903 5390 2916 5411 ,
2943 5355 3262 5426 personatos
3286 5343 3602 5426 episc0pos.

2200 5416 2355 5490 (289')
2400 5416 2728 5494 Auzdgensis.
2775 5416 3020 5492 Auzagga
3076 5416 3309 5494 (inplet,
3346 5425 3400 5494 u_t
3429 5421 3739 5494 consule}

2126 5483 2248 5565 cap.
2277 5483 2378 5551 179
2397 5483 2566 5550 intra:
2597 5494 2727 5547 Huic
2755 5506 2874 5565 sese
2901 5483 3137 5565 opponit
3173 5487 3438 5565 Primulus
3473 5483 3740 5565 Vagensis

2126 5556 2416 5637 episcopus
2462 5567 2634 5638 partis
2681 5556 3020 5638 Donati,’et
3073 5556 3414 5638 adversarius
3454 5556 3739 5638 quondam

2128 5627 2351 5710 A'mpeli'i
2373 5681 2386 5704 ,
2412 5627 2506 5693 sed
2535 5639 2626 5707 qui
2658 5635 2726 5710 ad
2769 5627 3066 5710 Ecclesium
3097 5631 3333 5686 redierat
3358 5674 3371 5710 τ
3412 5627 3626 5684 ιιῐηιοι
3651 5627 3743 5710 di:

2125 5698 2290 5764 citu'r.
2314 5698 2423 5765 cur
2452 5698 2630 5782 autem
2652 5706 2724 5782 _id
2775 5704 3055 5782 acciderit,
3084 5711 3262 5782 ortum
3289 5708 3382 5782 est
3397 5715 3464 5782 ex
3493 5698 3742 5782 eo_qnotl

2133 5797 2330 5839 nomen
2367 5781 2526 5853 hujus
2547 5777 2696 5836 urbis
2738 5775 3188 5848 pronuntiabatur
3215 5772 3283 5830 ab
3310 5772 3462 5828 Afris
3491 5812 3506 5841 ,
3538 5773 3742 5828 Artava-
