3972 6328
465 278 602 335 1527

1409 275 1638 334 GESTA
1675 273 2130 333 COLLATIONIS
2163 274 2789 335 CARTHAGINENSIS.

3615 279 3646 335 1
3657 277 3761 333 528

539 396 662 452 185.
691 392 1022 448 Marcellinus
1046 392 1120 447 vir
1145 392 1462 448 clarissimus
1485 393 1721 448 tribunus
1745 402 1795 448 et
1824 393 2055 447 notarius
2084 396 2138 454 Α
2162 393 2473 464 subscripsi.
2537 394 2668 450 Item
2696 393 2942 449 recitavit.
3005 393 3256 451 Urbanus
3287 394 3579 464 episcopus
3604 392 3763 449 Sata-

469 490 617 545 dixit.
669 486 775 542 Pro
806 500 912 556 quo
941 484 1240 556 episcopo?
1284 483 1576 556 Petilianus
1607 482 1876 557 episcopus
1903 485 2055 539 dixit.

467 582 698 642 Lumine
726 589 914 653 captus
941 590 1043 636 cst.
1086 579 1155 634 Et
1185 581 1290 635 alia
1316 597 1490 634 manu.
1522 579 1819 634 Petilianus
1849 580 2060 650 episco-

465 690 567 746 pus
594 673 908 744 recognovi.
950 672 1171 744 Alypius
1214 673 1484 744 episcOpus
1510 670 1758 726 Ecclesia:
1795 671 2061 725 catholica:

466 770 616 824 dixit.
648 765 1059 838 Respondeatur
1088 775 1265 820 utrum
1297 779 1536 836 praesens
1565 766 1656 831 sit,
1685 779 1911 832 proquo
1931 763 2061 817 sub-

469 863 734 934 scriptum
765 869 870 918 est.
929 858 998 915 Et
1028 861 1134 916 alia
1159 875 1338 914 manu.
1383 859 1712 930 Rccognovi.
1759 857 2060 912 Primianus

467 959 734 1030 episcOpus
763 955 918 1011 dixit.
961 954 1272 1024 Loquamur
1299 953 1606 1009 veritatem.
1657 951 1839 1008 Oculis
1868 959 2058 1022 captus

464 1061 548 1106 est
572 1091 587 1117 ,
630 1049 819 1105 venire
849 1063 957 1102 non
987 1046 1202 1118 potuit,
1247 1044 1621 1117 presbyterum
1653 1059 1810 1098 suum
1836 1041 2055 1098 direxit.

462 1142 532 1198 Et
557 1143 664 1198 alia
691 1155 866 1196 manu.
907 1139 1215 1195 Primianus
1241 1138 1528 1208 episcopus
1559 1134 1869 1206 recognovi.
1911 1133 2060 1188 Mar-

461 1240 680 1296 cellinus
707 1239 784 1292 vir
813 1236 1129 1291 clarissimus
1165 1233 1399 1288 tribunus
1427 1241 1476 1288 et
1501 1233 1734 1286 notarius
1761 1231 1912 1284 dixit.
1951 1227 2058 1285 Sed

462 1346 662 1388 nomen
693 1329 859 1402 ipsius
888 1328 1071 1385 debuit
1100 1326 1499 1397 subscriptione
1528 1326 1720 1381 teneri.

539 1441 662 1498 184.
721 1440 940 1512 Alypius
980 1439 1247 1510 episcOpus
1286 1435 1531 1492 Ecclesia!
1584 1434 1854 1490 catholicae
1895 1434 2052 1488 dixit.

462 1535 744 1591 Testatum
773 1533 840 1589 sit
869 1530 1008 1605 [eos]
1038 1532 1200 1587 etiam
1226 1530 1527 1586 absentium
1562 1527 1780 1584 nomina
1807 1527 1946 1582 velle
1977 1527 2058 1581 in-

461 1619 646 1682 serere
666 1668 682 1692 ,
733 1633 792 1679 ut
817 1623 978 1678 etiam
1022 1622 1177 1677 nobis
1207 1622 1369 1678 liceat
1393 1635 1584 1677 omnes
1613 1619 1912 1675 catholicos
1940 1618 2056 1689 epi-

459 1732 658 1790 scopos
677 1759 694 1786 ,
738 1716 828 1788 qui
857 1730 954 1788 per
981 1715 1358 1770 inﬁrmitatem
1387 1714 1473 1769 vel
1504 1728 1599 1783 per
1627 1713 1862 1783 aliquam
1895 1725 2056 1766 occa-

2164 485 2350 542 l'ensis.
2393 488 2617 556 Cumque
2660 489 2986 553 accessisset,
3037 490 3171 542 idem
3212 490 3363 543 dixit.
3417 488 3667 543 Mandavi
3709 496 3764 542 et

2163 579 2480 651 subscripsi.
2527 579 2660 634 Item
2688 581 2938 636 recitavit.
2975 581 3212 636 Donatus
3243 581 3533 650 episcopus
3559 579 3764 634 Cillita—

2165 686 2287 726 nus.
2320 670 2546 744 Cumque
2577 673 2892 736 accessisset,
2922 672 3057 726 idem
3087 672 3240 727 dixit.
3275 672 3523 726 Maudavi
3553 680 3609 728 et
3638 671 3765 726 sub-

2162 763 2376 833 scripsi.
2441 762 2575 818 Item
2607 765 2855 819 recitavit.
2912 765 3176 820 Liberalis
3203 765 3494 835 episcopus
3521 763 3627 818 loci
3656 763 3764 817 Na-

2161 855 2416 910 saiteusis
2465 855 2641 927 (502).
2723 855 2950 927 Cumque
3004 859 3335 922 accessisset,
3403 857 3542 912 idem
3575 857 3762 910 dixit.

2161 945 2402 1003 Mandavi
2432 958 2484 1003 et
2511 948 2845 1020 subscripsi:
2891 965 2991 1005 nec
3019 949 3178 1006 habui
3207 950 3610 1016 adversarium,
3659 967 3765 1007 nec

2163 1036 2369 1105 habeo,
2405 1054 2504 1094 nec
2541 1039 2751 1096 habebo
2780 1043 3125 1108 permittente
3158 1042 3288 1096 Deo.
3319 1025 3474 1096 Item
3505 1042 3763 1097 recitavit.

2161 1127 2515 1186 Maximianus
2539 1132 2827 1202 epise0pus
2855 1132 3280 1188 Hermianensis.
3327 1131 3560 1205 Cumque
3589 1150 3769 1188 acces-

2160 1225 2345 1292 sisset,
2386 1226 2523 1280 idem
2553 1227 2705 1282 dixit.
2748 1226 2994 1282 Mandavi
3020 1237 3076 1284 et
3102 1228 3418 1298 subscripsi.
3465 1226 3601 1282 Item
3631 1228 3768 1283 reci-

2162 1318 2307 1372 tavit.
2370 1316 2704 1373 Fortunatus
2746 1319 3033 1390 episcopus
3061 1319 3462 1376 Vesceritanus.
3532 1318 3768 1387 Cumque

2159 1410 2486 1477 accessisset,
2531 1410 2664 1464 idem
2693 1411 2842 1466 dixit.
2895 1411 3138 1466 Mandavi
3169 1421 3224 1468 et
3251 1411 3569 1482 subscripsi.
3619 1411 3761 1467 Item

2159 1501 2409 1555 recitavit.
2459 1501 2783 1573 Peregrinus
2828 1504 3114 1574 episcopus
3152 1503 3460 1560 Sufetanus.
3528 1505 3765 1576 Cumque

2160 1595 2502 1662 accessisset,
2530 1596 2667 1650 idem
2697 1597 2850 1653 dixit.
2897 1598 3142 1654 Mandavi
3170 1609 3226 1656 et
3254 1602 3575 1672 subscripsi.
3627 1601 3765 1656 Item

2158 1690 2411 1744 recitavit.
2477 1690 2717 1746 Donatus
2767 1691 3055 1762 episcopus
3096 1693 3547 1751 Mert‘erebitanus
3581 1697 3762 1768 (505).

463 1779 690 1865 sionem.
719 1779 909 1864 adesse
936 1823 1045 1862 non
1086 1816 1421 1878 potuerunt,
1467 1779 1634 1876 gestis
1668 1779 1929 1860 inserere.
1985 1801 2056 1856 Et
2083 1789 2132 1850 B
2159 1779 2388 1878 (Ιιιηιιιιιε
2408 1783 2719 1878 αξεεξδίδδεῇ
2744 1783 2880 1878 id?“
2900 1785 3052 1878 41'5":
3076 1785 3318 1842 Μ³ηάεινί
3351 1797 3408 1842 ει
3432 1788 3757 1860 subscripsi-

460 1904 566 1958 alia
595 1918 773 1957 manu.
815 1901 1150 1973 Reeognovi.
1182 1899 1252 1955 Et
1279 1901 1529 1956 recitavit.
1575 1900 1808 1954 Donatus
1839 1897 2053 1967 episco-

456 2011 557 2066 pus
579 1995 958 2066 Apissanensis
979 1992 1154 2065 (501).
1185 1991 1254 2046 Et
1282 2009 1397 2046 cum
1425 1991 1706 2056 recitasset,
1729 1991 1865 2044 idem
1889 1989 2040 2044 dixit.

451 2092 525 2150 Et
572 2092 824 2147 mandavi
852 2099 909 2146 et
938 2089 1271 2159 subscripsi:
1312 2087 1680 2144 adversarium
1713 2101 1818 2141 non
1851 2085 2045 2140 habeo.

525 2203 653 2259 185.
685 2201 977 2256 Petilianus
1005 2201 1280 2271 episcopus
1308 2198 1458 2253 dixit.
1493 2197 1762 2266 Quoniam
1796 2211 2052 2266 prosecu-

455 2297 532 2351 tio
560 2293 731 2366 partis
777 2293 1022 2348 adversae
1050 2299 1353 2348 contestata
1398 2291 1726 2346 monstravit
1752 2289 1963 2360 aliquos
1992 2303 2052 2345 se

454 2389 708 2443 absentes
733 2385 957 2455 habere,
985 2399 1086 2439 nos
1108 2397 1324 2455 quoque
1345 2397 1452 2438 non
1482 2393 1720 2438 tacemus
1744 2382 2050 2452 aliquantus

449 2490 674 2536 nostros
704 2479 890 2536 multis
917 2478 1336 2535 necessitatibus
1363 2487 1455 2532 aut
1493 2477 1738 2533 adversis
1779 2475 2050 2532 valetudi-

449 2573 610 2630 nibus
636 2573 962 2644 praepeditos
993 2587 1104 2627 non
1134 2570 1350 2627 venisse
1375 2612 1390 2636 ,
1419 2570 1724 2640 aliquantas
1750 2569 1914 2626 etiam
1954 2584 2047 2625 ca-

446 2665 670 2722 thedras
701 2680 844 2722 nunc
868 2680 991 2722 esse
1017 2663 1264 2720 viduatas
1290 2706 1304 2730 ,
1347 2663 1544 2733 quibus
1586 2662 1764 2718 adhuc
1799 2662 2044 2733 episcopi

447 2763 682 2819 ordinati
714 2777 819 2817 non
851 2774 975 2816 esse
1005 2767 1399 2814 monstrantur.
1431 2758 1606 2813 Etiam
1636 2757 1742 2813 hoc
1768 2766 1887 2813 aeta
1914 2771 2046 2812 cou-

443 2858 676 2914 tineant.
743 2855 812 2911 Et
864 2854 974 2910 alia
1027 2870 1204 2908 manu.
1267 2852 1565 2909 Petilianus
1617 2850 1904 2922 episcopus
1951 2865 2042 2906 re-

447 2964 699 3021 cognovu

517 3062 642 3119 186.
686 3060 1026 3117 Marcellinus
1063 3061 1142 3116 vir
1167 3059 1489 3116 clarissimus
1525 3057 1760 3112 tribunus
1795 3066 1842 3112 et
1885 3066 2038 3112 uota-

2165 1871 2294 1926 Item
2345 1873 2594 1929 recitavit.
2677 1873 2918 1931 Gavinus
2970 1877 3258 1948 episcopus
3318 1879 3756 1950 Vegeselitanus.

2159 1965 2388 2034 Cumque
2408 1969 2718 2030 accessisset.
2742 1969 2878 2023 idem
2899 1970 3051 2026 dixit.
3081 1970 3324 2026 Mandavi
3347 1982 3403 2028 et
3433 1974 3754 2043 subscripsi.

2157 2059 2294 2114 Item
2359 2061 2607 2117 recitavit.
2688 2061 3014 2118 Veratianus
3069 2064 3354 2136 cpiscopus
3412 2065 3760 2138 Carpitanus.

2157 2149 2381 2222 Cumque
2399 2155 2713 2221 accessisset,
2735 2155 2869 2208 idem
2895 2156 3046 2210 dixit.
3079 2157 3324 2212 Mandavi
3349 2168 3405 2213 et
3431 2161 3758 2232 subscripsi,

2153 2243 2247 2314 qui
2271 2259 2389 2300 sum
2427 2260 2713 2301 successor
2739 2245 3074 2302 Faustiniani
3101 2291 3116 2316 ,
3164 2252 3254 2320 qui
3284 2251 3337 2306 in
3368 2253 3580 2309 unitate
3609 2256 3761 2310 veri-

2156 2338 2280 2391 tatis
2332 2337 2504 2394 fuerat
2546 2337 2825 2394 ordinatus
2869 2354 2900 2394 a
2931 2339 3175 2406 Donato,
3228 2344 3577 2413 postmodum
3625 2362 3759 2403 vero

2152 2431 2486 2501 temporibus
2506 2431 2738 2497 Macarii,
2763 2432 2874 2488 illic
2893 2445 3235 2489 emerserunt
3266 2435 3583 2494 traditores.
3613 2438 3750 2494 Item

2150 2523 2398 2578 recitavit.
2459 2523 2698 2581 Gaianus
2749 2527 3038 2596 episcopus
3093 2525 3459 2597 Tigualensis.
3523 2530 3757 2604 Cumque

2149 2620 2484 2685 accessisset,
2529 2619 2666 2673 idem
2695 2619 2843 2674 dixit.
2890 2619 3136 2675 Mandavi
3165 2631 3219 2676 et
3245 2623 3568 2694 subscripsi.
3618 2625 3758 2680 Item

2149 2711 2400 2766 recitavit.
2470 2711 2708 2782 Rogatus
2755 2714 3042 2784 episcopus
3087 2713 3452 2771 Perdicensis.
3524 2717 3758 2788 Cumque

2146 2807 2463 2871 accessisset,
2499 2806 2632 2860 idem
2662 2807 2810 2861 dixit.
2857 2805 3102 2862 Maudavi
3133 2816 3188 2863 et
3236 2809 3562 2882 subscripsi.
3612 2811 3752 2867 Item

2145 2898 2397 2952 recitavit.
2446 2898 2755 2954 Victorinus
2781 2898 3068 2970 episcopus
3091 2899 3267 2970 plebis
3298 2901 3750 2972 Leptiminensis.

2145 2989 2370 3062 Cumque
2395 2991 2706 3058 accessisset,
2733 2992 2869 3046 idem
2890 2993 3042 3047 dixit.
3076 2992 3320 3048 Mandavi
3343 3003 3400 3050 et
3419 2996 3749 3069 subscripsi.

2144 3080 2280 3136 Item
2308 3083 2556 3137 recitavit.
2608 3082 2962 3138 Martinianus
2991 3083 3280 3155 episcopus
3308 3085 3412 3141 loci
3439 3085 3754 3145 Tibuzabe—

445 3157 556 3212 νίυε
579 3158 730 3213 dim“-
767 3157 1037 3226 Quamum
1067 3155 1135 3212 ad
1158 3155 1622 3211 conﬁrmationem
1649 3151 1887 3207 mandati
1918 3165 2040 3222 Pe"
2067 3181 2112 3243 (ς
2148 3174 2317 3230 tensis
2339 3173 2508 3246 (504).
2543 3172 2772 3246 Cumque
2791 3151 3104 3244 accessisset,
3135 3151 3272 3232 idem
3303 3179 3453 3233 dixit.
3491 3178 3750 3236 Mandavi

441 3252 600 3317 tinet,
623 3251 820 3307 sufﬁcit
849 3252 903 3307 in
934 3260 1161 3321 utraque
1190 3257 1342 3321 parte
1364 3263 1550 3304 eorum
1575 3261 1836 3303 numerus
1861 3260 2040 3302 sacer-

441 3344 647 3412 dotum,
664 3345 751 3415 qui
771 3343 948 3400 eidem
971 3342 1224 3398 mandato
1241 3341 1626 3411 subscripsisse
1644 3347 2034 3395 monstrantur.

437 3435 596 3492 Unde
623 3436 828 3507 reliqua
856 3436 1202 3507 perlegantur
1222 3477 1238 3504 ,
1270 3433 1560 3505 superﬂuis
1587 3433 1870 3489 absentum
1900 3446 2033 3486 cau-

439 3529 742 3584 satiouibus
807 3528 1206 3599 sequestratis.
1260 3525 1330 3581 Et
1397 3527 1650 3581 recitavit.
1719 3524 2036 3593 Quintasius

437 3620 723 3689 episcopus
745 3619 1082 3675 Vaianensis.
1115 3618 1343 3689 Cumque
1369 3617 1688 3682 accessisset,
1716 3615 1855 3672 idem
1876 3615 2030 3670 dixit.

433 3712 689 3770 Mandavi
732 3725 786 3768 et
821 3711 1142 3783 subscripsi.

515 3826 638 3882 187.
694 3826 918 3898 Alypius
964 3825 1233 3896 episcopus
1281 3825 1507 3880 ecclesia:
1557 3823 1831 3880 catholiccc
1876 3825 2029 3879 dixit.

436 3916 767 3976 Obliteretur
789 3933 918 3989 ergo
939 3917 1267 3987 subscriptio
1289 3917 1596 3973 absentum.
1626 3916 1695 3970 Et
1720 3917 1825 3970 alia
1848 3932 2028 3970 manu.

433 4012 766 4086 Reeognovi.
805 4011 871 4068 Et
897 4013 1148 4067 recitavit.
1175 4010 1464 4067 Ianuarius
1489 4011 1778 4079 episcopus
1808 4008 2031 4064 Lamas-

432 4106 639 4162 bensis.
690 4104 920 4175 Cumque
950 4109 1279 4168 accessisset,
1329 4103 1465 4155 idem
1494 4101 1644 4156 dixit.
1695 4100 1943 4156 Mandavi
1975 4110 2031 4156 et

434 4197 750 4267 subscripsi.
797 4195 933 4250 Item
972 4194 1222 4249 recitavit.
1265 4192 1419 4248 Felix
1448 4193 1736 4263 episcopus
1764 4191 2027 4248 Novasin-

2142 3275 2198 3321 et
2220 3266 2535 3338 subscripsi.
2583 3266 2718 3322 Item
2742 3269 2990 3322 recitavit.
3039 3269 3365 3335 Quintianus
3394 3272 3694 3345 episcOpus
3718 3289 3750 3328 a

2143 3357 2476 3415 Lacu-dulce
2522 3358 2696 3431 (505).
2768 3359 3158 3417 Valentinianus
3207 3364 3459 3420 diaconus
3515 3369 3749 3439 episcOpi

2141 3451 2396 3507 Primiani
2424 3451 2580 3507 dixit.
2621 3452 2762 3508 Male
2795 3453 2975 3510 habet.
3022 3453 3156 3510 Item
3186 3458 3436 3512 recitavit.
3483 3459 3750 3532 Pelagius

2139 3544 2424 3614 episcopus
2469 3543 2887 3600 Vanarionensis
2917 3545 3092 3620 (506).
3150 3546 3377 3619 Cumque
3417 3553 3746 3620 accessisset,

2136 3636 2274 3691 idem
2307 3637 2459 3691 dixit.
2505 3636 2751 3692 Maudavi
2778 3648 2829 3691 et
2861 3638 3193 3710 subscripsi:
3223 3641 3598 3698 adversarium
3632 3661 3748 3702 non

2137 3725 2332 3784 habeo.
2380 3728 2512 3782 Item
2541 3730 2791 3784 recitavit.
2839 3729 3183 3788 Victorianus
3210 3733 3498 3804 episcopus
3526 3736 3750 3793 Tibari-

2137 3828 2315 3877 tanus.
2362 3818 2589 3893 Cumque
2625 3824 2952 3889 accessisset,
3003 3825 3138 3879 idem
3172 3826 3324 3882 dixit.
3389 3829 3650 3886 Mandavi
3690 3842 3750 3888 et

2134 3916 2450 3986 subscripsi.
2515 3915 2648 3970 Item
2699 3918 2949 3972 recitavit.
3017 3918 3384 3976 Primulianus
3431 3922 3744 3994 episcopus

2135 4010 2630 4067 Mandasumitanus
2669 4011 2849 4083 (507).
2922 4009 3150 4082 Cumque
3199 4015 3534 4083 accessisset,
3593 4018 3748 4073 idem

2133 4103 2282 4158 dixit.
2327 4102 2586 4158 Consensi
2616 4111 2673 4158 et
2700 4104 3020 4175 subscripsi.
3069 4103 3203 4159 Item
3230 4107 3485 4162 recitavit.
3530 4107 3749 4168 Fortu-

2133 4196 2382 4252 natianus
2435 4196 2720 4267 episcopus
2778 4197 3058 4252 Melensis.
3137 4197 3362 4269 Cumque
3406 4203 3746 4273 accessisset,

434 4286 644 4342 nensis.
701 4285 929 4356 Curaque
953 4284 1271 4351 accessisset,
1305 4283 1441 4338 idem
1472 4283 1624 4338 dixit.
1686 4283 1930 4339 Mandavi
1972 4293 2027 4341 et
2130 4288 2438 4360 280idem
2460 4288 2614 4343 dixit.
2638 4287 3291 4360 Mandavietsubscripsi.
3316 4291 3450 4347 Item
3469 4296 3743 4352 recitavit.

435 4377 754 4448 subscripsi.
816 4376 952 4431 Item
990 4377 1242 4432 recitavit.
1305 4373 1562 4430 Martialis
1602 4376 1889 4447 episcopus
1920 4376 2028 4432 ldi-
2128 4379 2436 4435 Felicianus
2465 4379 2751 4449 episcopus
2774 4379 3074 4436 Utincnsis.
3133 4379 3362 4453 Cumque
3400 4387 3744 4456 accessisses,

430 4470 660 4527 crensis.
704 4468 933 4537 Cumque
957 4469 1286 4536 accessisset,
1321 4467 1459 4522 idem
1483 4467 1636 4522 dixit.
1691 4468 1942 4524 Maudavi
1970 4478 2024 4526 et
2126 4470 2265 4525 idem
2309 4471 2458 4526 dixit.
2523 4470 2767 4526 Mandavi
2808 4480 2864 4527 et
2905 4471 3227 4543 subscripsi.
3285 4474 3419 4529 Item
3458 4479 3740 4536 recitauit.

426 4561 742 4632 subscripsi.
806 4560 940 4616 Item
964 4558 1215 4616 recitavit.
1277 4557 1535 4616 Gedudus
1579 4558 1870 4629 episcopus
1901 4559 2020 4616 Uti-
2050 4576 2105 4636 Ι)
2130 4563 2472 4618 Florentinus
2521 4561 2806 4633 episcopus
2849 4578 2878 4618 a
2909 4563 3229 4621 Tubusubtu
3258 4565 3434 4636 (508).
3492 4566 3743 4641 Cumque

425 4655 628 4712 censis.
670 4652 896 4724 Cumque
920 4654 1245 4721 accessisset,
1290 4650 1428 4706 idem
1459 4651 1610 4707 dixit.
1675 4651 1926 4708 Mandavi
1967 4663 2022 4712 et

424 4827 732 4875 eonSIatex
759 4831 879 4885 cap.
904 4814 1044 4885 155,
1089 4805 1482 4869 Lucidus'erat
1532 4812 1803 4883 episcopus
1851 4813 2013 4885 plebis

428 4883 871 4944 Marcellianensis
901 4898 955 4942 et
984 4883 1288 4939 Bazitensis.

496 4979 650 5050 (501)
691 4977 1068 5050 Apissanensis.
1098 4974 1430 5050 Legendum
1459 4975 1674 5050 videtur
1705 4991 1732 5029 a
1777 4975 2012 5031 Pissanis

2128 4657 2458 4724 accessisset,
2493 4655 2630 4711 idem
2658 4656 2814 4711 dixit.
2865 4655 3110 4713 Mandavi
3139 4669 3196 4713 et
3219 4659 3537 4731 subscripsi.
3586 4661 3743 4720 Item

2119 4816 2280 4942 docet
2307 4816 2495 4872 notitia
2530 4832 2680 4873 num.
2713 4817 2849 4886 110,
2896 4819 2988 4876 ubi
3033 4819 3336 4890 appellatur
3360 4818 3745 4884 Madassumi-

2143 4905 2291 4942 anus.

2143 4905 2291 4943 anus.

2191 4982 2342 5054 (508)
2376 4983 2419 5036 Α
2452 4981 2775 5038 Tubusubtu.
2815 4982 2873 5037 In
2906 4984 3095 5039 notitia
3125 4985 3459 5042 Mauritania:
3495 4987 3740 5048 Sitifen-

424 5045 523 5106 seu
556 5045 793 5129 Pesanis.
843 5047 1047 5130 Pesana
1076 5045 1236 5128 inter
1279 5045 1528 5100 civitates
1557 5047 1885 5130 Byxacenas.
1912 5065 2013 5104 nu-
2116 5045 2372 5107 sis'num.
2401 5056 2465 5118 8,
2497 5057 2736 5109 occurrit
2764 5055 3052 5124 episcopus
3080 5054 3163 5109 Tu
3201 5055 3548 5116 usubditanui
3571 5101 3587 5127 ,
3625 5045 3741 5131 pro

424 5128 669 5177 meratur
696 5135 746 5172 In
780 5129 946 5172 veteri
978 5127 1168 5171 uotiua
1197 5132 1356 5180 quam
1390 5115 1714 5180 Beveregtus
1744 5117 1936 5174 edidit.
2116 5138 2224 5180 auo
2274 5124 2559 5180 legendum
2606 5124 3080 5180 Tubusubditanus.
3153 5074 3211 5180 lg"
3264 5129 3454 5180 notitia
3507 5132 3734 5180 ίηιηειιίί

424 5128 669 5177 meratur
695 5119 746 5172 in
780 5119 946 5172 veteri
978 5118 1168 5171 notitia
1197 5132 1356 5186 quam
1390 5115 1714 5187 Beveregius
1744 5117 1936 5174 edidit.

495 5210 645 5284 (502)
685 5208 1028 5264 Nasaitensis.
1079 5207 1244 5276 Cujus
1272 5208 1562 5277 provinciae
1587 5208 1681 5275 sit,
1714 5211 2006 5266 incertum.

492 5305 642 5379 (505)
695 5301 1140 5375 Merferebitanus.
1196 5299 1365 5370 Cujus
1422 5302 1713 5370 provinciae
1760 5303 1871 5369 sit,
1926 5304 2008 5359 in-

417 5387 1082 5516 cegltllTiTibusabetensis.
1105 5441 1273 5516 Cujus
1291 5441 1581 5516 provinciae
1599 5443 1690 5511 sit,
1713 5445 2001 5500 incertum.

511 5513 640 5586 505)
662 5516 706 5568 Α
722 5514 1070 5569 Lacu-dulce.
1088 5515 1252 5581 Cujus
1275 5513 1568 5584 provinciae
1596 5516 1685 5578 sit,
1713 5517 2001 5571 incertum.

483 5595 635 5664 (506)
670 5593 1088 5648 Vanarionensis.
1125 5591 1290 5648 Forte
1319 5591 1728 5649 Panatoriensis.
1771 5593 1828 5648 In
1855 5597 2002 5651 Mau-

405 5667 600 5723 ritania
629 5665 973 5730 Caesariensi,
1002 5673 1062 5719 ut
1087 5664 1248 5720 docet
1275 5665 1463 5720 notitia
1495 5681 1644 5720 num.
1672 5665 1758 5719 11.

406 5824 410 5829 _
477 5758 631 5828 (507)
664 5755 1166 5812 Mandasumitanus.
1208 5755 1267 5811 In
1299 5757 1579 5827 provincia
1601 5757 1902 5829 Byzaeeua,
1934 5768 1993 5816 ut

2116 5138 2224 5194 quo
2274 5124 2559 5194 legendum
2606 5124 3080 5180 Tubusubditanus.

2117 5193 2345 5266 habetur
2373 5204 2505 5250 sect.
2538 5195 2606 5251 20
2669 5197 3004 5266 Prtepositus
3059 5197 3247 5252 limitis
3275 5193 3732 5259 Tubusubdiiam’.

2113 5263 2475 5344 [abusupmm
2503 5263 2815 5344 scribebant
2842 5277 3092 5344 veteres“,
3131 5278 3195 5344 _et
3233 5269 3322 5344 ita
3348 5269 3551 5341 legitur
3575 5277 3734 5344 apud

2117 5334 2469 5413 Ptolemaeum
2494 5337 2711 5413 _lib._t_v,
2753 5353 2874 5410 cap.
2900 5338 2966 5404 2,
3005 5338 3240 5413 Plinium
3270 5340 3362 5394 lib.
3393 5334 3461 5406 ἱ,
3501 5334 3630 5413 θερῖ
3666 5346 3734 5402 2.

2116 5408 2448 5462 Antoninum
2493 5407 2544 5463 in
2592 5407 2910 5476 ltinerario,
2954 5420 3010 5465 et
3050 5408 3398 5465 Ammianum
3437 5407 3734 5472 Mareelli-

2111 5492 2264 5556 num,
2296 5480 2390 5556 li_b.
2423 5495 2570 5546 xxxx,
2609 5495 2726 5549 cap.
2754 5483 2807 5536 5.
2852 5479 2908 5534 In
2941 5479 3514 5556 Antoniuiltinerario
3542 5500 3734 5556 prope

2111 5548 2302 5604 Saldas
2329 5550 2562 5604 locatum
2591 5548 2927 5615 nurneratur,
2959 5561 3014 5607 et
3041 5551 3182 5619 apud
3206 5548 3559 5608 Ammianum
3587 5548 3732 5616 loéo

2108 5619 2325 5693 laudato
2353 5619 2708 5692 Tubusuptum
2735 5622 2935 5693 dicitur
2961 5621 3130 5676 fuisse
3163 5625 3473 5693 contiguum
3506 5624 3728 5682 Monti-

2103 5691 2317 5814 ﬁrrato,
2347 5693 2461 5760 qui,
2490 5691 2636 5747 utex
2689 5692 2914 5748 Tabulis
2961 5691 3394 5763 Peutingerianis
3443 5707 3622 5766 patet,
3691 5716 3728 5757 a

2158 5777 2436 5814 usuccurro
2461 5763 2673 5814 colonia
2703 5764 2895 5814 Saldas
2923 5779 3095 5814 usaue
3124 5765 3479 5814 nertinaebat.

3197 5145 3214 5202 l_
3264 5129 3454 5202 n_otitia
3507 5129 3739 5202 imperii

2158 5777 2436 5816 usuccurro
2461 5763 2674 5819 colonia
2703 5764 2895 5821 Saldas
2923 5779 3095 5836 usque
3122 5763 3479 5836 pertingebai.
