3972 6328
202 395 339 449 1557

1175 397 1398 454 GESTA
1437 393 1892 453 COLIATIONIS
1925 393 2543 451 CARTII.\GI.\'ENSIS.

3360 393 3498 450 1558

195 513 516 580 subscripsi.
563 513 710 568 Duos
749 513 1035 570 adversum
1068 530 1154 571 me
1186 515 1389 583 habeo,
1423 524 1474 570 et
1515 514 1803 570 ordinave-
1832 516 1882 577 Α
1911 510 2248 565 Marcellinus
2285 512 2364 565 vir
2400 512 2718 567 clarissimus
2743 512 2976 566 tribunus
3003 519 3050 566 et
3077 511 3309 565 notarius
3346 511 3498 565 dixit.

194 613 322 660 runt
352 605 516 658 modo
547 621 735 660 unum.
772 605 903 659 Item
929 607 1180 661 recitavit.
1211 607 1488 662 Romanus
1516 609 1800 678 episcopus

195 696 522 752 Lesvitanus
541 696 717 766 (568).
744 697 972 768 Cumque
985 699 1298 764 accessisset,
1321 699 1454 753 idem
1478 699 1628 753 dixit.
1655 697 1801 752 Man-

194 788 319 844 davi
361 799 415 843 et
456 788 776 858 subscripsi.
809 788 942 844 Item
973 791 1222 845 recitavit.
1256 790 1557 848 Restitutus
1586 790 1799 860 episco-

192 899 294 953 pus
342 882 771 953 Segermitanus.
819 882 1044 954 Cumque
1090 887 1412 952 accessisset,
1465 885 1599 938 idem
1648 885 1794 937 dixit.

191 975 443 1032 Mandavi
471 985 524 1030 et
549 975 866 1045 subscripsi.
896 974 1032 1030 Item
1060 977 1310 1031 recitavit.
1342 975 1666 1032 Cresconius
1687 976 1800 1044 epi-

189 1086 391 1140 sc0pus
419 1072 488 1125 ab
516 1070 719 1127 Horren
749 1070 1062 1127 Aninicensi
1097 1071 1274 1143 (569).
1306 1071 1536 1140 Cumque
1555 1069 1800 1124 accessis-

187 1174 298 1229 set,
329 1163 466 1218 idem
495 1163 647 1217 dixit.
685 1163 927 1218 Mandavi
957 1173 1012 1219 et
1039 1163 1352 1235 subscripsi.
1385 1163 1516 1218 Item
1545 1163 1794 1217 recitavit.

188 1255 489 1312 Faustinus
527 1255 816 1326 episcopus
855 1257 1252 1312 Tambaiensis.
1285 1254 1512 1325 Cumque
1553 1255 1800 1309 accessis-

186 1360 281 1414 set,
309 1350 446 1404 idem
477 1350 630 1404 dixit.
659 1350 904 1405 Mandavi
937 1359 992 1406 et
1021 1350 1337 1420 subscripsi.
1367 1349 1503 1403 Item
1542 1349 1794 1403 recitavit.

187 1445 540 1500 Primilianus
571 1446 860 1516 episcopus
881 1444 1324 1516 Luciniagneusis
1353 1447 1526 1517 (570).
1569 1446 1798 1515 Cumque

185 1539 517 1604 accessisset,
545 1539 678 1592 idem
705 1539 859 1593 dixit.
891 1539 1137 1593 Mandavi
1165 1547 1217 1594 et
1245 1539 1542 1607 subscripsi
1565 1556 1577 1590 :
1607 1538 1797 1592 adver-

185 1631 392 1686 sarium
435 1649 540 1686 non
585 1632 780 1687 habeo.
818 1630 947 1686 Item
978 1633 1228 1686 recitavit.
1263 1631 1622 1686 Maximianus
1677 1631 1794 1698 epi-

127 1761 130 1764 ~
185 1737 386 1792 scapus
419 1723 795 1780 Benuefensis.
826 1724 1122 1779 Primianus
1164 1726 1438 1795 episcopus
1463 1723 1795 1794 Carthaginis

185 1814 343 1870 dixit.
387 1815 560 1872 Hodie
589 1817 757 1872 exivit
785 1817 853 1873 de
884 1833 1132 1888 Corpore.
1166 1816 1302 1872 Item
1332 1817 1577 1871 recitavit.
1612 1816 1792 1870 Dona-

1902 603 2070 675 Cujus
2119 586 2221 660 loci
2267 605 2423 661 Felix
2468 597 2760 677 episcopus
2804 605 3220 675 subscripserit,
3265 603 3503 661 officium

1902 710 2090 771 aperte
2103 699 2458 755 demonstret.
2473 701 2534 754 Et
2558 701 2807 774 recitavit.
2832 699 2979 756 Felix
2995 699 3356 755 Zummensis.
3379 700 3505 770 Aly-

1904 793 2021 863 pius
2061 793 2331 864 episcOpus
2363 791 2610 847 Ecclesia:
2654 793 2920 848 catholica:
2949 793 3100 848 dixit.
3134 791 3502 864 Subscriptio-

1902 891 1988 946 nis
2028 891 2321 947 falsitatem
2361 891 2756 960 deprehensam
2799 891 2964 946 fuisse
3003 898 3259 946 testatum
3301 892 3389 945 sit.
3434 890 3502 945 Et

1900 986 2008 1039 alia
2041 1001 2217 1040 manu.
2251 985 2576 1055 Recognovi.
2606 985 2904 1040 Adeodatus
2929 985 3198 1058 episcopus
3224 983 3376 1038 dixit.
3405 983 3505 1039 Hic

1906 1094 2063 1135 error
2106 1089 2221 1146 est,
2273 1096 2379 1135 non
2420 1080 2651 1134 falsitas.
2696 1079 2760 1133 Et
2801 1081 2907 1134 alia
2948 1096 3124 1133 nianu.
3171 1078 3499 1149 Recognovi.

1899 1172 2119 1244 Alypius
2159 1173 2434 1244 episcOpus
2483 1170 2735 1226 Ecclesia:
2778 1170 3045 1226 catholica:
3088 1171 3236 1224 dixit.
3280 1170 3503 1239 Magnus

1898 1279 2071 1320 error.
2101 1264 2339 1320 Nescivit
2367 1263 2510 1319 unde
2536 1273 2704 1320 esset.
2741 1263 2805 1318 Et
2827 1264 2934 1318 alia
2957 1279 3137 1317 manu.
3163 1262 3499 1332 Recognovi.

1899 1355 2171 1412 Possidius
2195 1359 2465 1429 episcOpus
2495 1355 2742 1409 Ecclesia:
2769 1356 3038 1410 catholica:
3064 1355 3213 1408 dixit.
3245 1354 3375 1421 Quis
3403 1353 3502 1408 sub

1896 1449 2016 1518 ejus
2045 1451 2262 1504 nomine
2281 1449 2678 1516 subscripserit,
2705 1448 2892 1502 saltem
2920 1448 3020 1504 hoc
3041 1447 3291 1503 Notarius
3312 1462 3497 1504 eorum

1898 1541 2091 1595 edicat.
2119 1540 2190 1597 Ut
2217 1555 2398 1610 supra.
2424 1540 2641 1610 Alypius
2671 1541 2943 1612 episcopus
2959 1539 3204 1595 Ecclesia:
3231 1538 3501 1593 catholica:

1896 1634 2049 1689 dixit.
2097 1633 2311 1690 Sufﬁcit
2345 1651 2450 1688 non
2485 1648 2580 1688 nos
2611 1633 3022 1702 praetermisisse
3053 1634 3174 1689 ista.
3208 1633 3277 1690 Ut
3307 1647 3496 1703 snpra.

1896 1723 2183 1780 Petilianus
2213 1727 2480 1796 episcopus
2507 1726 2654 1779 dixit.
2692 1725 2839 1780 Felix
2871 1725 3087 1795 quidam
3131 1725 3494 1790 Lamhiensis,

1895 1820 2103 1890 collega
2141 1829 2344 1885 uoster,
2390 1820 2478 1874 hie
2512 1828 2773 1890 aegrotat;
2804 1820 2897 1874 scd
2925 1831 2980 1874 et
3009 1819 3097 1873 alii
3136 1818 3278 1885 duo,
3318 1818 3369 1873 id
3411 1827 3502 1874 est

184 1917 274 1964 tus
314 1909 604 1980 episcopus
635 1911 1000 1966 'l‘iseditanus.
1035 1909 1266 1981 Cumque
1297 1911 1618 1974 accessisset,
1649 1908 1787 1962 idem
1819 1913 1866 1972 B
1894 1910 2184 1967 Flavianus
2225 1913 2372 1984 (575)
2423 1921 2480 1967 et
2525 1912 2761 1967 Donatus
2800 1912 2974 1984 (576),
3011 1911 3210 1968 ibidem
3241 1928 3347 1966 non
3380 1925 3498 1968 me-

186 2003 346 2058 dixit.
381 2003 624 2059 Mandavi
657 2014 711 2060 et
739 2005 1057 2073 subscripsi.
1091 2003 1221 2058 Item
1263 2004 1508 2058 recitavit.
1545 2002 1796 2059 Urbanus

184 2095 476 2164 episCOpus
518 2094 762 2151 Talensis
808 2096 982 2168 (571).
1023 2094 1252 2166 Cumque
1291 2097 1615 2160 accessisset,
1658 2096 1794 2150 idem

186 2187 345 2240 dixit.
381 2187 626 2242 Mandavi
658 2198 712 2242 et
738 2186 1059 2257 subscripsi.
1091 2187 1223 2242 Item
1255 2188 1500 2241 recitavit.
1534 2185 1796 2241 Innocen-

186 2279 294 2334 tius
326 2280 614 2349 episcopus
646 2280 1040 2337 Gumbeteusis
1072 2283 1250 2350 (572).
1285 2279 1511 2349 Cumque
1551 2283 1792 2334 accessis-

183 2381 292 2434 set,
335 2371 470 2425 idem
510 2371 660 2426 dixit.
706 2372 948 2427 Mandavi
969 2385 1021 2425 et
1041 2371 1386 2442 subscripsi:
1425 2371 1792 2426 adversarium

185 2476 296 2516 non
321 2463 514 2518 habeo.
538 2462 930 2532 Itemfrecitavit.
951 2464 1098 2520 Felix
1122 2465 1410 2535 cpisc0pus
1427 2465 1790 2520 Zuntmcnsis.

185 2560 418 2633 Cumque
439 2563 728 2617 accessisset
748 2605 760 2624 ,
787 2563 921 2618 idem
943 2564 1094 2618 dixit.
1126 2563 1370 2618 Mantlavi
1395 2573 1447 2618 et
1476 2563 1791 2631 subscripsi.

185 2651 322 2710 Item
353 2655 597 2709 recitavit.
613 2655 872 2710 Leontius
884 2658 1168 2726 episcopus
1184 2655 1788 2728 Rusticianensis(375).

187 2745 424 2818 Cumque
476 2749 802 2812 accessisset,
847 2749 984 2802 idem
1026 2749 1174 2802 dixit.
1226 2747 1472 2802 Mandavi
1543 2757 1596 2803 et
1665 2747 1795 2803 sub-

185 2841 382 2910 scripsi
453 2857 465 2894 :
523 2841 892 2896 adversarium
956 2857 1061 2895 non
1105 2840 1300 2896 habeo.
1363 2839 1627 2895 Terentius
1690 2842 1794 2912 epi-

185 2948 376 3005 scOpus
399 2931 647 2986 Ecclesia:
663 2932 932 2988 catholica:
962 2933 1110 2988 dixit.
1148 2933 1253 2988 Iste
1276 2933 1647 3003 rebaptizabat
1675 2941 1797 3004 post

189 3037 400 3096 partem
444 3027 660 3081 Donati.
707 3026 1098 3098 Rebaptizatus
1135 3037 1218 3082 est
1261 3035 1476 3098 postea,
1519 3037 1573 3083 et
1604 3027 1683 3083 sic
1711 3037 1795 3082 est

185 3119 494 3175 ordinatus.

263 3212 390 3268 199.
417 3211 716 3266 Adeodatus
759 3211 1022 3284 episcOpus
1044 3210 1196 3265 dixit.
1223 3211 1388 3267 Serva
1413 3211 1652 3280 partibus
1674 3225 1794 3280 qua:

1897 2008 2068 2063 diocri
2094 2009 2412 2080 aegritudine
2437 2009 2755 2062 retinentur.
2776 2008 2950 2061 Credo
2979 2006 3124 2078 quod
3151 2007 3311 2062 alicui
3341 2022 3498 2062 man-

1895 2099 2106 2156 daverit
2151 2115 2247 2170 pro
2294 2115 2354 2155 se
2402 2099 2670 2154 subscribi
2717 2098 2810 2153 ille
2857 2098 3046 2165 Felix,
3088 2106 3144 2153 et
3183 2098 3234 2152 in
3281 2101 3500 2154 nomine

1895 2192 2044 2261 sedis
2074 2195 2154 2247 vel
2190 2192 2290 2246 loci
2324 2190 2496 2246 factus
2526 2201 2608 2246 est
2639 2205 2829 2256 error;
2860 2204 3018 2259 quem
3052 2201 3142 2243 aut
3181 2187 3502 2260 simpliciter

1895 2286 2199 2354 accipiant,
2231 2293 2322 2338 aut
2354 2284 2583 2338 facimus
2628 2281 2786 2353 hujus
2831 2281 3068 2337 nominis
3102 2280 3388 2350 jacturam.
3430 2279 3500 2335 Et

1893 2379 2001 2430 alia
2030 2394 2208 2431 mauu.
2245 2377 2542 2432 Petilianus
2569 2377 2854 2446 episcopus
2886 2376 3198 2446 recognovi.
3231 2374 3468 2429 Marcelli
3481 2405 3498 2416 -

1895 2487 1990 2524 nus
2016 2470 2092 2524 vir
2115 2471 2432 2524 clarissimus
2460 2470 2691 2524 tribunus
2720 2479 2767 2524 et
2797 2470 3032 2524 notaritts
3058 2470 3209 2523 dixit.
3238 2469 3497 2538 Accepis-

1896 2565 1964 2619 tis
1993 2565 2465 2632 prosecutionem,
2499 2579 2658 2634 quam
2701 2563 2854 2616 vobis
2896 2560 3107 2616 testimo
3149 2575 3310 2632 posse
3350 2559 3501 2614 suill-

1896 2671 2042 2712 cere.
2073 2655 2228 2711 Unde
2259 2655 2500 2724 patimini
2536 2663 2593 2708 ut
2625 2654 2835 2724 reliqua
2865 2652 3228 2722 perlegantur.
3263 2649 3332 2704 Et
3360 2651 3496 2705 reci-

1896 2751 2037 2803 tavit.
2064 2746 2351 2803 lanuarius
2375 2747 2665 2818 episcopus
2689 2747 2756 2800 de
2773 2745 3078 2800 Tubursico
3098 2742 3492 2798 Numidian-um.

1897 2839 2125 2911 Cumque
2144 2840 2460 2902 accessisset,
2489 2837 2623 2892 idem
2645 2837 2793 2890 dixit.
2827 2835 3077 2891 Mandavi
3101 2843 3154 2890 et
3175 2834 3494 2903 subscripsi.

1899 2929 2033 2987 Item
2081 2933 2331 2986 recitavit.
2379 2931 2614 2986 Securus
2660 2929 2948 2998 episcopus
2993 2927 3275 2983 Teuitauae
3321 2927 3491 2982 urbis.

1899 3021 2128 3092 Cumque
2154 3023 2474 3086 accessisset,
2507 3022 2642 3076 idem
2671 3022 2819 3075 dixit.
2852 3020 2949 3076 Hic
2978 3035 3132 3086 sum;
3161 3028 3216 3075 et
3248 3019 3498 3075 mandavi

1897 3125 1951 3173 et
1979 3116 2295 3186 subscripsi.
2333 3113 2459 3170 Item
2488 3115 2737 3180 recitavit,
2771 3116 3005 3169 Donatus
3028 3112 3192 3186 284
3212 3114 3499 3184 cpiscopus

1899 3209 2122 3264 Arensis
2165 3209 2339 3280 (577).
2366 3206 2594 3278 Cumque
2631 3207 2957 3272 accessisset,
2983 3207 3119 3260 idem
3160 3207 3310 3261 dixit.
3342 3207 3496 3262 Man-

187 3313 524 3375 compctunt.
572 3301 704 3357 Item
745 3303 992 3358 recitavit.
1031 3303 1256 3357 Evasius
1287 3303 1575 3373 episcopus
1615 3301 1794 3357 Girhi-
1822 3295 1867 3358 C
1898 3299 2022 3354 davi
2061 3310 2116 3355 ct
2153 3299 2486 3370 subscripsi,
2517 3310 2573 3354 et
2604 3299 2892 3352 traditorcs
2933 3297 2984 3351 in
3027 3297 3189 3368 plebe
3229 3312 3352 3352 mea
3389 3312 3498 3353 non

187 3407 370 3452 tanus.
419 3395 646 3466 Cumque
685 3396 1011 3461 accessisset,
1053 3395 1188 3450 idem
1237 3395 1396 3462 dixit,
1448 3394 1692 3450 Mandavi
1741 3404 1797 3451 et

185 3488 512 3558 subscripsi.

260 3582 393 3638 200.
426 3578 766 3635 Fortunatius
812 3580 1086 3651 episcopus
1117 3578 1364 3634 Ecclesia:
1389 3578 1655 3634 catholica:
1680 3579 1796 3635 Sic-

182 3675 354 3728 censis
382 3672 535 3726 dixit.
570 3671 717 3727 Felix
747 3671 1093 3726 Zummensis
1120 3670 1393 3741 quomodo
1427 3671 1622 3726 absens
1662 3672 1791 3726 sub-

186 3769 437 3823 scribere
470 3766 640 3834 potuit
668 3765 944 3822 doceatur.
978 3764 1044 3818 Et
1069 3766 1174 3819 alia
1204 3781 1378 3818 manu.
1408 3764 1739 3835 Recognovi.

261 3862 390 3916 201.
425 3859 760 3915 Marcellinus
785 3860 859 3913 vir
880 3859 1195 3914 clarissimus
1239 3861 1470 3913 tribunus
1492 3871 1538 3913 et
1561 3860 1792 3913 notarius

185 3956 343 4010 dixit.
380 3955 584 4010 Videtis
611 3953 738 4024 quid
766 3969 794 4007 a
823 3954 1064 4022 partibus
1094 3953 1288 4008 vestris
1314 3952 1602 4023 ﬂagitetur.
1635 3952 1792 4021 Qum-

185 4048 330 4105 ritur
367 4047 511 4102 enim
541 4046 662 4117 quis
705 4049 922 4102 nomine
961 4045 1117 4100 istius
1156 4045 1247 4116 qui
1292 4045 1344 4098 in
1381 4045 1793 4115 praesentiarum

187 4139 408 4195 videtur
456 4139 677 4194 minime
720 4139 1047 4194 constitutus
1088 4139 1473 4207 subscripserit
1517 4122 1791 4193 mandato.

187 4231 492 4286 Adeodatus
519 4231 788 4302 episcOpus
814 4230 966 4284 dixit.
999 4230 1232 4299 Expecta
1253 4272 1267 4295 ,
1298 4230 1398 4284 hoc
1425 4233 1704 4300 quaeritur.
1731 4229 1798 4285 Et

184 4325 297 4378 alia
338 4339 514 4376 manu.
559 4321 870 4376 Adeodatus
905 4320 1193 4390 episcopus
1231 4321 1544 4390 recognovi.
1579 4321 1801 4389 Optatus

185 4417 467 4488 episcopus
506 4415 658 4469 dixit.
703 4413 854 4469 Felix
895 4412 1236 4468 Lambiensis
1277 4413 1430 4483 (574)
1464 4411 1796 4468 infirmatur.

271 4537 426 4604 (568)
468 4537 790 4592 Lesvitanus.
842 4535 894 4588 In
936 4533 1255 4588 Mauritania
1299 4533 1541 4589 Sitifensi
1591 4535 1799 4591 notitia:

188 4628 252 4668 η.
285 4613 374 4666 10.
405 4609 580 4664 Medio
607 4609 718 4664 fere
744 4608 935 4661 itinere
959 4607 1100 4660 inter
1128 4605 1320 4661 Saldas
1345 4615 1398 4660 et
1427 4605 1622 4674 Siti/im
1648 4606 1799 4662 Lesbi

190 4682 427 4736 habetur
457 4682 508 4736 in
541 4681 799 4736 Antonini
832 4677 1114 4732 ltinerario
1155 4677 1318 4732 millia
1361 4692 1615 4747 passuum
1643 4679 1714 4735 25
1768 4694 1798 4734 a

191 4753 501 4822 Tubusupto
541 4753 771 4807 distans.

269 4841 424 4918 (569)
450 4845 543 4918 Ab
587 4843 803 4918 ‘Ilorrea
843 4841 1158 4918 Aninicensi.
1205 4840 1283 4918 ln_
1303 4839 1619 4918 Mauritania

191 4911 335 4974 fetisi
361 4911 551 4973 eadem
579 4931 698 4985 qua:
726 4915 778 4969 in
807 4914 926 4984 ejus
952 4911 1140 4967 notitia
1167 4929 1221 4985 n.
1252 4912 1306 4976 7,
1334 4911 1634 4985 IIot'rensis.
1672 4914 1804 4967 Hor-

190 5007 355 5060 reum,
373 4983 974 5060 Sitifensem_tnelnorat
1001 4983 1384 5060 Antoninusin
1413 4983 1694 5039 itinerario
1722 4987 1804 5060 in:

190 5071 285 5118 ter
313 5055 519 5127 Tisiﬁm
558 5071 613 5115 et
651 5056 1042 5128 Tubusuptum,
1077 5071 1197 5125 qua:
1227 5055 1393 5110 millia
1451 5070 1700 5125 passuum
1734 5057 1801 5113 18

191 5149 225 5188 a
262 5133 445 5202 priere
483 5132 668 5185 distat.

272 5211 428 5282 (570)
471 5208 911 5282 Lucimagnensis.
945 5206 1112 5277 Cujus
1154 5205 1450 5276 provinciae
1479 5207 1588 5274 sit,
1630 5208 1807 5263 incer—

197 5294 342 5339 (lllll.
679 5311 684 5320 -

274 5351 429 5424 (571)
469 5351 728 5424 Talensis.
761 5349 960 5424 Nescio
988 5349 1110 5424 quis
1138 5347 1230 5424 ille
1285 5348 1355 5424 sit
1399 5347 1668 5424 nisi__l_ort_e
1696 5349 1804 5424 _T_a-

197 5419 476 5481 ble'nsis’in
509 5423 824 5476 Mauritania
854 5419 1178 5476 Ctesariensi
1211 5419 1368 5474 notit.
1404 5435 1458 5474 n.
1494 5421 1584 5487 60,
1618 5419 1810 5476 Tabla-

195 5498 362 5552 tensis
393 5496 569 5550 limitis
597 5495 799 5548 mentio
828 5493 886 5548 lit
911 5493 963 5546 in
993 5491 1182 5546 notitia
1213 5491 1444 5561 imperii.

301 5585 431 5656 37‘!)
473 5584 854 5639 Cuzabetensis.
883 5581 1367 5656 Cujusproviucize
1393 5583 1482 5656 sit,
1515 5583 1802 5656 incertum.

301 5587 431 5656 37‘!)
473 5587 854 5639 (.‘uzabetensis.
883 5587 1049 5652 Cujus
1073 5587 1367 5651 provinciae
1393 5587 1482 5645 sit,
1515 5587 1800 5639 incertum.

277 5587 433 5729 i373)
476 5656 898 5729 Rusticianensis.
931 5654 999 5729 _ln
1042 5652 1324 5729 Numidia,
1375 5654 1580 5709 notitia:
1619 5672 1673 5710 n.
1708 5655 1800 5712 61.

199 5724 415 5786 Rustici
448 5729 646 5782 habent
677 5727 896 5781 Tabula:
931 5724 1377 5794 Peutingerianze.

282 5820 440 5896 (574)
463 5821 802 5896 Lambienst's.
827 5821 884 5875 In
907 5819 1176 5896 Numidia
1199 5809 1314 5896 erat
1342 5818 1588 5896 Lambese
1616 5823 1804 5896 civitas

202 5896 276 5952 ab
292 5889 546 5968 antiquis
585 5900 882 5950 memorata
909 5933 924 5960 ,
964 5890 1120 5962 cujus
1163 5889 1263 5948 loci
1305 5894 1617 5966 episcopum
1658 5893 1803 5953 hunc

1896 3392 2092 3449 habeo.
2127 3392 2261 3447 Item
2289 3395 2543 3451 recitavit.
2577 3395 2908 3451 Marinianus
2937 3395 3224 3465 cpiscopus
3254 3395 3323 3449 ab
3361 3393 3493 3449 Oea.

1897 3483 2127 3558 Cumque
2153 3487 2471 3554 accessisset,
2494 3489 2629 3541 idem
2650 3488 2804 3543 dixit.
2829 3487 3074 3542 Mandavi
3096 3497 3150 3542 et
3175 3486 3497 3556 subscripsi.

1899 3576 2032 3632 Item
2078 3579 2332 3633 recitavit.
2377 3579 2663 3634 Montanus
2712 3579 2999 3649 episcopus
3045 3593 3076 3632 a
3121 3576 3500 3633 Cemeriniano

1894 3670 2074 3742 (578).
2119 3671 2346 3742 Cumque
2392 3675 2718 3738 accessisset,
2762 3671 2901 3726 idem
2961 3673 3113 3726 dixit.
3159 3670 3404 3726 Mandavi
3444 3678 3502 3726 et

1897 3765 2195 3835 subscripsi
2221 3783 2234 3818 :
2265 3765 2636 3820 adversarium
2666 3781 2772 3820 non
2803 3765 2997 3820 habeo.
3024 3763 3345 3818 Fortunatus
3391 3763 3502 3831 epi-

1899 3873 2087 3929 scopus
2115 3856 2364 3912 Ecclesia:
2380 3857 2651 3913 catholica:
2663 3856 3127 3913 Constantiniensis
3151 3857 3302 3912 dixit.
3325 3855 3502 3911 liabe-

1901 3965 2020 4003 mus
2048 3949 2158 4004 illic
2179 3949 2478 4004 Ecclesiam
2497 3991 2510 4018 ,
2536 3961 2592 4006 et
2615 3950 2981 4022 presbyterum
3008 3948 3342 4005 Terentium.
3369 3946 3503 4002 Item

1899 4043 2150 4098 recitavit.
2178 4041 2510 4098 Douatianus
2535 4043 2823 4114 cpiscopus
2843 4043 3293 4099 Carcabianensis
3320 4042 3500 4117 (579).

1903 4134 2133 4206 Cumque
2153 4136 2480 4204 accessisset,
2502 4137 2640 4192 idem
2663 4137 2813 4192 dixit.
2838 4136 3082 4192 Maudavi
3106 4145 3160 4191 et
3184 4135 3504 4205 subscripsi.

1902 4226 2039 4281 Item
2088 4229 2339 4283 recitavit.
2395 4228 2582 4284 Justus
2630 4230 2919 4300 episcopus
2972 4229 3275 4284 Nicihensis
3324 4227 3502 4298 (580).

1905 4321 2133 4391 Cumque
2153 4324 2481 4388 accessisset,
2505 4323 2639 4377 idem
2663 4323 2812 4378 dixit.
2840 4324 3086 4380 Mandavi
3111 4335 3164 4379 et
3186 4323 3502 4392 subscripsi.

1907 4414 2039 4470 Item
2083 4418 2332 4471 recitavit.
2381 4416 2533 4471 Felix
2579 4417 2866 4486 episcopus
2911 4416 3502 4486 Tagaraiensis~(381).

1907 4539 2082 4606 potius
2129 4537 2705 4610 fuissnrcrediderim,
2751 4555 2911 4610 quam
2960 4539 3280 4594 Lanviritani
3319 4539 3410 4609 qui
3451 4538 3504 4594 iu

1908 4610 2098 4662 notitia
2133 4609 2398 4663 Numidia:
2430 4627 2486 4665 η.
2524 4611 2609 4664 19.

1829 4642 1878 4706 D
1909 4642 2462 4750 ηυξ
2473 4642 3161 4752 .Eduzet'eusisepiscopus,
3181 4695 3368 4752 supra,
3382 4695 3503 4750 cap.

1906 4819 2131 4951 21(ὶ576)
2171 4821 2426 4878 Donatus.
2471 4823 2816 4880 Sucardensis
2858 4825 3164 4897 episcopus,
3200 4821 3503 4892 infra,cap.

1980 4963 2132 5036 (577)
2175 4966 2408 5022 Arensis.
2447 4967 2588 5022 Duos
2623 4967 2782 5036 hujus
2830 4967 2930 5022 loci
2981 4966 3510 5036 episcopos_reeen-

1905 5034 2025 5092 sent
2058 5036 2351 5092 Donatista:
2379 5038 2432 5092 in
2466 5039 2566 5094 hac
2595 5034 2929 5102 Collatione,
2964 5034 3240 5093 iS—SCi'iCei
3273 5034 3509 5092 Donatus

1908 5107 2014 5163 hoc
2045 5107 2217 5181 loco,
2244 5118 2299 5181 et
2336 5109 2584 5178 inferius,
2607 5126 2727 5181 cap.
2769 5111 2898 5167 203.
2931 5109 3228 5176 Secundus,
3258 5108 3509 5164 videntur

1911 5194 2034 5234 esse
2065 5177 2330 5234 Numidae.

1983 5249 2134 5384 (578)
2160 5253 2195 5302 Α
2228 5249 2605 5308 Cemeriniano.
2630 5251 2796 5324 Cujus
2811 5254 3100 5325 provincia:
3114 5251 3498 5315 sit,inrertum.

2009 5321 2136 5384 579)
2181 5319 2625 5379 Carcabianensis.
2670 5325 2726 5379 ln
2786 5326 3056 5384 provincia
3097 5324 3404 5384 Byzaceua,
3448 5328 3498 5375 ut

2009 5319 2136 5391 579)
2181 5319 2625 5395 Carcabianensis.
2670 5319 2726 5379 lu
2784 5319 3056 5395 provincia
3097 5324 3404 5395 Byzaeetra,
3448 5327 3510 5375 ut

1911 5391 2073 5447 docet
2102 5388 2292 5447 notitia
2327 5410 2381 5448 n.
2415 5393 2504 5449 84.
2542 5388 2802 5451 Famosus
2832 5407 2916 5450 est
2959 5388 3282 5448 Victorianus
3312 5388 3506 5445 Carca-

1912 5462 2168 5538 bianensis
2196 5471 2464 5538 ep_tsc0pus
2493 5467 2584 5538 qui
2611 5468 2842 5521 concilio
2869 5466 3312 5538 Caharsussitano
3343 5467 3510 5518 inter-

1913 5532 2130 5606 fuitset
2163 5538 2214 5606 in
2253 5532 2529 5606 Dagaicnsi
2563 5553 2593 5592 e
2622 5538 2749 5592 setle
2779 5553 2873 5591 sua
2905 5537 3147 5606 dejectus
3176 5536 3292 5589 fuit.

1937 5604 2135 5731 ,5580)
2165 5604 2488 5734 8Illiciliensis.
2540 5608 2701 5664 Forte
2744 5604 2992 5664 Nibeusis
3017 5609 3069 5663 in
3095 5606 3377 5672 Numidia,
3411 5620 3510 5660 uo-

1937 5693 1951 5732 ι
1983 5694 2045 5732 Ia:
2077 5694 2130 5731 η.
2205 5716 2218 5731 .

1913 5679 2045 5732 tilia:
2077 5694 2130 5731 n.
2165 5679 2218 5732 8.

1985 5756 2137 5840 (581)
2183 5757 2560 5840 Ταθᾳναὶςηξξδ.
2605 5758 2811 5814 Praeter
2851 5759 3166 5840 Tagfratam
3207 5746 3509 5840 primoris-n.-

1911 5827 2044 5884 laris
2072 5827 2360 5904 provincia:
2390 5828 2674 5904 civitatem,
2705 5841 2823 5904 erat
2861 5832 2912 5904 in
2931 5827 3224 5904 'Byaacena
3252 5828 3510 5904 Tuguria:

1913 5909 2034 5956 lana
2059 5900 2219 5958 sedes
2239 5944 2252 5969 ,
2284 5910 2338 5956 ut
2370 5899 2534 5960 docet
2563 5901 2753 5960 n0Iitia
2784 5921 2838 5962 ιι.
2870 5903 2960 5962 57.
2991 5899 3154 5962 Forte
3181 5903 3226 5964 is
3267 5899 3350 5960 est
3369 5941 3386 5973 ,
3415 5900 3508 5974 qui
