3972 6328
202 294 330 351 1515

1156 245 1388 347 essm
1423 281 1876 344 COLLATIONIS
1913 279 2535 340 CARTHAGINENSIS.

3335 277 3478 336 1546

203 409 392 462 tionem
411 403 689 459 obtulisse.
724 401 788 457 Et
809 402 916 458 alia
935 410 1111 457 humu.
1137 403 1466 474 Recognovi.
1494 403 1781 458 Petilianus
1807 405 1858 463 Α
1887 399 2068 454 datum
2095 399 2399 456 confectum
2425 407 2529 454 est.
2564 397 2613 453 ls
2639 397 2728 469 qui
2760 396 3052 466 mandavit,
3094 396 3163 453 de
3188 395 3342 467 cujus
3381 412 3480 452 no-

198 503 459 571 ept’scopus
489 497 636 553 dixit.
678 495 816 566 Quid
858 497 901 551 si
940 505 995 551 et
1029 497 1131 552 iste
1171 498 1451 564 moriatur,
1501 497 1590 567 qui
1639 512 1782 566 xger

199 589 543 660 subscripsit?
569 591 718 660 quasi
751 588 914 644 hodie
963 604 1069 643 non
1099 603 1236 644 unus
1270 589 1465 644 defecit
1507 587 1682 659 (418).
1716 587 1785 644 Et

200 685 296 740 alia
324 701 500 738 manu.
549 683 843 738 Petilianus
870 683 1155 754 episcopus
1200 682 1511 752 recognovi.
1547 681 1786 736 Aurelius

200 780 462 850 episc0pus
488 777 729 832 Ecclesia:
755 774 1032 832 Catholica:
1053 776 1470 851 Carthaginensis
1496 775 1647 830 dixit.
1675 774 1784 831 Sed

200 873 249 928 itt
309 871 504 926 itinere
554 870 818 926 defecisse
864 870 1067 926 dixisti.
1113 868 1176 922 Et
1232 870 1338 923 alia
1384 885 1562 923 manu.
1611 869 1786 925 Reco—

199 966 376 1035 gnovl.
407 963 624 1034 Alypius
646 962 912 1032 episcopus
942 961 1188 1016 Ecclesiae
1204 960 1468 1016 catholica:
1489 961 1640 1015 dixit.
1663 960 1788 1016 Suf-

202 1055 386 1110 ficiunt
434 1056 535 1110 ista
587 1053 948 1124 deprehensa.
991 1052 1201 1109 Caetera
1253 1052 1673 1124 subsequantur.
1720 1051 1788 1108 Et

173 1149 300 1209 .alia
325 1166 502 1204 manu.
535 1149 866 1220 Recognovi.
908 1146 1200 1204 Petilianus
1227 1148 1494 1220 episcOpus
1516 1149 1665 1203 dixit.
1700 1148 1785 1203 Ni-

121 1251 124 1253 λ
202 1243 268 1298 hil
300 1242 726 1311 depreltendisti,
751 1241 1146 1312 argumentaris
1167 1252 1351 1295 contra
1386 1241 1692 1296 veritatem.
1725 1240 1790 1296 lc‘t

199 1336 299 1390 alia
340 1351 514 1388 manu.
561 1332 1184 1403 Petilianus'episcopus
1226 1333 1533 1404 recognovi.
1573 1333 1791 1404 Alypius

200 1430 470 1499 episcopus
490 1426 739 1482 Ecclesix
770 1426 1045 1482 Catholica:
1066 1428 1216 1481 dixit.
1243 1426 1324 1482 Tu
1355 1426 1560 1482 dixisti.
1598 1425 1666 1480 Et
1686 1427 1792 1481 alia

201 1537 376 1574 manu.
409 1519 736 1591 Recognovi.
775 1585 777 1587 ι

264 1611 395 1668 208.
446 1611 783 1666 Marcellinus
810 1612 886 1665 uir
915 1611 1232 1666 clarissimus
1271 1611 1505 1666 tribunus
1553 1622 1598 1666 et
1644 1622 1792 1666 nota-

201 1706 305 1759 rius
338 1705 489 1759 dixit.
523 1703 578 1759 Si
615 1719 799 1759 verum
827 1714 931 1770 est,
965 1711 1021 1757 ut
1050 1703 1317 1769 asseritis,
1342 1701 1486 1774 quod
1516 1703 1567 1757 in
1597 1703 1792 1759 itinere

1887 494 2031 548 mine
2050 509 2192 549 nunc
2220 495 2412 564 agitur,
2438 509 2558 549 cum
2579 500 2844 562 :egrotare
2865 491 3140 562 coepisset,
3171 491 3237 546 ad
3263 491 3479 562 propria

1888 602 2135 642 remeans
2165 589 2218 642 in
2249 571 2442 643 itinere
2473 587 2688 644 defecit.
2717 586 2786 641 Et
2829 587 2934 642 alia
2962 603 3137 640 manu.
3171 585 3481 641 Adeodatus

1888 679 2172 751 episcopus
2218 681 2526 751 recognovi.
2579 678 2875 734 Vincentius
2927 678 3196 751 episcopus
3236 675 3484 733 Ecclesia:

1889 771 2154 826 catholica:
2199 771 2348 826 dixit.
2402 772 2549 827 Dicat
2589 787 2698 841 quo
2742 773 2794 827 in
2843 772 2964 828 loco
2991 770 3210 827 defecit.
3261 769 3331 825 Et
3377 772 3482 826 alia

1888 880 2068 918 manu.
2125 863 2454 934 Recognovi.
2509 863 2801 919 Adeodatus
2845 865 3116 935 episcopus
3161 863 3315 918 dixit.
3367 863 3482 919 Non

1890 957 2014 1012 nm'i
2047 956 2244 1012 locum.
2276 955 2344 1011 Et
2371 957 2477 1010 alia
2506 973 2684 1010 manu.
2712 957 2782 1013 Ut
2811 971 2993 1028 supra.
3028 956 3370 1012 Marcellinus
3406 958 3485 1013 vir

1891 1052 2215 1106 clarissimus
2236 1052 2471 1106 tribunus
2499 1062 2544 1106 et
2573 1052 2806 1106 notarius
2831 1051 2980 1106 dixit.
3007 1051 3268 1119 Quoniam
3292 1051 3486 1123 proba-

1891 1141 2019 1197 bilis
2045 1150 2128 1198 est
2167 1152 2364 1199 vestrae
2410 1143 2716 1200 sanctitatis
2749 1144 3073 1213 prosecutio,
3103 1159 3204 1211 qua
3245 1159 3368 1200 eum
3397 1143 3486 1200 ltic

1891 1233 2057 1290 fuisse
2083 1243 2139 1291 et
2163 1252 2364 1308 (egrum
2385 1236 2451 1292 ad
2482 1237 2698 1308 propria
2727 1245 3063 1293 remeantem
3083 1235 3352 1294 defecisse
3379 1246 3487 1294 tes-

1893 1329 2047 1394 taris,
2077 1330 2267 1385 saltem
2297 1331 2398 1387 hoc
2430 1331 2626 1388 docere
2650 1340 2704 1388 te
2727 1332 2997 1399 convenit,
3023 1342 3080 1386 ut
3105 1340 3283 1387 utrum
3316 1333 3368 1387 itt
3388 1332 3489 1389 bac

1895 1423 2027 1478 urbe
2059 1421 2218 1477 fuerit
2243 1423 2344 1479 sub
2374 1423 2466 1479 Dei
2491 1425 2873 1480 testificatione
2906 1424 3174 1494 designes.
3223 1422 3491 1479 Fortuna-

1894 1513 2065 1568 tianus
2093 1517 2360 1586 episc0pus
2389 1511 2640 1570 Ecclesiae
2665 1516 2936 1571 catholica:
2977 1516 3127 1572 dixit.
3152 1516 3209 1573 Si
3251 1517 3494 1588 pratcipit.

1895 1606 2195 1662 sublimitas
2242 1617 2354 1674 tua,
2402 1608 2650 1663 Petiliani
2693 1608 2792 1664 viri
2849 1610 3134 1665 clarissimi
3186 1611 3491 1679 prosecutio

1897 1702 2174 1767 recitetur,
2209 1712 2266 1756 ut
2296 1718 2362 1757 ex
2394 1703 2626 1759 lectione
2669 1712 3000 1774 cognoscant
3043 1704 3301 1771 universi,
3330 1719 3490 1775 quam

199 1797 418 1864 defecit,
445 1805 659 1852 constat
695 1797 811 1867 ejus
847 1795 1300 1864 subscriptionem
1327 1794 1620 1851 falsissitne
1651 1795 1789 1850 reci.
1821 1793 1869 1855 B
1896 1808 2002 1848 non
2033 1809 2162 1850 vere
2194 1810 2334 1850 nunc
2362 1795 2572 1852 dicatur
2599 1811 2722 1852 eum
2753 1796 3102 1865 repedantetn
3143 1796 3214 1852 de
3265 1796 3490 1852 Cartha-

199 1900 366 1946 Iatam
393 1908 407 1944 :
438 1891 520 1945 sin
547 1904 679 1944 vero
701 1887 817 1958 ipse
833 1887 1173 1958 subscripsit,
1198 1901 1307 1942 non
1325 1888 1496 1957 potuit
1518 1889 1571 1941 in
1597 1876 1791 1943 itinere

197 1985 468 2055 deperire.
503 1982 793 2038 Petilianus
834 1982 1100 2051 episcopus
1137 1981 1289 2036 dixit.
1337 1981 1453 2036 Non
1494 1990 1576 2036 est
1607 1981 1795 2058 buma-

197 2093 326 2132 num
375 2075 548 2131 mori?
591 2075 708 2130 Non
758 2075 920 2130 etiam
963 2075 1256 2129 morientes
1298 2075 1632 2130 teStamentis
1682 2075 1794 2129 suis

197 2168 588 2226 subscribam?
623 2167 686 2222 Et
716 2168 822 2221 alia
849 2184 1026 2222 manu.
1056 2167 1352 2223 Petilianus
1387 2168 1673 2243 episcopus
1705 2183 1789 2222 re.

196 2264 452 2334 cognovi.
485 2248 1012 2334 Alypius'episcopus
1057 2261 1301 2316 Ecclesia:
1344 2262 1610 2317 catholicw
1639 2263 1790 2317 dixit.

197 2347 562 2410 Humanitatis
587 2362 671 2409 est
685 2353 856 2419 ‘mori,
906 2353 999 2407 sed
1032 2353 1438 2408 inhumanitatis
1467 2363 1550 2409 est
1577 2353 1787 2411 fallere.

198 2445 266 2501 Et
291 2449 407 2502 alia
434 2463 608 2502 manu.
642 2447 969 2517 Recognovi.
1011 2445 1296 2500 Petilianus
1323 2448 1594 2518 episcopus
1638 2449 1791 2504 dixit.

197 2541 319 2597 Non
350 2550 434 2597 est
474 2541 576 2596 hoc
605 2539 810 2605 fallere,
843 2542 966 2611 quia
995 2541 1169 2610 potuit
1215 2551 1493 2597 revertens
1513 2543 1573 2597 “in
1604 2543 1796 2598 itinere

199 2635 366 2690 mori.
393 2635 697 2690 Mandatum
726 2635 902 2690 adhuc
925 2634 1086 2689 modo
1113 2634 1339 2700 accipio.
1369 2636 1499 2692 Dico
1527 2635 1650 2708 quid
1680 2652 1797 2692 mo-

201 2738 348 2782 vcat.
382 2725 448 2780 Et
473 2728 578 2781 alia
613 2743 788 2782 manu.
833 2727 1128 2783 Petilianus
1157 2730 1442 2798 episcopus
1485 2731 1793 2800 recognovi.

203 2817 618 2875 Fortunatianus
644 2823 912 2893 episc0pus
931 2820 1176 2876 Ecclesia:
1201 2823 1466 2878 catholica:
1487 2823 1638 2878 dixit.
1657 2824 1802 2879 Man—

199 2912 458 2968 datorum
483 2913 598 2968 dies
628 2913 870 2984 prolatus
908 2928 936 2966 a
968 2914 1210 2985 partibus
1249 2915 1524 2980 recitetur,
1553 2926 1608 2970 ut
1637 2931 1802 2987 appa-

200 3013 325 3060 reat
369 3004 438 3060 de
483 3004 702 3060 nomine
731 3004 991 3071 defuncti,
1033 3021 1153 3076 quas
1183 3021 1307 3078 pars
1357 3008 1408 3062 in
1464 3009 1799 3064 mendacium

201 3096 524 3168 prosilierit.
560 3093 627 3148 Et
656 3096 764 3150 alia
786 3113 963 3152 manu.
987 3097 1314 3168 Recognovi.
1362 3098 1698 3154 Marcellinus
1727 3101 1803 3155 vir

1895 1886 2042 1957 gine,
2070 1887 2122 1942 in
2143 1887 2334 1944 itinere
2355 1890 2643 1958 defecisse,
2676 1891 2798 1961 quia
2825 1891 2983 1946 aliter
3005 1906 3126 1946 eum
3160 1890 3277 1960 ejus
3306 1905 3492 1960 prose-

1896 1981 2041 2034 cutio
2069 1981 2480 2037 demonstravit.
2519 1982 2582 2036 Et
2607 1984 2714 2037 alia
2751 1999 2927 2038 manu.
2957 1983 3289 2054 Recognovi.
3339 1983 3491 2039 Mar-

1898 2073 2113 2127 cellinus
2142 2074 2218 2126 vir
2246 2074 2561 2130 clarissimus
2590 2075 2823 2130 tribunus
2867 2085 2915 2130 et
2941 2076 3171 2132 notarius
3198 2076 3347 2130 dixit.
3388 2075 3493 2132 Le-

1896 2175 2053 2234 gatur
2080 2167 2388 2236 prosecutio
2409 2167 2696 2236 postulata.
2720 2166 2948 2239 Cumque
2965 2184 3027 2224 ex
3039 2169 3210 2222 codice
3224 2169 3489 2240 legeretur,

1901 2258 2238 2315 Marcellinus
2278 2263 2358 2316 vir
2391 2262 2710 2316 clarissimus
2748 2262 2982 2318 tribunus
3008 2273 3056 2317 et
3083 2263 3315 2317 notarius
3339 2262 3490 2316 dixit.

1899 2351 2039 2407 Nihil
2071 2354 2203 2408 mihi
2231 2353 2444 2409 videtur
2468 2355 2699 2425 amplius
2726 2356 2793 2410 de
2817 2355 2916 2411 hac
2939 2365 3095 2427 parte
3116 2354 3487 2426 quaerendum,

1899 2444 2090 2499 nisiut
2135 2445 2237 2501 sub
2280 2446 2658 2502 tcssificatione
2685 2446 2863 2502 divina
2893 2456 3069 2502 utrum
3115 2446 3204 2504 hic
3249 2463 3492 2518 praesens

1900 2537 2064 2594 fuerit
2093 2539 2160 2595 de
2198 2556 2304 2610 quo
2333 2540 2528 2610 agitur.
2573 2539 2804 2610 simplici
2837 2539 3175 2610 professione
3205 2539 3492 2610 pandatur.

1902 2630 2163 2687 Emeritus
2188 2633 2458 2706 episcopus
2492 2632 2644 2687 dixit.
2670 2631 2809 2699 Quid
2847 2632 2894 2686 si
2923 2646 2982 2687 se
3007 2632 3145 2687 alius
3176 2647 3272 2701 pro
3303 2631 3494 2688 eodem

1901 2725 2186 2796 apposuit?
2236 2723 2305 2780 Et
2333 2725 2440 2780 alia
2486 2741 2662 2782 manu.
2706 2724 2978 2782 Emeritus
3020 2724 3306 2798 episcopus
3343 2739 3499 2780 reco-

1901 2820 2082 2891 gnovL

1975 2897 2312 2966 Marcellinus
2332 2912 2409 2966 vir
2431 2911 2752 2967 clarissimus
2773 2909 3007 2966 tribunus
3031 2918 3077 2966 et
3098 2909 3328 2965 notarius
3345 2909 3500 2966 dixit.

1904 3001 1981 3057 De
2015 3003 2116 3059 ltoc
2139 3004 2230 3059 Dei
2258 3005 2363 3060 erit
2387 3005 2550 3060 etiam
2577 3007 2696 3062 sine
2726 3007 3056 3061 sacramenti
3086 3004 3503 3076 interpositione

1905 3099 2049 3154 circa
2080 3097 2325 3154 fallentes
2345 3140 2360 3164 ,
2385 3098 2551 3153 ποιηηὶ
2582 3114 2648 3154 ex
2683 3108 2837 3168 parte
2859 3098 3146 3168 judicium.
3177 3097 3334 3156 Unde
3370 3098 3504 3154 reli-

201 3188 526 3243 clarissimus
578 3188 813 3243 tribunus
843 3197 891 3243 et
936 3190 1166 3244 notarius
1205 3189 1355 3244 dixit.
1391 3192 1623 3246 Mantlati
1661 3192 1801 3248 diem
1829 3181 1873 3245 C
1907 3206 2010 3262 qua
2053 3191 2506 3247 sttbscribentium
2539 3191 2757 3247 nomina
2800 3191 3132 3262 relegantur.
3160 3191 3225 3246 Et
3246 3193 3500 3248 recitauit.

200 3280 409 3352 pandat
432 3280 690 3336 officium.
716 3280 1030 3350 Ruﬁnianus
1051 3282 1216 3336 scriba
1247 3283 1398 3338 dixit.
1417 3283 1675 3339 Recitabo
1698 3285 1803 3341 sic-

200 3383 259 3429 ut
287 3372 552 3444 prtecepit
585 3373 888 3428 sublimitas
921 3385 1009 3428 tua
1037 3373 1180 3429 diem
1228 3377 1488 3430 mandati.
1522 3374 1591 3431 Et
1621 3379 1803 3431 recita-

200 3467 292 3521 vit.
330 3466 464 3522 Post
501 3466 838 3522 consulatum
875 3467 1101 3522 Varanis
1138 3467 1238 3522 viri
1287 3469 1573 3525 clarissimi
1613 3481 1804 3526 octavo

200 3559 472 3615 kalendas
495 3559 684 3615 Iunias
713 3559 1052 3631 Carthagine.
1106 3560 1173 3614 Et
1201 3577 1314 3615 cum
1355 3564 1609 3630 recitaret,
1659 3562 1803 3617 Mar-

201 3653 425 3707 cellinus
461 3652 539 3704 vir
567 3652 884 3706 clarissimus
913 3652 1147 3707 tribunus
1171 3662 1218 3708 et
1245 3654 1474 3708 notarius
1501 3655 1650 3709 dixit.
1687 3653 1805 3710 Cm-

203 3753 325 3802 tcra
369 3745 732 3815 perlegantur.
761 3744 1072 3815 Ruﬁnianus
1114 3747 1279 3801 scriba
1319 3748 1566 3803 recitavit.
1609 3748 1806 3805 Jannao

199 3837 420 3901 rianus,
449 3836 772 3906 Primianus,
825 3837 998 3904 Felix,
1031 3839 1291 3906 Donatus,
1330 3840 1652 3907 Candorius,
1699 3841 1807 3911 Op-

202 3939 378 3995 tatus,
414 3929 762 3996 Donatianus,
804 3929 1161 3995 Antonianos,
1213 3931 1572 3996 Victorianus,
1603 3931 1804 3999 Fortis,

201 4031 260 4079 et
307 4021 530 4087 exteri;
578 4021 870 4086 Primiano,
902 4021 1184 4087 Petiliano,
1231 4021 1495 4090 Emerita,
1541 4023 1804 4092 Protasio,

197 4116 488 4182 Montano,
520 4113 840 4182 Gaudentio,
888 4113 1190 4181 Adeodato,
1217 4116 1556 4186 coepiscopis
1607 4119 1807 4173 nostris

202 4216 509 4278 praesentes
531 4205 887 4276 praesentibus
914 4205 1164 4261 salutem.
1196 4205 1399 4260 Etcum
1415 4207 1676 4276 recitaret,
1702 4209 1811 4262 Au-

201 4301 372 4354 relius
405 4299 671 4369 episcOpus
703 4297 946 4352 Ecclesia:
973 4297 1240 4353 catholica:
1284 4299 1433 4352 dixit.
1485 4298 1808 4355 Iamdudum

199 4392 328 4463 ipse
382 4390 720 4460 subscripsit.
778 4390 936 4446 Modo
982 4389 1117 4446 dixit
1169 4389 1412 4446 Clericus
1468 4391 1809 4461 subscripsit,

200 4481 380 4539 modo
419 4481 726 4551 episcopus.
773 4480 840 4535 Et
865 4499 982 4536 cum
1010 4482 1218 4548 diceret,
1262 4482 1333 4553 (et
1361 4482 1467 4536 alia
1494 4499 1672 4538 manu.
1706 4483 1812 4540 Re-

1905 3281 2317 3350 Quodvultdcus
2368 3282 2657 3352 episcopus
2703 3280 3003 3337 Volitanus.
3058 3281 3286 3353 Cumque
3330 3299 3504 3338 acces-

1905 3376 2078 3442 sisset,
2106 3375 2241 3430 idem
2272 3375 2421 3430 dixit.
2457 3375 2704 3432 Mandavi
2735 3385 2788 3432 et
2816 3376 3131 3448 subscripsi.
3163 3375 3298 3431 Item
3312 3378 3506 3433 recita-

1906 3469 1998 3522 vit.
2025 3468 2266 3523 Donatus
2295 3457 2584 3538 episeopus
2613 3483 2643 3522 a
2671 3467 2846 3523 Turre
2870 3467 3124 3524 Rotunda
3150 3467 3324 3540 (419).
3355 3467 3507 3524 Cum-

1907 3576 2004 3629 que
2045 3560 2370 3623 accessisset,
2413 3560 2549 3613 idem
2591 3559 2740 3614 dixit.
2783 3558 3028 3614 Mandavi
3081 3567 3137 3615 et
3184 3559 3503 3632 subscripsi.

1906 3649 2043 3704 Item
2055 3651 2306 3705 recitavit.
2322 3650 2592 3706 Victorius
2605 3652 2895 3722 episcopus
2908 3651 3521 3727 Selendetensis(420).

1909 3739 2300 3796 Crescentiauus
2326 3743 2597 3814 episcopus
2636 3742 2790 3798 dixit.
2818 3742 2918 3799 Hic
2954 3753 3035 3800 cst
3053 3784 3069 3812 ,
3097 3753 3342 3816 aegrotat.
3375 3743 3511 3802 Item

1908 3835 2158 3888 recitavit.
2221 3835 2644 3891 Crescentianus
2701 3836 2987 3906 episcopus
3044 3838 3506 3895 Ammedcrensis.

1911 3925 2139 3996 Cumque
2159 3929 2476 3995 accessisset,
2503 3929 2641 3983 idem
2661 3929 2817 3984 dixit.
2843 3930 3088 3987 Mandavi
3112 3941 3167 3988 et
3186 3933 3504 4004 subscripsi.

1912 4020 2046 4078 Item
2066 4023 2315 4076 recitavit.
2344 4021 2497 4077 Felix
2524 4023 2812 4094 episcopus
2837 4022 3130 4081 Bullensis.
3166 4025 3390 4096 Cumque
3415 4044 3509 4083 ac-

1911 4118 2174 4184 cessisset,
2208 4117 2343 4172 idem
2372 4116 2524 4171 dixit.
2557 4116 2805 4172 Mandavi
2837 4125 2892 4172 et
2917 4118 3236 4190 subscripsi.
3267 4120 3401 4175 Item
3431 4138 3512 4178 re-

1913 4210 2105 4264 citauit.
2133 4209 2462 4265 Cresconius
2484 4209 2772 4281 episcopus
2799 4223 2828 4263 a
2849 4208 3124 4266 Cibaliana
3153 4211 3328 4283 (421).
3357 4210 3512 4268 Cum-

1912 4318 2009 4372 que
2047 4303 2373 4370 accessisset,
2420 4302 2557 4356 idem
2605 4303 2756 4358 dixit.
2805 4302 3049 4360 Mandavi
3089 4314 3146 4361 et
3187 4305 3508 4378 subscripsi.

1913 4391 2046 4449 Item
2115 4396 2366 4448 recitauit.
2445 4395 2629 4452 Jurata
2696 4396 2984 4479 episcopus
3054 4412 3085 4452 a
3163 4397 3514 4456 Turre-Ta-

1915 4488 2276 4543 ntallumensi.
2309 4486 2538 4558 Cumque
2565 4488 2878 4555 accessisset,
2907 4489 3044 4542 idem
3086 4490 3236 4546 dixit.
3268 4490 3514 4547 Mandavi

202 4573 496 4646 cognovi.)
522 4573 858 4630 Marcellinus
883 4576 960 4628 uir
986 4575 1304 4631 clarissimus
1324 4575 1559 4630 tribunus
1587 4586 1635 4631 et
1659 4588 1810 4632 nota-
1835 4575 1890 4636 D
1913 4590 1968 4636 et
1995 4580 2316 4650 subscripsi.
2341 4578 2479 4634 Item
2503 4580 2756 4634 recitauit.
2787 4579 3057 4635 Liberalis
3081 4582 3371 4653 episcopus
3412 4584 3515 4640 Mi-

203 4673 324 4725 rius
361 4669 513 4722 dixit.
555 4668 870 4736 Advertitis,
916 4679 1210 4740 praesentes
1248 4672 1410 4743 287
1451 4672 1809 4743 praesentibus

201 4761 509 4834 peragendi
551 4762 752 4833 negotii
778 4761 994 4819 dedisse
1019 4762 1352 4819 mandatum.
1387 4764 1667 4830 Quomodo
1712 4765 1811 4836 igi-

207 4866 304 4933 tur
331 4855 421 4910 hic
445 4855 536 4925 qui
563 4870 803 4926 praesens
831 4856 886 4911 in
914 4855 1014 4912 hac
1033 4856 1166 4912 urbe
1191 4871 1250 4913 se
1280 4858 1421 4913 inter
1449 4865 1678 4913 caeteros
1692 4858 1811 4912 sine

204 4947 383 5002 dubio
414 4945 698 5002 mandasse
729 4946 1003 5016 professus
1029 4955 1114 5004 est
1135 4957 1191 5003 et
1212 4947 1263 5002 in
1288 4948 1480 5004 itinere
1500 4949 1696 5005 dicitur
1719 4948 1815 5005 de-

205 5039 435 5105 fecisse,
467 5049 523 5096 et
553 5040 606 5095 in
635 5039 734 5096 hac
759 5041 890 5098 urbe
917 5041 1304 5112 subscripsisse
1341 5042 1626 5098 mandato?
1646 5043 1816 5098 Adeo-

207 5132 372 5186 datus
395 5134 667 5206 episcOpus
693 5135 844 5189 dixit.
877 5134 1010 5190 Octo
1039 5134 1153 5191 dies
1173 5136 1379 5192 emensi
1407 5145 1552 5204 sunt,
1585 5146 1642 5192 ut
1663 5152 1816 5192 man-

292 5296 445 5369 (418)
491 5298 655 5366 Quasi
695 5299 847 5354 hodie
872 5315 975 5354 non
1005 5315 1136 5354 unus
1162 5298 1365 5369 defecit.
1397 5300 1659 5357 Nimirum
1692 5301 1810 5358 Ma-

207 5367 538 5443 ximiniantg
566 5370 924 5443 Bennefensis,
957 5385 1143 5443 supra.
1173 5367 1293 5443 cap.
1328 5373 1430 5426 155
1459 5383 1513 5426 et
1544 5373 1665 5430 198.

295 5440 450 5512 (419)
492 5439 657 5496 Turre
683 5439 924 5497 rotunda.
956 5439 1183 5497 Ptolem.
1216 5439 1308 5497 lib.
1345 5457 1417 5510 tv,
1442 5458 1491 5502 c.
1517 5443 1572 5507 Ξ,
1600 5444 1818 5500 Robun-

210 5510 346 5564 clam
376 5510 515 5566 locat
555 5513 701 5568 inter
739 5513 934 5583 oppida
964 5512 1264 5579 Numidia},
1297 5529 1455 5578 quam
1498 5530 1620 5570 cum
1652 5515 1815 5572 Turre

207 5584 447 5654 rotunda
473 5585 766 5654 convenire
788 5599 948 5654 posse
975 5585 1279 5654 suspicatur
1299 5583 1568 5640 Baluzius.

298 5650 891 5726 (490)78elendetetisis.
937 5650 1086 5709 Inter
1110 5657 1407 5726 episcopos
1451 5659 1541 5726 qui
1581 5659 1812 5715 concilio

210 5719 639 5796 Qartlta'ginensi
672 5726 796 5780 anni
822 5727 926 5781 525
959 5719 1328 5782 interfuerunt
1367 5719 1678 5786 nominatur
1707 5728 1811 5786 Fe-

213 5792 501 5852 lieissimis
522 5801 791 5869 episcopus
819 5796 1134 5855 Sedelensis.

1916 4672 2160 4729 lidiensls
2193 4669 2369 4743 (422).
2399 4670 2626 4742 Cumque
2651 4671 2978 4737 accessisset,
3005 4671 3142 4726 idem
3180 4671 3334 4728 dixit.
3365 4673 3515 4729 Man-

1913 4767 2042 4823 davi
2064 4776 2119 4823 et
2154 4766 2470 4838 subscripsi.
2503 4765 2638 4821 Item
2672 4765 2924 4820 recitauit.
2964 4766 3199 4824 Donatus
3224 4769 3516 4839 episcopus

1913 4861 2309 4932 Auzagerensis
2339 4859 2515 4932 (425).
2547 4857 2780 4932 Cumque
2809 4863 3134 4929 accessisset,
3177 4862 3313 4917 idem
3357 4863 3514 4920 dixit.

1916 4951 2163 5007 Mandavi
2185 4960 2241 5008 et
2261 4951 2582 5021 subscripsi.
2602 4949 2734 5006 Item
2756 4954 3005 5009 recitauit.
3022 4955 3210 5011 Victor
3228 4955 3518 5029 episcopus

1916 5041 2322 5114 Villaregensis.
2363 5041 2594 5115 Cumque
2637 5045 2966 5110 accessisset,
3008 5045 3144 5101 idem
3183 5046 3336 5104 dixit.
3369 5049 3518 5105 Man-

1917 5135 2041 5192 davi
2082 5145 2138 5192 et
2166 5135 2484 5208 subscripsi.
2514 5135 2650 5193 Item
2677 5139 2928 5195 recitavit.
2966 5139 3206 5199 Donatus
3233 5143 3518 5215 episcopus

1993 5302 2149 5384 (12η
2186 5305 2232 5359 Α
2259 5305 2545 5384 Cibaliana.
2573 5307 2821 5384 Concilio
2841 5311 3250 5384 Carthaginensi
3283 5311 3384 5384 sub
3403 5310 3512 5384 Cy-

1993 5328 2144 5376 tszr;
2186 5328 2232 5359 ,ιι
2259 5328 2545 5363 ωυαιιαηιι.
2573 5328 2821 5365 υοηοιιιο
2841 5328 3038 5366 uartna
3081 5328 3250 5367 tnenSI
3283 5328 3384 5365 sul)
3403 5328 3512 5384 by-

1954 5376 2108 5459 riano
2136 5375 2382 5459 interfuit
2406 5376 2697 5459 θέραπες-ᾳ
2719 5380 3007 5459 Cibaliana:
3032 5328 3199 5459 Euius
3220 5381 3514 5459 provinciae

1942 5449 2100 5512 uerit,
2136 5449 2426 5526 incertum.
2452 5449 2618 5526 Forte
2635 5451 2784 5526 idem
2814 5467 2935 5506 cum
2959 5449 3316 5526 Seberianénsi
3349 5453 3515 5526 Byzag

1917 5531 2099 5590 cena},
2140 5518 2208 5574 de
2245 5535 2350 5590 qua
2373 5521 2587 5574 notitia.
2618 5520 2801 5576 Adfuit
2842 5523 3074 5578 concilio
3103 5518 3513 5590 Carthagiu'ensi

1919 5589 2022 5645 sub
2040 5589 2336 5658 Bonifacio,
2357 5590 2688 5646 Constantius
2715 5593 2987 5661 episcopus
3013 5593 3263 5651 Ecclesia:
3286 5589 3515 5652 Cerbali-

1921 5672 2077 5732 tanx,
2098 5677 2288 5732 annon
2319 5663 2559 5732 ejusdem
2592 5663 2737 5718 sedis
2763 5678 2883 5718 cum
2913 5665 3074 5720 istis?

1991 5731 2144 5805 (422)
2187 5731 2516 5805 Milidieust‘s.
2549 5733 2715 5802 Cujus
2747 5735 3038 5804 provinciae
3077 5735 3180 5803 sit,
3216 5739 3506 5794 incertum.

1993 5803 2146 5876 (425)
2186 5804 2577 5879 Auxagerensis.
2618 5806 2676 5863 ln
2715 5803 2991 5878 provincia
3031 5806 3310 5881 Byzacena
3348 5809 3508 5870 notit.
