3972 6328
183 279 319 354 tata

1136 286 1362 354 CESTA
1402 286 1856 357 σοιιΑτιοΝιε
1894 288 2515 359 CARTHAGINENSIS.

3335 298 3478 361 1350

180 409 447 466 adulterio
480 409 745 467 detectus.
777 408 974 469 Adhuc
1011 410 1213 484 pendet
1252 412 1513 486 cognitio.
1546 412 1773 470 Marcel-
1800 414 1845 477 Α
1879 425 2061 486 postea
2094 425 2547 488 supervenerunt.
2580 416 2620 474 li
2661 417 2824 474 etiam
2851 414 2980 490 jube
3014 426 3068 473 ut
3097 415 3297 490 cogniti
3326 434 3481 477 acce-

177 500 313 556 κῆαι
338 502 419 557 υἱι-
444 503 763 558 clarissimus
784 504 1018 559 tribunus
1043 514 1091 559 ct
1112 506 1344 561 notarius
1364 506 1516 562 dixit.
1546 506 1776 580 Episco-

177 604 303 664 pum
336 594 537 650 sulﬁcit
570 595 917 662 ordinatum;
950 594 1053 652 bac
1092 606 1243 667 parte
1275 598 1533 663 transita,
1567 598 1773 670 reliqiia

177 695 459 757 percurrat
497 686 758 745 ofﬁcium.
792 688 859 745 Et
883 692 1132 747 recitavit.
1163 690 1453 748 Faustinus
1489 693 1777 764 episcopus

175 778 524 838 Nationcnsis
566 780 739 855 (458).
789 782 1018 854 Cumque
1066 784 1391 851 accessisset,
1441 786 1576 841 idem
1621 787 1770 842 dixit.

175 872 561 929 Adversarium
590 890 699 930 non
723 876 916 940 habeo,
945 874 1194 932 mandavi
1219 886 1272 933 et
1297 877 1613 948 subscripsi.
1640 875 1774 932 Item

134 965 423 1031 ,recitacit.
457 962 760 1023 Marcianus
790 970 1078 1040 episcopus
1100 968 1561 1025 Eminentius.....
1596 968 1770 1042 (459).

174 1059 589 1131 Episcopus.....
638 1063 692 1117 in
737 1063 933 1120 itinere
980 1064 1259 1119 remansit.
1306 1062 1459 1120 Felix
1509 1063 1775 1121 NovaSin-

171 1152 357 1210 nensis
388 1152 681 1225 subscripsi
717 1171 817 1228 pro
846 1170 934 1213 eo.
967 1156 1188 1230 Alypius
1230 1159 1497 1232 episcopus
1531 1158 1774 1215 Ecclesia:

171 1246 439 1301 catholica:
500 1245 651 1303 dixit.
710 1247 996 1317 Quomodo
1060 1259 1355 1320 praesentes
1415 1252 1774 1321 praesentibus

171 1337 602 1396 mandaverunt?
640 1338 796 1397 Felix
839 1340 1248 1400 Novasinnensis
1294 1344 1570 1419 episcOpus
1618 1348 1768 1403 dixit.

170 1432 292 1504 Ipse
337 1449 425 1489 me
470 1437 682 1507 rogavit
728 1438 782 1492 in
825 1436 1053 1505 itinere,
1098 1449 1152 1495 et
1194 1455 1295 1512 ego
1343 1456 1439 1512 pro
1483 1442 1603 1514 ipso
1644 1440 1773 1498 sub-

170 1526 387 1597 scripsi.

236 1619 369 1677 209.
400 1618 735 1678 Marcellinus
761 1623 839 1678 vir
864 1623 1183 1680 clarissimus
1208 1624 1441 1681 tribunus
1466 1636 1513 1682 et
1536 1626 1772 1683 notarius
1832 1680 1837 1685 .

168 1710 326 1767 dixit.
356 1710 507 1768 Licet
539 1713 641 1769 hoc
667 1712 865 1771 lectum
890 1721 1054 1787 atque
1094 1714 1299 1773 dictum
1331 1717 1431 1781 sit,
1459 1717 1603 1790 quod
1629 1734 1770 1789 prse-

1880 509 2028 564 dant.
2061 509 2129 565 Et
2157 511 2263 565 alia
2287 528 2465 566 manu.
2500 511 2834 582 Recognovi.

1948 599 2075 656 2l5.
2110 599 2444 657 Marcellinus
2487 603 2563 657 vir
2601 602 2924 659 clarissimus
2969 602 3204 659 tribunus
3234 616 3282 659 et
3326 615 3477 662 nota-
3572 638 3575 639 ν

1876 694 1988 749 rius
2031 693 2180 749 dixit.
2222 692 2444 751 Interim
2478 711 2664 751 eorum
2711 712 2969 753 numerus
3012 699 3106 768 qui
3135 696 3478 768 subscripse-

1877 792 2023 852 runt,
2049 785 2117 841 ab
2137 783 2320 842 ofﬁcio
2340 786 2760 843 demonstretur.
2797 787 3113 860 Ruﬁnianus
3134 787 3301 844 scriba
3322 787 3476 846 dixit.

1878 874 2118 950 Excepta
2165 894 2227 936 ea
2281 879 2473 952 pagina
2518 897 2637 951 qua:
2685 898 2927 937 errorem
2961 882 3125 939 habet
3156 883 3210 939 in
3239 881 3481 939 subscri-

1877 972 2062 1042 ptione
2112 973 2545 1039 Donatistarum,
2580 972 2887 1030 invenimus
2919 975 3141 1031 nomina
3185 974 3479 1033 contineri.

1879 1053 2217 1123 Marcellinus
2257 1065 2320 1123 V.
2350 1065 2411 1122 ϐ.
2448 1065 2683 1124 tribunus
2712 1079 2757 1123 et
2788 1073 3017 1125 notarius
3045 1069 3195 1124 dixit.
3231 1069 3347 1140 ipsa
3389 1085 3483 1125 au-

1879 1166 1985 1213 lem
2006 1159 2195 1229 pagina
2219 1166 2349 1229 quot
2372 1159 2680 1215 nominibus
2703 1162 3048 1218 continetur?
3069 1162 3295 1234 Alypius
3317 1163 3478 1231 episc.

1877 1248 2024 1307 Eccl.
2054 1251 2326 1307 catholica:
2346 1252 2497 1307 dixit.
2526 1250 2632 1308 Sex
2660 1253 3034 1309 annumeratis
3059 1254 3220 1308 etiam
3242 1253 3480 1311 absenti-

1878 1343 1998 1401 btts.
2036 1340 2104 1399 Et
2133 1361 2248 1399 cum
2292 1343 2484 1400 diceret
2523 1342 2629 1419 (Et
2670 1344 2777 1400 alia
2816 1362 2996 1400 manu.
3044 1343 3293 1417 86003.).
3328 1345 3481 1415 Ila/i-

1876 1437 2063 1491 nimius
2092 1436 2259 1492 scriba
2281 1436 2431 1492 dixit.
2466 1436 2595 1501 Sex.
2623 1452 2688 1494 ac
2713 1438 2791 1494 sic
2831 1437 3141 1495 efﬁciuntur
3166 1452 3356 1495 omnes
3381 1436 3480 1494 du-

1875 1528 2018 1585 centi
2050 1529 2386 1599 septuaginta
2415 1546 2633 1587 novem.

1944 1616 2074 1676 2M.
2118 1616 2461 1678 Marcellinus
2502 1623 2581 1678 vir
2610 1620 2933 1680 clarissimus
2975 1622 3213 1679 tribunus
3248 1634 3296 1679 et
3327 1633 3480 1679 nota-

1874 1714 1986 1770 rius
2010 1715 2160 1769 dixit.
2194 1713 2433 1771 Alterius
2463 1732 2677 1789 quoque
2707 1719 2876 1787 partis
2903 1728 3036 1790 quot
3064 1718 3303 1790 episcopi
3342 1718 3482 1773 reci-

168 1814 355 1861 sentes
395 1807 752 1877 prtesentibus
800 1807 1228 1875 mandaverunt;
1277 1819 1456 1868 tamen
1497 1828 1567 1867 ne
1609 1826 1761 1867 mora
1794 1808 1843 1877 Β
1874 1806 1969 1862 tati
1995 1804 2154 1873 sunt,
2202 1806 2505 1863 intimetur.
2551 1806 2863 1879 Ruﬁnianus
2904 1808 3071 1865 scriba
3099 1810 3248 1865 dixit.
3280 1807 3483 1865 Catho-

166 1897 441 1969 superﬁua
484 1907 813 1970 conteratur,
848 1901 1054 1971 reliqua
1093 1915 1376 1974 percurrat
1402 1904 1661 1960 ofﬁcium.
1698 1902 1767 1961 Et

164 1989 418 2044 recitavit.
470 1989 732 2046 Martialis
773 1994 1061 2063 episcopus
1111 1994 1394 2051 ldicrensis
1444 2012 1538 2063 pro
1586 1995 1770 2053 Felice

164 2078 434 2138 Garbensi
467 2081 621 2155 (410)
662 2093 716 2139 et
753 2082 907 2141 Justo
937 2085 1221 2144 Fet-mensi
1251 2087 1423 2162 (Ml),
1458 2091 1549 2161 qui
1586 2091 1638 2146 in
1681 2089 1772 2147 iti-

163 2182 299 2230 nere
338 2188 497 2230 causa
543 2175 872 2233 inﬁrmitatis
923 2178 1126 2236 detenti
1174 2191 1340 2248 sunt,
1391 2198 1489 2252 pro
1523 2184 1601 2239 eis
1643 2184 1772 2240 sub-

164 2269 385 2339 scripsi.
429 2269 765 2327 Marcellinus
801 2274 880 2328 vir
907 2275 1225 2332 clarissintus
1268 2270 1503 2335 tribunus
1531 2291 1579 2335 et
1622 2293 1774 2337 nota-

162 2359 276 2415 rius
307 2362 459 2417 dixit.
507 2360 683 2419 Etiam
723 2363 828 2421 boc
872 2368 1137 2439 superiori
1183 2381 1397 2427 constat
1427 2388 1548 2428 esse
1587 2375 1770 2429 censi-

163 2454 318 2511 mile.
350 2452 421 2508 Et
449 2456 663 2527 adjecit.
692 2456 848 2513 Aliud
876 2462 1152 2516 recitatur.
1181 2462 1481 2519 Marcianus
1505 2466 1775 2537 episcopus

164 2545 419 2604 Ecclesia:
454 2549 724 2607 catholica
767 2551 919 2607 dixit.
965 2552 1120 2609 Felix
1160 2556 1449 2625 episc0pus
1479 2555 1774 2613 Garbensis

164 2638 232 2697 de
279 2639 446 2697 domo
489 2658 584 2697 sua
618 2658 724 2699 non
772 2645 959 2700 exivit.
1006 2644 1075 2700 Et
1117 2647 1365 2704 recitavit.
1413 2647 1772 2721 [Gaudentius

163 2735 455 2805 episeopus
492 2732 818 2807 Tigisitanus
865 2736 1092 2813 (442).]
1136 2739 1441 2795 Cresconius
1501 2742 1775 2813 episcopus

167 2825 482 2897 Siguitanus
530 2826 680 2901 (MS)
730 2829 883 2885 dixit.
927 2828 1266 2887 Gaudentius
1307 2832 1515 2903 collega
1565 2845 1770 2901 noster,

162 2922 456 2993 episcopus
485 2922 588 2978 loci
612 2922 919 2995 Tigisitani,
948 2922 1281 2982 inﬁrmitatis
1301 2941 1467 2982 causa
1494 2926 1547 2981 in
1572 2926 1770 2982 itinere

163 3014 463 3080 remansit;
501 3030 600 3085 pro
633 3032 698 3071 eo
724 3017 1044 3088 subscripsi.

232 3109 371 3165 2'10.
424 3108 833 3165 Fortunalianus
888 3111 1157 3183 episcopus
1213 3108 1464 3167 Ecclesia:
1506 3112 1776 3168 catholica:

1871 1900 1988 1956 lica:
2018 1901 2185 1970 partis
2230 1902 2470 1971 episcopi
2502 1900 2800 1957 secundum
2854 1901 3307 1972 subscriptionem
3355 1896 3480 1956 huic

1872 1995 2022 2050 brevi
2050 1994 2307 2050 insertam
2336 1993 2648 2051 efﬁciuntur
2675 1988 2891 2052 ducenti
2919 1998 3201 2068 sexaginta
3228 2011 3348 2063 sex,
3383 2011 3483 2051 cx-

1872 2087 2044 2157 ceptis
2073 2086 2157 2142 bis
2179 2102 2315 2158 quos
2345 2087 2532 2142 dicunt
2554 2087 2783 2144 necdum
2812 2088 3225 2159 subscripsisse.

1943 2178 2072 2235 215.
2117 2176 2454 2235 Marcellinus
2489 2177 2552 2234 V.
2584 2178 2645 2235 Ο.
2675 2180 2908 2236 tribunus
2952 2190 3000 2235 et
3047 2179 3281 2235 notarius
3324 2170 3478 2234 dixit.

1874 2269 2027 2328 Nunc
2051 2281 2184 2342 quot
2209 2280 2335 2327 sunt
2362 2272 2397 2327 ii
2430 2287 2568 2343 quos
2605 2273 2992 2344 subscripsisse
3020 2280 3318 2339 testantur,
3365 2271 3480 2328 edi-

1877 2381 2001 2421 rere
2031 2381 2139 2420 non
2186 2376 2486 2421 morentur.
2528 2365 2749 2438 Alypius
2786 2368 3061 2438 episcopus
3103 2360 3354 2422 Ecclesia:
3394 2383 3485 2420 ca-

1878 2458 2083 2514 tholicis
2129 2458 2279 2513 dixit.
2354 2455 2654 2514 Transeant
2716 2468 2769 2514 et
2818 2468 3234 2530 cognoscantur.
3279 2456 3482 2530 Viginti

1879 2562 2024 2607 sttnt.
2060 2551 2123 2606 Et
2152 2552 2258 2606 alia
2294 2568 2472 2605 manu.
2519 2550 2849 2623 Recognovi.
2899 2548 3237 2606 Marcellinus
3266 2551 3343 2605 vir
3369 2548 3484 2605 cla-

1880 2646 2116 2701 rissimus
2148 2646 2381 2700 tribunus
2410 2656 2457 2699 et
2489 2646 2723 2722 notarius
2760 2644 2912 2699 dixit.
2953 2641 3127 2715 Ergo,
3170 2643 3215 2699 si
3253 2642 3482 2710 adsunt,

1883 2757 2036 2798 suam
2071 2740 2271 2796 debent
2292 2739 2489 2811 singuli
2517 2728 2896 2794 demonstrare
2932 2737 3298 2809 pricsentiam.
3328 2730 3487 2791 Cum-

1882 2852 1979 2905 que
2004 2834 2334 2905 Apronianus
2362 2833 2632 2903 episwpus
2672 2829 2998 2895 accessisset,
3033 2826 3369 2883 Marcellinus
3410 2827 3489 2881 uir

1884 2929 2205 2984 clarissimus
2244 2925 2478 2981 tribunus
2508 2933 2555 2979 et
2592 2924 2826 2979 notarius
2856 2922 3007 2977 dixit.
3051 2918 3217 2992 Cujus
3252 2934 3313 2976 es
3352 2916 3486 2975 civi-

1889 3020 2015 3074 tatis
2039 3017 2363 3089 episcOpus?
2391 3016 2722 3088 Apronianus
2744 3015 3015 3089 episcOpus
3037 3010 3287 3068 Ecclesia:
3310 3011 3489 3066 catho-

1884 3113 2002 3168 licw
2026 3112 2175 3167 dixit.
2214 3108 2548 3166 Mazacensis
2580 3105 2755 3180 (444).
2787 3106 3123 3162 Marcellinus
3163 3104 3239 3159 vir
3264 3103 3494 3160 clarissi-

166 3198 325 3255 dixit.
356 3196 636 3256 Testatum
674 3201 746 3257 sit
774 3204 912 3257 actis
956 3203 1306 3259 sublimitatis
1342 3216 1479 3272 tuae,
1509 3207 1631 3262 ideo
1662 3207 1777 3264 inec
1803 3198 1850 3265 C
1884 3224 2003 3260 mus
2032 3202 2264 3259 tribunus
2305 3213 2352 3259 et
2397 3201 2626 3256 notarius
2654 3200 2801 3256 dixit.
2834 3198 3122 3265 Mandato,
3153 3197 3236 3252 cui
3267 3212 3365 3269 per
3393 3195 3493 3251 ab-

164 3290 282 3348 tieri
310 3298 371 3347 ut
397 3292 575 3359 major
597 3293 842 3349 videatur
862 3310 1049 3350 eorum
1077 3311 1336 3353 numerus
1361 3298 1770 3370 episcoporum;

162 3384 418 3455 quamvis
460 3399 560 3440 nec
600 3384 678 3441 sic
720 3384 1015 3440 Catholicis
1060 3386 1233 3457 possit
1279 3388 1508 3458 aequari.
1557 3386 1625 3444 Et
1669 3391 1776 3445 alia

164 3492 347 3532 manu.
384 3477 720 3549 Recognovi.
758 3477 889 3533 Item
918 3478 1168 3534 recitavit.
1207 3476 1448 3537 Donatus
1487 3482 1776 3555 episcOpus

163 3570 548 3628 Sucardensis.
598 3570 927 3629 Marinianus
970 3575 1236 3647 episcopus
1262 3576 1412 3630 dixit.
1459 3576 1553 3632 llic
1597 3586 1682 3633 est
1720 3578 1776 3634 in

162 3666 429 3732 civitate;
457 3667 553 3721 sed
584 3676 828 3738 aegrotat.

234 3763 370 3819 ΞΗ.
415 3760 753 3819 Marcellinus
786 3764 861 3818 vir
895 3762 1216 3819 clarissimus
1255 3763 1489 3819 tribunus
1531 3774 1578 3819 et
1622 3774 1774 3821 nota-

170 3855 287 3909 rius
318 3854 469 3909 dixit.
495 3853 565 3911 Ut
588 3856 772 3921 statui,
809 3855 944 3911 lecta
978 3856 1028 3911 in
1059 3857 1255 3911 seriem
1286 3855 1594 3911 referentur
1619 3866 1770 3912 acto-

171 3962 319 4002 rum.
353 3946 582 4013 Quoteni
625 3957 806 4005 autem
855 3948 964 4003 sint
1010 3947 1291 4019 utriusque
1321 3947 1490 4018 partis
1533 3948 1777 4020 episcOpi

164 4052 407 4110 quorum
434 4037 761 4111 subscriptio
792 4038 1015 4095 recitata
1057 4046 1172 4107 est,
1204 4039 1526 4097 cauculatim
1575 4042 1781 4113 pandat

165 4128 438 4186 ofﬁcium.

238 4219 377 4276 212.
428 4218 645 4293 Alypius
692 4218 965 4292 episcopus
1013 4220 1266 4280 Ecclesiae
1309 4224 1575 4283 catholica:
1618 4222 1773 4283 dixit.

166 4314 370 4372 Adhuc
406 4324 528 4371 sunt
570 4323 867 4385 praesentes
895 4313 1117 4387 collegre
1150 4317 1356 4385 nostri,
1400 4318 1490 4389 qui
1532 4319 1774 4375 subscri-

166 4412 392 4483 ptiones
413 4424 540 4465 suas
559 4406 815 4464 mandato
844 4422 950 4464 non
982 4409 1312 4465 indiderunt.
1342 4408 1601 4482 Occupati
1626 4412 1777 4466 enim

168 4482 393 4561 inerant
431 4502 514 4559 vel
555 4500 898 4567 inﬁrmitate,
945 4501 1033 4557 vel
1075 4502 1431 4570 necessitate,
1477 4502 1561 4559 vel
1611 4502 1775 4559 etiam

1882 3297 2116 3355 sentiam
2144 3312 2251 3351 non
2278 3293 2672 3363 subscripsisti,
2698 3290 3008 3348 consentis?
3034 3288 3365 3363 Apronianus
3384 3286 3495 3361 epi-

1883 3398 2075 3460 scopus
2100 3388 2346 3444 Ecclesia:
2371 3385 2637 3441 catholica:
2658 3382 2978 3440 Mazacensis
3000 3382 3148 3436 dixit.
3172 3376 3492 3436 Consentio.

1884 3479 2023 3536 Item
2051 3491 2100 3537 et
2130 3481 2400 3535 accedente
2429 3477 2715 3533 Maximino
2746 3474 3017 3543 Sit/fetano
3045 3476 3309 3548 episcopo,
3353 3471 3495 3527 Mar-

1883 3574 2102 3629 cellinus
2127 3574 2204 3629 vir
2229 3573 2546 3629 clarissimus
2574 3571 2810 3625 tribunus
2836 3578 2884 3623 et
2904 3568 3137 3624 notarius
3167 3567 3320 3623 dixit.
3347 3564 3494 3623 Con-

1883 3666 2059 3723 sentis
2089 3675 2141 3720 tu
2169 3681 2384 3737 quoque
2412 3664 2700 3719 mandato?
2741 3661 2889 3718 Idem
2929 3662 3097 3729 dixit,
3126 3659 3421 3716 Consentio
3442 3667 3499 3716 et

1888 3758 2107 3814 mando.
2164 3756 2299 3812 Item
2348 3756 2621 3811 accedente
2681 3754 2883 3810 Victore
2929 3754 3171 3826 episcOpo
3217 3753 3495 3825 Ajurensi,

1887 3836 2023 3904 idem
2045 3842 2195 3904 dixit.
2226 3846 2422 3904 Mando
2448 3858 2503 3904 et
2528 3850 2835 3904 consentio.
2863 3844 2997 3901 Item
3023 3846 3293 3901 accedente
3320 3840 3502 3900 Felice

1889 3944 2131 4018 episcopo
2175 3942 2341 4016 289
2380 3940 2600 3998 Ficense
2634 3938 2810 4015 (445),
2842 3941 2978 3995 idem
3015 3941 3167 3994 dixit.
3215 3936 3410 3996 Mando
3439 3942 3497 3994 et

1891 4039 2195 4094 consentio.
2254 4034 2388 4092 Item
2442 4035 2709 4091 accedente
2749 4032 2926 4089 Felice
2974 4034 3213 4106 episc0po
3265 4030 3500 4088 Macria-

1893 4129 2062 4195 nensi,
2086 4128 2223 4183 idem
2253 4128 2404 4183 dixit.
2434 4124 2632 4183 Mando
2663 4135 2715 4181 et
2735 4125 3037 4181 consentio.
3067 4122 3203 4179 Item
3231 4122 3501 4180 accedente

1891 4222 2058 4279 Lucio
2087 4223 2325 4295 episcopo
2365 4219 2591 4277 Olivensi
2622 4216 2801 4292 (M6),
2828 4217 2966 4273 idem
3008 4216 3159 4273 dixit.
3201 4217 3398 4273 litando
3444 4220 3501 4272 et
3537 4242 3542 4246 ·

1891 4318 2195 4373 consentio.
2229 4315 2365 4370 Item
2404 4314 2672 4371 accedente
2701 4313 3032 4370 Tertulliuno
3075 4313 3313 4387 episcOpo
3344 4310 3506 4369 Hirci-

1892 4412 2039 4466 nensi
2063 4411 2242 4485 (M7),
2270 4410 2407 4466 idem
2433 4409 2584 4467 dixit.
2613 4406 2810 4465 Mando
2838 4420 2892 4465 et
2919 4407 3223 4465 consentio.
3257 4406 3391 4467 Item
3416 4424 3505 4464 ac-

1893 4504 2100 4558 cedente
2125 4501 2329 4559 Joanne
2353 4498 2685 4557 Gummitano
2714 4498 2870 4572 (448)
2897 4501 3160 4571 episcopo,
3187 4499 3325 4555 idem
3350 4498 3506 4556 dixit.

244 4659 399 4741 (i258)
441 4656 796 4741 Nationensis.
823 4658 885 4716 lu
906 4659 1180 4733 provincia
1208 4660 1510 4739 Byzacena,
1535 4669 1595 4717 nt
1614 4658 1779 4718 docet
1800 4660 1858 4722 D
1886 4662 2023 4741 §iga
2067 4658 2280 4741 colonia
2310 4656 2471 4741 apud
2514 4657 2874 4715 Ptolemaeum
2898 4654 2997 4713 lib.
3029 4671 3083 4724 v,
3125 4670 3249 4730 cap.
3278 4650 3338 4724 2,
3369 4661 3425 4712 et
3448 4656 3503 4715 iis

164 4728 365 4791 notitia
379 4728 544 4786 'tmm.
575 4728 665 4787 75.

242 4802 791 4879 (4339)__E.‘ntine_ntius._
824 4803 985 4858 Forte
1016 4802 1495 4879 Eminentianensis.
1536 4803 1592 4859 In
1620 4800 1771 4860 Mau-

166 4872 338 4947 ritani
358 4872 657 4947 i’Sitifensi,
680 4872 837 4930 nolit.
857 4888 1008 4931 num.
1029 4875 1117 4942 li,
1136 4885 1189 4929 et
1202 4875 1562 4947 supplendum
1586 4887 1775 4946 postea

168 4946 335 5002 Felix
380 4944 786 5002 Novasinnensis
833 4949 1104 5016 episcopus
1150 4944 1318 5003 dixit.
1348 4947 1405 5003 In
1449 4944 1642 5003 itinere
1689 4963 1779 5004 rc-

169 5020 396 5085 mansit,
426 5020 719 5082 subscripsi
752 5033 849 5087 pro
870 5034 955 5073 eo.
983 5019 1134 5074 Hunc
1160 5018 1338 5074 locum
1368 5020 1440 5074 ita
1472 5021 1771 5076 restituen-

170 5090 307 5148 dum
333 5105 453 5145 esse
480 5097 633 5158 putat
660 5089 927 5145 Baluzius.

248 5159 405 5233 (MO)
445 5159 801 5233 GarchsiJu
833 5160 1099 5226 Numidia,
1131 5161 1371 5233 utdocet
1402 5161 1588 5233 notitia
1617 5172 1770 5219 num.

175 5232 316 5299 102,
360 5232 578 5288 Victoris
610 5230 884 5287 Garbensis
924 5234 1131 5287 mentio
1176 5232 1235 5287 ﬁt
1262 5230 1331 5289 in
1376 5232 1511 5289 actis
1553 5235 1776 5291 concilii

170 5306 444 5362 Cirtensis
472 5312 529 5359 et
545 5303 688 5371 apud
717 5303 969 5373 Optatum
996 5303 1091 5359 lib.
1119 5319 1167 5368 ι,
1195 5320 1344 5359 nnm.
1379 5304 1469 5361 14.

256 5374 409 5445 (Ml)
450 5374 738 5445 Formensi.
792 5374 983 5430 Itidem
1027 5376 1078 5429 in
1120 5374 1375 5432 Numidia
1420 5378 1578 5433 notit.
1619 5386 1777 5433 nam.

174 5447 314 5592 150,48.
354 5444 554 5504 Urbani
607 5444 904 5502 Parmensis
960 5446 1207 5503 meminit
1261 5446 1490 5519 Optatus
1548 5450 1644 5507 lib.
1698 5466 1777 5518 ll,

256 5588 404 5661 (4.59)
444 5587 787 5662 Tigisitanus.
835 5588 1171 5662 Mauritaniae
1213 5586 1589 5649 Cmariensis.
1638 5584 1780 5662 Nam

176 5659 791 5735 supra‘subs'cripserat
822 5662 975 5735 alter
1022 5659 1341 5732 Tigisitanus
1398 5664 1669 5735 episcopus
1718 5660 1775 5719 in

176 5726 458 5803 Numidia,
491 5742 546 5788 ut
574 5726 784 5791 a'nobis
812 5726 1156 5789 Observatum
1187 5746 1271 5789 est
1290 5726 1572 5803 eapfiSS.

262 5798 416 5876 (μδ)
458 5804 780 5876 Siguitanus.
832 5804 959 5861 Erat
996 5803 1049 5860 in
1094 5798 1413 5863 Mauritania
1451 5804 1779 5862 Caesariensi

1895 4731 2499 4808 itinerario_Antonini.
2552 4799 2575 4808 _
2652 4798 2699 4808 η
3026 4807 3029 4808 ν
3106 4788 3123 4808 ._
3237 4806 3244 4808 Α
3376 4795 3457 4808 ὼ,

1964 4801 2119 4876 (fuit)
2162 4800 2502 4858 Mazacensis.
2551 4799 2610 4858 In
2652 4797 2931 4865 Numidis,
2979 4807 3039 4855 ut
3092 4797 3252 4855 docet
3296 4797 3489 4854 notitia

1892 4893 2045 4934 num.
2074 4876 2164 4933 8t.

1964 4946 2118 5023 (μδ)
2148 4940 2390 5023 Ficense.
2440 4942 2498 5023 In
2548 4941 2874 5023 Mauritania
2900 4939 3285 5023 Sitifensinut
3335 4935 3502 4999 docet

1893 5012 2272 5076 noiitia'nnm.
2325 5017 2416 5072 22.
2464 5015 2525 5073 In
2556 5014 2779 5071 Tabulis
2804 5012 3252 5085 Pectingerianis
3294 5028 3509 5070 memo-

1890 5102 2042 5146 ratur
2071 5091 2141 5146 ad
2169 5088 2377 5155 Ficum,
2408 5090 2497 5159 qui
2520 5088 2673 5159 locus
2698 5087 2757 5143 in
2794 5082 3058 5141 Antonini
3086 5082 3380 5143 Itiuerario
3423 5085 3505 5143 lo-

1890 5158 3003 5237 catum!Satsldmsilai.’9”im--..-
3357 5216 3487 5237 η..-

1962 5216 2399 5306 (“siccana
2434 5233 2492 5288 lu
2519 5216 2839 5306 Μαιῖτιιξιιιίει
2878 5228 3144 5306 Sitiierlsi:
3180 5226 3318 5306 stag
3350 5216 3505 5306 orna

1892 5294 2113 5362 locatur'
2129 5303 2276 5363 inter
2304 5305 2553 5362 Anauam
2590 5313 2646 5359 et
2680 5300 2924 5375 Moptum
2959 5301 3015 5357 in
3044 5297 3252 5356 Tabula
3276 5294 3506 5353 Pectin-

1931 5391 2138 5433 ertana.

1892 5395 2138 5522 $6124.18.
2152 5444 2458 5522 Hirenensi.
2484 5443 2803 5522 Habeturin
2831 5440 3032 5522 notitia,
3056 5438 3372 5522 provincia
3398 5432 3509 5522 [fy-

1896 5508 2114 5578 zacenai
2134 5536 2282 5578 num.
2310 5521 2401 5578 94..
2431 5514 2630 5573 Ircnsis
2659 5515 2951 5585 episcopus,
2983 5508 3373 5585 etivsxnodgicaa
3398 5508 3509 5585 By-

1896 5535 2110 5578 zacena:
2134 5536 2282 5578 num.
2310 5526 2401 5578 94..
2431 5526 2630 5573 lrcnsts
2659 5528 2951 5585 episcopus,
2983 5526 3042 5569 et
3065 5526 3511 5639 3513;

1891 5607 2217 5666 mcenogntn
2242 5590 2554 5666 inconcilio
2580 5583 2942 5666 Later-anetisi
2978 5584 3079 5666 sub
3207 5590 3353 5639 rttno

1890 5664 2084 5731 scribit
2100 5663 2401 5731 Theodorus
2427 5661 2696 5731 episcopus
2714 5654 3058 5731 _Hirinensis.

1956 5726 2116 5809 (ΗΒ)
2158 5720 2514 5809 Euntmitan'o.
2554 5720 3220 5809 'Elusdemerovincite,
3266 5720 3518 5809 u‘tdgcgt

1890 5790 2272 5865 noiitia'num.
2313 5806 2383 5864 89
2404 5843 2421 5874 ,
2444 5790 2695 5860 concilio
2729 5790 3153 5870 Cartliaginensi
3202 5790 3351 5857 anno
3381 5790 3513 5865 525,
