3972 6328
559 225 694 284 4551
1519 227 1751 288 GESTA
1788 227 2139 287 COLLATIOI

2283 228 2914 292 CARTHAGINENSIB.
3652 248 3754 305 1552

557 340 753 396 Mando
801 349 857 396 et
906 341 1208 398 consentio.
1263 343 1399 399 Item
1446 345 1718 401 accedente
1768 347 2000 419 Ampelio
2054 346 2157 401 Va-
2185 349 2240 411 Α
2265 348 2416 403 dixit.
2451 347 2638 404 Utrum
2673 350 2708 404 ii
2741 358 2946 405 tantum
2977 348 3157 406 adsint
3192 351 3332 420 quia
3365 354 3580 424 partibus
3604 373 3757 417 secun-

559 435 702 504 gensi
731 432 882 506 (449)
911 434 1048 487 idem
1085 435 1236 489 dixit.
1273 435 1466 491 Mando
1493 449 1547 493 et
1577 440 1880 494 consentio.
1913 437 2046 492 Item
2075 457 2160 493 ac-
2265 439 2392 494 dum
2418 440 2696 509 imperiale
2722 450 3050 512 praeceptum
3072 443 3224 499 electi
3250 459 3364 500 esse
3383 455 3759 514 noscuntur,edi-

557 530 766 584 cedente
797 527 1033 583 Primulo
1063 531 1301 601 episcopo
1339 530 1590 605 Vagense,
1617 533 1753 587 idem
1784 533 1938 586 dixit.
1969 531 2162 588 Mando
2263 540 2352 586 cat
2379 531 2643 587 ofﬁcium.
2677 532 2989 601 Ruﬁnianus
3009 537 3174 590 scriba
3201 537 3346 590 dixit.
3375 538 3531 594 Partis
3557 542 3757 602 Ecclesia

558 630 613 675 et
655 619 960 675 consentio.
1025 621 1241 694 Alypius
1285 623 1554 694 episcopus
1609 622 1855 678 Ecclesia
1897 621 2162 678 catholica
2264 623 2542 678 catholica:
2569 623 2862 680 secundum
2887 626 3114 681 formam
3145 626 3301 682 edicti
3331 637 3405 683 tot
3422 633 3648 699 stant,id
3669 646 3754 704 est,

557 712 707 767 dixit.
748 714 849 768 Diu
877 715 1188 770 observavit
1210 716 1451 771 Severus
1480 714 1655 788 (450),
1687 715 1783 772 sed
1827 731 1969 772 nunc
2015 715 2164 771 inﬁr-
2263 714 2450 771 decem
2475 726 2529 770 et
2554 727 2698 784 octo,
2729 717 2781 772 id
2800 727 2906 783 est,
2936 729 3144 791 septem
3166 731 3386 789 actores,
3415 733 3598 795 septem
3617 731 3750 783 consi-

560 805 749 860 mitate
784 806 1054 862 discessit.
1103 805 1236 861 Item
1275 807 1546 861 accedente
1573 807 1772 880 Regina
1806 808 2046 876 episcopo
2073 805 2163 860 Ti-
2264 805 2404 861 liarii
2425 850 2440 873 ,
2471 815 2526 862 et
2547 819 2779 877 quatuor
2818 810 2885 864 ad
2915 811 3150 866 chartas.
3186 813 3350 867 Etiam
3373 829 3437 870 ex
3457 825 3590 884 parte
3617 818 3755 875 Donali

557 895 856 967 gillabensi,
900 895 1036 950 idem
1077 896 1230 952 dixit.
1263 897 1459 954 Mando
1497 907 1552 952 et
1591 899 1893 953 consentio.
1943 898 2162 969 Alypius
2263 895 2688 952 adstantdeceln
2719 908 2770 952 et
2795 909 2940 964 octo,
2966 910 3171 970 septem
3194 912 3397 960 actores
3420 945 3434 971 ,
3460 915 3638 977 septem
3661 924 3759 965 con-

559 986 830 1058 episcopus
880 986 1123 1043 Ecclesia
1162 989 1432 1044 catholica
1474 990 1625 1044 dixit.
1672 990 1970 1060 Delphinus
2011 987 2162 1062 (451)
2264 986 2451 1042 siliarii
2475 1029 2490 1052 ,
2520 996 2576 1042 et
2605 999 2838 1058 quatuor
2865 990 2933 1046 ad
2957 990 3196 1048 chartas.

556 1080 846 1151 episcopus
874 1080 960 1136 hic
989 1090 1074 1137 est
1093 1123 1107 1147 ,
1152 1082 1247 1138 sed
1283 1082 1593 1139 inﬁrmitate
1627 1083 1918 1139 detinetur.
1949 1083 2080 1138 Nam
2108 1092 2165 1139 et
2335 1079 2466 1136 219.
2508 1079 2846 1137 Marcellinus
2868 1085 2943 1138 uir
2963 1085 3278 1140 clarissimus
3301 1089 3511 1144 tribunus
3531 1099 3572 1145 et
3595 1093 3761 1150 notarius

559 1170 942 1230 Faustinianus
963 1175 1251 1248 episcopus
1283 1177 1701 1233 Rusiccadensis
1729 1177 1816 1232 hic
1845 1186 1956 1240 est.
1985 1179 2037 1232 in
2063 1176 2164 1232 bac
2194 1172 2195 1175 “
2265 1173 2418 1227 dixit.
2448 1172 2644 1229 Edicat
2683 1177 2955 1242 ofﬁcium,
2991 1189 3255 1248 quantum
3296 1180 3400 1236 diei
3442 1182 3540 1251 jam
3578 1183 3760 1239 videatur

555 1265 800 1332 civitate,
830 1266 926 1322 sed
956 1267 1099 1322 male
1132 1268 1317 1334 habet,
1351 1278 1404 1325 et
1428 1268 1578 1324 Felix
1602 1271 1940 1325 Serteitanus
1969 1269 2158 1341 pedem
2264 1281 2566 1321 emensum.
2599 1267 2912 1336 Ruﬁnianus
2933 1272 3100 1326 scriba
3122 1272 3273 1326 dixit.
3303 1271 3558 1344 Exempla:
3577 1285 3676 1330 sunt
3693 1278 3762 1331 llo-

555 1357 725 1415 dolel.
751 1358 886 1415 Item
909 1362 1182 1417 accedente
1206 1361 1412 1418 Victore
1433 1365 1672 1434 episcopo
1698 1362 2004 1431 Abitinensi,
2025 1364 2163 1418 idem
2267 1375 2342 1414 ra:
2373 1359 2623 1416 undecim
2651 1361 2781 1418 diei.

555 1452 706 1508 dixit.
738 1453 932 1509 Mando
957 1466 1011 1510 et
1038 1455 1343 1511 consentio.
1383 1455 1512 1512 ltem
1549 1456 1818 1512 accedente
1848 1455 2022 1511 zEnea
2048 1455 2160 1526 epi-
2335 1451 2464 1507 220.
2508 1452 2844 1509 Marcellinus
2875 1456 2952 1509 vir
2992 1456 3305 1512 clarissinms
3349 1458 3560 1511 tribunus
3585 1468 3623 1514 et
3654 1471 3759 1514 nota-

551 1561 709 1616 scopa
740 1564 771 1600 a
803 1544 1090 1602 Turbunice
1129 1546 1309 1619 (452),
1353 1549 1489 1602 idem
1528 1548 1680 1604 dixit.
1714 1549 1910 1604 Mando
1953 1558 2008 1603 et
2033 1563 2162 1604 con-
2264 1545 2372 1600 rius
2403 1546 2553 1601 dixit.
2585 1547 2850 1615 Quoniam
2885 1548 2991 1604 diei
3017 1564 3155 1619 pene
3176 1564 3387 1606 omnem
3410 1561 3588 1620 partem
3609 1563 3763 1607 consul

553 1637 750 1694 sentio.
807 1637 938 1694 Item
995 1643 1266 1695 accedente
1317 1638 1611 1694 Annibonio
1663 1641 1904 1712 episcopo
1953 1640 2161 1694 Abbiri-
2264 1655 2562 1704 emensam,
2607 1641 2809 1696 idcirco
2840 1651 3020 1697 utrum
3044 1658 3111 1698 ex
3138 1643 3408 1698 communi
3448 1658 3672 1698 consensu
3695 1661 3759 1700 ne-

553 1739 676 1785 tano
703 1731 883 1802 (455),
917 1732 1051 1786 idem
1078 1733 1227 1788 dixit.
1263 1732 1456 1788 Mando
1481 1745 1535 1789 et
1571 1735 1872 1790 consentio.
1910 1733 2046 1790 Item
2074 1750 2160 1788 ac-
2187 1745 2236 1805 Β
2263 1733 2465 1803 gotium
2509 1732 2715 1789 diﬁ‘erri
2747 1735 2988 1804 placeat,
3032 1737 3330 1791 intimetur.
3363 1737 3433 1790 Ab
3461 1739 3652 1807 utrisque
3673 1755 3759 1805 par-

554 1823 763 1880 cedente
805 1823 981 1880 Felice
1023 1826 1264 1896 episcopo
1316 1824 1543 1881 Novensi
1589 1824 1776 1898 (454),
1826 1825 1961 1880 idem
2007 1826 2160 1881 dixit.
2263 1827 2398 1882 tibus
2417 1828 2610 1882 dictum
2631 1838 2723 1883 est.
2755 1827 2938 1884 Placct
2965 1845 2978 1882 :
3005 1830 3261 1899 quoniam
3285 1829 3392 1900 jam
3422 1829 3514 1884 iste
3539 1827 3636 1884 dies
3655 1829 3760 1884 vide

558 1914 754 1972 blando
805 1927 860 1974 et
913 1918 1219 1975 consentio.
1267 1917 1404 1972 Item
1448 1919 1717 1973 accedente
1764 1919 1980 1990 Argyrio
2032 1918 2163 1974 Siti-
2263 1929 2350 1976 tur
2376 1935 2651 1976 emensus.

561 2013 708 2081 pensi
739 2011 911 2084 (455),
938 2013 1076 2067 idem
1105 2013 1258 2068 dixit.
1288 2012 1480 2067 Mando
1510 2021 1566 2067 et
1597 2013 1899 2067 consentio.
2333 2013 2458 2067 221.
2495 2012 2828 2067 Marcellinus
2868 2014 2946 2068 uir
2989 2013 3309 2069 clarissimus
3356 2013 3568 2067 tribunus
3591 2023 3630 2065 et
3660 2018 3760 2064 nola-

624 2106 754 2162 246.
790 2106 1129 2162 Marcellinus
1167 2107 1244 2161 vir
1283 2106 1602 2160 clarissimus
1633 2105 1868 2158 tribunus
1913 2113 1962 2158 et
2003 2113 2153 2159 nota-
2259 2106 2370 2160 rius
2395 2104 2548 2160 dixit.
2581 2105 2637 2159 In
2666 2120 2826 2175 quem
2873 2106 3014 2161 diem
3060 2105 3176 2161 haec
3217 2107 3330 2176 ipsa
3357 2102 3764 2176 comperendinatio

560 2200 672 2255 rius
704 2200 856 2255 dixit.
887 2199 1029 2269 Quot
1055 2210 1181 2255 sunt
1210 2199 1297 2254 isti
1323 2213 1553 2268 quorum
1579 2198 1846 2268 professio
1868 2213 2010 2253 nunc
2036 2213 2162 2268 pro-
2260 2196 2562 2263 differatur,
2593 2211 2718 2267 pars
2748 2208 2977 2265 utraque
3007 2197 3278 2269 designet.

555 2292 749 2356 cessit,
787 2291 966 2348 edicat
997 2291 1261 2346 ofﬁcium.
1296 2289 1558 2361 Nampius
1583 2291 1750 2345 scriba
1777 2291 1927 2346 dixit.
1963 2291 2160 2362 Viginti
2333 2290 2550 2362 Alypius
2578 2292 2848 2360 episcopus
2888 2290 3134 2346 Ecclesia:
3181 2291 3444 2346 catholica
3491 2291 3616 2345 dixit.
3656 2289 3763 2342 Sicut

555 2398 702 2444 sunt.
736 2387 1072 2442 Marcellinus
1105 2387 1183 2441 uir
1211 2386 1537 2441 clarissimus
1567 2386 1801 2440 tribunus
1839 2397 1886 2440 et
1928 2387 2159 2440 notarius
2258 2381 2440 2439 edicto
2466 2383 2718 2438 nobilitas
2752 2390 2838 2436 tua
2870 2384 3240 2454 praescripsit,
3263 2385 3491 2440 crastino
3511 2381 3763 2444 intermisso,

563 2479 716 2535 dixit.
744 2479 1000 2535 Omnium
1037 2478 1418 2550 episcOporum
1451 2480 1619 2550 partis
1649 2480 1928 2547 utriusque
1964 2479 2160 2533 claruit
2259 2484 2483 2547 propter
2510 2475 2932 2546 descriptionem
2971 2475 3298 2532 schedarum
3317 2519 3332 2545 ,
3358 2476 3590 2548 perendie
3613 2475 3648 2528 si
3670 2489 3766 2545 pre-

557 2581 612 2628 et
638 2581 785 2628 certa
814 2585 937 2628 esse
977 2570 1230 2627 mandata
1255 2611 1272 2638 ,
1307 2579 1362 2626 et
1390 2570 1578 2626 ﬁrmas
1623 2570 1838 2625 adstare
1869 2585 2154 2640 personas.
2270 2566 2408 2636 cipis
2429 2567 2855 2622 observabimus.
2887 2567 2955 2621 Et
2984 2568 3089 2622 alia
3119 2585 3302 2624 manu.
3329 2567 3622 2639 Recognovi.
3648 2565 3764 2618 Adco-

555 2663 627 2720 Et
652 2665 774 2720 ideo
801 2663 1003 2720 debent
1028 2663 1373 2736 egredientes
1405 2662 1597 2734 reliqui
1640 2663 1719 2719 eis
1743 2663 1856 2734 jam
1893 2672 2155 2734 praestare
2256 2661 2406 2714 datus
2430 2660 2705 2730 episcopus
2727 2660 2878 2715 dixit.
2910 2661 3086 2716 Etiam
3114 2677 3217 2717 nos
3245 2662 3605 2726 consentimus,
3628 2669 3672 2713 ut
3699 2674 3763 2727 pe-

553 2765 852 2825 secretum,
884 2755 1083 2826 quibus
1114 2771 1277 2812 omne
1303 2755 1579 2826 neg0tium
1605 2753 1980 2810 crediderunt.
2257 2753 2487 2809 rendino
2510 2753 2597 2809 die
2618 2753 2888 2824 negotium
2914 2766 3229 2825 peragatur.
3258 2754 3322 2812 Et
3342 2757 3445 2810 alia
3465 2772 3615 2808 manu.
3636 2751 3763 2809 Adeo-

630 2849 759 2904 217.
801 2848 1022 2920 Alypius
1067 2847 1339 2919 cpiscopus
1385 2845 1636 2901 Ecclesia
1685 2846 1958 2902 catholica
1998 2847 2150 2902 dixit.
2255 2845 2412 2900 datus
2439 2847 2728 2916 episcopus
2754 2845 3066 2917 recognovi.

557 2941 832 3013 Scriptum
863 2941 935 2997 sit
958 2951 1175 2997 centum
1207 2941 1395 3012 viginti
1425 2955 1547 2996 esse
1581 2941 1862 3006 absentes,
1895 2956 2031 3012 quos
2061 2949 2154 2996 aut
2324 2937 2453 3022 222.
2487 2937 2821 2993 Marcellinus
2865 2941 2942 2994 vir
2981 2940 3306 2996 clarissimus
3347 2941 3562 2996 tribunus
3598 2948 3635 2994 et
3658 2948 3764 2992 nota-

554 3035 862 3100 inﬁrmitas,
885 3043 974 3090 aut
1005 3044 1160 3102 atas,
1192 3044 1284 3090 aut
1304 3043 1453 3090 certe
1476 3034 1775 3090 necessitas
1803 3033 2056 3090 detinuit.
2081 3032 2150 3087 Et
2253 3032 2362 3086 rius
2389 3032 2538 3086 dixit.
2572 3032 2721 3088 Sicut
2748 3033 2990 3102 partibus
3033 3033 3240 3104 placuit
3260 3077 3275 3101 ,
3308 3036 3568 3104 interjecla
3604 3033 3672 3087 die
3692 3045 3759 3084 nc-

555 3129 663 3183 alia
692 3144 868 3182 manu.
895 3127 1228 3198 Recognovi.
1261 3125 1598 3182 Marcellinus
1618 3127 1694 3181 air
1715 3126 2032 3181 clarissimus
2061 3125 2155 3179 tri-
2181 3132 2228 3197 ο
2257 3125 2460 3196 gotium
2489 3135 2783 3195 repetatur.
2810 3123 2946 3180 Illud
2972 3136 3153 3182 autem
3182 3139 3429 3198 utraeque
3453 3135 3614 3197 partes
3633 3124 3764 3179 obser-

556 3219 724 3276 bunus
753 3229 799 3276 et
841 3221 1075 3275 notarius
1103 3221 1253 3275 dixit.
1295 3220 1568 3288 Scriptum
1598 3220 1702 3274 erit
1727 3218 2018 3274 Petilianus
2049 3219 2155 3290 epi-
2266 3231 2393 3272 vare
2415 3216 2720 3283 debebunt,
2754 3227 2809 3272 ut
2847 3217 3158 3287 designatos
3187 3220 3444 3275 custodes
3465 3216 3764 3286 exceploribus

551 3331 737 3388 scapus
757 3315 909 3370 dixit.
940 3313 1214 3386 Scriptum
1242 3313 1314 3368 sit
1340 3312 1508 3368 multo
1548 3313 1733 3382 plures
1760 3312 2024 3385 [nostros]
2060 3313 2151 3366 ah-
2261 3302 2424 3383 atque
2454 3311 2732 3368 codicibus
2757 3312 2810 3367 in
2829 3311 3203 3369 describendis
3233 3313 3441 3370 schedis
3463 3311 3691 3381 invigilare
3710 3307 3764 3360 fa-

556 3418 739 3466 sentes
777 3424 900 3466 esse
923 3451 938 3476 ,
973 3409 1136 3465 etiam
1181 3407 1482 3464 Catbedras
1510 3407 1755 3462 viduatas
1776 3447 1790 3472 ,
1823 3407 2016 3478 quibus
2042 3407 2156 3478 cpi-
2261 3403 2438 3472 ciant,
2469 3414 2732 3474 quatenus
2761 3403 2992 3460 ﬁdeliter
3013 3405 3193 3460 omnia
3219 3405 3606 3461 conscrihantur
3632 3419 3645 3459 :
3675 3399 3768 3453 alios

557 3501 708 3572 scopi
736 3500 1020 3557 ordinandi
1051 3510 1196 3556 sunt.
1222 3499 1294 3554 Et
1321 3499 1426 3554 alia
1454 3515 1630 3553 manu.
1682 3497 1752 3554 Ut
1775 3512 1957 3568 supra.
2004 3497 2153 3552 Mar-
2267 3513 2483 3569 quoque
2531 3498 2716 3567 binos,
2752 3506 2811 3554 ut
2855 3499 3103 3570 quaterni
3153 3500 3300 3564 sint,
3349 3501 3485 3555 sicut
3521 3495 3762 3566 dispositum

553 3595 769 3650 cellinus
795 3595 873 3649 uir
903 3594 1218 3650 clarissimus
1250 3593 1486 3648 tribunus
1511 3601 1558 3647 et
1585 3593 1816 3647 notarius
1855 3591 2009 3648 dixit.
2042 3591 2153 3648 Hoc
2261 3602 2343 3648 est
2362 3634 2375 3659 ,
2407 3591 2489 3646 his
2514 3592 2607 3660 qui
2632 3607 2806 3662 nuper
2830 3599 3184 3662 exceperunt,
3212 3591 3470 3647 adhibere
3498 3585 3717 3646 custodes.

554 3702 769 3760 quoque
789 3697 936 3757 gesta
962 3686 1293 3743 retinebunt.
1320 3685 1735 3741 Fortunatianus
1759 3685 2030 3755 episcOpus
2052 3682 2155 3738 Ec-
2328 3687 2454 3741 225.
2481 3685 2699 3756 Alypius
2721 3685 2990 3758 episcopus
3017 3683 3272 3740 Ecclesia
3292 3685 3543 3739 catholica
3557 3681 3672 3736 dixit.
3691 3672 3763 3731 Alii

553 3782 726 3838 clesia
753 3780 1020 3835 catholica
1061 3779 1318 3837 Siccensis
1348 3780 1498 3834 dixit.
1536 3779 1671 3847 Quia
1697 3777 1768 3834 de
1795 3777 2030 3834 viduatis
2061 3792 2155 3833 ca-
2256 3779 2366 3836 duo
2398 3787 2698 3850 praesentes
2720 3787 2875 3844 sunt,
2909 3779 3050 3833 sicut
3069 3777 3179 3848 jam
3209 3787 3266 3833 et
3292 3777 3521 3834 ofﬁcium
3545 3767 3766 3845 suggessit.

556 3875 767 3932 thedris
809 3873 949 3930 dixit
995 3874 1374 3929 sanctissimus
1425 3871 1719 3928 Petiliauus
1742 3913 1756 3935 ,
1792 3885 1892 3927 nos
1939 3867 2157 3942 quoque
2256 3873 2309 3928 id
2336 3882 2453 3938 est,
2483 3873 2675 3926 fratres
2711 3872 2881 3926 nostri
2907 3870 3017 3926 Leo
3043 3879 3099 3926 et
3125 3871 3400 3926 Asterius.
3446 3869 3508 3924 Et
3530 3868 3617 3922 alia
3641 3880 3763 3918 manu.

548 3967 838 4040 sexaginta
888 3978 1120 4039 quatuor
1149 3981 1346 4023 vacuas
1391 3964 1597 4020 habere
1627 3963 1712 4017 his
1739 3965 1905 4033 gestis
1943 3961 2156 4016 intima-
2256 3965 2590 4036 Rccognovi.
2636 3963 2940 4018 Primianus
2968 3966 3245 4036 episcopus
3274 3966 3426 4021 dixit.
3463 3965 3632 4019 Damus
3652 3959 3766 4016 etiam

553 4074 694 4114 mus.
729 4058 1066 4113 Marcellinus
1094 4059 1171 4113 uir
1199 4058 1519 4112 clarissimus
1555 4055 1787 4108 tribunus
1815 4062 1866 4108 et
1911 4054 2146 4107 notarius
2258 4075 2357 4116 nos
2384 4058 2644 4116 custodes
2667 4059 2968 4116 tabularum
2991 4067 3244 4130 quatuor,
3279 4060 3425 4114 Duos
3445 4057 3544 4125 jam
3567 4056 3764 4113 dedimuS,

551 4154 702 4208 dixit.
736 4151 911 4206 Etiam
940 4153 1041 4205 hoc
1069 4151 1240 4205 haeret
1269 4148 1500 4219 publicis
1529 4146 1896 4202 monumentis
1924 4144 2015 4217 [Et
2053 4146 2146 4200 ad-
2256 4151 2395 4208 duos
2426 4165 2569 4206 nunc
2595 4151 2953 4222 subi-agamus
2977 4192 2992 4217 ,
3028 4150 3082 4204 id
3107 4159 3226 4216 est,
3258 4151 3587 4207 Vergilianum
3614 4155 3656 4202 et
3677 4143 3765 4198 Vit,-

553 4247 695 4312 iccit.
729 4245 1065 4300 Remaneant
1094 4243 1375 4313 utriusque
1405 4243 1574 4312 partis
1599 4241 1839 4312 episcopi
1870 4242 1960 4312 qui
1984 4240 2143 4297 electi
2256 4256 2454 4312 torem,
2488 4231 2784 4318 praesentes
2803 4247 3038 4317 collegas
3066 4255 3310 4303 nostros.
3341 4246 3407 4301 Et
3426 4247 3523 4301 alia
3543 4259 3680 4297 manu.
3700 4238 3767 4291 l’e~

547 4334 696 4408 sum]
717 4347 772 4392 et
801 4336 888 4394 alii
915 4345 1129 4391 exeam.
1165 4334 1370 4404 Quibus
1399 4335 1669 4405 egressis:
2255 4342 2477 4399 tilianus
2505 4343 2794 4414 episcopus
2838 4343 3153 4413 recognovi.
3187 4341 3522 4398 Marcellinus
3548 4340 3612 4394 uir
3640 4333 3767 4390 clarit-

617 4426 746 4484 218.
782 4427 1117 4484 Marcellinus
1145 4427 1221 4483 vir
1247 4426 1564 4482 clarissimus
1585 4425 1817 4481 tribunus
1846 4436 1894 4482 et
1917 4429 2148 4484 notarius
2257 4434 2419 4492 simus
2463 4434 2697 4489 tribunus
2747 4444 2794 4489 et
2825 4434 3060 4488 notarius
3088 4434 3243 4488 dixit.
3279 4433 3457 4488 Etiam
3500 4430 3602 4486 istis
3631 4426 3766 4480 adver-

551 4586 842 4665 subscribit
897 4585 1209 4665 Sqltinianus
1249 4586 1519 4665 episcopus
1576 4585 1735 4656 plebis
1800 4585 2138 4665 Gummenar-
2167 4591 2216 4650 D
2316 4592 2472 4665 (450)
2504 4590 2753 4665 Seuerus,
2791 4591 3092 4665 Episcopus
3121 4592 3464 4649 Milevitanus
3492 4586 3759 4665 catholicus.

549 4671 738 4735 tantm.
788 4659 1096 4735 Synodica;_
1114 4651 1331 4735 Patrum
1369 4651 1789 4735 _Byzace_uo_rnm_
1809 4659 1862 4712 in
1903 4658 2138 4735 concilio
2245 4651 2505 4734 ad‘quein
2533 4662 2819 4735 Augustini
2843 4651 3070 4735 cpistola
3114 4665 3206 4732 75,
3241 4674 3300 4722 et
3337 4666 3488 4734 cujus
3514 4656 3694 4732 epistola
3719 4651 3765 4707 id

548 4727 895 4806 Laterane‘tjsi
922 4729 1025 4785 sub
1050 4729 1279 4806 Martino
1297 4727 1624 4806 subscripsit
1641 4728 1935 4800 Stephanus
1963 4727 2134 4806 Epist.
2245 4727 2603 4806 Augustinum
2622 4727 2719 4790 'est
2745 4734 2833 4790 69.

547 4801 764 4876 ciuitatis
794 4799 1108 4876 Gummasis.
1128 4801 1350 4876 Saecula
1375 4801 1684 4876 undecimo,
1734 4799 1976 4876 tempore
2007 4799 2143 4876 Leo-
2315 4799 2470 4874 (351)
2500 4805 2810 4876 Delphinus.
2845 4806 3143 4876 Episcopus
3173 4805 3472 4872 Numidia,
3499 4815 3551 4860 ut
3587 4808 3700 4874 patet
3717 4811 3761 4851 ct

550 4878 634 4930 nis
675 4874 744 4928 IX
773 4870 1193 4949 cutnEcclesim
1232 4872 1500 4928 Africana:
1538 4871 1780 4942 episcopi
1822 4871 1893 4928 ob
1939 4871 2138 4927 Barba-
2244 4870 2419 4948 capite
2440 4870 2532 4943 65,
2563 4870 2617 4932 ei.
2646 4893 2713 4933 ex
2745 4870 2968 4946 cpistola
2999 4870 3098 4933 158
3128 4876 3186 4934 S.
3222 4870 3526 4949 Augustini.

1316 4950 1928 5042 ﬁt“2'_':msj{?fﬁef:°jﬁf
1951 4958 2138 5042 ζηυξξξξδ
2309 4943 2470 5042 (452)
2497 4969 2538 5024 Α
2565 4943 2878 5024 Turbunice.
2909 4969 3210 5024 Provinciae
3238 4943 3640 5038 proconsularis.
3672 4961 3763 5016 Nam

550 5029 619 5070 ex
646 5013 714 5068 iis
737 5022 871 5084 erat,
894 5013 1284 5082 Gumm’itanus,
1315 5015 1405 5084 qui
1453 5014 1697 5084 primatis
1727 5028 1922 5084 nomen
1954 5023 2017 5084 et
2041 5015 2139 5068 ho-

550 5099 740 5212 tam
770 5083 1073 5151 διηδίθδτλιν
1105 5094 1163 5140 υι
1205 5083 1354 5156 Pam
1392 5099 1459 5140 ει
1499 5083 1693 5139 Leuis
1722 5083 1794 5138 1X
1829 5083 2074 5154 ενίειοιίε
2102 5085 2136 5140 δ
2239 5083 3764 5182 ἱῖιίἔηέΐέυῖ)ᾜΞῖίί63³ἔιῖδέἔὲίίἰὶὶνὸἐὲὲὶἔέ’Ξὲἑιὶεἷοεί

666 5193 682 5209 ⁸
2243 5185 2507 5212 λκὲηιυ-υη
2541 5191 2727 5212 unum
2765 5181 3008 5212 Ibunt...
3038 5182 3422 5212 'r:t........--,__-;.

621 5181 776 5297 ἶίιθ)
810 5221 1060 5297 Υαςειξξὶ·
1089 5221 1145 5277 ιη
1174 5223 1406 5297 consilio
1445 5223 1850 5297 Cartliasinensi
1901 5226 2002 5280 sub
2031 5225 2135 5297 Cy-
2239 5181 3528 5297 epi‘ffff“.i‘i'ffff'i'?“’ffl‘f’fff‘fiiff‘if‘i:--.

550 5275 747 5370 ι)τίἑῷ
758 5275 944 5370 idfuit
960 5275 2130 5370 bene;"vanidicusciensciens
2310 5275 2822 5370 lliilj‘fi’ifi‘fi'ﬁ
2854 5275 3289 5370 ,ἐέἒίνὲτξέῗξῗζῗζη
3331 5275 3534 5332 εεί¹ί⁰θ¹
3571 5275 3761 5326 '”‘"°""'

549 5347 846 5425 satiari.
864 5347 1382 5421 tantialteram“.
1402 5347 1688 5435 vagantis:
1725 5347 2136 5424 miliaa'tIa

2244 5347 2291 5402 in
2318 5348 2512 5402 ﬁnibus
2534 5348 2824 5416 provincia
2853 5347 3278 5416 proconsularis.

551 5439 758 5511 Plinius
777 5437 1084 5511 _duplicem_
1105 5435 1303 5510 Vagam
1329 5428 1628 5511 agnoscunt
1651 5477 1666 5511 ,
1686 5451 1869 5511 Δμηαηι
1900 5441 1952 5493 in
1985 5442 2134 5496 Mau—
2309 5435 2465 5511 (454)
2497 5435 2760 5511 ﬂaventi,
2787 5451 2902 5511 seu
2943 5437 3197 5511 Nabensi.
3241 5438 3454 5510 Duplex
3490 5428 3703 5490 Nabeus's
3725 5428 3760 5478 in

550 5510 742 5580 ritania
766 5505 1385 5580 Caesariensi,al'teram'
1415 5509 1465 5562 in
1490 5505 1776 5580 (Numidia.
1826 5509 2134 5580 Ampelium
2239 5505 2554 5580 Mauritania
2598 5508 2955 5580 Caesariensi,
2993 5519 3053 5565 ut
3087 5509 3245 5567 docet
3297 5505 3455 5566 nolit.
3497 5520 3620 5562 unus
3652 5512 3758 5555 num.

551 5579 711 5652 hujus
750 5579 1087 5652 episcopum~
1117 5579 1282 5635 fuisse
1321 5579 1664 5652 crediderint.
1720 5579 1786 5652 Et
1824 5578 2138 5652 duo'gerant
2240 5582 2328 5647 19,
2352 5579 2672 5652 alternum.
2703 5578 2794 5652 95.

551 5648 1159 5731 gpiscopiJHIjUSﬁl‘bis
1178 5695 1193 5719 ,
1229 5667 1350 5731 cum
1381 5651 1656 5722 Ampelius
1677 5650 1910 5721 primum
1957 5650 2136 5708 Dona-
2315 5649 2468 5722 (455)
2497 5649 2768 5721 Sitipensi.
2798 5650 2964 5722 Cujus
2989 5653 3283 5725 provincia:
3303 5652 3408 5721 sit,
3439 5651 3686 5706 incertum.

557 5719 678 5785 tista
700 5719 768 5779 ad
797 5719 1090 5778 Ecclesiam
1114 5723 1453 5781 accessisset.

2244 5033 2528 5112 Synodicaa
2563 5040 2782 5112 Patrum
2820 5041 2978 5110 hujus
3011 5033 3305 5112 provinciae
3335 5042 3387 5096 in
3413 5033 3760 5112 concilioALalne-I
