3972 6328
222 272 364 331 1555

1181 269 1414 329 GESTA
1453 264 1905 327 COLLATIONIS
1942 263 2565 326 CARTHAGINENSIS.

3384 273 3523 334 1554

215 389 485 453 santibus,
511 385 562 444 id
590 387 731 472 quod
759 392 943 458 postea
966 396 1250 458 exceptum
1282 397 1364 443 est
1381 430 1395 452 ,
1424 385 1649 459 signatis
1673 401 1815 441 nunc
1843 402 1896 463 Α
1921 384 2286 452 venientibus,
2312 387 2463 441 locus
2487 381 2804 441 eonsidendi
2836 398 2956 442 esse
2977 401 3086 444 non
3110 395 3342 460 poterat.
3363 395 3518 453 Unde

218 481 416 538 tabulis
445 479 684 537 crastino
709 479 1067 536 describatur.
1107 479 1170 534 Et
1195 480 1303 534 alia
1331 498 1506 534 manu.
1539 480 1804 534 Edantur.

215 573 352 628 Item
379 573 486 628 alia
506 589 686 628 manu.
730 571 946 629 Hilarus
974 581 1030 628 et
1058 573 1316 628 Martialis
1343 583 1664 644 exceptores
1695 573 1812 629 edi-

212 666 419 724 dimus.

480 757 786 832 Expliciunt
812 758 966 817 Gesta
996 759 1178 834 prima?
1204 760 1532 833 cognitionis.

377 920 540 993 290
586 917 929 976 INCIPIUNT
987 919 1211 976 GESTA
1283 919 1627 977 SECUND/E

775 1011 1228 1069 COGNITIONIS.

280 1128 496 1185 Flavius
522 1127 855 1184 Marcellinus
877 1128 955 1182 vir
976 1127 1293 1182 clarissimus
1328 1137 1374 1182 et
1396 1127 1692 1197 spectabilis
1716 1129 1810 1181 tri-

199 1224 372 1280 bunus
395 1235 438 1279 et
463 1224 690 1279 notarius
715 1221 864 1276 dixit.
889 1220 1141 1279 Omnium
1166 1221 1493 1275 conscientia
1517 1222 1804 1286 retinetur,

198 1315 257 1371 id
290 1331 377 1370 me
406 1313 606 1369 dudum
628 1313 808 1370 edicto
849 1312 1127 1384 preposito
1159 1312 1327 1367 fuisse
1370 1312 1674 1382 pollicitum
1700 1354 1716 1379 ,
1750 1324 1804 1367 ut

200 1405 468 1478 quidquid
507 1406 649 1462 inter
679 1405 961 1476 utriusqtte
993 1404 1162 1475 partis
1190 1405 1480 1475 episi‘Opos
1512 1414 1764 1474 ageretur
1785 1447 1800 1472 ,

198 1500 436 1557 subinde
480 1500 535 1555 in
582 1498 849 1570 publicam
880 1498 1127 1553 notitiam
1159 1497 1490 1568 perveniret.
1537 1496 1693 1554 Unde
1740 1514 1801 1553 ea

197 1615 326 1671 qua:
356 1598 570 1653 interim
608 1607 758 1670 gesta
803 1603 961 1661 sunt,
1011 1594 1282 1649 sanctitati
1313 1573 1508 1649 vestra:
1539 1593 1802 1648 demons-

197 1703 352 1750 trare
376 1693 590 1757 curavi,
620 1699 890 1762 quatenus
917 1686 1085 1742 habiti
1110 1696 1313 1756 partem
1336 1686 1617 1740 conﬂictus
1639 1684 1801 1740 etiam

196 1787 379 1844 oculis
401 1784 676 1856 judicetis.
711 1782 775 1837 Et
802 1783 908 1836 alia
937 1796 1113 1835 manu.
1140 1779 1508 1849 Proponatur.

276 1886 329 1940 Ι.
367 1881 491 1937 Post
541 1880 865 1935 consulatum
920 1875 1144 1930 Varanis
1191 1873 1287 1926 viri
1335 1871 1613 1926 clarissimi
1659 1870 1807 1926 tertia

198 1992 368 2032 nonas
396 1973 586 2029 Iunias
617 1974 669 2027 in
701 1969 971 2027 secretario
1005 1965 1347 2020 Thermarum
1377 1961 1806 2035 Gargilianarum

193 2063 529 2139 Carthagini,
563 2058 882 2117 adstantibus
912 2055 1239 2112 Sebastiano.
1273 2052 1593 2107 Maximiano
1624 2060 1670 2104 et
1705 2048 1807 2102 Pe-

197 2167 282 2212 tro
301 2199 316 2225 ,
346 2157 468 2211 uiris
506 2151 843 2208 deuatissimis
877 2145 1241 2217 protectoribus
1269 2143 1560 2198 domesticis
1584 2185 1596 2208 ,
1636 2140 1769 2197 Ursa
1791 2183 1804 2207 ,

199 2251 452 2308 Petronio
479 2258 524 2304 et
551 2247 736 2302 Liboso
757 2242 1070 2305 ducenariis,
1097 2239 1186 2295 sed
1208 2248 1257 2294 et
1286 2237 1566 2306 Bouifacio
1594 2246 1642 2291 et
1674 2235 1808 2289 Eva-

197 2348 282 2403 sio
312 2341 690 2418 apparitoribus
726 2336 1010 2392 illustrium
1038 2342 1187 2403 atque
1213 2331 1545 2385 eminentium
1573 2336 1803 2399 potesta-

202 2430 337 2506 tum,
356 2435 526 2492 Fileto
547 2434 844 2505 apparitore
869 2430 1088 2485 illustris
1110 2427 1362 2502 comitiva:
1383 2425 1540 2490 sedis,
1571 2424 1806 2479 Exitioso

202 2535 443 2609 adjutore
472 2526 852 2594 Cornicularii,
883 2523 1149 2590 Possidio,
1186 2521 1544 2591 Quodvultdea
1572 2530 1616 2575 et
1649 2519 1808 2574 Colo-

201 2629 341 2694 nico,
369 2624 691 2701 adjutoribus
716 2620 1199 2678 commentariorum
1225 2617 1376 2689 ofﬁcii
1403 2615 1616 2671 Domini
1642 2616 1804 2670 nostri

200 2725 302 2780 viri
330 2721 605 2778 clarissimi
645 2728 694 2775 et
739 2715 1028 2789 spectabilis
1060 2711 1381 2784 proconsulis
1402 2752 1415 2776 ,
1458 2708 1681 2781 Navigio
1709 2708 1805 2763 ad-

191 2819 376 2890 jutore
397 2827 723 2869 numerorum
755 2807 963 2862 Domini
987 2805 1148 2860 nostri
1175 2804 1268 2856 viri
1291 2801 1562 2857 clarissimi
1583 2811 1631 2856 et
1653 2817 1772 2874 spec
1788 2831 1800 2842 -

200 2910 373 2965 tabilis
401 2907 580 2963 vicarii
603 2948 618 2972 ,
657 2903 885 2974 Nampia
927 2901 1098 2955 scriba
1125 2898 1275 2969 aﬂicii
1301 2897 1399 2951 viri
1425 2896 1698 2950 clarissimi
1727 2895 1799 2950 le-

198 3004 309 3077 gati
336 3003 491 3058 almx
511 2997 859 3066 Carthaginis,
883 2993 1170 3065 Ruﬁniano
1199 2989 1368 3045 scriba
1397 2988 1495 3042 viri
1525 2988 1805 3043 clarissimi

198 3095 459 3152 curatoris
481 3094 631 3149 celsa:
653 3087 1004 3160 Carthaginis,
1030 3081 1405 3154 accipientibus
1431 3082 1586 3137 etiam
1613 3079 1800 3136 Hilaro

194 3199 246 3248 et
271 3189 589 3245 Praetextato
611 3183 964 3258 exceptoribus
994 3177 1204 3233 Domini
1229 3176 1389 3230 nostri
1411 3175 1505 3229 uiri
1527 3170 1800 3228 clarissimi
1825 3165 1874 3263 Ci

196 3293 244 3339 et
292 3279 583 3354 spectabilis
637 3275 996 3351 proconsulis,
1046 3270 1214 3326 Fabio
1268 3277 1537 3337 exceptare
1586 3264 1798 3320 Domini

193 3377 361 3434 nostri
386 3376 482 3430 viri
513 3371 786 3429 clarissimi
829 3379 876 3424 et
907 3365 1202 3436 spectabilis
1232 3363 1412 3418 vicarii
1435 3404 1448 3426 ,
1484 3371 1531 3417 et
1573 3359 1797 3415 Romulo

193 3481 464 3545 exceptare
489 3469 587 3525 viri
617 3465 891 3523 clarissimi
913 3463 1068 3536 legati
1095 3461 1246 3516 almae
1269 3457 1601 3532 Carthaginis
1621 3497 1634 3520 ,
1660 3455 1799 3510 exci-

192 3564 454 3638 pientibus
483 3577 684 3635 quoque
709 3558 966 3615 Januario
1013 3565 1060 3611 et
1101 3553 1269 3608 Vitale
1298 3551 1511 3606 notariis
1556 3547 1798 3603 Ecclesia:

193 3659 486 3726 catholicae,
515 3656 724 3711 Victore
744 3663 788 3709 et
813 3651 1082 3708 Crescanio
1106 3647 1320 3703 notariis
1350 3645 1591 3700 Ecclesia:
1620 3642 1795 3696 Dana-

193 3746 467 3820 tistaruni,
521 3748 740 3804 Libosus
793 3743 1103 3800 ducenarius
1149 3739 1429 3794 illustrium
1479 3743 1790 3806 potestatum

192 3848 326 3903 dixit
354 3863 373 3902 :
402 3842 667 3914 Quoniam
699 3843 753 3896 in
786 3839 1108 3895 hodiernum
1135 3834 1280 3891 diem
1309 3829 1791 3902 comperendinata

189 3937 442 4011 Cognitio
490 3943 609 4002 est,
659 3943 717 3991 et
754 3939 1054 4004 praesentes
1108 3937 1232 3983 sunt
1279 3924 1562 3995 utriusque
1622 3921 1792 3992 partis

190 4030 472 4102 episcopi,
496 4029 539 4085 si
564 4025 718 4099 jubet
743 4023 1045 4082 sublimitas
1079 4031 1189 4086 tua,
1232 4018 1682 4076 iutromittentur.

262 4123 319 4177 2.
353 4120 570 4176 Flavius
611 4116 954 4176 Marcellinus
999 4117 1076 4170 vir
1122 4114 1443 4168 clarissimus
1486 4109 1717 4164 tribunus
1743 4115 1790 4161 et

185 4214 602 4290 notarius‘dixit.
639 4211 889 4267 Veniant.
923 4208 987 4263 Et
1017 4207 1262 4280 ingressis
1290 4203 1525 4272 Aurelia,
1560 4201 1749 4274 Alypio
1772 4241 1786 4267 ,

185 4310 498 4383 Augustino,
538 4306 826 4369 Vincentio,
861 4302 1168 4368 Fortunato,
1203 4298 1616 4361 Fortunatiano,
1651 4293 1788 4348 Pos-

183 4408 324 4463 sidio
351 4448 366 4474 ,
401 4404 607 4461 Nouato
626 4445 640 4469 ,
675 4401 944 4456 Florentia
971 4441 985 4465 ,
1018 4396 1311 4451 Maurentio
1336 4435 1352 4461 ,
1382 4386 1566 4446 Prisco
1589 4431 1604 4456 ,
1635 4388 1790 4444 Sere-

185 4505 366 4565 niano,
395 4499 689 4572 Banifacia,
718 4497 990 4561 Scillacio,
1022 4493 1292 4559 Deuterio,
1326 4489 1516 4552 Leone,
1545 4485 1745 4541 Asteria
1767 4524 1783 4550 ,

1923 481 2044 547 quia
2079 496 2220 536 nunc
2251 480 2503 536 delinitas
2545 481 2704 537 video
2744 485 3062 540 convenisse
3093 502 3389 558 personas,
3423 491 3517 546 de-

1921 585 2116 640 precor
2155 583 2211 627 ut
2241 575 2326 630 vel
2357 590 2498 631 nunc
2528 575 2717 631 sedere
2740 575 3052 648 dignemini.

1990 666 2044 720 4.
2077 665 2367 724 Petilianus
2396 672 2666 742 episcOpus
2697 672 2848 727 dixit.
2899 673 3146 730 Putribus
3189 680 3388 734 nostris
3419 680 3514 736 ab-

1917 761 2160 817 sentibus
2187 777 2290 817 non
2317 764 2589 834 sedemus,
2622 768 2860 822 maxime
2886 782 3008 824 cum
3035 770 3153 842 lege
3182 773 3362 829 divina
3391 790 3515 830 con-

1917 869 2101 910 sessus
2140 855 2517 925 prohibeatur;
2565 875 2634 916 ne
2676 877 2798 917 eum
2831 863 3138 934 bujusmodi
3188 868 3512 926 adversariis

1917 950 2121 1003 nostris
2161 951 2447 1006 considere
2475 953 2722 1009 velimus.
2767 955 2835 1010 Et
2874 958 2979 1011 alia
3008 976 3183 1014 manu.
3216 963 3514 1019 Pctilianus

1915 1040 2202 1110 episc0ptts
2223 1046 2534 1113 recognovi.
3235 1030 3241 1036 ’

1987 1133 2042 1188 5.
2081 1132 2419 1190 Marcellinus
2459 1137 2534 1191 vir
2570 1139 2887 1196 clarissimus
2915 1144 3147 1200 tribunus
3194 1157 3238 1201 et
3283 1152 3512 1203 notarius

1912 1225 2064 1279 dixit.
2096 1228 2150 1282 Si
2179 1228 2496 1298 petitionem
2521 1247 2694 1287 meam
2723 1235 2977 1290 sanctitas
3002 1250 3178 1292 vestra
3204 1240 3389 1295 audire
3419 1260 3515 1298 ne-

1911 1317 2080 1388 glexit
2103 1361 2118 1386 ,
2150 1331 2211 1374 ut
2231 1322 2516 1378 considere
2543 1323 2876 1395 dignaretur,
2912 1328 3011 1381 hoc
3045 1331 3177 1384 ntihi
3202 1336 3508 1403 extorqueri

1915 1424 2022 1464 non
2062 1415 2296 1481 poterit,
2337 1415 2627 1484 quominus
2673 1418 2868 1473 stando
2908 1435 3252 1491 cognoscam.
3287 1423 3514 1496 Cumque

1913 1505 2142 1577 episcOpi
2188 1509 2432 1561 catholici
2471 1512 2848 1578 surrexissent,
2901 1525 3052 1582 atque
3095 1533 3264 1571 sessus
3311 1521 3511 1592 judicis

1909 1597 2229 1666 auferretur,
2260 1599 2492 1670 ejusdem
2510 1603 2709 1674 judicis
2727 1606 2984 1675 jussione,
3014 1618 3060 1661 et
3090 1607 3160 1662 ο.
3195 1609 3270 1663 Ν.
3303 1612 3382 1664 vir
3403 1614 3512 1667 cla—

1907 1689 2142 1743 rissimus
2173 1700 2220 1744 et
2248 1693 2543 1762 spectabilis
2574 1693 2910 1751 Marcellinus
2938 1699 3172 1754 tribunus
3193 1714 3242 1756 et
3279 1705 3511 1760 notarius

1837 1807 1885 1868 B
1910 1781 2146 1836 stetisset.

1985 1874 2038 1930 6.
2073 1873 2365 1932 Petilianus
2394 1878 2664 1950 episcopus
2688 1879 2840 1936 dixit.
2866 1881 3138 1953 Scriptum
3165 1887 3258 1952 sit,
3288 1885 3390 1943 hoc
3407 1896 3511 1945 tua:

1913 1967 2203 2022 voluntatis
2249 1983 2372 2024 esse
2395 2012 2410 2036 ,
2443 1985 2550 2026 non
2583 1982 2808 2028 nostrte.
2841 1973 2908 2027 Et
2937 1976 3044 2030 alia
3072 1994 3247 2032 manu.
3285 1979 3509 2036 Petilia-

1911 2077 2013 2117 nus
2043 2063 2331 2134 episcopus
2360 2069 2667 2134 recognovi.

1983 2153 2039 2208 7.
2073 2153 2408 2210 Marcellinus
2446 2157 2523 2211 vir
2563 2159 2880 2214 clarissimus
2923 2161 3156 2217 tribunus
3191 2174 3238 2218 et
3277 2167 3508 2222 notarius

1909 2244 2061 2299 dixit.
2109 2246 2273 2302 Decet
2321 2264 2409 2303 me
2447 2250 2600 2307 vobis
2643 2253 2911 2307 stantibus
2958 2255 3157 2310 habere
3201 2256 3508 2328 hujusmodi

1910 2337 2244 2393 voluntatem
2272 2380 2287 2406 ,
2319 2354 2440 2410 qua:
2477 2341 2542 2394 ad
2577 2345 2937 2400 reverentiam
2975 2357 3242 2403 tantorum
3275 2352 3512 2421 pertinet

1908 2429 2273 2485 sacerdotum.
2322 2430 2614 2487 Petilianus
2663 2437 2936 2506 episcopus
2987 2438 3137 2492 dixit.
3195 2441 3509 2500 llonorilice

1907 2520 2124 2577 feceris.
2182 2522 2251 2577 Et
2294 2526 2400 2578 alia
2429 2542 2606 2580 manu.
2665 2527 2959 2586 Petiliauus
3007 2533 3296 2604 epise0pus
3353 2554 3509 2595 reco-

1906 2614 2086 2684 gnovL

1977 2705 2032 2764 8.
2067 2706 2330 2764 Martialis
2383 2720 2620 2781 exceptor
2673 2713 2822 2767 dixit.
2876 2713 3188 2786 Cuiusmodi
3238 2722 3506 2777 notoriam

1905 2801 2149 2874 episcopi
2176 2804 2435 2861 hesterno
2475 2807 2743 2862 nobilitati
2775 2819 2878 2863 tuae
2909 2810 3235 2882 obtulerint,
3278 2817 3415 2870 hanc
3449 2818 3502 2873 in

1907 2898 2155 2953 manibus
2186 2899 2451 2954 habemus
2496 2917 2508 2953 :
2539 2901 2582 2954 si
2619 2901 2864 2972 prxcipit
2909 2905 3164 2959 nobilitas
3198 2915 3284 2962 tua
3315 2951 3328 2973 ,
3360 2911 3504 2964 reci-

1907 2998 2100 3046 tamus.

1976 3083 2032 3140 9.
2085 3083 2422 3141 Marcellinus
2452 3087 2529 3140 vir
2567 3088 2882 3145 clarissimus
2923 3092 3158 3148 tribunus
3188 3105 3238 3150 et
3273 3091 3506 3155 notarius

1905 3178 2058 3233 dixit.
2092 3179 2170 3234 Ne
2200 3179 2327 3247 quid
2371 3181 2606 3237 celatum
2654 3185 2791 3252 parti
2837 3184 2992 3241 alteri
3044 3189 3322 3258 videatur,
3365 3197 3506 3249 rcci-

1908 3280 2072 3327 lCllH‘.

1978 3363 2066 3418 ‘10.
2103 3362 2394 3419 Petilianus
2424 3366 2695 3436 episcOpus
2722 3367 2871 3422 dixit.
2905 3367 3206 3442 Episcopus
3235 3387 3332 3430 nos
3362 3379 3495 3433 veri-

1903 3456 2028 3513 tatis
2065 3457 2265 3514 Christi
2323 3460 2532 3514 Domini
2590 3462 2796 3526 nostri,
2831 3473 2884 3517 et
2930 3463 3194 3537 dicimus,
3251 3480 3306 3525 et
3358 3491 3500 3544 szrpe

1900 3549 2037 3602 actis
2091 3549 2321 3619 publicis
2367 3551 2568 3605 dictum
2613 3559 2715 3606 est.
2767 3553 3032 3610 Donatum
3081 3569 3262 3616 autem
3297 3576 3499 3621 sanctae

1899 3644 2210 3712 mentorizc,
2273 3645 2598 3717 tnartyrialis
2646 3645 2833 3716 gloriae
2877 3650 3051 3705 virum
3105 3669 3495 3724 praecesserant

1899 3735 2112 3792 scilicet
2136 3745 2402 3804 nostrum,
2452 3749 2830 3794 ornamentum
2868 3742 3121 3799 Ecclesia:
3167 3747 3324 3804 istius
3368 3752 3498 3808 trivi-

1899 3830 2052 3895 tatis,
2083 3830 2202 3885 loco
2231 3845 2328 3885 suo
2361 3830 2660 3902 meritoque
2683 3846 3023 3892 venerantur.
3075 3836 3143 3892 Et
3170 3842 3276 3896 alia
3317 3860 3489 3902 manu.

1895 3921 2196 3978 Petilianus
2223 3922 2510 3992 episc0pus
2536 3926 2848 3996 recognovi.

1966 4018 2056 4073 11.
2108 4016 2381 4072 Possidius
2419 4017 2687 4090 episcopus
2720 4018 2968 4075 Ecclesia:
3019 4023 3286 4082 catholica:
3339 4032 3492 4086 dixit.

1898 4111 2202 4182 Episcopos
2228 4111 2474 4167 veritatis
2508 4111 2738 4181 probare
2783 4127 2920 4181 opus
2963 4127 3079 4182 est,
3119 4133 3225 4174 non
3260 4121 3489 4191 jactare.

1894 4201 1964 4257 Et
1991 4202 2098 4256 alia
2122 4219 2299 4257 manu.
2334 4202 2658 4273 Recognovi.

1969 4297 2056 4351 12.
2090 4293 2428 4350 Marcellinus
2449 4295 2525 4349 vir
2547 4295 2867 4352 clarissimus
2889 4298 3122 4355 tribunus
3165 4313 3213 4358 et
3261 4311 3492 4366 notarius

1894 4387 2047 4442 dixit.
2080 4387 2444 4458 Utrarumque
2479 4389 2708 4457 partium
2738 4395 3148 4459 prosecutiones
3175 4411 3329 4468 gesta
3359 4409 3456 4459 reti
3475 4435 3490 4444 -

1893 4481 2120 4535 nebunt.
2154 4478 2223 4533 Et
2255 4480 2467 4550 adjecit.
2503 4480 2659 4546 Quod
2699 4495 3028 4554 prmceptum
3059 4498 3172 4555 est,
3206 4493 3490 4554 recitatur,

180 4608 230 4653 et
257 4596 513 4652 Restituto
536 4571 554 4660 ν,
583 4592 836 4664 episcapis
888 4588 1133 4645 Ecclesia
1175 4583 1486 4650 catholicae;
1536 4580 1789 4653 ingressis
1813 4604 1863 4663 Ι)
1896 4571 2158 4664 Martialis
2187 4581 2426 4664 exceptar
2453 4571 2703 4626 recitavit.
2730 4573 2860 4629 Post
2891 4579 3228 4638 consulatum
3263 4585 3490 4646 Varanis

181 4690 342 4746 etiam
378 4703 444 4743 ex
475 4688 578 4742 alio
605 4687 790 4753 latere,
829 4683 1127 4747 Primiano,
1165 4677 1426 4734 Petiliano
1454 4717 1469 4741 ,
1505 4672 1736 4729 Emerita
1765 4713 1779 4740 ,

183 4782 462 4849 Protasia,
503 4779 782 4844 Montano,
817 4776 1144 4840 Gaudentio,
1182 4771 1482 4836 Adeodato,
1529 4765 1782 4841 episcOpis

180 4877 346 4949 partis
372 4874 596 4942 Donati,
633 4869 968 4926 Marcellinus
995 4868 1072 4922 vir
1115 4866 1432 4922 clarissimus
1474 4861 1706 4917 tribunus
1737 4869 1784 4914 et

178 4973 418 5027 notarius
445 4969 574 5023 dixit
605 4985 626 5022 :

251 5063 307 5117 5.
344 5060 412 5116 Et
430 5060 712 5130 superiore
744 5055 948 5128 judicio
978 5069 1124 5124 saepe
1167 5068 1254 5108 me
1285 5050 1550 5106 obtulisse
1578 5047 1777 5103 certis-

177 5154 381 5211 simum
421 5161 540 5220 est,
585 5161 640 5208 et
671 5166 812 5206 nunc
837 5149 1103 5219 deprecor
1128 5157 1188 5202 ut
1216 5145 1411 5203 sedere
1451 5139 1774 5211 dignemini.

175 5241 408 5319 Cumque
457 5246 704 5302 catholici
749 5243 976 5315 episcapi
1034 5241 1410 5304 consedissent,
1484 5234 1779 5290 Petilianus

173 5345 452 5417 episcopus
478 5343 628 5398 dixit.
660 5340 810 5410 Quod
840 5339 1019 5410 priore
1041 5335 1248 5419 judicio
1280 5333 1477 5388 factum
1513 5345 1621 5385 non
1653 5337 1776 5395 est,

170 5436 360 5493 facere
382 5451 488 5492 non
521 5434 807 5490 audemus.
855 5431 921 5486 Et
971 5431 1079 5484 alia
1105 5444 1284 5484 manu.
1329 5425 1626 5482 Petilianus
1662 5422 1779 5492 epi-

171 5547 377 5604 scopus
403 5529 712 5602 recognovi.
732 5525 1072 5582 Marcellinus
1098 5526 1173 5580 vir
1192 5523 1508 5578 clarissimus
1539 5520 1776 5574 tribunus

168 5635 223 5683 et
257 5625 491 5682 notarius
512 5623 666 5678 dixit.
690 5620 843 5678 Licet
869 5629 923 5675 et
952 5619 1230 5689 superiore
1273 5615 1478 5687 judicio
1506 5630 1592 5670 me
1616 5613 1777 5667 obtu-

169 5720 314 5776 lisse
341 5716 682 5773 meminerim
705 5755 721 5781 ,
752 5721 931 5769 tamen
981 5711 1070 5767 illa
1107 5711 1340 5766 arbitror
1389 5717 1514 5764 tunc
1552 5704 1777 5760 minime

167 5813 381 5874 factum
411 5826 533 5869 esse
575 5809 782 5865 ratione
803 5850 817 5876 ,
844 5806 973 5878 quia
1009 5803 1195 5861 multis
1237 5799 1609 5861 saeerdodbus
1643 5812 1776 5855 eon-

565 5907 838 5968 I’srnOL.
915 5901 1028 5964 XI.

1890 4664 1993 4719 viri
2018 4663 2306 4719 clarissimi
2335 4670 2529 4734 quarto
2555 4679 2727 4718 nonas
2747 4664 2916 4733 Junii,
2953 4667 3138 4726 Flavio
3166 4675 3486 4739 Marcellino

1896 4759 2016 4813 viro
2044 4757 2348 4813 clarissimo
2375 4765 2429 4812 et
2447 4757 2732 4826 spectabili
2767 4759 2985 4816 tribuno
3010 4773 3066 4819 et
3099 4773 3337 4841 natat-io,
3372 4775 3487 4833 pri-

1891 4852 2124 4914 miauus,
2152 4849 2472 4914 Petilianus,
2508 4848 2784 4906 Etneritus
2803 4894 2817 4919 ,
2850 4853 3148 4926 Protasius,
3175 4861 3480 4940 Montanus,

1890 4946 2256 5007 Gaudentius,
2295 4943 2645 5012 Adeodatus,
2688 4946 2930 5018 episcOpi
2959 4959 3012 5003 et
3036 4949 3353 5015 defensores
3386 4965 3488 5022 Ec-

1893 5042 2076 5098 clesiat
2099 5040 2364 5106 veritatis,
2391 5054 2486 5109 per
2517 5040 2782 5095 notarium
2816 5041 2932 5098 haec
2962 5043 3152 5103 dicunt
3181 5067 3194 5104 :
3222 5053 3484 5117 Hesterna

1884 5136 1974 5193 die
2002 5135 2111 5192 kal.
2145 5133 2289 5190 Junii
2324 5135 2464 5189 inter
2495 5149 2594 5191 nos
2623 5144 2679 5190 et
2705 5134 3052 5197 adversarios
3083 5156 3300 5206 nostros
3328 5169 3484 5222 spec-

1887 5227 2130 5285 tabilitas
2161 5237 2252 5282 tua
2281 5225 2472 5283 audire
2493 5227 2711 5299 dignata
2742 5239 2845 5285 est.
2881 5232 2946 5287 Et
2976 5237 3230 5304 quoniam
3263 5246 3483 5305 evoluto

1884 5338 2025 5395 Pene
2063 5321 2152 5377 die
2189 5319 2434 5392 panibus
2481 5322 2793 5391 patientiam
2821 5327 3121 5395 praebens,
3169 5331 3439 5405 aliquanta
3463 5386 3478 5411 ,

1883 5431 2005 5487 qua:
2045 5414 2310 5485 principia
2339 5414 2538 5484 negotii
2581 5413 2828 5482 fuerant,
2871 5417 3060 5475 audire
3101 5422 3351 5494 dignatus
3386 5452 3480 5504 es,

1884 5524 2128 5583 opusque
2157 5519 2240 5565 est
2279 5509 2343 5562 ad
2383 5523 2599 5564 causam
2620 5549 2636 5576 ,
2667 5517 2724 5562 ut
2756 5510 3069 5568 mandatum
3103 5521 3246 5588 quod
3290 5527 3484 5588 adver—

1886 5603 2016 5660 sarii
2050 5602 2218 5658 nostri
2252 5601 2584 5667 obtulerunt,
2616 5600 2845 5658 nobisin
2876 5607 3122 5665 notitiam
3152 5617 3477 5699 perferatur,

1886 5697 2141 5771 quoniam
2169 5697 2341 5753 series
2363 5704 2606 5749 actorum
2633 5703 2855 5766 propter
2875 5699 2958 5753 sui
2983 5702 3341 5770 prolixitatem
3373 5697 3478 5781 non

1886 5801 2068 5866 potest
2102 5789 2366 5862 explicari
2393 5830 2408 5854 ,
2439 5802 2508 5844 ne
2529 5786 2778 5858 imparati
2811 5791 2877 5844 ad
2897 5790 3158 5861 judicium
3183 5806 3369 5867 venire
3399 5818 3480 5875 vi_
