  <div class='ocr_page' id='page_1' title='image "/cluster/home/n/w/nwhite01/storage/ocr_20150623/11/hvd.32044015471287/683.png"; bbox 0 0 3972 6328; ppageno 0'>
   <div class='ocr_carea' id='block_1_1' title="bbox 477 280 616 337">
    <p class='ocr_par' dir='ltr' id='par_1_1' title="bbox 477 280 616 337">
     <span class='ocr_line' id='line_1_1' title="bbox 477 280 616 337; baseline -0.007 0"><span class='ocrx_word' id='word_1_1' title='bbox 477 280 616 337; x_wconf 74' lang='grc'><strong>1555</strong></span> 
     </span>
    </p>
   </div>
   <div class='ocr_carea' id='block_1_2' title="bbox 1444 264 2830 334">
    <p class='ocr_par' dir='ltr' id='par_1_2' title="bbox 1444 264 2830 334">
     <span class='ocr_line' id='line_1_2' title="bbox 1444 264 2830 334; baseline -0.004 -1"><span class='ocrx_word' id='word_1_2' title='bbox 1444 272 1669 334; x_wconf 83' lang='lat' dir='ltr'><strong>GESTA</strong></span> <span class='ocrx_word' id='word_1_3' title='bbox 1709 267 2162 331; x_wconf 73' lang='lat' dir='ltr'><strong>COLLATIONIS</strong></span> <span class='ocrx_word' id='word_1_4' title='bbox 2199 264 2830 332; x_wconf 74' lang='lat' dir='ltr'><strong>CARTIIAGINENSIS.</strong></span> 
     </span>
    </p>
   </div>
   <div class='ocr_carea' id='block_1_3' title="bbox 3649 268 3784 326">
    <p class='ocr_par' dir='ltr' id='par_1_3' title="bbox 3649 268 3784 326">
     <span class='ocr_line' id='line_1_3' title="bbox 3649 268 3784 326; baseline 0 -1"><span class='ocrx_word' id='word_1_5' title='bbox 3649 269 3672 325; x_wconf 82' lang='grc'><strong>1</strong></span> <span class='ocrx_word' id='word_1_6' title='bbox 3683 268 3784 326; x_wconf 70' lang='grc'><strong>551</strong></span> 
     </span>
    </p>
   </div>
   <div class='ocr_carea' id='block_1_4' title="bbox 477 375 3786 467">
    <p class='ocr_par' dir='ltr' id='par_1_4' title="bbox 477 375 3786 467">
     <span class='ocr_line' id='line_1_4' title="bbox 477 375 3786 467; baseline -0.004 -14"><span class='ocrx_word' id='word_1_7' title='bbox 477 399 727 460; x_wconf 89' lang='lat' dir='ltr'><strong>deamur,</strong></span> <span class='ocrx_word' id='word_1_8' title='bbox 757 396 807 452; x_wconf 88' lang='lat' dir='ltr'><strong>id</strong></span> <span class='ocrx_word' id='word_1_9' title='bbox 840 375 1150 453; x_wconf 81' lang='lat' dir='ltr'><strong>mandatum</strong></span> <span class='ocrx_word' id='word_1_10' title='bbox 1194 393 1338 467; x_wconf 90' lang='lat' dir='ltr'><strong>quod</strong></span> <span class='ocrx_word' id='word_1_11' title='bbox 1361 390 1657 449; x_wconf 83' lang='lat' dir='ltr'><strong>adversarii</strong></span> <span class='ocrx_word' id='word_1_12' title='bbox 1688 387 1863 446; x_wconf 78' lang='lat' dir='ltr'><strong>nostri</strong></span> <span class='ocrx_word' id='word_1_13' title='bbox 1893 387 2074 458; x_wconf 87' lang='lat' dir='ltr'><strong>legen-</strong></span> <span class='ocrx_word' id='word_1_14' title='bbox 2097 396 2148 456; x_wconf 79' lang='grc' dir='ltr'><strong>Α</strong></span> <span class='ocrx_word' id='word_1_15' title='bbox 2247 389 2334 446; x_wconf 80' lang='lat'><strong>25.</strong></span> <span class='ocrx_word' id='word_1_16' title='bbox 2372 389 2631 446; x_wconf 85' lang='lat' dir='ltr'><strong>Emeritus</strong></span> <span class='ocrx_word' id='word_1_17' title='bbox 2662 391 2932 463; x_wconf 85' lang='lat' dir='ltr'><strong>episcopus</strong></span> <span class='ocrx_word' id='word_1_18' title='bbox 2990 387 3140 444; x_wconf 86' lang='lat' dir='ltr'><strong>dixit.</strong></span> <span class='ocrx_word' id='word_1_19' title='bbox 3208 386 3266 445; x_wconf 91' lang='lat' dir='ltr'><strong>Si</strong></span> <span class='ocrx_word' id='word_1_20' title='bbox 3312 385 3492 460; x_wconf 80' lang='lat' dir='ltr'><strong>jubes,</strong></span> <span class='ocrx_word' id='word_1_21' title='bbox 3549 383 3786 441; x_wconf 89' lang='lat' dir='ltr'><strong>edantur</strong></span> 
     </span>
    </p>
   </div>
   <div class='ocr_carea' id='block_1_5' title="bbox 479 479 2077 563">
    <p class='ocr_par' dir='ltr' id='par_1_5' title="bbox 479 479 2077 563">
     <span class='ocr_line' id='line_1_5' title="bbox 479 479 2077 563; baseline -0.009 -14"><span class='ocrx_word' id='word_1_22' title='bbox 479 494 608 549; x_wconf 90' lang='lat' dir='ltr'><strong>dum</strong></span> <span class='ocrx_word' id='word_1_23' title='bbox 640 492 932 559; x_wconf 88' lang='lat' dir='ltr'><strong>dederunt,</strong></span> <span class='ocrx_word' id='word_1_24' title='bbox 971 491 1025 546; x_wconf 92' lang='lat' dir='ltr'><strong>in</strong></span> <span class='ocrx_word' id='word_1_25' title='bbox 1069 488 1478 563; x_wconf 77' lang='lat' dir='ltr'><strong>exemplaribus</strong></span> <span class='ocrx_word' id='word_1_26' title='bbox 1519 486 1676 542; x_wconf 92' lang='lat' dir='ltr'><strong>nobis</strong></span> <span class='ocrx_word' id='word_1_27' title='bbox 1708 482 1899 548; x_wconf 83' lang='lat' dir='ltr'><strong>hodie,</strong></span> <span class='ocrx_word' id='word_1_28' title='bbox 1932 479 2077 554; x_wconf 89' lang='lat' dir='ltr'><strong>quod</strong></span> 
     </span>
    </p>
   </div>
   <div class='ocr_carea' id='block_1_6' title="bbox 479 574 2072 658">
    <p class='ocr_par' dir='ltr' id='par_1_6' title="bbox 479 574 2072 658">
     <span class='ocr_line' id='line_1_6' title="bbox 479 574 2072 658; baseline -0.008 -16"><span class='ocrx_word' id='word_1_29' title='bbox 479 597 564 643; x_wconf 92' lang='lat' dir='ltr'><strong>est</strong></span> <span class='ocrx_word' id='word_1_30' title='bbox 591 596 783 658; x_wconf 89' lang='lat' dir='ltr'><strong>quarto</strong></span> <span class='ocrx_word' id='word_1_31' title='bbox 816 584 904 641; x_wconf 91' lang='lat' dir='ltr'><strong>die</strong></span> <span class='ocrx_word' id='word_1_32' title='bbox 950 600 1213 640; x_wconf 89' lang='lat' dir='ltr'><strong>nonarum</strong></span> <span class='ocrx_word' id='word_1_33' title='bbox 1246 581 1530 638; x_wconf 85' lang='lat' dir='ltr'><strong>Juniarum</strong></span> <span class='ocrx_word' id='word_1_34' title='bbox 1554 623 1568 647; x_wconf 91' lang='lat'><strong>,</strong></span> <span class='ocrx_word' id='word_1_35' title='bbox 1601 578 1719 635; x_wconf 89' lang='lat' dir='ltr'><strong>dari</strong></span> <span class='ocrx_word' id='word_1_36' title='bbox 1750 574 2033 649; x_wconf 69' lang='lat' dir='ltr'><strong>prmcipias</strong></span> <span class='ocrx_word' id='word_1_37' title='bbox 2056 614 2072 643; x_wconf 95' lang='lat'><strong>,</strong></span> 
     </span>
    </p>
   </div>
   <div class='ocr_carea' id='block_1_7' title="bbox 482 672 2072 750">
    <p class='ocr_par' dir='ltr' id='par_1_7' title="bbox 482 672 2072 750">
     <span class='ocr_line' id='line_1_7' title="bbox 482 672 2072 750; baseline -0.006 -16"><span class='ocrx_word' id='word_1_38' title='bbox 482 688 539 734; x_wconf 95' lang='lat' dir='ltr'><strong>ut</strong></span> <span class='ocrx_word' id='word_1_39' title='bbox 568 678 816 733; x_wconf 77' lang='lat' dir='ltr'><strong>instructi</strong></span> <span class='ocrx_word' id='word_1_40' title='bbox 850 678 1066 750; x_wconf 84' lang='lat' dir='ltr'><strong>negotio</strong></span> <span class='ocrx_word' id='word_1_41' title='bbox 1097 675 1255 733; x_wconf 87' lang='lat' dir='ltr'><strong>nobis</strong></span> <span class='ocrx_word' id='word_1_42' title='bbox 1277 674 1526 747; x_wconf 88' lang='lat' dir='ltr'><strong>injuncto</strong></span> <span class='ocrx_word' id='word_1_43' title='bbox 1557 673 1750 729; x_wconf 87' lang='lat' dir='ltr'><strong>adesse</strong></span> <span class='ocrx_word' id='word_1_44' title='bbox 1777 672 2072 727; x_wconf 91' lang='lat' dir='ltr'><strong>valeamus.</strong></span> 
     </span>
    </p>
   </div>
   <div class='ocr_carea' id='block_1_8' title="bbox 481 763 2077 842">
    <p class='ocr_par' dir='ltr' id='par_1_8' title="bbox 481 763 2077 842">
     <span class='ocr_line' id='line_1_8' title="bbox 481 763 2077 842; baseline -0.004 -16"><span class='ocrx_word' id='word_1_45' title='bbox 481 770 547 826; x_wconf 86' lang='lat' dir='ltr'><strong>Et</strong></span> <span class='ocrx_word' id='word_1_46' title='bbox 566 772 671 826; x_wconf 87' lang='lat' dir='ltr'><strong>alia</strong></span> <span class='ocrx_word' id='word_1_47' title='bbox 690 788 866 826; x_wconf 88' lang='lat' dir='ltr'><strong>manu.</strong></span> <span class='ocrx_word' id='word_1_48' title='bbox 894 770 1202 827; x_wconf 89' lang='lat' dir='ltr'><strong>Primianus</strong></span> <span class='ocrx_word' id='word_1_49' title='bbox 1227 769 1513 842; x_wconf 90' lang='lat' dir='ltr'><strong>episcopus</strong></span> <span class='ocrx_word' id='word_1_50' title='bbox 1539 767 1663 824; x_wconf 86' lang='lat' dir='ltr'><strong>huic</strong></span> <span class='ocrx_word' id='word_1_51' title='bbox 1692 767 1921 822; x_wconf 71' lang='lat' dir='ltr'><strong>notaritc</strong></span> <span class='ocrx_word' id='word_1_52' title='bbox 1947 763 2077 820; x_wconf 91' lang='lat' dir='ltr'><strong>sub-</strong></span> 
     </span>
    </p>
   </div>
   <div class='ocr_carea' id='block_1_9' title="bbox 479 857 2075 936">
    <p class='ocr_par' dir='ltr' id='par_1_9' title="bbox 479 857 2075 936">
     <span class='ocr_line' id='line_1_9' title="bbox 479 857 2075 936; baseline -0.004 -17"><span class='ocrx_word' id='word_1_53' title='bbox 479 863 674 935; x_wconf 89' lang='lat' dir='ltr'><strong>scripsi</strong></span> <span class='ocrx_word' id='word_1_54' title='bbox 696 874 889 936; x_wconf 84' lang='lat' dir='ltr'><strong>quarto</strong></span> <span class='ocrx_word' id='word_1_55' title='bbox 912 878 1083 920; x_wconf 90' lang='lat' dir='ltr'><strong>nonas</strong></span> <span class='ocrx_word' id='word_1_56' title='bbox 1110 863 1298 920; x_wconf 81' lang='lat' dir='ltr'><strong>Junius</strong></span> <span class='ocrx_word' id='word_1_57' title='bbox 1325 859 1661 933; x_wconf 88' lang='lat' dir='ltr'><strong>Carthagini.</strong></span> <span class='ocrx_word' id='word_1_58' title='bbox 1691 858 1902 915; x_wconf 75' lang='lat' dir='ltr'><strong>Flavius</strong></span> <span class='ocrx_word' id='word_1_59' title='bbox 1929 857 2075 913; x_wconf 82' lang='lat' dir='ltr'><strong>Mur-</strong></span> 
     </span>
    </p>
   </div>
   <div class='ocr_carea' id='block_1_10' title="bbox 478 950 2076 1022">
    <p class='ocr_par' dir='ltr' id='par_1_10' title="bbox 478 950 2076 1022">
     <span class='ocr_line' id='line_1_10' title="bbox 478 950 2076 1022; baseline -0.003 -11"><span class='ocrx_word' id='word_1_60' title='bbox 478 957 692 1011; x_wconf 87' lang='lat' dir='ltr'><strong>cellinus</strong></span> <span class='ocrx_word' id='word_1_61' title='bbox 718 958 795 1011; x_wconf 87' lang='lat' dir='ltr'><strong>vir</strong></span> <span class='ocrx_word' id='word_1_62' title='bbox 821 957 1137 1012; x_wconf 84' lang='lat' dir='ltr'><strong>clarissimus</strong></span> <span class='ocrx_word' id='word_1_63' title='bbox 1167 956 1401 1011; x_wconf 75' lang='lat' dir='ltr'><strong>tribunus</strong></span> <span class='ocrx_word' id='word_1_64' title='bbox 1429 965 1475 1010; x_wconf 89' lang='lat' dir='ltr'><strong>et</strong></span> <span class='ocrx_word' id='word_1_65' title='bbox 1497 954 1731 1009; x_wconf 89' lang='lat' dir='ltr'><strong>notarius</strong></span> <span class='ocrx_word' id='word_1_66' title='bbox 1756 952 1906 1007; x_wconf 89' lang='lat' dir='ltr'><strong>dixit.</strong></span> <span class='ocrx_word' id='word_1_67' title='bbox 1930 950 2076 1022; x_wconf 87' lang='lat' dir='ltr'><strong>Quo-</strong></span> 
     </span>
    </p>
   </div>
   <div class='ocr_carea' id='block_1_11' title="bbox 480 1046 2075 1122">
    <p class='ocr_par' dir='ltr' id='par_1_11' title="bbox 480 1046 2075 1122">
     <span class='ocr_line' id='line_1_11' title="bbox 480 1046 2075 1122; baseline -0.002 -18"><span class='ocrx_word' id='word_1_68' title='bbox 480 1050 622 1105; x_wconf 88' lang='lat' dir='ltr'><strong>niam</strong></span> <span class='ocrx_word' id='word_1_69' title='bbox 663 1065 728 1106; x_wconf 87' lang='lat' dir='ltr'><strong>ea</strong></span> <span class='ocrx_word' id='word_1_70' title='bbox 773 1062 894 1121; x_wconf 63' lang='lat' dir='ltr'><strong>quae</strong></span> <span class='ocrx_word' id='word_1_71' title='bbox 926 1050 1301 1107; x_wconf 88' lang='lat' dir='ltr'><strong>instructionis</strong></span> <span class='ocrx_word' id='word_1_72' title='bbox 1346 1049 1518 1122; x_wconf 88' lang='lat' dir='ltr'><strong>gratia</strong></span> <span class='ocrx_word' id='word_1_73' title='bbox 1562 1046 1903 1120; x_wconf 80' lang='lat' dir='ltr'><strong>postulantur</strong></span> <span class='ocrx_word' id='word_1_74' title='bbox 1946 1059 2075 1102; x_wconf 84' lang='lat' dir='ltr'><strong>con-</strong></span> 
     </span>
    </p>
   </div>
   <div class='ocr_carea' id='block_1_12' title="bbox 476 1136 2075 1212">
    <p class='ocr_par' dir='ltr' id='par_1_12' title="bbox 476 1136 2075 1212">
     <span class='ocr_line' id='line_1_12' title="bbox 476 1136 2075 1212; baseline -0.003 -16"><span class='ocrx_word' id='word_1_75' title='bbox 476 1139 599 1196; x_wconf 87' lang='lat' dir='ltr'><strong>cedi</strong></span> <span class='ocrx_word' id='word_1_76' title='bbox 629 1139 830 1196; x_wconf 87' lang='lat' dir='ltr'><strong>debere</strong></span> <span class='ocrx_word' id='word_1_77' title='bbox 863 1141 1210 1212; x_wconf 89' lang='lat' dir='ltr'><strong>perspicuum</strong></span> <span class='ocrx_word' id='word_1_78' title='bbox 1261 1148 1378 1206; x_wconf 93' lang='lat' dir='ltr'><strong>est,</strong></span> <span class='ocrx_word' id='word_1_79' title='bbox 1424 1151 1480 1194; x_wconf 87' lang='lat' dir='ltr'><strong>ut</strong></span> <span class='ocrx_word' id='word_1_80' title='bbox 1524 1138 1670 1194; x_wconf 89' lang='lat' dir='ltr'><strong>nulla</strong></span> <span class='ocrx_word' id='word_1_81' title='bbox 1706 1136 2075 1208; x_wconf 82' lang='lat' dir='ltr'><strong>cognitionem</strong></span> 
     </span>
    </p>
   </div>
   <div class='ocr_carea' id='block_1_13' title="bbox 475 1233 2075 1307">
    <p class='ocr_par' dir='ltr' id='par_1_13' title="bbox 475 1233 2075 1307">
     <span class='ocr_line' id='line_1_13' title="bbox 475 1233 2075 1307; baseline -0.002 -17"><span class='ocrx_word' id='word_1_82' title='bbox 475 1233 712 1291; x_wconf 86' lang='lat' dir='ltr'><strong>futuram</strong></span> <span class='ocrx_word' id='word_1_83' title='bbox 755 1252 1031 1291; x_wconf 91' lang='lat' dir='ltr'><strong>morarum</strong></span> <span class='ocrx_word' id='word_1_84' title='bbox 1073 1235 1458 1307; x_wconf 89' lang='lat' dir='ltr'><strong>impedimenta</strong></span> <span class='ocrx_word' id='word_1_85' title='bbox 1507 1233 1873 1306; x_wconf 87' lang='lat' dir='ltr'><strong>suspendant,</strong></span> <span class='ocrx_word' id='word_1_86' title='bbox 1923 1247 2075 1288; x_wconf 90' lang='lat' dir='ltr'><strong>man-</strong></span> 
     </span>
    </p>
   </div>
   <div class='ocr_carea' id='block_1_14' title="bbox 474 1327 2074 1402">
    <p class='ocr_par' dir='ltr' id='par_1_14' title="bbox 474 1327 2074 1402">
     <span class='ocr_line' id='line_1_14' title="bbox 474 1327 2074 1402; baseline -0.001 -18"><span class='ocrx_word' id='word_1_87' title='bbox 474 1327 662 1384; x_wconf 91' lang='lat' dir='ltr'><strong>datum</strong></span> <span class='ocrx_word' id='word_1_88' title='bbox 709 1343 737 1383; x_wconf 91' lang='lat' dir='ltr'><strong>a</strong></span> <span class='ocrx_word' id='word_1_89' title='bbox 767 1328 1049 1385; x_wconf 86' lang='lat' dir='ltr'><strong>catholicis</strong></span> <span class='ocrx_word' id='word_1_90' title='bbox 1097 1329 1378 1402; x_wconf 87' lang='lat' dir='ltr'><strong>Episcopis</strong></span> <span class='ocrx_word' id='word_1_91' title='bbox 1429 1329 1652 1396; x_wconf 89' lang='lat' dir='ltr'><strong>datum,</strong></span> <span class='ocrx_word' id='word_1_92' title='bbox 1701 1327 1802 1383; x_wconf 90' lang='lat' dir='ltr'><strong>sub</strong></span> <span class='ocrx_word' id='word_1_93' title='bbox 1844 1342 1907 1382; x_wconf 92' lang='lat' dir='ltr'><strong>ea</strong></span> <span class='ocrx_word' id='word_1_94' title='bbox 1952 1341 2074 1398; x_wconf 70' lang='lat' dir='ltr'><strong>qua:</strong></span> 
     </span>
    </p>
   </div>
   <div class='ocr_carea' id='block_1_15' title="bbox 475 1421 2075 1481">
    <p class='ocr_par' dir='ltr' id='par_1_15' title="bbox 475 1421 2075 1481">
     <span class='ocr_line' id='line_1_15' title="bbox 475 1421 2075 1481; baseline -0.001 -2"><span class='ocrx_word' id='word_1_95' title='bbox 475 1423 724 1480; x_wconf 90' lang='lat' dir='ltr'><strong>cominus</strong></span> <span class='ocrx_word' id='word_1_96' title='bbox 763 1423 1056 1479; x_wconf 91' lang='lat' dir='ltr'><strong>constituta</strong></span> <span class='ocrx_word' id='word_1_97' title='bbox 1102 1433 1187 1480; x_wconf 91' lang='lat' dir='ltr'><strong>est</strong></span> <span class='ocrx_word' id='word_1_98' title='bbox 1239 1423 1524 1481; x_wconf 88' lang='lat' dir='ltr'><strong>custodum</strong></span> <span class='ocrx_word' id='word_1_99' title='bbox 1553 1422 1931 1480; x_wconf 90' lang='lat' dir='ltr'><strong>adservatione</strong></span> <span class='ocrx_word' id='word_1_100' title='bbox 1951 1421 2075 1478; x_wconf 89' lang='lat' dir='ltr'><strong>des-</strong></span> 
     </span>
    </p>
   </div>
   <div class='ocr_carea' id='block_1_16' title="bbox 475 1513 2076 1588">
    <p class='ocr_par' dir='ltr' id='par_1_16' title="bbox 475 1513 2076 1588">
     <span class='ocr_line' id='line_1_16' title="bbox 475 1513 2076 1588; baseline -0.002 -16"><span class='ocrx_word' id='word_1_101' title='bbox 475 1517 745 1588; x_wconf 90' lang='lat' dir='ltr'><strong>criptum,</strong></span> <span class='ocrx_word' id='word_1_102' title='bbox 778 1516 932 1576; x_wconf 86' lang='lat' dir='ltr'><strong>vobis</strong></span> <span class='ocrx_word' id='word_1_103' title='bbox 969 1517 1183 1575; x_wconf 87' lang='lat' dir='ltr'><strong>tradere</strong></span> <span class='ocrx_word' id='word_1_104' title='bbox 1211 1518 1503 1574; x_wconf 88' lang='lat' dir='ltr'><strong>maturahit</strong></span> <span class='ocrx_word' id='word_1_105' title='bbox 1542 1516 1806 1574; x_wconf 82' lang='lat' dir='ltr'><strong>officium.</strong></span> <span class='ocrx_word' id='word_1_106' title='bbox 1849 1513 2076 1587; x_wconf 85' lang='lat' dir='ltr'><strong>Cumque</strong></span> 
     </span>
    </p>
   </div>
   <div class='ocr_carea' id='block_1_17' title="bbox 475 1611 760 1678">
    <p class='ocr_par' dir='ltr' id='par_1_17' title="bbox 475 1611 760 1678">
     <span class='ocr_line' id='line_1_17' title="bbox 475 1611 760 1678; baseline 0.004 -13"><span class='ocrx_word' id='word_1_107' title='bbox 475 1611 760 1678; x_wconf 74' lang='lat' dir='ltr'><strong>recitasset,</strong></span> 
     </span>
    </p>
   </div>
   <div class='ocr_carea' id='block_1_18' title="bbox 548 1702 2074 1762">
    <p class='ocr_par' dir='ltr' id='par_1_18' title="bbox 548 1702 2074 1762">
     <span class='ocr_line' id='line_1_18' title="bbox 548 1702 2074 1762; baseline -0.003 -1"><span class='ocrx_word' id='word_1_108' title='bbox 548 1705 637 1761; x_wconf 80' lang='grc'><strong>15.</strong></span> <span class='ocrx_word' id='word_1_109' title='bbox 672 1704 1009 1761; x_wconf 75' lang='lat' dir='ltr'><strong>Marcellinus</strong></span> <span class='ocrx_word' id='word_1_110' title='bbox 1047 1706 1125 1760; x_wconf 85' lang='lat' dir='ltr'><strong>vir</strong></span> <span class='ocrx_word' id='word_1_111' title='bbox 1149 1707 1469 1762; x_wconf 84' lang='lat' dir='ltr'><strong>clarissimus</strong></span> <span class='ocrx_word' id='word_1_112' title='bbox 1498 1704 1732 1760; x_wconf 82' lang='lat' dir='ltr'><strong>tribunus</strong></span> <span class='ocrx_word' id='word_1_113' title='bbox 1761 1714 1809 1760; x_wconf 90' lang='lat' dir='ltr'><strong>et</strong></span> <span class='ocrx_word' id='word_1_114' title='bbox 1843 1702 2074 1759; x_wconf 88' lang='lat' dir='ltr'><strong>notarius</strong></span> 
     </span>
    </p>
   </div>
   <div class='ocr_carea' id='block_1_19' title="bbox 2181 479 3787 557">
    <p class='ocr_par' dir='ltr' id='par_1_19' title="bbox 2181 479 3787 557">
     <span class='ocr_line' id='line_1_19' title="bbox 2181 479 3787 557; baseline -0.003 -19"><span class='ocrx_word' id='word_1_115' title='bbox 2181 483 2339 539; x_wconf 91' lang='lat' dir='ltr'><strong>nobis</strong></span> <span class='ocrx_word' id='word_1_116' title='bbox 2394 484 2648 556; x_wconf 86' lang='lat' dir='ltr'><strong>primitus</strong></span> <span class='ocrx_word' id='word_1_117' title='bbox 2695 494 2842 557; x_wconf 87' lang='lat' dir='ltr'><strong>gesta</strong></span> <span class='ocrx_word' id='word_1_118' title='bbox 2869 526 2884 552; x_wconf 93' lang='lat'><strong>,</strong></span> <span class='ocrx_word' id='word_1_119' title='bbox 2914 483 3224 555; x_wconf 84' lang='lat' dir='ltr'><strong>relegantur</strong></span> <span class='ocrx_word' id='word_1_120' title='bbox 3269 497 3300 536; x_wconf 90' lang='lat' dir='ltr'><strong>a</strong></span> <span class='ocrx_word' id='word_1_121' title='bbox 3353 479 3538 548; x_wconf 91' lang='lat' dir='ltr'><strong>nobis,</strong></span> <span class='ocrx_word' id='word_1_122' title='bbox 3590 495 3787 535; x_wconf 89' lang='lat' dir='ltr'><strong>recen-</strong></span> 
     </span>
    </p>
   </div>
   <div class='ocr_carea' id='block_1_20' title="bbox 2179 572 3785 635">
    <p class='ocr_par' dir='ltr' id='par_1_20' title="bbox 2179 572 3785 635">
     <span class='ocr_line' id='line_1_20' title="bbox 2179 572 3785 635; baseline -0.004 -4"><span class='ocrx_word' id='word_1_123' title='bbox 2179 585 2400 633; x_wconf 89' lang='lat' dir='ltr'><strong>seantur</strong></span> <span class='ocrx_word' id='word_1_124' title='bbox 2429 577 2597 635; x_wconf 88' lang='lat' dir='ltr'><strong>verba</strong></span> <span class='ocrx_word' id='word_1_125' title='bbox 2636 587 2818 634; x_wconf 89' lang='lat' dir='ltr'><strong>nostra</strong></span> <span class='ocrx_word' id='word_1_126' title='bbox 2875 586 2933 634; x_wconf 90' lang='lat' dir='ltr'><strong>et</strong></span> <span class='ocrx_word' id='word_1_127' title='bbox 2973 575 3414 633; x_wconf 77' lang='lat' dir='ltr'><strong>adversariorum</strong></span> <span class='ocrx_word' id='word_1_128' title='bbox 3465 572 3785 628; x_wconf 86' lang='lat' dir='ltr'><strong>instructio.</strong></span> 
     </span>
    </p>
   </div>
   <div class='ocr_carea' id='block_1_21' title="bbox 2179 663 3785 742">
    <p class='ocr_par' dir='ltr' id='par_1_21' title="bbox 2179 663 3785 742">
     <span class='ocr_line' id='line_1_21' title="bbox 2179 663 3785 742; baseline -0.005 -17"><span class='ocrx_word' id='word_1_129' title='bbox 2179 667 2272 725; x_wconf 91' lang='lat' dir='ltr'><strong>Sic</strong></span> <span class='ocrx_word' id='word_1_130' title='bbox 2301 669 2512 741; x_wconf 80' lang='lat' dir='ltr'><strong>legibus</strong></span> <span class='ocrx_word' id='word_1_131' title='bbox 2532 685 2749 742; x_wconf 88' lang='lat' dir='ltr'><strong>semper</strong></span> <span class='ocrx_word' id='word_1_132' title='bbox 2777 683 3104 726; x_wconf 89' lang='lat' dir='ltr'><strong>concessum</strong></span> <span class='ocrx_word' id='word_1_133' title='bbox 3133 677 3236 724; x_wconf 81' lang='lat' dir='ltr'><strong>est.</strong></span> <span class='ocrx_word' id='word_1_134' title='bbox 3269 667 3397 723; x_wconf 66' lang='lat' dir='ltr'><strong>Hice</strong></span> <span class='ocrx_word' id='word_1_135' title='bbox 3452 674 3544 723; x_wconf 88' lang='lat' dir='ltr'><strong>est</strong></span> <span class='ocrx_word' id='word_1_136' title='bbox 3586 663 3785 719; x_wconf 89' lang='lat' dir='ltr'><strong>huma-</strong></span> 
     </span>
    </p>
   </div>
   <div class='ocr_carea' id='block_1_22' title="bbox 2178 759 3781 832">
    <p class='ocr_par' dir='ltr' id='par_1_22' title="bbox 2178 759 3781 832">
     <span class='ocr_line' id='line_1_22' title="bbox 2178 759 3781 832; baseline -0.002 -15"><span class='ocrx_word' id='word_1_137' title='bbox 2178 762 2320 818; x_wconf 86' lang='lat' dir='ltr'><strong>nitas</strong></span> <span class='ocrx_word' id='word_1_138' title='bbox 2342 779 2546 819; x_wconf 90' lang='lat' dir='ltr'><strong>rerum.</strong></span> <span class='ocrx_word' id='word_1_139' title='bbox 2585 762 2650 818; x_wconf 83' lang='lat' dir='ltr'><strong>Et</strong></span> <span class='ocrx_word' id='word_1_140' title='bbox 2678 764 2786 819; x_wconf 89' lang='lat' dir='ltr'><strong>alia</strong></span> <span class='ocrx_word' id='word_1_141' title='bbox 2815 779 2992 820; x_wconf 86' lang='lat' dir='ltr'><strong>manu.</strong></span> <span class='ocrx_word' id='word_1_142' title='bbox 3042 761 3318 820; x_wconf 86' lang='lat' dir='ltr'><strong>Emeritus</strong></span> <span class='ocrx_word' id='word_1_143' title='bbox 3363 759 3660 832; x_wconf 85' lang='lat' dir='ltr'><strong>episcOpus</strong></span> <span class='ocrx_word' id='word_1_144' title='bbox 3692 773 3781 814; x_wconf 85' lang='lat' dir='ltr'><strong>re-</strong></span> 
     </span>
    </p>
   </div>
   <div class='ocr_carea' id='block_1_23' title="bbox 2178 856 2428 927">
    <p class='ocr_par' dir='ltr' id='par_1_23' title="bbox 2178 856 2428 927">
     <span class='ocr_line' id='line_1_23' title="bbox 2178 856 2428 927; baseline 0.004 -16"><span class='ocrx_word' id='word_1_145' title='bbox 2178 856 2428 927; x_wconf 82' lang='lat' dir='ltr'><strong>cognovi.</strong></span> 
     </span>
    </p>
   </div>
   <div class='ocr_carea' id='block_1_24' title="bbox 2246 945 3779 1023">
    <p class='ocr_par' dir='ltr' id='par_1_24' title="bbox 2246 945 3779 1023">
     <span class='ocr_line' id='line_1_24' title="bbox 2246 945 3779 1023; baseline -0.005 -18"><span class='ocrx_word' id='word_1_146' title='bbox 2246 949 2338 1006; x_wconf 90' lang='lat'><strong>26.</strong></span> <span class='ocrx_word' id='word_1_147' title='bbox 2364 950 2683 1008; x_wconf 73' lang='lat' dir='ltr'><strong>Fortunatus</strong></span> <span class='ocrx_word' id='word_1_148' title='bbox 2711 952 2984 1023; x_wconf 82' lang='lat' dir='ltr'><strong>episcopus</strong></span> <span class='ocrx_word' id='word_1_149' title='bbox 3027 949 3270 1006; x_wconf 75' lang='lat' dir='ltr'><strong>Ecclesia:</strong></span> <span class='ocrx_word' id='word_1_150' title='bbox 3317 946 3596 1003; x_wconf 79' lang='lat' dir='ltr'><strong>catholica:</strong></span> <span class='ocrx_word' id='word_1_151' title='bbox 3623 945 3779 1000; x_wconf 83' lang='lat' dir='ltr'><strong>dixit.</strong></span> 
     </span>
    </p>
   </div>
   <div class='ocr_carea' id='block_1_25' title="bbox 2177 1040 3780 1116">
    <p class='ocr_par' dir='ltr' id='par_1_25' title="bbox 2177 1040 3780 1116">
     <span class='ocr_line' id='line_1_25' title="bbox 2177 1040 3780 1116; baseline -0.004 -16"><span class='ocrx_word' id='word_1_152' title='bbox 2177 1042 2435 1114; x_wconf 90' lang='lat' dir='ltr'><strong>Quamvis</strong></span> <span class='ocrx_word' id='word_1_153' title='bbox 2484 1061 2678 1103; x_wconf 87' lang='lat' dir='ltr'><strong>recens</strong></span> <span class='ocrx_word' id='word_1_154' title='bbox 2721 1046 2864 1102; x_wconf 89' lang='lat' dir='ltr'><strong>actio</strong></span> <span class='ocrx_word' id='word_1_155' title='bbox 2912 1043 3119 1101; x_wconf 93' lang='lat' dir='ltr'><strong>nullum</strong></span> <span class='ocrx_word' id='word_1_156' title='bbox 3166 1043 3402 1116; x_wconf 88' lang='lat' dir='ltr'><strong>potuerit</strong></span> <span class='ocrx_word' id='word_1_157' title='bbox 3452 1040 3780 1115; x_wconf 75' lang='lat' dir='ltr'><strong>praeterire,</strong></span> 
     </span>
    </p>
   </div>
   <div class='ocr_carea' id='block_1_26' title="bbox 2176 1136 3784 1197">
    <p class='ocr_par' dir='ltr' id='par_1_26' title="bbox 2176 1136 3784 1197">
     <span class='ocr_line' id='line_1_26' title="bbox 2176 1136 3784 1197; baseline -0.002 -3"><span class='ocrx_word' id='word_1_158' title='bbox 2176 1145 2357 1194; x_wconf 87' lang='lat' dir='ltr'><strong>tamen</strong></span> <span class='ocrx_word' id='word_1_159' title='bbox 2389 1155 2455 1196; x_wconf 81' lang='lat' dir='ltr'><strong>ex</strong></span> <span class='ocrx_word' id='word_1_160' title='bbox 2500 1137 2604 1196; x_wconf 88' lang='lat' dir='ltr'><strong>hoc</strong></span> <span class='ocrx_word' id='word_1_161' title='bbox 2649 1155 2846 1197; x_wconf 89' lang='lat' dir='ltr'><strong>sensus</strong></span> <span class='ocrx_word' id='word_1_162' title='bbox 2902 1138 3200 1196; x_wconf 85' lang='lat' dir='ltr'><strong>nobilitatis</strong></span> <span class='ocrx_word' id='word_1_163' title='bbox 3227 1148 3336 1193; x_wconf 69' lang='lat' dir='ltr'><strong>ture</strong></span> <span class='ocrx_word' id='word_1_164' title='bbox 3359 1136 3618 1192; x_wconf 86' lang='lat' dir='ltr'><strong>volumus</strong></span> <span class='ocrx_word' id='word_1_165' title='bbox 3660 1149 3784 1190; x_wconf 82' lang='lat' dir='ltr'><strong>esse</strong></span> 
     </span>
    </p>
   </div>
   <div class='ocr_carea' id='block_1_27' title="bbox 2177 1228 3784 1306">
    <p class='ocr_par' dir='ltr' id='par_1_27' title="bbox 2177 1228 3784 1306">
     <span class='ocr_line' id='line_1_27' title="bbox 2177 1228 3784 1306; baseline -0.003 -17"><span class='ocrx_word' id='word_1_166' title='bbox 2177 1232 2420 1302; x_wconf 91' lang='lat' dir='ltr'><strong>edoctos,</strong></span> <span class='ocrx_word' id='word_1_167' title='bbox 2452 1242 2511 1290; x_wconf 92' lang='lat' dir='ltr'><strong>ut</strong></span> <span class='ocrx_word' id='word_1_168' title='bbox 2531 1234 2904 1306; x_wconf 89' lang='lat' dir='ltr'><strong>intelligantur</strong></span> <span class='ocrx_word' id='word_1_169' title='bbox 2956 1233 3067 1306; x_wconf 89' lang='lat' dir='ltr'><strong>jam</strong></span> <span class='ocrx_word' id='word_1_170' title='bbox 3121 1232 3381 1289; x_wconf 89' lang='lat' dir='ltr'><strong>dilatione</strong></span> <span class='ocrx_word' id='word_1_171' title='bbox 3425 1229 3664 1304; x_wconf 86' lang='lat' dir='ltr'><strong>quadam</strong></span> <span class='ocrx_word' id='word_1_172' title='bbox 3712 1228 3784 1285; x_wconf 90' lang='lat' dir='ltr'><strong>ad</strong></span> 
     </span>
    </p>
   </div>
   <div class='ocr_carea' id='block_1_28' title="bbox 2176 1321 3782 1401">
    <p class='ocr_par' dir='ltr' id='par_1_28' title="bbox 2176 1321 3782 1401">
     <span class='ocr_line' id='line_1_28' title="bbox 2176 1321 3782 1401; baseline -0.001 -19"><span class='ocrx_word' id='word_1_173' title='bbox 2176 1341 2356 1383; x_wconf 89' lang='lat' dir='ltr'><strong>causae</strong></span> <span class='ocrx_word' id='word_1_174' title='bbox 2385 1328 2659 1401; x_wconf 83' lang='lat' dir='ltr'><strong>negotium</strong></span> <span class='ocrx_word' id='word_1_175' title='bbox 2688 1328 2835 1387; x_wconf 89' lang='lat' dir='ltr'><strong>nolle</strong></span> <span class='ocrx_word' id='word_1_176' title='bbox 2852 1329 3059 1387; x_wconf 90' lang='lat' dir='ltr'><strong>venire.</strong></span> <span class='ocrx_word' id='word_1_177' title='bbox 3115 1327 3186 1383; x_wconf 83' lang='lat' dir='ltr'><strong>Et</strong></span> <span class='ocrx_word' id='word_1_178' title='bbox 3232 1327 3339 1383; x_wconf 87' lang='lat' dir='ltr'><strong>alia</strong></span> <span class='ocrx_word' id='word_1_179' title='bbox 3387 1342 3564 1382; x_wconf 83' lang='lat' dir='ltr'><strong>manu.</strong></span> <span class='ocrx_word' id='word_1_180' title='bbox 3605 1321 3782 1380; x_wconf 79' lang='lat' dir='ltr'><strong>Reco-</strong></span> 
     </span>
    </p>
   </div>
   <div class='ocr_carea' id='block_1_29' title="bbox 2176 1419 3162 1492">
    <p class='ocr_par' dir='ltr' id='par_1_29' title="bbox 2176 1419 3162 1492">
     <span class='ocr_line' id='line_1_29' title="bbox 2176 1419 3162 1492; baseline -0.005 -16"><span class='ocrx_word' id='word_1_181' title='bbox 2176 1421 2360 1492; x_wconf 69' lang='lat' dir='ltr'><strong>gnovL</strong></span> <span class='ocrx_word' id='word_1_182' title='bbox 3157 1419 3162 1422; x_wconf 81' lang='grc'><strong>’</strong></span> 
     </span>
    </p>
   </div>
   <div class='ocr_carea' id='block_1_30' title="bbox 2247 1511 3783 1571">
    <p class='ocr_par' dir='ltr' id='par_1_30' title="bbox 2247 1511 3783 1571">
     <span class='ocr_line' id='line_1_30' title="bbox 2247 1511 3783 1571; baseline -0.002 -3"><span class='ocrx_word' id='word_1_183' title='bbox 2247 1514 2341 1570; x_wconf 87' lang='lat'><strong>27.</strong></span> <span class='ocrx_word' id='word_1_184' title='bbox 2371 1513 2705 1570; x_wconf 71' lang='lat' dir='ltr'><strong>illarcellinus</strong></span> <span class='ocrx_word' id='word_1_185' title='bbox 2725 1516 2801 1571; x_wconf 83' lang='lat' dir='ltr'><strong>vir</strong></span> <span class='ocrx_word' id='word_1_186' title='bbox 2822 1514 3142 1570; x_wconf 85' lang='lat' dir='ltr'><strong>clarissimus</strong></span> <span class='ocrx_word' id='word_1_187' title='bbox 3193 1513 3431 1569; x_wconf 75' lang='lat' dir='ltr'><strong>tribunus</strong></span> <span class='ocrx_word' id='word_1_188' title='bbox 3465 1521 3512 1566; x_wconf 85' lang='lat' dir='ltr'><strong>et</strong></span> <span class='ocrx_word' id='word_1_189' title='bbox 3543 1511 3783 1567; x_wconf 73' lang='lat' dir='ltr'><strong>notarius</strong></span> 
     </span>
    </p>
   </div>
   <div class='ocr_carea' id='block_1_31' title="bbox 2177 1607 3782 1681">
    <p class='ocr_par' dir='ltr' id='par_1_31' title="bbox 2177 1607 3782 1681">
     <span class='ocr_line' id='line_1_31' title="bbox 2177 1607 3782 1681; baseline -0.001 -19"><span class='ocrx_word' id='word_1_190' title='bbox 2177 1607 2330 1664; x_wconf 88' lang='lat' dir='ltr'><strong>dixit.</strong></span> <span class='ocrx_word' id='word_1_191' title='bbox 2360 1608 2594 1681; x_wconf 83' lang='lat' dir='ltr'><strong>Legatur</strong></span> <span class='ocrx_word' id='word_1_192' title='bbox 2632 1609 2775 1681; x_wconf 89' lang='lat' dir='ltr'><strong>quod</strong></span> <span class='ocrx_word' id='word_1_193' title='bbox 2801 1610 3052 1681; x_wconf 76' lang='lat' dir='ltr'><strong>przecepi,</strong></span> <span class='ocrx_word' id='word_1_194' title='bbox 3103 1616 3162 1665; x_wconf 91' lang='lat' dir='ltr'><strong>ut</strong></span> <span class='ocrx_word' id='word_1_195' title='bbox 3191 1609 3438 1666; x_wconf 82' lang='lat' dir='ltr'><strong>noverim</strong></span> <span class='ocrx_word' id='word_1_196' title='bbox 3495 1607 3566 1664; x_wconf 88' lang='lat' dir='ltr'><strong>ad</strong></span> <span class='ocrx_word' id='word_1_197' title='bbox 3617 1621 3782 1678; x_wconf 89' lang='lat' dir='ltr'><strong>quem</strong></span> 
     </span>
    </p>
   </div>
   <div class='ocr_carea' id='block_1_32' title="bbox 2177 1701 3057 1776">
    <p class='ocr_par' dir='ltr' id='par_1_32' title="bbox 2177 1701 3057 1776">
     <span class='ocr_line' id='line_1_32' title="bbox 2177 1701 3057 1776; baseline 0.001 -20"><span class='ocrx_word' id='word_1_198' title='bbox 2177 1701 2464 1757; x_wconf 91' lang='lat' dir='ltr'><strong>articulum</strong></span> <span class='ocrx_word' id='word_1_199' title='bbox 2495 1703 2567 1757; x_wconf 89' lang='lat' dir='ltr'><strong>sit</strong></span> <span class='ocrx_word' id='word_1_200' title='bbox 2592 1702 2771 1759; x_wconf 88' lang='lat' dir='ltr'><strong>delata</strong></span> <span class='ocrx_word' id='word_1_201' title='bbox 2799 1703 3057 1776; x_wconf 83' lang='lat' dir='ltr'><strong>cognitio.</strong></span> 
     </span>
    </p>
   </div>
   <div class='ocr_carea' id='block_1_33' title="bbox 473 1792 3788 1874">
    <p class='ocr_par' dir='ltr' id='par_1_33' title="bbox 473 1792 3788 1874">
     <span class='ocr_line' id='line_1_33' title="bbox 473 1792 3788 1874; baseline -0.001 -23"><span class='ocrx_word' id='word_1_202' title='bbox 473 1799 626 1853; x_wconf 88' lang='lat' dir='ltr'><strong>dixit.</strong></span> <span class='ocrx_word' id='word_1_203' title='bbox 658 1799 819 1856; x_wconf 90' lang='lat' dir='ltr'><strong>Lecta</strong></span> <span class='ocrx_word' id='word_1_204' title='bbox 859 1799 1029 1871; x_wconf 86' lang='lat' dir='ltr'><strong>gestis</strong></span> <span class='ocrx_word' id='word_1_205' title='bbox 1061 1800 1333 1856; x_wconf 89' lang='lat' dir='ltr'><strong>indcntur.</strong></span> <span class='ocrx_word' id='word_1_206' title='bbox 1367 1799 1434 1854; x_wconf 86' lang='lat' dir='ltr'><strong>Et</strong></span> <span class='ocrx_word' id='word_1_207' title='bbox 1459 1799 1668 1874; x_wconf 75' lang='lat' dir='ltr'><strong>adjecit.</strong></span> <span class='ocrx_word' id='word_1_208' title='bbox 1702 1797 1967 1869; x_wconf 85' lang='lat' dir='ltr'><strong>Quoniam</strong></span> <span class='ocrx_word' id='word_1_209' title='bbox 1992 1797 2075 1851; x_wconf 89' lang='lat' dir='ltr'><strong>in-</strong></span> <span class='ocrx_word' id='word_1_210' title='bbox 2102 1806 2150 1867; x_wconf 79' lang='grc' dir='ltr'><strong>Β</strong></span> <span class='ocrx_word' id='word_1_211' title='bbox 2248 1792 2341 1848; x_wconf 87' lang='lat'><strong>28.</strong></span> <span class='ocrx_word' id='word_1_212' title='bbox 2373 1792 2630 1850; x_wconf 83' lang='lat' dir='ltr'><strong>Emeritus</strong></span> <span class='ocrx_word' id='word_1_213' title='bbox 2651 1797 2918 1867; x_wconf 83' lang='lat' dir='ltr'><strong>episcopus</strong></span> <span class='ocrx_word' id='word_1_214' title='bbox 2939 1797 3090 1852; x_wconf 82' lang='lat' dir='ltr'><strong>dixit.</strong></span> <span class='ocrx_word' id='word_1_215' title='bbox 3116 1795 3172 1853; x_wconf 91' lang='lat' dir='ltr'><strong>Si</strong></span> <span class='ocrx_word' id='word_1_216' title='bbox 3196 1795 3382 1868; x_wconf 89' lang='lat' dir='ltr'><strong>jubes,</strong></span> <span class='ocrx_word' id='word_1_217' title='bbox 3415 1793 3484 1850; x_wconf 91' lang='lat' dir='ltr'><strong>ad</strong></span> <span class='ocrx_word' id='word_1_218' title='bbox 3506 1794 3613 1850; x_wconf 88' lang='lat' dir='ltr'><strong>hoc</strong></span> <span class='ocrx_word' id='word_1_219' title='bbox 3634 1808 3788 1849; x_wconf 88' lang='lat' dir='ltr'><strong>com-</strong></span> 
     </span>
    </p>
   </div>
   <div class='ocr_carea' id='block_1_34' title="bbox 475 1888 2073 1964">
    <p class='ocr_par' dir='ltr' id='par_1_34' title="bbox 475 1888 2073 1964">
     <span class='ocr_line' id='line_1_34' title="bbox 475 1888 2073 1964; baseline -0.001 -19"><span class='ocrx_word' id='word_1_220' title='bbox 475 1898 557 1945; x_wconf 89' lang='lat' dir='ltr'><strong>ter</strong></span> <span class='ocrx_word' id='word_1_221' title='bbox 588 1891 785 1947; x_wconf 89' lang='lat' dir='ltr'><strong>multas</strong></span> <span class='ocrx_word' id='word_1_222' title='bbox 813 1891 1156 1948; x_wconf 90' lang='lat' dir='ltr'><strong>conditiones</strong></span> <span class='ocrx_word' id='word_1_223' title='bbox 1175 1933 1188 1958; x_wconf 93' lang='lat'><strong>,</strong></span> <span class='ocrx_word' id='word_1_224' title='bbox 1217 1892 1284 1948; x_wconf 90' lang='lat' dir='ltr'><strong>de</strong></span> <span class='ocrx_word' id='word_1_225' title='bbox 1315 1892 1511 1964; x_wconf 90' lang='lat' dir='ltr'><strong>quibus</strong></span> <span class='ocrx_word' id='word_1_226' title='bbox 1548 1892 1832 1963; x_wconf 89' lang='lat' dir='ltr'><strong>superiore</strong></span> <span class='ocrx_word' id='word_1_227' title='bbox 1868 1888 2073 1961; x_wconf 87' lang='lat' dir='ltr'><strong>judicio</strong></span> 
     </span>
    </p>
   </div>
   <div class='ocr_carea' id='block_1_35' title="bbox 471 1981 2074 2052">
    <p class='ocr_par' dir='ltr' id='par_1_35' title="bbox 471 1981 2074 2052">
     <span class='ocr_line' id='line_1_35' title="bbox 471 1981 2074 2052; baseline -0.001 -15"><span class='ocrx_word' id='word_1_228' title='bbox 471 1981 753 2040; x_wconf 83' lang='lat' dir='ltr'><strong>definitum</strong></span> <span class='ocrx_word' id='word_1_229' title='bbox 785 1996 902 2052; x_wconf 92' lang='lat' dir='ltr'><strong>est,</strong></span> <span class='ocrx_word' id='word_1_230' title='bbox 931 2002 1092 2041; x_wconf 91' lang='lat' dir='ltr'><strong>unam</strong></span> <span class='ocrx_word' id='word_1_231' title='bbox 1119 1983 1268 2040; x_wconf 91' lang='lat' dir='ltr'><strong>illam</strong></span> <span class='ocrx_word' id='word_1_232' title='bbox 1295 1992 1511 2041; x_wconf 87' lang='lat' dir='ltr'><strong>constat</strong></span> <span class='ocrx_word' id='word_1_233' title='bbox 1550 1983 1718 2040; x_wconf 88' lang='lat' dir='ltr'><strong>fuisse</strong></span> <span class='ocrx_word' id='word_1_234' title='bbox 1745 1983 1990 2048; x_wconf 85' lang='lat' dir='ltr'><strong>dilatam,</strong></span> <span class='ocrx_word' id='word_1_235' title='bbox 2016 1988 2074 2037; x_wconf 91' lang='lat' dir='ltr'><strong>ut</strong></span> 
     </span>
    </p>
   </div>
   <div class='ocr_carea' id='block_1_36' title="bbox 471 2076 2072 2153">
    <p class='ocr_par' dir='ltr' id='par_1_36' title="bbox 471 2076 2072 2153">
     <span class='ocr_line' id='line_1_36' title="bbox 471 2076 2072 2153; baseline -0.003 -17"><span class='ocrx_word' id='word_1_236' title='bbox 471 2082 612 2138; x_wconf 91' lang='lat' dir='ltr'><strong>sicut</strong></span> <span class='ocrx_word' id='word_1_237' title='bbox 654 2098 755 2153; x_wconf 90' lang='lat' dir='ltr'><strong>ego</strong></span> <span class='ocrx_word' id='word_1_238' title='bbox 806 2081 1319 2138; x_wconf 89' lang='lat' dir='ltr'><strong>interlocutionibus</strong></span> <span class='ocrx_word' id='word_1_239' title='bbox 1384 2081 1556 2148; x_wconf 92' lang='lat' dir='ltr'><strong>meis,</strong></span> <span class='ocrx_word' id='word_1_240' title='bbox 1609 2079 1683 2134; x_wconf 90' lang='lat' dir='ltr'><strong>ita</strong></span> <span class='ocrx_word' id='word_1_241' title='bbox 1728 2076 2072 2151; x_wconf 81' lang='lat' dir='ltr'><strong>prosecutio-</strong></span> 
     </span>
    </p>
   </div>
   <div class='ocr_carea' id='block_1_37' title="bbox 470 2168 2073 2249">
    <p class='ocr_par' dir='ltr' id='par_1_37' title="bbox 470 2168 2073 2249">
     <span class='ocr_line' id='line_1_37' title="bbox 470 2168 2073 2249; baseline -0.006 -16"><span class='ocrx_word' id='word_1_242' title='bbox 470 2175 631 2233; x_wconf 71' lang='lat' dir='ltr'><strong>nilius</strong></span> <span class='ocrx_word' id='word_1_243' title='bbox 655 2175 814 2249; x_wconf 74' lang='lat'><strong>291</strong></span> <span class='ocrx_word' id='word_1_244' title='bbox 845 2178 958 2233; x_wconf 86' lang='lat' dir='ltr'><strong>suis</strong></span> <span class='ocrx_word' id='word_1_245' title='bbox 998 2175 1370 2246; x_wconf 85' lang='lat' dir='ltr'><strong>unusquisque</strong></span> <span class='ocrx_word' id='word_1_246' title='bbox 1397 2173 1805 2236; x_wconf 89' lang='lat' dir='ltr'><strong>subscriberet,</strong></span> <span class='ocrx_word' id='word_1_247' title='bbox 1844 2168 1974 2241; x_wconf 88' lang='lat' dir='ltr'><strong>quid</strong></span> <span class='ocrx_word' id='word_1_248' title='bbox 2002 2168 2073 2225; x_wconf 91' lang='lat' dir='ltr'><strong>de</strong></span> 
     </span>
    </p>
   </div>
   <div class='ocr_carea' id='block_1_38' title="bbox 471 2264 1894 2324">
    <p class='ocr_par' dir='ltr' id='par_1_38' title="bbox 471 2264 1894 2324">
     <span class='ocr_line' id='line_1_38' title="bbox 471 2264 1894 2324; baseline -0.004 -2"><span class='ocrx_word' id='word_1_249' title='bbox 471 2267 575 2323; x_wconf 90' lang='lat' dir='ltr'><strong>hoc</strong></span> <span class='ocrx_word' id='word_1_250' title='bbox 605 2269 852 2324; x_wconf 90' lang='lat' dir='ltr'><strong>videatur</strong></span> <span class='ocrx_word' id='word_1_251' title='bbox 880 2268 1153 2323; x_wconf 82' lang='lat' dir='ltr'><strong>sanctitati</strong></span> <span class='ocrx_word' id='word_1_252' title='bbox 1187 2277 1383 2323; x_wconf 68' lang='lat' dir='ltr'><strong>vestra:</strong></span> <span class='ocrx_word' id='word_1_253' title='bbox 1413 2265 1624 2322; x_wconf 86' lang='lat' dir='ltr'><strong>debetis</strong></span> <span class='ocrx_word' id='word_1_254' title='bbox 1654 2264 1894 2320; x_wconf 84' lang='lat' dir='ltr'><strong>edicere.</strong></span> 
     </span>
    </p>
   </div>
   <div class='ocr_carea' id='block_1_39' title="bbox 547 2357 2071 2434">
    <p class='ocr_par' dir='ltr' id='par_1_39' title="bbox 547 2357 2071 2434">
     <span class='ocr_line' id='line_1_39' title="bbox 547 2357 2071 2434; baseline -0.003 -17"><span class='ocrx_word' id='word_1_255' title='bbox 547 2363 634 2419; x_wconf 72' lang='grc'><strong>14.</strong></span> <span class='ocrx_word' id='word_1_256' title='bbox 657 2363 973 2434; x_wconf 85' lang='lat' dir='ltr'><strong>Augustinus</strong></span> <span class='ocrx_word' id='word_1_257' title='bbox 1001 2363 1270 2434; x_wconf 80' lang='lat' dir='ltr'><strong>episcOpus</strong></span> <span class='ocrx_word' id='word_1_258' title='bbox 1296 2360 1547 2416; x_wconf 66' lang='lat' dir='ltr'><strong>Ecclesia</strong></span> <span class='ocrx_word' id='word_1_259' title='bbox 1596 2359 1866 2415; x_wconf 74' lang='lat' dir='ltr'><strong>catholica:</strong></span> <span class='ocrx_word' id='word_1_260' title='bbox 1918 2357 2071 2414; x_wconf 77' lang='lat' dir='ltr'><strong>dixit.</strong></span> 
     </span>
    </p>
   </div>
   <div class='ocr_carea' id='block_1_40' title="bbox 468 2450 2068 2524">
    <p class='ocr_par' dir='ltr' id='par_1_40' title="bbox 468 2450 2068 2524">
     <span class='ocr_line' id='line_1_40' title="bbox 468 2450 2068 2524; baseline -0.004 -12"><span class='ocrx_word' id='word_1_261' title='bbox 468 2455 579 2513; x_wconf 86' lang='lat' dir='ltr'><strong>Nos</strong></span> <span class='ocrx_word' id='word_1_262' title='bbox 612 2457 665 2512; x_wconf 90' lang='lat' dir='ltr'><strong>in</strong></span> <span class='ocrx_word' id='word_1_263' title='bbox 695 2455 799 2512; x_wconf 89' lang='lat' dir='ltr'><strong>hoc</strong></span> <span class='ocrx_word' id='word_1_264' title='bbox 823 2457 1170 2513; x_wconf 90' lang='lat' dir='ltr'><strong>consensisse</strong></span> <span class='ocrx_word' id='word_1_265' title='bbox 1209 2455 1408 2512; x_wconf 86' lang='lat' dir='ltr'><strong>litteris</strong></span> <span class='ocrx_word' id='word_1_266' title='bbox 1436 2454 1641 2510; x_wconf 88' lang='lat' dir='ltr'><strong>nostris</strong></span> <span class='ocrx_word' id='word_1_267' title='bbox 1671 2450 2068 2524; x_wconf 79' lang='lat' dir='ltr'><strong>expressimus.</strong></span> 
     </span>
    </p>
   </div>
   <div class='ocr_carea' id='block_1_41' title="bbox 468 2548 1236 2621">
    <p class='ocr_par' dir='ltr' id='par_1_41' title="bbox 468 2548 1236 2621">
     <span class='ocr_line' id='line_1_41' title="bbox 468 2548 1236 2621; baseline 0 -16"><span class='ocrx_word' id='word_1_268' title='bbox 468 2548 538 2606; x_wconf 89' lang='lat' dir='ltr'><strong>Et</strong></span> <span class='ocrx_word' id='word_1_269' title='bbox 564 2550 670 2606; x_wconf 89' lang='lat' dir='ltr'><strong>alia</strong></span> <span class='ocrx_word' id='word_1_270' title='bbox 696 2569 869 2606; x_wconf 89' lang='lat' dir='ltr'><strong>manu.</strong></span> <span class='ocrx_word' id='word_1_271' title='bbox 907 2551 1236 2621; x_wconf 78' lang='lat' dir='ltr'><strong>Recognovi.</strong></span> 
     </span>
    </p>
   </div>
   <div class='ocr_carea' id='block_1_42' title="bbox 540 2638 2074 2703">
    <p class='ocr_par' dir='ltr' id='par_1_42' title="bbox 540 2638 2074 2703">
     <span class='ocr_line' id='line_1_42' title="bbox 540 2638 2074 2703; baseline -0.008 0"><span class='ocrx_word' id='word_1_272' title='bbox 540 2647 629 2703; x_wconf 82' lang='grc'><strong>15.</strong></span> <span class='ocrx_word' id='word_1_273' title='bbox 664 2645 1003 2702; x_wconf 75' lang='lat' dir='ltr'><strong>Marcellinus</strong></span> <span class='ocrx_word' id='word_1_274' title='bbox 1028 2645 1104 2699; x_wconf 86' lang='lat' dir='ltr'><strong>vir</strong></span> <span class='ocrx_word' id='word_1_275' title='bbox 1132 2643 1451 2700; x_wconf 81' lang='lat' dir='ltr'><strong>clarissimus</strong></span> <span class='ocrx_word' id='word_1_276' title='bbox 1505 2640 1738 2697; x_wconf 80' lang='lat' dir='ltr'><strong>tribunus</strong></span> <span class='ocrx_word' id='word_1_277' title='bbox 1759 2648 1811 2696; x_wconf 86' lang='lat' dir='ltr'><strong>et</strong></span> <span class='ocrx_word' id='word_1_278' title='bbox 1841 2638 2074 2694; x_wconf 86' lang='lat' dir='ltr'><strong>notarius</strong></span> 
     </span>
    </p>
   </div>
   <div class='ocr_carea' id='block_1_43' title="bbox 468 2732 2071 2810">
    <p class='ocr_par' dir='ltr' id='par_1_43' title="bbox 468 2732 2071 2810">
     <span class='ocr_line' id='line_1_43' title="bbox 468 2732 2071 2810; baseline -0.004 -16"><span class='ocrx_word' id='word_1_279' title='bbox 468 2738 619 2794; x_wconf 88' lang='lat' dir='ltr'><strong>dixit.</strong></span> <span class='ocrx_word' id='word_1_280' title='bbox 653 2738 794 2808; x_wconf 84' lang='lat' dir='ltr'><strong>Quid</strong></span> <span class='ocrx_word' id='word_1_281' title='bbox 824 2740 985 2797; x_wconf 89' lang='lat' dir='ltr'><strong>etiam</strong></span> <span class='ocrx_word' id='word_1_282' title='bbox 1012 2738 1264 2796; x_wconf 84' lang='lat' dir='ltr'><strong>voluntas</strong></span> <span class='ocrx_word' id='word_1_283' title='bbox 1291 2736 1458 2810; x_wconf 88' lang='lat' dir='ltr'><strong>partis</strong></span> <span class='ocrx_word' id='word_1_284' title='bbox 1487 2734 1711 2793; x_wconf 88' lang='lat' dir='ltr'><strong>alterius</strong></span> <span class='ocrx_word' id='word_1_285' title='bbox 1743 2733 1962 2803; x_wconf 80' lang='lat' dir='ltr'><strong>habeat,</strong></span> <span class='ocrx_word' id='word_1_286' title='bbox 1988 2732 2071 2788; x_wconf 90' lang='lat' dir='ltr'><strong>in-</strong></span> 
     </span>
    </p>
   </div>
   <div class='ocr_carea' id='block_1_44' title="bbox 467 2832 710 2888">
    <p class='ocr_par' dir='ltr' id='par_1_44' title="bbox 467 2832 710 2888">
     <span class='ocr_line' id='line_1_44' title="bbox 467 2832 710 2888; baseline 0.004 -1"><span class='ocrx_word' id='word_1_287' title='bbox 467 2832 710 2888; x_wconf 81' lang='lat' dir='ltr'><strong>timetur.</strong></span> 
     </span>
    </p>
   </div>
   <div class='ocr_carea' id='block_1_45' title="bbox 541 2915 2071 2992">
    <p class='ocr_par' dir='ltr' id='par_1_45' title="bbox 541 2915 2071 2992">
     <span class='ocr_line' id='line_1_45' title="bbox 541 2915 2071 2992; baseline -0.003 -16"><span class='ocrx_word' id='word_1_288' title='bbox 541 2922 628 2978; x_wconf 88' lang='grc'><strong>16.</strong></span> <span class='ocrx_word' id='word_1_289' title='bbox 663 2921 954 2978; x_wconf 86' lang='lat' dir='ltr'><strong>Petilianus</strong></span> <span class='ocrx_word' id='word_1_290' title='bbox 983 2924 1256 2992; x_wconf 81' lang='lat' dir='ltr'><strong>episcopus</strong></span> <span class='ocrx_word' id='word_1_291' title='bbox 1277 2920 1431 2976; x_wconf 88' lang='lat' dir='ltr'><strong>dixit.</strong></span> <span class='ocrx_word' id='word_1_292' title='bbox 1456 2919 1681 2976; x_wconf 81' lang='lat' dir='ltr'><strong>Multum</strong></span> <span class='ocrx_word' id='word_1_293' title='bbox 1719 2933 1821 2975; x_wconf 87' lang='lat' dir='ltr'><strong>nos</strong></span> <span class='ocrx_word' id='word_1_294' title='bbox 1867 2915 2071 2974; x_wconf 87' lang='lat' dir='ltr'><strong>sollici-</strong></span> 
     </span>
    </p>
   </div>
   <div class='ocr_carea' id='block_1_46' title="bbox 467 3013 2066 3086">
    <p class='ocr_par' dir='ltr' id='par_1_46' title="bbox 467 3013 2066 3086">
     <span class='ocr_line' id='line_1_46' title="bbox 467 3013 2066 3086; baseline -0.003 -16"><span class='ocrx_word' id='word_1_295' title='bbox 467 3025 554 3070; x_wconf 90' lang='lat' dir='ltr'><strong>tos</strong></span> <span class='ocrx_word' id='word_1_296' title='bbox 581 3015 730 3084; x_wconf 82' lang='lat' dir='ltr'><strong>facit,</strong></span> <span class='ocrx_word' id='word_1_297' title='bbox 761 3015 903 3086; x_wconf 92' lang='lat' dir='ltr'><strong>quod</strong></span> <span class='ocrx_word' id='word_1_298' title='bbox 949 3015 1019 3072; x_wconf 90' lang='lat' dir='ltr'><strong>de</strong></span> <span class='ocrx_word' id='word_1_299' title='bbox 1059 3015 1215 3072; x_wconf 88' lang='lat' dir='ltr'><strong>nobis</strong></span> <span class='ocrx_word' id='word_1_300' title='bbox 1267 3015 1321 3071; x_wconf 89' lang='lat' dir='ltr'><strong>id</strong></span> <span class='ocrx_word' id='word_1_301' title='bbox 1363 3015 1625 3086; x_wconf 60' lang='lat' dir='ltr'><strong>quaeritur</strong></span> <span class='ocrx_word' id='word_1_302' title='bbox 1651 3055 1668 3083; x_wconf 90' lang='lat'><strong>,</strong></span> <span class='ocrx_word' id='word_1_303' title='bbox 1701 3013 1864 3085; x_wconf 81' lang='lat' dir='ltr'><strong>idque</strong></span> <span class='ocrx_word' id='word_1_304' title='bbox 1922 3027 2066 3082; x_wconf 70' lang='lat' dir='ltr'><strong>pra:-</strong></span> 
     </span>
    </p>
   </div>
   <div class='ocr_carea' id='block_1_47' title="bbox 468 3108 2071 3183">
    <p class='ocr_par' dir='ltr' id='par_1_47' title="bbox 468 3108 2071 3183">
     <span class='ocr_line' id='line_1_47' title="bbox 468 3108 2071 3183; baseline -0.004 -15"><span class='ocrx_word' id='word_1_305' title='bbox 468 3111 699 3183; x_wconf 89' lang='lat' dir='ltr'><strong>cipimur</strong></span> <span class='ocrx_word' id='word_1_306' title='bbox 733 3111 932 3177; x_wconf 88' lang='lat' dir='ltr'><strong>facere,</strong></span> <span class='ocrx_word' id='word_1_307' title='bbox 983 3112 1127 3183; x_wconf 89' lang='lat' dir='ltr'><strong>quod</strong></span> <span class='ocrx_word' id='word_1_308' title='bbox 1182 3125 1314 3168; x_wconf 90' lang='lat' dir='ltr'><strong>usus</strong></span> <span class='ocrx_word' id='word_1_309' title='bbox 1359 3125 1653 3182; x_wconf 89' lang='lat' dir='ltr'><strong>numquam</strong></span> <span class='ocrx_word' id='word_1_310' title='bbox 1680 3108 1884 3165; x_wconf 88' lang='lat' dir='ltr'><strong>habere</strong></span> <span class='ocrx_word' id='word_1_311' title='bbox 1935 3122 2071 3162; x_wconf 81' lang='lat' dir='ltr'><strong>con-</strong></span> 
     </span>
    </p>
   </div>
   <div class='ocr_carea' id='block_1_48' title="bbox 2179 1888 3785 1961">
    <p class='ocr_par' dir='ltr' id='par_1_48' title="bbox 2179 1888 3785 1961">
     <span class='ocr_line' id='line_1_48' title="bbox 2179 1888 3785 1961; baseline -0.001 -17"><span class='ocrx_word' id='word_1_312' title='bbox 2179 1888 2314 1961; x_wconf 84' lang='lat' dir='ltr'><strong>petit</strong></span> <span class='ocrx_word' id='word_1_313' title='bbox 2343 1889 2494 1946; x_wconf 89' lang='lat' dir='ltr'><strong>mihi.</strong></span> <span class='ocrx_word' id='word_1_314' title='bbox 2524 1889 2860 1946; x_wconf 74' lang='lat' dir='ltr'><strong>Marcellinus</strong></span> <span class='ocrx_word' id='word_1_315' title='bbox 2882 1892 2958 1946; x_wconf 81' lang='lat' dir='ltr'><strong>vir</strong></span> <span class='ocrx_word' id='word_1_316' title='bbox 2984 1891 3306 1947; x_wconf 85' lang='lat' dir='ltr'><strong>clarissimus</strong></span> <span class='ocrx_word' id='word_1_317' title='bbox 3352 1889 3595 1945; x_wconf 83' lang='lat' dir='ltr'><strong>tribunus</strong></span> <span class='ocrx_word' id='word_1_318' title='bbox 3617 1896 3669 1944; x_wconf 85' lang='lat' dir='ltr'><strong>et</strong></span> <span class='ocrx_word' id='word_1_319' title='bbox 3689 1905 3785 1943; x_wconf 85' lang='lat' dir='ltr'><strong>no-</strong></span> 
     </span>
    </p>
   </div>
   <div class='ocr_carea' id='block_1_49' title="bbox 2177 1982 3787 2058">
    <p class='ocr_par' dir='ltr' id='par_1_49' title="bbox 2177 1982 3787 2058">
     <span class='ocr_line' id='line_1_49' title="bbox 2177 1982 3787 2058; baseline 0.001 -20"><span class='ocrx_word' id='word_1_320' title='bbox 2177 1983 2339 2038; x_wconf 83' lang='lat' dir='ltr'><strong>tarius</strong></span> <span class='ocrx_word' id='word_1_321' title='bbox 2367 1984 2519 2040; x_wconf 81' lang='lat' dir='ltr'><strong>dixit.</strong></span> <span class='ocrx_word' id='word_1_322' title='bbox 2546 1983 2683 2058; x_wconf 79' lang='lat' dir='ltr'><strong>Age.</strong></span> <span class='ocrx_word' id='word_1_323' title='bbox 2715 1983 2979 2042; x_wconf 84' lang='lat' dir='ltr'><strong>Emeritus</strong></span> <span class='ocrx_word' id='word_1_324' title='bbox 3008 1985 3276 2058; x_wconf 84' lang='lat' dir='ltr'><strong>episcopus</strong></span> <span class='ocrx_word' id='word_1_325' title='bbox 3297 1985 3451 2040; x_wconf 84' lang='lat' dir='ltr'><strong>dixit.</strong></span> <span class='ocrx_word' id='word_1_326' title='bbox 3486 1983 3632 2041; x_wconf 88' lang='lat' dir='ltr'><strong>Sunt</strong></span> <span class='ocrx_word' id='word_1_327' title='bbox 3665 1982 3787 2055; x_wconf 86' lang='lat' dir='ltr'><strong>qui-</strong></span> 
     </span>
    </p>
   </div>
   <div class='ocr_carea' id='block_1_50' title="bbox 2176 2075 3778 2150">
    <p class='ocr_par' dir='ltr' id='par_1_50' title="bbox 2176 2075 3778 2150">
     <span class='ocr_line' id='line_1_50' title="bbox 2176 2075 3778 2150; baseline 0.001 -19"><span class='ocrx_word' id='word_1_328' title='bbox 2176 2075 2301 2132; x_wconf 88' lang='lat' dir='ltr'><strong>dem</strong></span> <span class='ocrx_word' id='word_1_329' title='bbox 2333 2076 2564 2133; x_wconf 88' lang='lat' dir='ltr'><strong>humana</strong></span> <span class='ocrx_word' id='word_1_330' title='bbox 2592 2078 2806 2150; x_wconf 87' lang='lat' dir='ltr'><strong>ingenia</strong></span> <span class='ocrx_word' id='word_1_331' title='bbox 2837 2079 2911 2134; x_wconf 89' lang='lat' dir='ltr'><strong>ita</strong></span> <span class='ocrx_word' id='word_1_332' title='bbox 2936 2079 3222 2136; x_wconf 89' lang='lat' dir='ltr'><strong>velocitate</strong></span> <span class='ocrx_word' id='word_1_333' title='bbox 3246 2078 3332 2136; x_wconf 87' lang='lat' dir='ltr'><strong>sui</strong></span> <span class='ocrx_word' id='word_1_334' title='bbox 3383 2086 3645 2150; x_wconf 87' lang='lat' dir='ltr'><strong>prompta</strong></span> <span class='ocrx_word' id='word_1_335' title='bbox 3675 2118 3692 2144; x_wconf 91' lang='lat'><strong>,</strong></span> <span class='ocrx_word' id='word_1_336' title='bbox 3720 2084 3778 2134; x_wconf 89' lang='lat' dir='ltr'><strong>ut</strong></span> 
     </span>
    </p>
   </div>
   <div class='ocr_carea' id='block_1_51' title="bbox 2178 2168 3783 2242">
    <p class='ocr_par' dir='ltr' id='par_1_51' title="bbox 2178 2168 3783 2242">
     <span class='ocr_line' id='line_1_51' title="bbox 2178 2168 3783 2242; baseline 0 -20"><span class='ocrx_word' id='word_1_337' title='bbox 2178 2169 2264 2226; x_wconf 88' lang='lat' dir='ltr'><strong>vel</strong></span> <span class='ocrx_word' id='word_1_338' title='bbox 2293 2168 2408 2225; x_wconf 90' lang='lat' dir='ltr'><strong>visu</strong></span> <span class='ocrx_word' id='word_1_339' title='bbox 2431 2171 2516 2226; x_wconf 85' lang='lat' dir='ltr'><strong>vel</strong></span> <span class='ocrx_word' id='word_1_340' title='bbox 2537 2171 2727 2228; x_wconf 89' lang='lat' dir='ltr'><strong>auditu</strong></span> <span class='ocrx_word' id='word_1_341' title='bbox 2752 2169 2911 2228; x_wconf 82' lang='lat' dir='ltr'><strong>facile</strong></span> <span class='ocrx_word' id='word_1_342' title='bbox 2936 2180 3132 2229; x_wconf 89' lang='lat' dir='ltr'><strong>cuncta</strong></span> <span class='ocrx_word' id='word_1_343' title='bbox 3157 2171 3396 2242; x_wconf 87' lang='lat' dir='ltr'><strong>capiant,</strong></span> <span class='ocrx_word' id='word_1_344' title='bbox 3441 2185 3569 2242; x_wconf 71' lang='lat' dir='ltr'><strong>qua:</strong></span> <span class='ocrx_word' id='word_1_345' title='bbox 3597 2168 3655 2224; x_wconf 90' lang='lat' dir='ltr'><strong>in</strong></span> <span class='ocrx_word' id='word_1_346' title='bbox 3686 2184 3783 2224; x_wconf 84' lang='lat' dir='ltr'><strong>eo-</strong></span> 
     </span>
    </p>
   </div>
   <div class='ocr_carea' id='block_1_52' title="bbox 2177 2263 3788 2336">
    <p class='ocr_par' dir='ltr' id='par_1_52' title="bbox 2177 2263 3788 2336">
     <span class='ocr_line' id='line_1_52' title="bbox 2177 2263 3788 2336; baseline -0.002 -17"><span class='ocrx_word' id='word_1_347' title='bbox 2177 2279 2296 2319; x_wconf 90' lang='lat' dir='ltr'><strong>rum</strong></span> <span class='ocrx_word' id='word_1_348' title='bbox 2318 2263 2563 2322; x_wconf 85' lang='lat' dir='ltr'><strong>notitiam</strong></span> <span class='ocrx_word' id='word_1_349' title='bbox 2591 2264 2958 2336; x_wconf 88' lang='lat' dir='ltr'><strong>perferuntur.</strong></span> <span class='ocrx_word' id='word_1_350' title='bbox 2987 2265 3094 2324; x_wconf 90' lang='lat' dir='ltr'><strong>Sed</strong></span> <span class='ocrx_word' id='word_1_351' title='bbox 3125 2265 3230 2322; x_wconf 87' lang='lat' dir='ltr'><strong>hoc</strong></span> <span class='ocrx_word' id='word_1_352' title='bbox 3269 2265 3445 2323; x_wconf 91' lang='lat' dir='ltr'><strong>doctis</strong></span> <span class='ocrx_word' id='word_1_353' title='bbox 3491 2263 3640 2320; x_wconf 89' lang='lat' dir='ltr'><strong>forte</strong></span> <span class='ocrx_word' id='word_1_354' title='bbox 3691 2270 3788 2316; x_wconf 87' lang='lat' dir='ltr'><strong>aut</strong></span> 
     </span>
    </p>
   </div>
   <div class='ocr_carea' id='block_1_53' title="bbox 2175 2352 3784 2431">
    <p class='ocr_par' dir='ltr' id='par_1_53' title="bbox 2175 2352 3784 2431">
     <span class='ocr_line' id='line_1_53' title="bbox 2175 2352 3784 2431; baseline -0.003 -18"><span class='ocrx_word' id='word_1_355' title='bbox 2175 2356 2403 2414; x_wconf 89' lang='lat' dir='ltr'><strong>eruditis</strong></span> <span class='ocrx_word' id='word_1_356' title='bbox 2430 2357 2562 2414; x_wconf 91' lang='lat' dir='ltr'><strong>viris</strong></span> <span class='ocrx_word' id='word_1_357' title='bbox 2591 2373 2691 2430; x_wconf 85' lang='lat' dir='ltr'><strong>pro</strong></span> <span class='ocrx_word' id='word_1_358' title='bbox 2718 2360 2798 2416; x_wconf 89' lang='lat' dir='ltr'><strong>rei</strong></span> <span class='ocrx_word' id='word_1_359' title='bbox 2824 2359 2991 2430; x_wconf 88' lang='lat' dir='ltr'><strong>ipsius</strong></span> <span class='ocrx_word' id='word_1_360' title='bbox 3017 2358 3282 2431; x_wconf 87' lang='lat' dir='ltr'><strong>qualitate</strong></span> <span class='ocrx_word' id='word_1_361' title='bbox 3312 2357 3648 2429; x_wconf 88' lang='lat' dir='ltr'><strong>permissum</strong></span> <span class='ocrx_word' id='word_1_362' title='bbox 3670 2352 3739 2408; x_wconf 88' lang='lat' dir='ltr'><strong>sit</strong></span> <span class='ocrx_word' id='word_1_363' title='bbox 3767 2369 3784 2419; x_wconf 93' lang='lat'><strong>;</strong></span> 
     </span>
    </p>
   </div>
   <div class='ocr_carea' id='block_1_54' title="bbox 2176 2445 3787 2520">
    <p class='ocr_par' dir='ltr' id='par_1_54' title="bbox 2176 2445 3787 2520">
     <span class='ocr_line' id='line_1_54' title="bbox 2176 2445 3787 2520; baseline -0.003 -13"><span class='ocrx_word' id='word_1_364' title='bbox 2176 2467 2264 2508; x_wconf 91' lang='lat' dir='ltr'><strong>me</strong></span> <span class='ocrx_word' id='word_1_365' title='bbox 2291 2462 2470 2508; x_wconf 85' lang='lat' dir='ltr'><strong>autem</strong></span> <span class='ocrx_word' id='word_1_366' title='bbox 2492 2451 2561 2510; x_wconf 90' lang='lat' dir='ltr'><strong>ad</strong></span> <span class='ocrx_word' id='word_1_367' title='bbox 2585 2451 2726 2510; x_wconf 89' lang='lat' dir='ltr'><strong>hanc</strong></span> <span class='ocrx_word' id='word_1_368' title='bbox 2756 2468 2872 2509; x_wconf 89' lang='lat' dir='ltr'><strong>rem</strong></span> <span class='ocrx_word' id='word_1_369' title='bbox 2917 2453 3098 2510; x_wconf 88' lang='lat' dir='ltr'><strong>minus</strong></span> <span class='ocrx_word' id='word_1_370' title='bbox 3141 2451 3400 2510; x_wconf 89' lang='lat' dir='ltr'><strong>idoneum</strong></span> <span class='ocrx_word' id='word_1_371' title='bbox 3441 2465 3570 2507; x_wconf 85' lang='lat' dir='ltr'><strong>esse</strong></span> <span class='ocrx_word' id='word_1_372' title='bbox 3622 2445 3787 2520; x_wconf 83' lang='lat' dir='ltr'><strong>proﬁ-</strong></span> 
     </span>
    </p>
   </div>
   <div class='ocr_carea' id='block_1_55' title="bbox 2176 2547 3787 2623">
    <p class='ocr_par' dir='ltr' id='par_1_55' title="bbox 2176 2547 3787 2623">
     <span class='ocr_line' id='line_1_55' title="bbox 2176 2547 3787 2623; baseline -0.004 -14"><span class='ocrx_word' id='word_1_373' title='bbox 2176 2562 2314 2609; x_wconf 91' lang='lat' dir='ltr'><strong>teor.</strong></span> <span class='ocrx_word' id='word_1_374' title='bbox 2346 2552 2481 2622; x_wconf 85' lang='lat' dir='ltr'><strong>Quis</strong></span> <span class='ocrx_word' id='word_1_375' title='bbox 2505 2552 2654 2611; x_wconf 84' lang='lat' dir='ltr'><strong>enim</strong></span> <span class='ocrx_word' id='word_1_376' title='bbox 2675 2547 2862 2623; x_wconf 73' lang='lat' dir='ltr'><strong>levem</strong></span> <span class='ocrx_word' id='word_1_377' title='bbox 2907 2566 3096 2608; x_wconf 87' lang='lat' dir='ltr'><strong>vocem</strong></span> <span class='ocrx_word' id='word_1_378' title='bbox 3125 2559 3181 2607; x_wconf 90' lang='lat' dir='ltr'><strong>et</strong></span> <span class='ocrx_word' id='word_1_379' title='bbox 3209 2548 3427 2607; x_wconf 84' lang='lat' dir='ltr'><strong>facilem</strong></span> <span class='ocrx_word' id='word_1_380' title='bbox 3469 2561 3787 2604; x_wconf 87' lang='lat' dir='ltr'><strong>sermonem</strong></span> 
     </span>
    </p>
   </div>
   <div class='ocr_carea' id='block_1_56' title="bbox 2177 2643 3790 2720">
    <p class='ocr_par' dir='ltr' id='par_1_56' title="bbox 2177 2643 3790 2720">
     <span class='ocr_line' id='line_1_56' title="bbox 2177 2643 3790 2720; baseline -0.004 -17"><span class='ocrx_word' id='word_1_381' title='bbox 2177 2648 2296 2718; x_wconf 92' lang='lat' dir='ltr'><strong>ipso</strong></span> <span class='ocrx_word' id='word_1_382' title='bbox 2326 2662 2465 2720; x_wconf 89' lang='lat' dir='ltr'><strong>pene</strong></span> <span class='ocrx_word' id='word_1_383' title='bbox 2517 2648 2671 2719; x_wconf 89' lang='lat' dir='ltr'><strong>apice</strong></span> <span class='ocrx_word' id='word_1_384' title='bbox 2701 2653 3036 2713; x_wconf 89' lang='lat' dir='ltr'><strong>transeunte,</strong></span> <span class='ocrx_word' id='word_1_385' title='bbox 3064 2653 3156 2702; x_wconf 91' lang='lat' dir='ltr'><strong>aut</strong></span> <span class='ocrx_word' id='word_1_386' title='bbox 3193 2658 3354 2702; x_wconf 85' lang='lat' dir='ltr'><strong>sensu</strong></span> <span class='ocrx_word' id='word_1_387' title='bbox 3410 2643 3654 2698; x_wconf 88' lang='lat' dir='ltr'><strong>retinere</strong></span> <span class='ocrx_word' id='word_1_388' title='bbox 3693 2648 3790 2696; x_wconf 86' lang='lat' dir='ltr'><strong>aut</strong></span> 
     </span>
    </p>
   </div>
   <div class='ocr_carea' id='block_1_57' title="bbox 2176 2736 3784 2813">
    <p class='ocr_par' dir='ltr' id='par_1_57' title="bbox 2176 2736 3784 2813">
     <span class='ocr_line' id='line_1_57' title="bbox 2176 2736 3784 2813; baseline -0.005 -16"><span class='ocrx_word' id='word_1_389' title='bbox 2176 2741 2466 2812; x_wconf 86' lang='lat' dir='ltr'><strong>concipere</strong></span> <span class='ocrx_word' id='word_1_390' title='bbox 2492 2749 2693 2813; x_wconf 86' lang='lat' dir='ltr'><strong>potest,</strong></span> <span class='ocrx_word' id='word_1_391' title='bbox 2723 2740 2804 2796; x_wconf 88' lang='lat' dir='ltr'><strong>vir</strong></span> <span class='ocrx_word' id='word_1_392' title='bbox 2831 2738 3071 2794; x_wconf 82' lang='lat' dir='ltr'><strong>nobilis?</strong></span> <span class='ocrx_word' id='word_1_393' title='bbox 3097 2753 3217 2796; x_wconf 90' lang='lat' dir='ltr'><strong>cum</strong></span> <span class='ocrx_word' id='word_1_394' title='bbox 3240 2736 3309 2792; x_wconf 89' lang='lat' dir='ltr'><strong>ad</strong></span> <span class='ocrx_word' id='word_1_395' title='bbox 3337 2743 3635 2792; x_wconf 86' lang='lat' dir='ltr'><strong>tractatum</strong></span> <span class='ocrx_word' id='word_1_396' title='bbox 3666 2749 3784 2790; x_wconf 90' lang='lat' dir='ltr'><strong>om-</strong></span> 
     </span>
    </p>
   </div>
   <div class='ocr_carea' id='block_1_58' title="bbox 2177 2830 3784 2908">
    <p class='ocr_par' dir='ltr' id='par_1_58' title="bbox 2177 2830 3784 2908">
     <span class='ocr_line' id='line_1_58' title="bbox 2177 2830 3784 2908; baseline -0.006 -16"><span class='ocrx_word' id='word_1_397' title='bbox 2177 2853 2304 2894; x_wconf 90' lang='lat' dir='ltr'><strong>nem</strong></span> <span class='ocrx_word' id='word_1_398' title='bbox 2317 2836 2884 2908; x_wconf 88' lang='lat' dir='ltr'><strong>disceptationemque</strong></span> <span class='ocrx_word' id='word_1_399' title='bbox 2897 2843 2953 2890; x_wconf 88' lang='lat' dir='ltr'><strong>et</strong></span> <span class='ocrx_word' id='word_1_400' title='bbox 2971 2833 3140 2890; x_wconf 86' lang='lat' dir='ltr'><strong>verba</strong></span> <span class='ocrx_word' id='word_1_401' title='bbox 3159 2841 3214 2889; x_wconf 92' lang='lat' dir='ltr'><strong>et</strong></span> <span class='ocrx_word' id='word_1_402' title='bbox 3226 2845 3424 2888; x_wconf 87' lang='lat' dir='ltr'><strong>sensus</strong></span> <span class='ocrx_word' id='word_1_403' title='bbox 3443 2839 3502 2887; x_wconf 89' lang='lat' dir='ltr'><strong>et</strong></span> <span class='ocrx_word' id='word_1_404' title='bbox 3520 2830 3784 2885; x_wconf 81' lang='lat' dir='ltr'><strong>interiora</strong></span> 
     </span>
    </p>
   </div>
   <div class='ocr_carea' id='block_1_59' title="bbox 2177 2923 3784 3002">
    <p class='ocr_par' dir='ltr' id='par_1_59' title="bbox 2177 2923 3784 3002">
     <span class='ocr_line' id='line_1_59' title="bbox 2177 2923 3784 3002; baseline -0.006 -14"><span class='ocrx_word' id='word_1_405' title='bbox 2177 2931 2288 2988; x_wconf 85' lang='lat' dir='ltr'><strong>sint</strong></span> <span class='ocrx_word' id='word_1_406' title='bbox 2311 2931 2513 3002; x_wconf 80' lang='lat' dir='ltr'><strong>negotii</strong></span> <span class='ocrx_word' id='word_1_407' title='bbox 2544 2929 2947 3001; x_wconf 82' lang='lat' dir='ltr'><strong>pertractanda.</strong></span> <span class='ocrx_word' id='word_1_408' title='bbox 2974 2928 3118 3002; x_wconf 88' lang='lat' dir='ltr'><strong>Ergo</strong></span> <span class='ocrx_word' id='word_1_409' title='bbox 3157 2941 3281 2986; x_wconf 90' lang='lat' dir='ltr'><strong>cum</strong></span> <span class='ocrx_word' id='word_1_410' title='bbox 3310 2926 3382 2983; x_wconf 86' lang='lat' dir='ltr'><strong>de</strong></span> <span class='ocrx_word' id='word_1_411' title='bbox 3411 2923 3619 2981; x_wconf 86' lang='lat' dir='ltr'><strong>scheda</strong></span> <span class='ocrx_word' id='word_1_412' title='bbox 3648 2923 3784 2995; x_wconf 82' lang='lat' dir='ltr'><strong>legi-</strong></span> 
     </span>
    </p>
   </div>
   <div class='ocr_carea' id='block_1_60' title="bbox 2177 3019 3784 3093">
    <p class='ocr_par' dir='ltr' id='par_1_60' title="bbox 2177 3019 3784 3093">
     <span class='ocr_line' id='line_1_60' title="bbox 2177 3019 3784 3093; baseline -0.006 -13"><span class='ocrx_word' id='word_1_413' title='bbox 2177 3033 2287 3092; x_wconf 91' lang='lat' dir='ltr'><strong>tur,</strong></span> <span class='ocrx_word' id='word_1_414' title='bbox 2314 3033 2368 3080; x_wconf 68' lang='grc' dir='ltr'><strong>ει</strong></span> <span class='ocrx_word' id='word_1_415' title='bbox 2397 3024 2544 3080; x_wconf 86' lang='lat' dir='ltr'><strong>leves</strong></span> <span class='ocrx_word' id='word_1_416' title='bbox 2588 3037 2753 3080; x_wconf 87' lang='lat' dir='ltr'><strong>voces</strong></span> <span class='ocrx_word' id='word_1_417' title='bbox 2797 3038 2931 3084; x_wconf 85' lang='lat' dir='ltr'><strong>aura</strong></span> <span class='ocrx_word' id='word_1_418' title='bbox 2970 3019 3371 3093; x_wconf 82' lang='lat' dir='ltr'><strong>quodammodo</strong></span> <span class='ocrx_word' id='word_1_419' title='bbox 3424 3019 3784 3081; x_wconf 89' lang='lat' dir='ltr'><strong>ventilantur,</strong></span> 
     </span>
    </p>
   </div>
   <div class='ocr_carea' id='block_1_61' title="bbox 2175 3107 3788 3187">
    <p class='ocr_par' dir='ltr' id='par_1_61' title="bbox 2175 3107 3788 3187">
     <span class='ocr_line' id='line_1_61' title="bbox 2175 3107 3788 3187; baseline -0.007 -14"><span class='ocrx_word' id='word_1_420' title='bbox 2175 3130 2369 3174; x_wconf 89' lang='lat' dir='ltr'><strong>sensus</strong></span> <span class='ocrx_word' id='word_1_421' title='bbox 2391 3116 2563 3172; x_wconf 86' lang='lat' dir='ltr'><strong>nostri</strong></span> <span class='ocrx_word' id='word_1_422' title='bbox 2590 3131 2786 3187; x_wconf 80' lang='lat' dir='ltr'><strong>capere</strong></span> <span class='ocrx_word' id='word_1_423' title='bbox 2837 3123 2895 3172; x_wconf 90' lang='lat' dir='ltr'><strong>et</strong></span> <span class='ocrx_word' id='word_1_424' title='bbox 2942 3115 3182 3174; x_wconf 82' lang='lat' dir='ltr'><strong>retinere</strong></span> <span class='ocrx_word' id='word_1_425' title='bbox 3232 3127 3341 3168; x_wconf 91' lang='lat' dir='ltr'><strong>non</strong></span> <span class='ocrx_word' id='word_1_426' title='bbox 3392 3119 3649 3182; x_wconf 88' lang='lat' dir='ltr'><strong>possunt.</strong></span> <span class='ocrx_word' id='word_1_427' title='bbox 3683 3107 3788 3165; x_wconf 86' lang='lat' dir='ltr'><strong>Ubi</strong></span> 
     </span>
    </p>
   </div>
   <div class='ocr_carea' id='block_1_62' title="bbox 467 3200 2072 3275">
    <p class='ocr_par' dir='ltr' id='par_1_62' title="bbox 467 3204 2068 3274">
     <span class='ocr_line' id='line_1_62' title="bbox 467 3204 2068 3274; baseline -0.004 -12"><span class='ocrx_word' id='word_1_428' title='bbox 467 3207 662 3262; x_wconf 90' lang='lat' dir='ltr'><strong>suevit.</strong></span> <span class='ocrx_word' id='word_1_429' title='bbox 719 3205 790 3262; x_wconf 88' lang='lat' dir='ltr'><strong>Et</strong></span> <span class='ocrx_word' id='word_1_430' title='bbox 833 3207 939 3262; x_wconf 87' lang='lat' dir='ltr'><strong>alia</strong></span> <span class='ocrx_word' id='word_1_431' title='bbox 987 3223 1163 3262; x_wconf 87' lang='lat' dir='ltr'><strong>manu.</strong></span> <span class='ocrx_word' id='word_1_432' title='bbox 1221 3205 1517 3262; x_wconf 90' lang='lat' dir='ltr'><strong>Petilianus</strong></span> <span class='ocrx_word' id='word_1_433' title='bbox 1571 3204 1861 3274; x_wconf 89' lang='lat' dir='ltr'><strong>episcopus</strong></span> <span class='ocrx_word' id='word_1_434' title='bbox 1909 3214 2068 3257; x_wconf 89' lang='lat' dir='ltr'><strong>reco-</strong></span> 
     </span>
    </p>
   </div>
   <div class='ocr_carea' id='block_1_63' title="bbox 2185 3200 3789 3275">
    <p class='ocr_par' dir='ltr' id='par_1_63' title="bbox 2185 3200 3789 3275">
     <span class='ocr_line' id='line_1_63' title="bbox 2185 3200 3789 3275; baseline -0.006 -9"><span class='ocrx_word' id='word_1_435' title='bbox 2185 3208 2285 3266; x_wconf 89' lang='lat' dir='ltr'><strong>hoc</strong></span> <span class='ocrx_word' id='word_1_436' title='bbox 2313 3219 2408 3268; x_wconf 82' lang='lat' dir='ltr'><strong>aut</strong></span> <span class='ocrx_word' id='word_1_437' title='bbox 2433 3211 2518 3266; x_wconf 91' lang='lat' dir='ltr'><strong>cui</strong></span> <span class='ocrx_word' id='word_1_438' title='bbox 2543 3224 2862 3266; x_wconf 86' lang='lat' dir='ltr'><strong>concessum</strong></span> <span class='ocrx_word' id='word_1_439' title='bbox 2884 3209 3012 3268; x_wconf 79' lang='lat' dir='ltr'><strong>est?</strong></span> <span class='ocrx_word' id='word_1_440' title='bbox 3035 3207 3096 3264; x_wconf 89' lang='lat' dir='ltr'><strong>Si</strong></span> <span class='ocrx_word' id='word_1_441' title='bbox 3122 3207 3222 3266; x_wconf 84' lang='lat' dir='ltr'><strong>hac</strong></span> <span class='ocrx_word' id='word_1_442' title='bbox 3275 3204 3538 3264; x_wconf 84' lang='lat' dir='ltr'><strong>felicitate</strong></span> <span class='ocrx_word' id='word_1_443' title='bbox 3581 3200 3789 3275; x_wconf 80' lang='lat' dir='ltr'><strong>ingenii</strong></span> 
     </span>
    </p>
   </div>
   <div class='ocr_carea' id='block_1_64' title="bbox 504 3319 648 3360">
    <p class='ocr_par' dir='ltr' id='par_1_64' title="bbox 504 3319 648 3360">
     <span class='ocr_line' id='line_1_64' title="bbox 504 3319 648 3360; baseline 0.021 -4"><span class='ocrx_word' id='word_1_444' title='bbox 504 3319 648 3360; x_wconf 80' lang='lat' dir='ltr'><strong>IIOVI.</strong></span> 
     </span>
    </p>
   </div>
   <div class='ocr_carea' id='block_1_65' title="bbox 466 3319 2074 3466">
    <p class='ocr_par' dir='ltr' id='par_1_65' title="bbox 466 3319 2074 3466">
     <span class='ocr_line' id='line_1_65' title="bbox 504 3319 648 3360; baseline 0.021 -4"><span class='ocrx_word' id='word_1_445' title='bbox 504 3319 648 3360; x_wconf 79' lang='lat' dir='ltr'><strong>novr.</strong></span> 
     </span>
     <span class='ocr_line' id='line_1_66' title="bbox 466 3319 2074 3466; baseline -0.004 -16"><span class='ocrx_word' id='word_1_446' title='bbox 466 3319 631 3450; x_wconf 74' lang='grc'><strong>817.</strong></span> <span class='ocrx_word' id='word_1_447' title='bbox 687 3394 1101 3451; x_wconf 81' lang='lat' dir='ltr'><strong>Fortunatianus</strong></span> <span class='ocrx_word' id='word_1_448' title='bbox 1162 3394 1436 3466; x_wconf 78' lang='lat' dir='ltr'><strong>episcopus</strong></span> <span class='ocrx_word' id='word_1_449' title='bbox 1496 3391 1740 3448; x_wconf 63' lang='lat' dir='ltr'><strong>Ecclesia</strong></span> <span class='ocrx_word' id='word_1_450' title='bbox 1801 3387 2074 3445; x_wconf 63' lang='lat' dir='ltr'><strong>catholica:</strong></span> 
     </span>
    </p>
   </div>
   <div class='ocr_carea' id='block_1_66' title="bbox 467 3482 2071 3562">
    <p class='ocr_par' dir='ltr' id='par_1_66' title="bbox 467 3482 2071 3562">
     <span class='ocr_line' id='line_1_67' title="bbox 467 3482 2071 3562; baseline -0.002 -20"><span class='ocrx_word' id='word_1_451' title='bbox 467 3490 620 3544; x_wconf 83' lang='lat' dir='ltr'><strong>dixit.</strong></span> <span class='ocrx_word' id='word_1_452' title='bbox 651 3489 930 3547; x_wconf 88' lang='lat' dir='ltr'><strong>Testatum</strong></span> <span class='ocrx_word' id='word_1_453' title='bbox 960 3490 1031 3546; x_wconf 90' lang='lat' dir='ltr'><strong>sit</strong></span> <span class='ocrx_word' id='word_1_454' title='bbox 1059 3498 1269 3562; x_wconf 90' lang='lat' dir='ltr'><strong>partem</strong></span> <span class='ocrx_word' id='word_1_455' title='bbox 1297 3488 1579 3544; x_wconf 84' lang='lat' dir='ltr'><strong>adversam</strong></span> <span class='ocrx_word' id='word_1_456' title='bbox 1613 3485 1886 3552; x_wconf 81' lang='lat' dir='ltr'><strong>noluisse,</strong></span> <span class='ocrx_word' id='word_1_457' title='bbox 1923 3482 2071 3554; x_wconf 86' lang='lat' dir='ltr'><strong>quod</strong></span> 
     </span>
    </p>
   </div>
   <div class='ocr_carea' id='block_1_67' title="bbox 467 3581 2069 3657">
    <p class='ocr_par' dir='ltr' id='par_1_67' title="bbox 467 3581 2069 3657">
     <span class='ocr_line' id='line_1_68' title="bbox 467 3581 2069 3657; baseline -0.002 -18"><span class='ocrx_word' id='word_1_458' title='bbox 467 3583 646 3639; x_wconf 86' lang='lat' dir='ltr'><strong>edicto</strong></span> <span class='ocrx_word' id='word_1_459' title='bbox 677 3583 982 3642; x_wconf 85' lang='lat' dir='ltr'><strong>nobilitatis</strong></span> <span class='ocrx_word' id='word_1_460' title='bbox 1008 3595 1113 3641; x_wconf 72' lang='lat' dir='ltr'><strong>tua:</strong></span> <span class='ocrx_word' id='word_1_461' title='bbox 1142 3585 1476 3657; x_wconf 79' lang='lat' dir='ltr'><strong>publicatum</strong></span> <span class='ocrx_word' id='word_1_462' title='bbox 1504 3592 1607 3641; x_wconf 89' lang='lat' dir='ltr'><strong>est.</strong></span> <span class='ocrx_word' id='word_1_463' title='bbox 1645 3581 1717 3637; x_wconf 86' lang='lat' dir='ltr'><strong>Et</strong></span> <span class='ocrx_word' id='word_1_464' title='bbox 1744 3581 1851 3637; x_wconf 85' lang='lat' dir='ltr'><strong>alia</strong></span> <span class='ocrx_word' id='word_1_465' title='bbox 1885 3596 2069 3637; x_wconf 82' lang='lat' dir='ltr'><strong>manu.</strong></span> 
     </span>
    </p>
   </div>
   <div class='ocr_carea' id='block_1_68' title="bbox 467 3675 797 3749">
    <p class='ocr_par' dir='ltr' id='par_1_68' title="bbox 467 3675 797 3749">
     <span class='ocr_line' id='line_1_69' title="bbox 467 3675 797 3749; baseline 0 -17"><span class='ocrx_word' id='word_1_466' title='bbox 467 3675 797 3749; x_wconf 81' lang='lat' dir='ltr'><strong>Recognovi.</strong></span> 
     </span>
    </p>
   </div>
   <div class='ocr_carea' id='block_1_69' title="bbox 541 3769 2075 3842">
    <p class='ocr_par' dir='ltr' id='par_1_69' title="bbox 541 3769 2075 3842">
     <span class='ocr_line' id='line_1_70' title="bbox 541 3769 2075 3842; baseline -0.001 -16"><span class='ocrx_word' id='word_1_467' title='bbox 541 3771 626 3829; x_wconf 88' lang='grc'><strong>18.</strong></span> <span class='ocrx_word' id='word_1_468' title='bbox 662 3770 958 3828; x_wconf 85' lang='lat' dir='ltr'><strong>Petilianus</strong></span> <span class='ocrx_word' id='word_1_469' title='bbox 987 3773 1258 3842; x_wconf 84' lang='lat' dir='ltr'><strong>episcopus</strong></span> <span class='ocrx_word' id='word_1_470' title='bbox 1303 3773 1456 3828; x_wconf 71' lang='lat' dir='ltr'><strong>dixit.</strong></span> <span class='ocrx_word' id='word_1_471' title='bbox 1512 3770 1798 3829; x_wconf 89' lang='lat' dir='ltr'><strong>Testatum</strong></span> <span class='ocrx_word' id='word_1_472' title='bbox 1843 3769 1916 3825; x_wconf 86' lang='lat' dir='ltr'><strong>sit</strong></span> <span class='ocrx_word' id='word_1_473' title='bbox 1969 3782 2075 3825; x_wconf 86' lang='lat' dir='ltr'><strong>vos-</strong></span> 
     </span>
    </p>
   </div>
   <div class='ocr_carea' id='block_1_70' title="bbox 464 3865 2069 3938">
    <p class='ocr_par' dir='ltr' id='par_1_70' title="bbox 464 3865 2069 3938">
     <span class='ocr_line' id='line_1_71' title="bbox 464 3865 2069 3938; baseline 0.001 -19"><span class='ocrx_word' id='word_1_474' title='bbox 464 3865 642 3922; x_wconf 89' lang='lat' dir='ltr'><strong>adhuc</strong></span> <span class='ocrx_word' id='word_1_475' title='bbox 701 3865 975 3924; x_wconf 86' lang='lat' dir='ltr'><strong>Ecclesias</strong></span> <span class='ocrx_word' id='word_1_476' title='bbox 1029 3867 1314 3938; x_wconf 90' lang='lat' dir='ltr'><strong>plerasque</strong></span> <span class='ocrx_word' id='word_1_477' title='bbox 1374 3882 1482 3923; x_wconf 93' lang='lat' dir='ltr'><strong>non</strong></span> <span class='ocrx_word' id='word_1_478' title='bbox 1550 3866 1858 3922; x_wconf 87' lang='lat' dir='ltr'><strong>reddidisse</strong></span> <span class='ocrx_word' id='word_1_479' title='bbox 1884 3907 1899 3932; x_wconf 93' lang='lat'><strong>,</strong></span> <span class='ocrx_word' id='word_1_480' title='bbox 1965 3877 2069 3920; x_wconf 90' lang='lat' dir='ltr'><strong>nec</strong></span> 
     </span>
    </p>
   </div>
   <div class='ocr_carea' id='block_1_71' title="bbox 463 3954 2078 4032">
    <p class='ocr_par' dir='ltr' id='par_1_71' title="bbox 463 3954 2078 4032">
     <span class='ocr_line' id='line_1_72' title="bbox 463 3954 2078 4032; baseline -0.004 -17"><span class='ocrx_word' id='word_1_481' title='bbox 463 3958 660 4017; x_wconf 88' lang='lat' dir='ltr'><strong>fecisse</strong></span> <span class='ocrx_word' id='word_1_482' title='bbox 706 3961 840 4018; x_wconf 89' lang='lat' dir='ltr'><strong>satis</strong></span> <span class='ocrx_word' id='word_1_483' title='bbox 885 3959 1054 4032; x_wconf 86' lang='lat' dir='ltr'><strong>priori</strong></span> <span class='ocrx_word' id='word_1_484' title='bbox 1080 3960 1199 4032; x_wconf 89' lang='lat' dir='ltr'><strong>ejus</strong></span> <span class='ocrx_word' id='word_1_485' title='bbox 1243 3959 1443 4017; x_wconf 89' lang='lat' dir='ltr'><strong>edicto.</strong></span> <span class='ocrx_word' id='word_1_486' title='bbox 1497 3959 1566 4015; x_wconf 81' lang='lat' dir='ltr'><strong>Et</strong></span> <span class='ocrx_word' id='word_1_487' title='bbox 1611 3959 1720 4015; x_wconf 85' lang='lat' dir='ltr'><strong>alia</strong></span> <span class='ocrx_word' id='word_1_488' title='bbox 1763 3972 1941 4014; x_wconf 80' lang='lat' dir='ltr'><strong>manu.</strong></span> <span class='ocrx_word' id='word_1_489' title='bbox 1997 3954 2078 4011; x_wconf 83' lang='lat' dir='ltr'><strong>Ut</strong></span> 
     </span>
    </p>
   </div>
   <div class='ocr_carea' id='block_1_72' title="bbox 461 4069 646 4125">
    <p class='ocr_par' dir='ltr' id='par_1_72' title="bbox 461 4069 646 4125">
     <span class='ocr_line' id='line_1_73' title="bbox 461 4069 646 4125; baseline 0.005 -16"><span class='ocrx_word' id='word_1_490' title='bbox 461 4069 646 4125; x_wconf 85' lang='lat' dir='ltr'><strong>supra.</strong></span> 
     </span>
    </p>
   </div>
   <div class='ocr_carea' id='block_1_73' title="bbox 538 4143 2076 4210">
    <p class='ocr_par' dir='ltr' id='par_1_73' title="bbox 538 4143 2076 4210">
     <span class='ocr_line' id='line_1_74' title="bbox 538 4143 2076 4210; baseline -0.005 -3"><span class='ocrx_word' id='word_1_491' title='bbox 538 4155 624 4210; x_wconf 88' lang='grc'><strong>19.</strong></span> <span class='ocrx_word' id='word_1_492' title='bbox 655 4151 992 4206; x_wconf 83' lang='lat' dir='ltr'><strong>Marcellinus</strong></span> <span class='ocrx_word' id='word_1_493' title='bbox 1011 4152 1087 4205; x_wconf 80' lang='lat' dir='ltr'><strong>vir</strong></span> <span class='ocrx_word' id='word_1_494' title='bbox 1107 4149 1423 4204; x_wconf 79' lang='lat' dir='ltr'><strong>clarissimus</strong></span> <span class='ocrx_word' id='word_1_495' title='bbox 1451 4147 1688 4202; x_wconf 85' lang='lat' dir='ltr'><strong>tribunus</strong></span> <span class='ocrx_word' id='word_1_496' title='bbox 1728 4156 1778 4201; x_wconf 85' lang='lat' dir='ltr'><strong>et</strong></span> <span class='ocrx_word' id='word_1_497' title='bbox 1832 4143 2076 4200; x_wconf 69' lang='lat' dir='ltr'><strong>notarius</strong></span> 
     </span>
    </p>
   </div>
   <div class='ocr_carea' id='block_1_74' title="bbox 464 4240 2072 4314">
    <p class='ocr_par' dir='ltr' id='par_1_74' title="bbox 464 4240 2072 4314">
     <span class='ocr_line' id='line_1_75' title="bbox 464 4240 2072 4314; baseline -0.004 -16"><span class='ocrx_word' id='word_1_498' title='bbox 464 4244 617 4300; x_wconf 83' lang='lat' dir='ltr'><strong>dixit.</strong></span> <span class='ocrx_word' id='word_1_499' title='bbox 647 4243 790 4314; x_wconf 85' lang='lat' dir='ltr'><strong>Ergo</strong></span> <span class='ocrx_word' id='word_1_500' title='bbox 830 4243 899 4298; x_wconf 93' lang='lat' dir='ltr'><strong>ad</strong></span> <span class='ocrx_word' id='word_1_501' title='bbox 942 4242 1207 4314; x_wconf 76' lang='lat' dir='ltr'><strong>integram</strong></span> <span class='ocrx_word' id='word_1_502' title='bbox 1257 4251 1542 4313; x_wconf 88' lang='lat' dir='ltr'><strong>gestorum</strong></span> <span class='ocrx_word' id='word_1_503' title='bbox 1593 4240 1753 4297; x_wconf 85' lang='lat' dir='ltr'><strong>fidem</strong></span> <span class='ocrx_word' id='word_1_504' title='bbox 1809 4247 2072 4297; x_wconf 83' lang='lat' dir='ltr'><strong>contenta</strong></span> 
     </span>
    </p>
   </div>
   <div class='ocr_carea' id='block_1_75' title="bbox 463 4333 2076 4408">
    <p class='ocr_par' dir='ltr' id='par_1_75' title="bbox 463 4333 2076 4408">
     <span class='ocr_line' id='line_1_76' title="bbox 463 4333 2076 4408; baseline -0.001 -17"><span class='ocrx_word' id='word_1_505' title='bbox 463 4346 550 4392; x_wconf 90' lang='lat' dir='ltr'><strong>est</strong></span> <span class='ocrx_word' id='word_1_506' title='bbox 585 4338 844 4394; x_wconf 86' lang='lat' dir='ltr'><strong>sanctitas</strong></span> <span class='ocrx_word' id='word_1_507' title='bbox 871 4345 1054 4394; x_wconf 87' lang='lat' dir='ltr'><strong>vestra</strong></span> <span class='ocrx_word' id='word_1_508' title='bbox 1072 4336 1396 4394; x_wconf 89' lang='lat' dir='ltr'><strong>custodibus</strong></span> <span class='ocrx_word' id='word_1_509' title='bbox 1424 4337 1494 4394; x_wconf 90' lang='lat' dir='ltr'><strong>ab</strong></span> <span class='ocrx_word' id='word_1_510' title='bbox 1527 4345 1760 4408; x_wconf 87' lang='lat' dir='ltr'><strong>utraque</strong></span> <span class='ocrx_word' id='word_1_511' title='bbox 1791 4343 1945 4406; x_wconf 87' lang='lat' dir='ltr'><strong>parte</strong></span> <span class='ocrx_word' id='word_1_512' title='bbox 1973 4333 2076 4390; x_wconf 51' lang='lat' dir='ltr'><strong>de:</strong></span> 
     </span>
    </p>
   </div>
   <div class='ocr_carea' id='block_1_76' title="bbox 461 4427 2071 4502">
    <p class='ocr_par' dir='ltr' id='par_1_76' title="bbox 461 4427 2071 4502">
     <span class='ocr_line' id='line_1_77' title="bbox 461 4427 2071 4502; baseline 0 -18"><span class='ocrx_word' id='word_1_513' title='bbox 461 4428 638 4499; x_wconf 89' lang='lat' dir='ltr'><strong>lectis,</strong></span> <span class='ocrx_word' id='word_1_514' title='bbox 653 4430 744 4502; x_wconf 87' lang='lat' dir='ltr'><strong>qui</strong></span> <span class='ocrx_word' id='word_1_515' title='bbox 777 4431 1002 4488; x_wconf 87' lang='lat' dir='ltr'><strong>notariis</strong></span> <span class='ocrx_word' id='word_1_516' title='bbox 1042 4439 1101 4487; x_wconf 93' lang='lat' dir='ltr'><strong>et</strong></span> <span class='ocrx_word' id='word_1_517' title='bbox 1126 4431 1514 4502; x_wconf 74' lang='lat' dir='ltr'><strong>exceptat-ibus</strong></span> <span class='ocrx_word' id='word_1_518' title='bbox 1539 4427 2071 4501; x_wconf 83' lang='lat' dir='ltr'><strong>videnturappositi.</strong></span> 
     </span>
    </p>
   </div>
   <div class='ocr_carea' id='block_1_77' title="bbox 536 4521 2075 4598">
    <p class='ocr_par' dir='ltr' id='par_1_77' title="bbox 536 4521 2075 4598">
     <span class='ocr_line' id='line_1_78' title="bbox 536 4521 2075 4598; baseline 0 -20"><span class='ocrx_word' id='word_1_519' title='bbox 536 4525 626 4582; x_wconf 82' lang='lat'><strong>20.</strong></span> <span class='ocrx_word' id='word_1_520' title='bbox 658 4523 947 4581; x_wconf 86' lang='lat' dir='ltr'><strong>Petilianus</strong></span> <span class='ocrx_word' id='word_1_521' title='bbox 977 4527 1247 4598; x_wconf 78' lang='lat' dir='ltr'><strong>episcOpus</strong></span> <span class='ocrx_word' id='word_1_522' title='bbox 1276 4526 1428 4582; x_wconf 80' lang='lat' dir='ltr'><strong>dixit.</strong></span> <span class='ocrx_word' id='word_1_523' title='bbox 1457 4525 1700 4589; x_wconf 77' lang='lat' dir='ltr'><strong>Edanttir</strong></span> <span class='ocrx_word' id='word_1_524' title='bbox 1742 4523 1902 4581; x_wconf 86' lang='lat' dir='ltr'><strong>nobis</strong></span> <span class='ocrx_word' id='word_1_525' title='bbox 1957 4521 2075 4594; x_wconf 80' lang='lat' dir='ltr'><strong>pri-</strong></span> 
     </span>
    </p>
   </div>
   <div class='ocr_carea' id='block_1_78' title="bbox 2180 3295 3788 3375">
    <p class='ocr_par' dir='ltr' id='par_1_78' title="bbox 2180 3295 3788 3375">
     <span class='ocr_line' id='line_1_79' title="bbox 2180 3295 3788 3375; baseline -0.006 -17"><span class='ocrx_word' id='word_1_526' title='bbox 2180 3301 2441 3375; x_wconf 87' lang='lat' dir='ltr'><strong>gaudent,</strong></span> <span class='ocrx_word' id='word_1_527' title='bbox 2470 3316 2577 3358; x_wconf 90' lang='lat' dir='ltr'><strong>non</strong></span> <span class='ocrx_word' id='word_1_528' title='bbox 2604 3318 2666 3358; x_wconf 88' lang='lat' dir='ltr'><strong>se</strong></span> <span class='ocrx_word' id='word_1_529' title='bbox 2685 3301 2896 3373; x_wconf 81' lang='lat' dir='ltr'><strong>jactent</strong></span> <span class='ocrx_word' id='word_1_530' title='bbox 2918 3300 2986 3357; x_wconf 92' lang='lat' dir='ltr'><strong>de</strong></span> <span class='ocrx_word' id='word_1_531' title='bbox 3009 3297 3315 3370; x_wconf 82' lang='lat' dir='ltr'><strong>arrogantia</strong></span> <span class='ocrx_word' id='word_1_532' title='bbox 3338 3295 3621 3354; x_wconf 75' lang='lat' dir='ltr'><strong>memoria:</strong></span> <span class='ocrx_word' id='word_1_533' title='bbox 3648 3309 3788 3350; x_wconf 69' lang='lat' dir='ltr'><strong>suae.</strong></span> 
     </span>
    </p>
   </div>
   <div class='ocr_carea' id='block_1_79' title="bbox 2177 3393 3796 3466">
    <p class='ocr_par' dir='ltr' id='par_1_79' title="bbox 2177 3393 3796 3466">
     <span class='ocr_line' id='line_1_80' title="bbox 2177 3393 3796 3466; baseline -0.006 -13"><span class='ocrx_word' id='word_1_534' title='bbox 2177 3395 2309 3453; x_wconf 81' lang='lat' dir='ltr'><strong>Mihi</strong></span> <span class='ocrx_word' id='word_1_535' title='bbox 2338 3404 2519 3453; x_wconf 89' lang='lat' dir='ltr'><strong>autem</strong></span> <span class='ocrx_word' id='word_1_536' title='bbox 2546 3410 2656 3452; x_wconf 91' lang='lat' dir='ltr'><strong>non</strong></span> <span class='ocrx_word' id='word_1_537' title='bbox 2704 3394 2963 3466; x_wconf 89' lang='lat' dir='ltr'><strong>competit</strong></span> <span class='ocrx_word' id='word_1_538' title='bbox 3011 3393 3119 3448; x_wconf 90' lang='lat' dir='ltr'><strong>nisi</strong></span> <span class='ocrx_word' id='word_1_539' title='bbox 3173 3394 3373 3462; x_wconf 65' lang='lat' dir='ltr'><strong>saepius</strong></span> <span class='ocrx_word' id='word_1_540' title='bbox 3420 3401 3682 3460; x_wconf 86' lang='lat' dir='ltr'><strong>repetere</strong></span> <span class='ocrx_word' id='word_1_541' title='bbox 3735 3396 3796 3445; x_wconf 88' lang='lat' dir='ltr'><strong>et</strong></span> 
     </span>
    </p>
   </div>
   <div class='ocr_carea' id='block_1_80' title="bbox 2178 3480 3794 3562">
    <p class='ocr_par' dir='ltr' id='par_1_80' title="bbox 2178 3480 3794 3562">
     <span class='ocr_line' id='line_1_81' title="bbox 2178 3480 3794 3562; baseline -0.009 -11"><span class='ocrx_word' id='word_1_542' title='bbox 2178 3493 2435 3551; x_wconf 88' lang='lat' dir='ltr'><strong>diuturna</strong></span> <span class='ocrx_word' id='word_1_543' title='bbox 2480 3492 2716 3548; x_wconf 86' lang='lat' dir='ltr'><strong>lectione</strong></span> <span class='ocrx_word' id='word_1_544' title='bbox 2759 3489 3000 3555; x_wconf 85' lang='lat' dir='ltr'><strong>edoceri,</strong></span> <span class='ocrx_word' id='word_1_545' title='bbox 3029 3496 3090 3544; x_wconf 92' lang='lat' dir='ltr'><strong>ut</strong></span> <span class='ocrx_word' id='word_1_546' title='bbox 3117 3486 3420 3548; x_wconf 77' lang='lat' dir='ltr'><strong>fidemveri</strong></span> <span class='ocrx_word' id='word_1_547' title='bbox 3457 3480 3794 3562; x_wconf 79' lang='lat' dir='ltr'><strong>[inveniam]</strong></span> 
     </span>
    </p>
   </div>
   <div class='ocr_carea' id='block_1_81' title="bbox 2182 3577 3799 3658">
    <p class='ocr_par' dir='ltr' id='par_1_81' title="bbox 2182 3577 3799 3658">
     <span class='ocr_line' id='line_1_82' title="bbox 2182 3577 3799 3658; baseline -0.008 -13"><span class='ocrx_word' id='word_1_548' title='bbox 2182 3597 2238 3645; x_wconf 89' lang='lat' dir='ltr'><strong>et</strong></span> <span class='ocrx_word' id='word_1_549' title='bbox 2266 3603 2390 3658; x_wconf 67' lang='lat' dir='ltr'><strong>qua:</strong></span> <span class='ocrx_word' id='word_1_550' title='bbox 2421 3585 2654 3644; x_wconf 84' lang='lat' dir='ltr'><strong>dixerim</strong></span> <span class='ocrx_word' id='word_1_551' title='bbox 2675 3584 2932 3657; x_wconf 87' lang='lat' dir='ltr'><strong>relegam,</strong></span> <span class='ocrx_word' id='word_1_552' title='bbox 2957 3591 3013 3642; x_wconf 89' lang='lat' dir='ltr'><strong>et</strong></span> <span class='ocrx_word' id='word_1_553' title='bbox 3030 3597 3150 3654; x_wconf 69' lang='lat' dir='ltr'><strong>qua:</strong></span> <span class='ocrx_word' id='word_1_554' title='bbox 3187 3578 3535 3639; x_wconf 84' lang='lat' dir='ltr'><strong>adversarius</strong></span> <span class='ocrx_word' id='word_1_555' title='bbox 3581 3577 3799 3648; x_wconf 67' lang='lat' dir='ltr'><strong>obiecit</strong></span> 
     </span>
    </p>
   </div>
   <div class='ocr_carea' id='block_1_82' title="bbox 2179 3673 3798 3752">
    <p class='ocr_par' dir='ltr' id='par_1_82' title="bbox 2179 3673 3798 3752">
     <span class='ocr_line' id='line_1_83' title="bbox 2179 3673 3798 3752; baseline -0.006 -13"><span class='ocrx_word' id='word_1_556' title='bbox 2179 3682 2485 3740; x_wconf 78' lang='lat' dir='ltr'><strong>advertam.</strong></span> <span class='ocrx_word' id='word_1_557' title='bbox 2508 3680 2776 3752; x_wconf 87' lang='lat' dir='ltr'><strong>Intelligis</strong></span> <span class='ocrx_word' id='word_1_558' title='bbox 2808 3679 2882 3734; x_wconf 88' lang='lat' dir='ltr'><strong>ita</strong></span> <span class='ocrx_word' id='word_1_559' title='bbox 2909 3693 3026 3736; x_wconf 89' lang='lat' dir='ltr'><strong>rem</strong></span> <span class='ocrx_word' id='word_1_560' title='bbox 3049 3691 3174 3734; x_wconf 89' lang='lat' dir='ltr'><strong>esse</strong></span> <span class='ocrx_word' id='word_1_561' title='bbox 3199 3684 3496 3748; x_wconf 85' lang='lat' dir='ltr'><strong>gestorum,</strong></span> <span class='ocrx_word' id='word_1_562' title='bbox 3523 3673 3657 3732; x_wconf 89' lang='lat' dir='ltr'><strong>ideo</strong></span> <span class='ocrx_word' id='word_1_563' title='bbox 3687 3688 3798 3730; x_wconf 77' lang='lat' dir='ltr'><strong>me-</strong></span> 
     </span>
    </p>
   </div>
   <div class='ocr_carea' id='block_1_83' title="bbox 2183 3765 3798 3844">
    <p class='ocr_par' dir='ltr' id='par_1_83' title="bbox 2183 3765 3798 3844">
     <span class='ocr_line' id='line_1_84' title="bbox 2183 3765 3798 3844; baseline -0.006 -13"><span class='ocrx_word' id='word_1_564' title='bbox 2183 3775 2374 3832; x_wconf 72' lang='lat' dir='ltr'><strong>moria:</strong></span> <span class='ocrx_word' id='word_1_565' title='bbox 2403 3773 2800 3844; x_wconf 81' lang='lat' dir='ltr'><strong>scripturarum</strong></span> <span class='ocrx_word' id='word_1_566' title='bbox 2825 3787 2921 3842; x_wconf 90' lang='lat' dir='ltr'><strong>per</strong></span> <span class='ocrx_word' id='word_1_567' title='bbox 2945 3771 3158 3828; x_wconf 91' lang='lat' dir='ltr'><strong>litteras</strong></span> <span class='ocrx_word' id='word_1_568' title='bbox 3183 3768 3495 3842; x_wconf 85' lang='lat' dir='ltr'><strong>digeruntur</strong></span> <span class='ocrx_word' id='word_1_569' title='bbox 3521 3808 3536 3830; x_wconf 91' lang='lat'><strong>,</strong></span> <span class='ocrx_word' id='word_1_570' title='bbox 3567 3782 3650 3824; x_wconf 85' lang='lat' dir='ltr'><strong>ne</strong></span> <span class='ocrx_word' id='word_1_571' title='bbox 3675 3765 3798 3823; x_wconf 80' lang='lat' dir='ltr'><strong>sola</strong></span> 
     </span>
    </p>
   </div>
   <div class='ocr_carea' id='block_1_84' title="bbox 2184 3861 3800 3938">
    <p class='ocr_par' dir='ltr' id='par_1_84' title="bbox 2184 3861 3800 3938">
     <span class='ocr_line' id='line_1_85' title="bbox 2184 3861 3800 3938; baseline -0.004 -14"><span class='ocrx_word' id='word_1_572' title='bbox 2184 3869 2451 3925; x_wconf 88' lang='lat' dir='ltr'><strong>memoria</strong></span> <span class='ocrx_word' id='word_1_573' title='bbox 2475 3882 2597 3938; x_wconf 68' lang='lat' dir='ltr'><strong>quas</strong></span> <span class='ocrx_word' id='word_1_574' title='bbox 2615 3881 2786 3938; x_wconf 82' lang='lat' dir='ltr'><strong>capax</strong></span> <span class='ocrx_word' id='word_1_575' title='bbox 2826 3879 2947 3922; x_wconf 89' lang='lat' dir='ltr'><strong>esse</strong></span> <span class='ocrx_word' id='word_1_576' title='bbox 2969 3881 3078 3922; x_wconf 91' lang='lat' dir='ltr'><strong>non</strong></span> <span class='ocrx_word' id='word_1_577' title='bbox 3107 3872 3306 3936; x_wconf 88' lang='lat' dir='ltr'><strong>potest.</strong></span> <span class='ocrx_word' id='word_1_578' title='bbox 3356 3861 3639 3919; x_wconf 87' lang='lat' dir='ltr'><strong>oblivione</strong></span> <span class='ocrx_word' id='word_1_579' title='bbox 3692 3861 3800 3918; x_wconf 79' lang='lat' dir='ltr'><strong>de-</strong></span> 
     </span>
    </p>
   </div>
   <div class='ocr_carea' id='block_1_85' title="bbox 2183 3955 3802 4033">
    <p class='ocr_par' dir='ltr' id='par_1_85' title="bbox 2183 3955 3802 4033">
     <span class='ocr_line' id='line_1_86' title="bbox 2183 3955 3802 4033; baseline -0.002 -17"><span class='ocrx_word' id='word_1_580' title='bbox 2183 3971 2340 4033; x_wconf 87' lang='lat' dir='ltr'><strong>cepta</strong></span> <span class='ocrx_word' id='word_1_581' title='bbox 2369 3961 2498 4032; x_wconf 86' lang='lat' dir='ltr'><strong>quid</strong></span> <span class='ocrx_word' id='word_1_582' title='bbox 2527 3961 2759 4030; x_wconf 84' lang='lat' dir='ltr'><strong>gesserit</strong></span> <span class='ocrx_word' id='word_1_583' title='bbox 2793 3959 3024 4016; x_wconf 88' lang='lat' dir='ltr'><strong>nesciat.</strong></span> <span class='ocrx_word' id='word_1_584' title='bbox 3076 3957 3264 4028; x_wconf 86' lang='lat' dir='ltr'><strong>Neque</strong></span> <span class='ocrx_word' id='word_1_585' title='bbox 3304 3955 3446 4016; x_wconf 85' lang='lat' dir='ltr'><strong>enim</strong></span> <span class='ocrx_word' id='word_1_586' title='bbox 3496 3956 3667 4014; x_wconf 81' lang='lat' dir='ltr'><strong>aliter</strong></span> <span class='ocrx_word' id='word_1_587' title='bbox 3711 3970 3802 4012; x_wconf 84' lang='lat' dir='ltr'><strong>sa-</strong></span> 
     </span>
    </p>
   </div>
   <div class='ocr_carea' id='block_1_86' title="bbox 2184 4051 3802 4128">
    <p class='ocr_par' dir='ltr' id='par_1_86' title="bbox 2184 4051 3802 4128">
     <span class='ocr_line' id='line_1_87' title="bbox 2184 4051 3802 4128; baseline -0.002 -17"><span class='ocrx_word' id='word_1_588' title='bbox 2184 4056 2388 4128; x_wconf 87' lang='lat' dir='ltr'><strong>pientia</strong></span> <span class='ocrx_word' id='word_1_589' title='bbox 2413 4056 2732 4126; x_wconf 88' lang='lat' dir='ltr'><strong>providente</strong></span> <span class='ocrx_word' id='word_1_590' title='bbox 2771 4055 3166 4126; x_wconf 86' lang='lat' dir='ltr'><strong>scripturarum</strong></span> <span class='ocrx_word' id='word_1_591' title='bbox 3211 4051 3403 4110; x_wconf 82' lang='lat' dir='ltr'><strong>notitia</strong></span> <span class='ocrx_word' id='word_1_592' title='bbox 3454 4065 3802 4108; x_wconf 68' lang='lat' dir='ltr'><strong>multumn-</strong></span> 
     </span>
    </p>
   </div>
   <div class='ocr_carea' id='block_1_87' title="bbox 2185 4144 3803 4222">
    <p class='ocr_par' dir='ltr' id='par_1_87' title="bbox 2185 4144 3803 4222">
     <span class='ocr_line' id='line_1_88' title="bbox 2185 4144 3803 4222; baseline -0.006 -15"><span class='ocrx_word' id='word_1_593' title='bbox 2185 4151 2366 4222; x_wconf 86' lang='lat' dir='ltr'><strong>tisque</strong></span> <span class='ocrx_word' id='word_1_594' title='bbox 2419 4151 2650 4221; x_wconf 86' lang='lat' dir='ltr'><strong>publicis</strong></span> <span class='ocrx_word' id='word_1_595' title='bbox 2692 4149 2909 4222; x_wconf 89' lang='lat' dir='ltr'><strong>provisa</strong></span> <span class='ocrx_word' id='word_1_596' title='bbox 2935 4158 3038 4214; x_wconf 91' lang='lat' dir='ltr'><strong>est,</strong></span> <span class='ocrx_word' id='word_1_597' title='bbox 3067 4148 3173 4206; x_wconf 87' lang='lat' dir='ltr'><strong>nisi</strong></span> <span class='ocrx_word' id='word_1_598' title='bbox 3205 4155 3265 4204; x_wconf 90' lang='lat' dir='ltr'><strong>ut</strong></span> <span class='ocrx_word' id='word_1_599' title='bbox 3291 4163 3357 4204; x_wconf 80' lang='lat' dir='ltr'><strong>ex</strong></span> <span class='ocrx_word' id='word_1_600' title='bbox 3380 4144 3646 4212; x_wconf 82' lang='lat' dir='ltr'><strong>lectione,</strong></span> <span class='ocrx_word' id='word_1_601' title='bbox 3673 4159 3803 4218; x_wconf 67' lang='lat' dir='ltr'><strong>qua</strong></span> 
     </span>
    </p>
   </div>
   <div class='ocr_carea' id='block_1_88' title="bbox 2187 4243 3807 4317">
    <p class='ocr_par' dir='ltr' id='par_1_88' title="bbox 2187 4243 3807 4317">
     <span class='ocr_line' id='line_1_89' title="bbox 2187 4243 3807 4317; baseline -0.004 -15"><span class='ocrx_word' id='word_1_602' title='bbox 2187 4261 2285 4317; x_wconf 90' lang='lat' dir='ltr'><strong>per</strong></span> <span class='ocrx_word' id='word_1_603' title='bbox 2316 4244 2790 4313; x_wconf 77' lang='lat' dir='ltr'><strong>silentiumforte,</strong></span> <span class='ocrx_word' id='word_1_604' title='bbox 2831 4253 2925 4301; x_wconf 90' lang='lat' dir='ltr'><strong>aut</strong></span> <span class='ocrx_word' id='word_1_605' title='bbox 2976 4259 3075 4316; x_wconf 86' lang='lat' dir='ltr'><strong>per</strong></span> <span class='ocrx_word' id='word_1_606' title='bbox 3126 4243 3349 4316; x_wconf 85' lang='lat' dir='ltr'><strong>longum</strong></span> <span class='ocrx_word' id='word_1_607' title='bbox 3379 4251 3587 4312; x_wconf 85' lang='lat' dir='ltr'><strong>tempus</strong></span> <span class='ocrx_word' id='word_1_608' title='bbox 3630 4282 3652 4308; x_wconf 88' lang='lat'><strong>,</strong></span> <span class='ocrx_word' id='word_1_609' title='bbox 3711 4249 3807 4298; x_wconf 81' lang='lat' dir='ltr'><strong>aut</strong></span> 
     </span>
    </p>
   </div>
   <div class='ocr_carea' id='block_1_89' title="bbox 2187 4335 3807 4412">
    <p class='ocr_par' dir='ltr' id='par_1_89' title="bbox 2187 4335 3807 4412">
     <span class='ocr_line' id='line_1_90' title="bbox 2187 4335 3807 4412; baseline -0.004 -17"><span class='ocrx_word' id='word_1_610' title='bbox 2187 4355 2286 4412; x_wconf 86' lang='lat' dir='ltr'><strong>per</strong></span> <span class='ocrx_word' id='word_1_611' title='bbox 2318 4340 2556 4410; x_wconf 88' lang='lat' dir='ltr'><strong>ipsorum</strong></span> <span class='ocrx_word' id='word_1_612' title='bbox 2595 4346 2812 4396; x_wconf 85' lang='lat' dir='ltr'><strong>actuum</strong></span> <span class='ocrx_word' id='word_1_613' title='bbox 2842 4335 3308 4394; x_wconf 87' lang='lat' dir='ltr'><strong>continuationem</strong></span> <span class='ocrx_word' id='word_1_614' title='bbox 3337 4336 3514 4392; x_wconf 89' lang='lat' dir='ltr'><strong>minus</strong></span> <span class='ocrx_word' id='word_1_615' title='bbox 3532 4335 3676 4406; x_wconf 83' lang='lat' dir='ltr'><strong>capi</strong></span> <span class='ocrx_word' id='word_1_616' title='bbox 3719 4342 3807 4390; x_wconf 88' lang='lat' dir='ltr'><strong>at-</strong></span> 
     </span>
    </p>
   </div>
   <div class='ocr_carea' id='block_1_90' title="bbox 2183 4429 3808 4504">
    <p class='ocr_par' dir='ltr' id='par_1_90' title="bbox 2183 4429 3808 4504">
     <span class='ocr_line' id='line_1_91' title="bbox 2183 4429 3808 4504; baseline -0.004 -16"><span class='ocrx_word' id='word_1_617' title='bbox 2183 4450 2294 4504; x_wconf 83' lang='lat' dir='ltr'><strong>que</strong></span> <span class='ocrx_word' id='word_1_618' title='bbox 2325 4435 2502 4490; x_wconf 90' lang='lat' dir='ltr'><strong>minus</strong></span> <span class='ocrx_word' id='word_1_619' title='bbox 2531 4432 2756 4504; x_wconf 85' lang='lat' dir='ltr'><strong>intelligi</strong></span> <span class='ocrx_word' id='word_1_620' title='bbox 2799 4440 3000 4503; x_wconf 83' lang='lat' dir='ltr'><strong>potest,</strong></span> <span class='ocrx_word' id='word_1_621' title='bbox 3042 4438 3099 4488; x_wconf 89' lang='lat' dir='ltr'><strong>et</strong></span> <span class='ocrx_word' id='word_1_622' title='bbox 3121 4447 3190 4488; x_wconf 79' lang='lat' dir='ltr'><strong>ex</strong></span> <span class='ocrx_word' id='word_1_623' title='bbox 3214 4429 3449 4488; x_wconf 88' lang='lat' dir='ltr'><strong>lectione</strong></span> <span class='ocrx_word' id='word_1_624' title='bbox 3491 4436 3546 4484; x_wconf 88' lang='lat' dir='ltr'><strong>et</strong></span> <span class='ocrx_word' id='word_1_625' title='bbox 3568 4443 3654 4483; x_wconf 77' lang='lat' dir='ltr'><strong>ex</strong></span> <span class='ocrx_word' id='word_1_626' title='bbox 3686 4429 3808 4500; x_wconf 86' lang='lat' dir='ltr'><strong>ipso</strong></span> 
     </span>
    </p>
   </div>
   <div class='ocr_carea' id='block_1_91' title="bbox 2184 4522 3808 4597">
    <p class='ocr_par' dir='ltr' id='par_1_91' title="bbox 2184 4522 3808 4597">
     <span class='ocr_line' id='line_1_92' title="bbox 2184 4522 3808 4597; baseline -0.001 -15"><span class='ocrx_word' id='word_1_627' title='bbox 2184 4527 2407 4582; x_wconf 81' lang='lat' dir='ltr'><strong>assiduo</strong></span> <span class='ocrx_word' id='word_1_628' title='bbox 2433 4534 2662 4583; x_wconf 90' lang='lat' dir='ltr'><strong>tractatu</strong></span> <span class='ocrx_word' id='word_1_629' title='bbox 2691 4525 3112 4597; x_wconf 86' lang='lat' dir='ltr'><strong>possitagnosci,</strong></span> <span class='ocrx_word' id='word_1_630' title='bbox 3143 4525 3273 4595; x_wconf 83' lang='lat' dir='ltr'><strong>quid</strong></span> <span class='ocrx_word' id='word_1_631' title='bbox 3299 4525 3370 4581; x_wconf 92' lang='lat' dir='ltr'><strong>sit</strong></span> <span class='ocrx_word' id='word_1_632' title='bbox 3385 4522 3584 4595; x_wconf 88' lang='lat' dir='ltr'><strong>judicio</strong></span> <span class='ocrx_word' id='word_1_633' title='bbox 3614 4523 3808 4580; x_wconf 80' lang='lat' dir='ltr'><strong>venti-</strong></span> 
     </span>
    </p>
   </div>
   <div class='ocr_carea' id='block_1_92' title="bbox 463 4600 3808 4692">
    <p class='ocr_par' dir='ltr' id='par_1_92' title="bbox 463 4600 3808 4692">
     <span class='ocr_line' id='line_1_93' title="bbox 463 4600 3808 4692; baseline 0.001 -18"><span class='ocrx_word' id='word_1_634' title='bbox 463 4618 629 4674; x_wconf 88' lang='lat' dir='ltr'><strong>mitus</strong></span> <span class='ocrx_word' id='word_1_635' title='bbox 657 4627 832 4692; x_wconf 87' lang='lat' dir='ltr'><strong>gesta,</strong></span> <span class='ocrx_word' id='word_1_636' title='bbox 867 4629 996 4674; x_wconf 89' lang='lat' dir='ltr'><strong>tunc</strong></span> <span class='ocrx_word' id='word_1_637' title='bbox 1020 4618 1495 4691; x_wconf 87' lang='lat' dir='ltr'><strong>respondebimus.</strong></span> <span class='ocrx_word' id='word_1_638' title='bbox 1537 4617 1605 4673; x_wconf 76' lang='lat' dir='ltr'><strong>Et</strong></span> <span class='ocrx_word' id='word_1_639' title='bbox 1633 4619 1742 4674; x_wconf 87' lang='lat' dir='ltr'><strong>alia</strong></span> <span class='ocrx_word' id='word_1_640' title='bbox 1763 4634 1938 4674; x_wconf 83' lang='lat' dir='ltr'><strong>manu.</strong></span> <span class='ocrx_word' id='word_1_641' title='bbox 1965 4617 2076 4675; x_wconf 79' lang='lat' dir='ltr'><strong>Pe-</strong></span> <span class='ocrx_word' id='word_1_642' title='bbox 2102 4600 2160 4667; x_wconf 77' lang='grc' dir='ltr'><strong>Ῑ)</strong></span> <span class='ocrx_word' id='word_1_643' title='bbox 2189 4611 2382 4676; x_wconf 76' lang='lat' dir='ltr'><strong>latum.</strong></span> <span class='ocrx_word' id='word_1_644' title='bbox 2418 4619 2579 4676; x_wconf 83' lang='lat' dir='ltr'><strong>Vides</strong></span> <span class='ocrx_word' id='word_1_645' title='bbox 2605 4634 2756 4691; x_wconf 83' lang='lat' dir='ltr'><strong>ergo,</strong></span> <span class='ocrx_word' id='word_1_646' title='bbox 2795 4619 2887 4676; x_wconf 81' lang='lat' dir='ltr'><strong>Vir</strong></span> <span class='ocrx_word' id='word_1_647' title='bbox 2913 4618 3136 4685; x_wconf 88' lang='lat' dir='ltr'><strong>nobilis,</strong></span> <span class='ocrx_word' id='word_1_648' title='bbox 3161 4618 3306 4690; x_wconf 87' lang='lat' dir='ltr'><strong>justa</strong></span> <span class='ocrx_word' id='word_1_649' title='bbox 3328 4633 3427 4676; x_wconf 82' lang='lat' dir='ltr'><strong>nos</strong></span> <span class='ocrx_word' id='word_1_650' title='bbox 3463 4617 3808 4690; x_wconf 71' lang='lat' dir='ltr'><strong>deposcare,</strong></span> 
     </span>
    </p>
   </div>
   <div class='ocr_carea' id='block_1_93' title="bbox 460 4712 1340 4784">
    <p class='ocr_par' dir='ltr' id='par_1_93' title="bbox 460 4712 1340 4784">
     <span class='ocr_line' id='line_1_94' title="bbox 460 4712 1340 4784; baseline 0.001 -17"><span class='ocrx_word' id='word_1_651' title='bbox 460 4712 684 4768; x_wconf 88' lang='lat' dir='ltr'><strong>tilianus</strong></span> <span class='ocrx_word' id='word_1_652' title='bbox 711 4713 1004 4784; x_wconf 88' lang='lat' dir='ltr'><strong>episcopus</strong></span> <span class='ocrx_word' id='word_1_653' title='bbox 1027 4714 1340 4784; x_wconf 87' lang='lat' dir='ltr'><strong>recognovi.</strong></span> 
     </span>
    </p>
   </div>
   <div class='ocr_carea' id='block_1_94' title="bbox 533 4805 2074 4879">
    <p class='ocr_par' dir='ltr' id='par_1_94' title="bbox 533 4805 2074 4879">
     <span class='ocr_line' id='line_1_95' title="bbox 533 4805 2074 4879; baseline 0 -18"><span class='ocrx_word' id='word_1_654' title='bbox 533 4805 597 4861; x_wconf 81' lang='lat' dir='ltr'><strong>2i</strong></span> <span class='ocrx_word' id='word_1_655' title='bbox 623 4806 842 4878; x_wconf 85' lang='lat' dir='ltr'><strong>Alypius</strong></span> <span class='ocrx_word' id='word_1_656' title='bbox 863 4808 1133 4879; x_wconf 82' lang='lat' dir='ltr'><strong>episcopus</strong></span> <span class='ocrx_word' id='word_1_657' title='bbox 1162 4807 1413 4862; x_wconf 82' lang='lat' dir='ltr'><strong>Ecclesia:</strong></span> <span class='ocrx_word' id='word_1_658' title='bbox 1453 4806 1725 4862; x_wconf 72' lang='lat' dir='ltr'><strong>catholica:</strong></span> <span class='ocrx_word' id='word_1_659' title='bbox 1756 4806 1908 4861; x_wconf 80' lang='lat' dir='ltr'><strong>dixit.</strong></span> <span class='ocrx_word' id='word_1_660' title='bbox 1960 4806 2074 4861; x_wconf 79' lang='lat' dir='ltr'><strong>Du-</strong></span> 
     </span>
    </p>
   </div>
   <div class='ocr_carea' id='block_1_95' title="bbox 455 4899 2066 4972">
    <p class='ocr_par' dir='ltr' id='par_1_95' title="bbox 455 4899 2066 4972">
     <span class='ocr_line' id='line_1_96' title="bbox 455 4899 2066 4972; baseline 0.001 -19"><span class='ocrx_word' id='word_1_661' title='bbox 455 4899 664 4955; x_wconf 84' lang='lat' dir='ltr'><strong>bitatur</strong></span> <span class='ocrx_word' id='word_1_662' title='bbox 683 4917 814 4972; x_wconf 87' lang='lat' dir='ltr'><strong>ergo</strong></span> <span class='ocrx_word' id='word_1_663' title='bbox 837 4901 922 4956; x_wconf 86' lang='lat' dir='ltr'><strong>vel</strong></span> <span class='ocrx_word' id='word_1_664' title='bbox 944 4901 1011 4957; x_wconf 88' lang='lat' dir='ltr'><strong>de</strong></span> <span class='ocrx_word' id='word_1_665' title='bbox 1033 4901 1140 4956; x_wconf 79' lang='lat' dir='ltr'><strong>fide</strong></span> <span class='ocrx_word' id='word_1_666' title='bbox 1161 4901 1324 4956; x_wconf 80' lang='lat' dir='ltr'><strong>ofﬁcii</strong></span> <span class='ocrx_word' id='word_1_667' title='bbox 1351 4941 1368 4968; x_wconf 88' lang='lat'><strong>,</strong></span> <span class='ocrx_word' id='word_1_668' title='bbox 1401 4903 1488 4958; x_wconf 89' lang='lat' dir='ltr'><strong>vel</strong></span> <span class='ocrx_word' id='word_1_669' title='bbox 1515 4903 1586 4959; x_wconf 87' lang='lat' dir='ltr'><strong>de</strong></span> <span class='ocrx_word' id='word_1_670' title='bbox 1626 4901 1733 4958; x_wconf 78' lang='lat' dir='ltr'><strong>ﬁde</strong></span> <span class='ocrx_word' id='word_1_671' title='bbox 1753 4900 2066 4970; x_wconf 90' lang='lat' dir='ltr'><strong>custodum,</strong></span> 
     </span>
    </p>
   </div>
   <div class='ocr_carea' id='block_1_96' title="bbox 464 4991 1229 5066">
    <p class='ocr_par' dir='ltr' id='par_1_96' title="bbox 464 4991 1229 5066">
     <span class='ocr_line' id='line_1_97' title="bbox 464 4991 1229 5066; baseline 0.005 -20"><span class='ocrx_word' id='word_1_672' title='bbox 464 4991 530 5046; x_wconf 84' lang='lat' dir='ltr'><strong>Et</strong></span> <span class='ocrx_word' id='word_1_673' title='bbox 561 4993 668 5048; x_wconf 87' lang='lat' dir='ltr'><strong>alia</strong></span> <span class='ocrx_word' id='word_1_674' title='bbox 690 5012 866 5050; x_wconf 88' lang='lat' dir='ltr'><strong>manu.</strong></span> <span class='ocrx_word' id='word_1_675' title='bbox 899 4995 1229 5066; x_wconf 83' lang='lat' dir='ltr'><strong>Recognovi.</strong></span> 
     </span>
    </p>
   </div>
   <div class='ocr_carea' id='block_1_97' title="bbox 531 5086 2073 5145">
    <p class='ocr_par' dir='ltr' id='par_1_97' title="bbox 531 5086 2073 5145">
     <span class='ocr_line' id='line_1_98' title="bbox 531 5086 2073 5145; baseline 0.002 -3"><span class='ocrx_word' id='word_1_676' title='bbox 531 5088 621 5142; x_wconf 71' lang='lat'><strong>2:2.</strong></span> <span class='ocrx_word' id='word_1_677' title='bbox 656 5086 992 5142; x_wconf 81' lang='lat' dir='ltr'><strong>Marcellinus</strong></span> <span class='ocrx_word' id='word_1_678' title='bbox 1024 5091 1098 5143; x_wconf 84' lang='lat' dir='ltr'><strong>vir</strong></span> <span class='ocrx_word' id='word_1_679' title='bbox 1124 5090 1447 5145; x_wconf 82' lang='lat' dir='ltr'><strong>clarissimus</strong></span> <span class='ocrx_word' id='word_1_680' title='bbox 1478 5089 1711 5144; x_wconf 76' lang='lat' dir='ltr'><strong>tribunus</strong></span> <span class='ocrx_word' id='word_1_681' title='bbox 1740 5099 1788 5144; x_wconf 85' lang='lat' dir='ltr'><strong>ct</strong></span> <span class='ocrx_word' id='word_1_682' title='bbox 1828 5090 2073 5145; x_wconf 32' lang='lat' dir='ltr'><strong>notarius.</strong></span> 
     </span>
    </p>
   </div>
   <div class='ocr_carea' id='block_1_98' title="bbox 463 5182 2072 5254">
    <p class='ocr_par' dir='ltr' id='par_1_98' title="bbox 463 5182 2072 5254">
     <span class='ocr_line' id='line_1_99' title="bbox 463 5182 2072 5254; baseline -0.002 -14"><span class='ocrx_word' id='word_1_683' title='bbox 463 5183 614 5240; x_wconf 88' lang='lat' dir='ltr'><strong>dixit.</strong></span> <span class='ocrx_word' id='word_1_684' title='bbox 646 5182 728 5240; x_wconf 81' lang='lat' dir='ltr'><strong>Ad</strong></span> <span class='ocrx_word' id='word_1_685' title='bbox 756 5182 861 5239; x_wconf 87' lang='lat' dir='ltr'><strong>hoc</strong></span> <span class='ocrx_word' id='word_1_686' title='bbox 873 5185 1033 5240; x_wconf 85' lang='lat' dir='ltr'><strong>etiam</strong></span> <span class='ocrx_word' id='word_1_687' title='bbox 1050 5184 1399 5239; x_wconf 87' lang='lat' dir='ltr'><strong>consensisse</strong></span> <span class='ocrx_word' id='word_1_688' title='bbox 1427 5187 1771 5240; x_wconf 86' lang='lat' dir='ltr'><strong>sanctitatem</strong></span> <span class='ocrx_word' id='word_1_689' title='bbox 1795 5192 2072 5254; x_wconf 58' lang='lat' dir='ltr'><strong>vestram,</strong></span> 
     </span>
    </p>
   </div>
   <div class='ocr_carea' id='block_1_99' title="bbox 460 5275 1869 5351">
    <p class='ocr_par' dir='ltr' id='par_1_99' title="bbox 460 5275 1869 5351">
     <span class='ocr_line' id='line_1_100' title="bbox 460 5275 1869 5351; baseline 0 -17"><span class='ocrx_word' id='word_1_690' title='bbox 460 5280 804 5351; x_wconf 79' lang='lat' dir='ltr'><strong>superiorum</strong></span> <span class='ocrx_word' id='word_1_691' title='bbox 837 5286 1112 5350; x_wconf 71' lang='lat' dir='ltr'><strong>gestorum</strong></span> <span class='ocrx_word' id='word_1_692' title='bbox 1145 5275 1278 5332; x_wconf 82' lang='lat' dir='ltr'><strong>fides</strong></span> <span class='ocrx_word' id='word_1_693' title='bbox 1306 5277 1590 5334; x_wconf 88' lang='lat' dir='ltr'><strong>evidenter</strong></span> <span class='ocrx_word' id='word_1_694' title='bbox 1611 5278 1869 5335; x_wconf 85' lang='lat' dir='ltr'><strong>ostendit.</strong></span> 
     </span>
    </p>
   </div>
   <div class='ocr_carea' id='block_1_100' title="bbox 529 5374 2073 5448">
    <p class='ocr_par' dir='ltr' id='par_1_100' title="bbox 529 5374 2073 5448">
     <span class='ocr_line' id='line_1_101' title="bbox 529 5374 2073 5448; baseline 0 -17"><span class='ocrx_word' id='word_1_695' title='bbox 529 5378 622 5433; x_wconf 69' lang='lat'><strong>25.</strong></span> <span class='ocrx_word' id='word_1_696' title='bbox 639 5377 931 5432; x_wconf 82' lang='lat' dir='ltr'><strong>Petilianus</strong></span> <span class='ocrx_word' id='word_1_697' title='bbox 945 5376 1210 5448; x_wconf 79' lang='lat' dir='ltr'><strong>episwpus</strong></span> <span class='ocrx_word' id='word_1_698' title='bbox 1233 5375 1384 5430; x_wconf 85' lang='lat' dir='ltr'><strong>dixit.</strong></span> <span class='ocrx_word' id='word_1_699' title='bbox 1412 5374 1680 5446; x_wconf 87' lang='lat' dir='ltr'><strong>Legamus</strong></span> <span class='ocrx_word' id='word_1_700' title='bbox 1693 5384 1747 5432; x_wconf 89' lang='lat' dir='ltr'><strong>et</strong></span> <span class='ocrx_word' id='word_1_701' title='bbox 1768 5390 2073 5433; x_wconf 66' lang='lat' dir='ltr'><strong>recensea-</strong></span> 
     </span>
    </p>
   </div>
   <div class='ocr_carea' id='block_1_101' title="bbox 458 5468 1336 5539">
    <p class='ocr_par' dir='ltr' id='par_1_101' title="bbox 458 5468 1336 5539">
     <span class='ocr_line' id='line_1_102' title="bbox 458 5468 1336 5539; baseline -0.007 -13"><span class='ocrx_word' id='word_1_702' title='bbox 458 5486 597 5526; x_wconf 91' lang='lat' dir='ltr'><strong>mus.</strong></span> <span class='ocrx_word' id='word_1_703' title='bbox 627 5469 694 5524; x_wconf 87' lang='lat' dir='ltr'><strong>Et</strong></span> <span class='ocrx_word' id='word_1_704' title='bbox 723 5471 827 5525; x_wconf 84' lang='lat' dir='ltr'><strong>alia</strong></span> <span class='ocrx_word' id='word_1_705' title='bbox 846 5486 1024 5523; x_wconf 84' lang='lat' dir='ltr'><strong>manu.</strong></span> <span class='ocrx_word' id='word_1_706' title='bbox 1050 5468 1126 5526; x_wconf 87' lang='lat' dir='ltr'><strong>Ut</strong></span> <span class='ocrx_word' id='word_1_707' title='bbox 1149 5485 1336 5539; x_wconf 87' lang='lat' dir='ltr'><strong>supra.</strong></span> 
     </span>
    </p>
   </div>
   <div class='ocr_carea' id='block_1_102' title="bbox 528 5561 2070 5620">
    <p class='ocr_par' dir='ltr' id='par_1_102' title="bbox 528 5561 2070 5620">
     <span class='ocr_line' id='line_1_103' title="bbox 528 5561 2070 5620; baseline 0 -2"><span class='ocrx_word' id='word_1_708' title='bbox 528 5563 623 5620; x_wconf 72' lang='grc'><strong>24.</strong></span> <span class='ocrx_word' id='word_1_709' title='bbox 648 5562 988 5620; x_wconf 75' lang='lat' dir='ltr'><strong>Marcellinus</strong></span> <span class='ocrx_word' id='word_1_710' title='bbox 1012 5565 1088 5618; x_wconf 85' lang='lat' dir='ltr'><strong>uir</strong></span> <span class='ocrx_word' id='word_1_711' title='bbox 1116 5564 1435 5619; x_wconf 83' lang='lat' dir='ltr'><strong>clarissimus</strong></span> <span class='ocrx_word' id='word_1_712' title='bbox 1487 5561 1720 5617; x_wconf 82' lang='lat' dir='ltr'><strong>tribunus</strong></span> <span class='ocrx_word' id='word_1_713' title='bbox 1749 5570 1795 5618; x_wconf 86' lang='lat' dir='ltr'><strong>et</strong></span> <span class='ocrx_word' id='word_1_714' title='bbox 1820 5563 2070 5618; x_wconf 71' lang='lat' dir='ltr'><strong>notarius</strong></span> 
     </span>
    </p>
   </div>
   <div class='ocr_carea' id='block_1_103' title="bbox 456 5655 2070 5729">
    <p class='ocr_par' dir='ltr' id='par_1_103' title="bbox 456 5655 2070 5729">
     <span class='ocr_line' id='line_1_104' title="bbox 456 5655 2070 5729; baseline -0.001 -16"><span class='ocrx_word' id='word_1_715' title='bbox 456 5659 607 5714; x_wconf 82' lang='lat' dir='ltr'><strong>dixit.</strong></span> <span class='ocrx_word' id='word_1_716' title='bbox 642 5658 707 5716; x_wconf 77' lang='lat' dir='ltr'><strong>Et</strong></span> <span class='ocrx_word' id='word_1_717' title='bbox 731 5660 797 5715; x_wconf 91' lang='lat' dir='ltr'><strong>de</strong></span> <span class='ocrx_word' id='word_1_718' title='bbox 823 5659 1140 5716; x_wconf 88' lang='lat' dir='ltr'><strong>custodibus</strong></span> <span class='ocrx_word' id='word_1_719' title='bbox 1171 5658 1238 5714; x_wconf 90' lang='lat' dir='ltr'><strong>ab</strong></span> <span class='ocrx_word' id='word_1_720' title='bbox 1266 5667 1494 5729; x_wconf 86' lang='lat' dir='ltr'><strong>utraque</strong></span> <span class='ocrx_word' id='word_1_721' title='bbox 1521 5663 1675 5728; x_wconf 85' lang='lat' dir='ltr'><strong>parte</strong></span> <span class='ocrx_word' id='word_1_722' title='bbox 1701 5655 1953 5726; x_wconf 84' lang='lat' dir='ltr'><strong>delectis,</strong></span> <span class='ocrx_word' id='word_1_723' title='bbox 1996 5665 2070 5712; x_wconf 84' lang='lat' dir='ltr'><strong>et-</strong></span> 
     </span>
    </p>
   </div>
   <div class='ocr_carea' id='block_1_104' title="bbox 454 5750 2054 5826">
    <p class='ocr_par' dir='ltr' id='par_1_104' title="bbox 454 5750 2054 5826">
     <span class='ocr_line' id='line_1_105' title="bbox 454 5750 2054 5826; baseline 0.001 -19"><span class='ocrx_word' id='word_1_724' title='bbox 454 5755 522 5809; x_wconf 89' lang='lat' dir='ltr'><strong>ad</strong></span> <span class='ocrx_word' id='word_1_725' title='bbox 551 5769 712 5824; x_wconf 87' lang='lat' dir='ltr'><strong>quam</strong></span> <span class='ocrx_word' id='word_1_726' title='bbox 736 5764 946 5826; x_wconf 82' lang='lat' dir='ltr'><strong>partem</strong></span> <span class='ocrx_word' id='word_1_727' title='bbox 971 5753 1132 5813; x_wconf 86' lang='lat' dir='ltr'><strong>fuerit</strong></span> <span class='ocrx_word' id='word_1_728' title='bbox 1165 5752 1332 5810; x_wconf 80' lang='lat' dir='ltr'><strong>dilata</strong></span> <span class='ocrx_word' id='word_1_729' title='bbox 1364 5753 1624 5826; x_wconf 90' lang='lat' dir='ltr'><strong>cognitio,</strong></span> <span class='ocrx_word' id='word_1_730' title='bbox 1656 5753 1726 5810; x_wconf 89' lang='lat' dir='ltr'><strong>ab</strong></span> <span class='ocrx_word' id='word_1_731' title='bbox 1751 5750 1936 5810; x_wconf 82' lang='lat' dir='ltr'><strong>ofﬁcio</strong></span> <span class='ocrx_word' id='word_1_732' title='bbox 1963 5767 2054 5809; x_wconf 65' lang='lat' dir='ltr'><strong>re»</strong></span> 
     </span>
    </p>
   </div>
   <div class='ocr_carea' id='block_1_105' title="bbox 450 5849 665 5908">
    <p class='ocr_par' dir='ltr' id='par_1_105' title="bbox 450 5849 665 5908">
     <span class='ocr_line' id='line_1_106' title="bbox 450 5849 665 5908; baseline -0.009 -1"><span class='ocrx_word' id='word_1_733' title='bbox 450 5849 665 5908; x_wconf 88' lang='lat' dir='ltr'><strong>citetur.</strong></span> 
     </span>
    </p>
   </div>
   <div class='ocr_carea' id='block_1_106' title="bbox 2034 6013 2138 6048">
    <p class='ocr_par' dir='ltr' id='par_1_106' title="bbox 2034 6013 2138 6048">
     <span class='ocr_line' id='line_1_107' title="bbox 2034 6013 2138 6048; baseline 0 -5"><span class='ocrx_word' id='word_1_734' title='bbox 2034 6013 2138 6048; x_wconf 55' lang='grc' dir='ltr'><strong>...ἔαρι</strong></span> 
     </span>
    </p>
   </div>
   <div class='ocr_carea' id='block_1_107' title="bbox 2190 4712 3814 4785">
    <p class='ocr_par' dir='ltr' id='par_1_107' title="bbox 2190 4712 3814 4785">
     <span class='ocr_line' id='line_1_108' title="bbox 2190 4712 3814 4785; baseline -0.002 -14"><span class='ocrx_word' id='word_1_735' title='bbox 2190 4731 2292 4773; x_wconf 89' lang='lat' dir='ltr'><strong>nec</strong></span> <span class='ocrx_word' id='word_1_736' title='bbox 2321 4729 2417 4785; x_wconf 88' lang='lat' dir='ltr'><strong>per</strong></span> <span class='ocrx_word' id='word_1_737' title='bbox 2448 4713 2732 4770; x_wconf 87' lang='lat' dir='ltr'><strong>transitum</strong></span> <span class='ocrx_word' id='word_1_738' title='bbox 2763 4728 2986 4770; x_wconf 86' lang='lat' dir='ltr'><strong>causam</strong></span> <span class='ocrx_word' id='word_1_739' title='bbox 3015 4712 3219 4770; x_wconf 85' lang='lat' dir='ltr'><strong>debere</strong></span> <span class='ocrx_word' id='word_1_740' title='bbox 3244 4712 3517 4780; x_wconf 85' lang='lat' dir='ltr'><strong>ventilari,</strong></span> <span class='ocrx_word' id='word_1_741' title='bbox 3548 4712 3659 4767; x_wconf 81' lang='lat' dir='ltr'><strong>sed</strong></span> <span class='ocrx_word' id='word_1_742' title='bbox 3692 4712 3814 4768; x_wconf 81' lang='lat' dir='ltr'><strong>edi-</strong></span> 
     </span>
    </p>
   </div>
   <div class='ocr_carea' id='block_1_108' title="bbox 2183 4805 3816 4882">
    <p class='ocr_par' dir='ltr' id='par_1_108' title="bbox 2183 4805 3816 4882">
     <span class='ocr_line' id='line_1_109' title="bbox 2183 4805 3816 4882; baseline -0.005 -15"><span class='ocrx_word' id='word_1_743' title='bbox 2183 4811 2257 4867; x_wconf 88' lang='lat' dir='ltr'><strong>tis</strong></span> <span class='ocrx_word' id='word_1_744' title='bbox 2286 4810 2450 4882; x_wconf 86' lang='lat' dir='ltr'><strong>gestis</strong></span> <span class='ocrx_word' id='word_1_745' title='bbox 2478 4809 2530 4863; x_wconf 92' lang='lat' dir='ltr'><strong>in</strong></span> <span class='ocrx_word' id='word_1_746' title='bbox 2560 4809 2812 4864; x_wconf 87' lang='lat' dir='ltr'><strong>notitiam</strong></span> <span class='ocrx_word' id='word_1_747' title='bbox 2837 4816 3085 4864; x_wconf 90' lang='lat' dir='ltr'><strong>nostram</strong></span> <span class='ocrx_word' id='word_1_748' title='bbox 3127 4807 3270 4863; x_wconf 90' lang='lat' dir='ltr'><strong>datis</strong></span> <span class='ocrx_word' id='word_1_749' title='bbox 3300 4847 3316 4874; x_wconf 93' lang='lat'><strong>,</strong></span> <span class='ocrx_word' id='word_1_750' title='bbox 3364 4805 3650 4861; x_wconf 86' lang='lat' dir='ltr'><strong>universis</strong></span> <span class='ocrx_word' id='word_1_751' title='bbox 3683 4822 3816 4878; x_wconf 79' lang='lat' dir='ltr'><strong>per-</strong></span> 
     </span>
    </p>
   </div>
   <div class='ocr_carea' id='block_1_109' title="bbox 2184 4896 3804 4974">
    <p class='ocr_par' dir='ltr' id='par_1_109' title="bbox 2184 4896 3804 4974">
     <span class='ocr_line' id='line_1_110' title="bbox 2184 4896 3804 4974; baseline -0.004 -16"><span class='ocrx_word' id='word_1_752' title='bbox 2184 4903 2460 4969; x_wconf 80' lang='lat' dir='ltr'><strong>tractatis,</strong></span> <span class='ocrx_word' id='word_1_753' title='bbox 2493 4916 2708 4958; x_wconf 91' lang='lat' dir='ltr'><strong>causam</strong></span> <span class='ocrx_word' id='word_1_754' title='bbox 2737 4900 2938 4958; x_wconf 89' lang='lat' dir='ltr'><strong>debere</strong></span> <span class='ocrx_word' id='word_1_755' title='bbox 2965 4914 3320 4974; x_wconf 89' lang='lat' dir='ltr'><strong>cognoscere.</strong></span> <span class='ocrx_word' id='word_1_756' title='bbox 3360 4896 3429 4955; x_wconf 86' lang='lat' dir='ltr'><strong>Et</strong></span> <span class='ocrx_word' id='word_1_757' title='bbox 3473 4898 3577 4954; x_wconf 76' lang='lat' dir='ltr'><strong>alia</strong></span> <span class='ocrx_word' id='word_1_758' title='bbox 3609 4915 3804 4954; x_wconf 71' lang='lat' dir='ltr'><strong>inanis.</strong></span> 
     </span>
    </p>
   </div>
   <div class='ocr_carea' id='block_1_110' title="bbox 2187 4997 2464 5068">
    <p class='ocr_par' dir='ltr' id='par_1_110' title="bbox 2187 4997 2464 5068">
     <span class='ocr_line' id='line_1_111' title="bbox 2187 4997 2464 5068; baseline -0.022 -13"><span class='ocrx_word' id='word_1_759' title='bbox 2187 4997 2262 5056; x_wconf 87' lang='lat' dir='ltr'><strong>Ut</strong></span> <span class='ocrx_word' id='word_1_760' title='bbox 2282 5013 2464 5068; x_wconf 89' lang='lat' dir='ltr'><strong>supra.</strong></span> 
     </span>
    </p>
   </div>
   <div class='ocr_carea' id='block_1_111' title="bbox 2261 5085 3807 5160">
    <p class='ocr_par' dir='ltr' id='par_1_111' title="bbox 2261 5085 3807 5160">
     <span class='ocr_line' id='line_1_112' title="bbox 2261 5085 3807 5160; baseline -0.005 -14"><span class='ocrx_word' id='word_1_761' title='bbox 2261 5091 2353 5149; x_wconf 84' lang='lat'><strong>29.</strong></span> <span class='ocrx_word' id='word_1_762' title='bbox 2402 5089 2673 5150; x_wconf 73' lang='lat' dir='ltr'><strong>Possidius</strong></span> <span class='ocrx_word' id='word_1_763' title='bbox 2710 5089 2983 5160; x_wconf 78' lang='lat' dir='ltr'><strong>episwpus</strong></span> <span class='ocrx_word' id='word_1_764' title='bbox 3036 5087 3285 5146; x_wconf 69' lang='lat' dir='ltr'><strong>Ecclesiae</strong></span> <span class='ocrx_word' id='word_1_765' title='bbox 3328 5086 3600 5143; x_wconf 81' lang='lat' dir='ltr'><strong>catholica:</strong></span> <span class='ocrx_word' id='word_1_766' title='bbox 3647 5085 3807 5140; x_wconf 68' lang='lat' dir='ltr'><strong>dixit.</strong></span> 
     </span>
    </p>
   </div>
   <div class='ocr_carea' id='block_1_112' title="bbox 2187 5179 3804 5256">
    <p class='ocr_par' dir='ltr' id='par_1_112' title="bbox 2187 5179 3804 5256">
     <span class='ocr_line' id='line_1_113' title="bbox 2187 5179 3804 5256; baseline -0.009 -12"><span class='ocrx_word' id='word_1_767' title='bbox 2187 5186 2468 5256; x_wconf 83' lang='lat' dir='ltr'><strong>Scriptum</strong></span> <span class='ocrx_word' id='word_1_768' title='bbox 2499 5193 2582 5239; x_wconf 90' lang='lat' dir='ltr'><strong>est</strong></span> <span class='ocrx_word' id='word_1_769' title='bbox 2612 5201 2626 5238; x_wconf 88' lang='lat'><strong>:</strong></span> <span class='ocrx_word' id='word_1_770' title='bbox 2657 5181 2744 5240; x_wconf 81' lang='lat' dir='ltr'><strong>Ex</strong></span> <span class='ocrx_word' id='word_1_771' title='bbox 2768 5182 3093 5252; x_wconf 82' lang='lat' dir='ltr'><strong>multiloquio</strong></span> <span class='ocrx_word' id='word_1_772' title='bbox 3117 5198 3220 5236; x_wconf 88' lang='lat' dir='ltr'><strong>non</strong></span> <span class='ocrx_word' id='word_1_773' title='bbox 3251 5179 3463 5252; x_wconf 78' lang='lat' dir='ltr'><strong>c/Iugics</strong></span> <span class='ocrx_word' id='word_1_774' title='bbox 3499 5189 3804 5249; x_wconf 68' lang='lat' dir='ltr'><strong>peccatum.</strong></span> 
     </span>
    </p>
   </div>
   <div class='ocr_carea' id='block_1_113' title="bbox 2191 5275 3810 5351">
    <p class='ocr_par' dir='ltr' id='par_1_113' title="bbox 2191 5275 3810 5351">
     <span class='ocr_line' id='line_1_114' title="bbox 2191 5275 3810 5351; baseline -0.006 -12"><span class='ocrx_word' id='word_1_775' title='bbox 2191 5282 2311 5339; x_wconf 76' lang='lat' dir='ltr'><strong>Hoc</strong></span> <span class='ocrx_word' id='word_1_776' title='bbox 2338 5283 2594 5351; x_wconf 87' lang='lat' dir='ltr'><strong>quoniam</strong></span> <span class='ocrx_word' id='word_1_777' title='bbox 2615 5296 2716 5338; x_wconf 86' lang='lat' dir='ltr'><strong>nos</strong></span> <span class='ocrx_word' id='word_1_778' title='bbox 2737 5290 2863 5337; x_wconf 89' lang='lat' dir='ltr'><strong>ante</strong></span> <span class='ocrx_word' id='word_1_779' title='bbox 2883 5279 3074 5338; x_wconf 90' lang='lat' dir='ltr'><strong>oculos</strong></span> <span class='ocrx_word' id='word_1_780' title='bbox 3091 5279 3376 5344; x_wconf 86' lang='lat' dir='ltr'><strong>habemus,</strong></span> <span class='ocrx_word' id='word_1_781' title='bbox 3390 5276 3501 5333; x_wconf 84' lang='lat' dir='ltr'><strong>Deo</strong></span> <span class='ocrx_word' id='word_1_782' title='bbox 3523 5275 3810 5345; x_wconf 75' lang='lat' dir='ltr'><strong>inspiran-</strong></span> 
     </span>
    </p>
   </div>
   <div class='ocr_carea' id='block_1_114' title="bbox 2189 5367 3809 5445">
    <p class='ocr_par' dir='ltr' id='par_1_114' title="bbox 2189 5367 3809 5445">
     <span class='ocr_line' id='line_1_115' title="bbox 2189 5367 3809 5445; baseline -0.005 -13"><span class='ocrx_word' id='word_1_783' title='bbox 2189 5387 2267 5445; x_wconf 76' lang='lat' dir='ltr'><strong>te,</strong></span> <span class='ocrx_word' id='word_1_784' title='bbox 2299 5375 2514 5433; x_wconf 89' lang='lat' dir='ltr'><strong>verbosi</strong></span> <span class='ocrx_word' id='word_1_785' title='bbox 2545 5375 2724 5432; x_wconf 89' lang='lat' dir='ltr'><strong>videri</strong></span> <span class='ocrx_word' id='word_1_786' title='bbox 2751 5375 3025 5432; x_wconf 86' lang='lat' dir='ltr'><strong>nolumus.</strong></span> <span class='ocrx_word' id='word_1_787' title='bbox 3049 5371 3256 5444; x_wconf 82' lang='lat' dir='ltr'><strong>Itaque.</strong></span> <span class='ocrx_word' id='word_1_788' title='bbox 3279 5371 3327 5428; x_wconf 92' lang='lat' dir='ltr'><strong>si</strong></span> <span class='ocrx_word' id='word_1_789' title='bbox 3349 5369 3551 5442; x_wconf 87' lang='lat' dir='ltr'><strong>placet,</strong></span> <span class='ocrx_word' id='word_1_790' title='bbox 3570 5367 3646 5423; x_wconf 88' lang='lat' dir='ltr'><strong>ad</strong></span> <span class='ocrx_word' id='word_1_791' title='bbox 3672 5383 3809 5425; x_wconf 81' lang='lat' dir='ltr'><strong>cau-</strong></span> 
     </span>
    </p>
   </div>
   <div class='ocr_carea' id='block_1_115' title="bbox 2183 5461 3804 5540">
    <p class='ocr_par' dir='ltr' id='par_1_115' title="bbox 2183 5461 3804 5540">
     <span class='ocr_line' id='line_1_116' title="bbox 2183 5461 3804 5540; baseline -0.006 -14"><span class='ocrx_word' id='word_1_792' title='bbox 2183 5484 2306 5526; x_wconf 76' lang='lat' dir='ltr'><strong>sam</strong></span> <span class='ocrx_word' id='word_1_793' title='bbox 2333 5470 2601 5538; x_wconf 84' lang='lat' dir='ltr'><strong>veniatur,</strong></span> <span class='ocrx_word' id='word_1_794' title='bbox 2661 5484 2783 5540; x_wconf 86' lang='lat' dir='ltr'><strong>quae</strong></span> <span class='ocrx_word' id='word_1_795' title='bbox 2807 5468 3053 5539; x_wconf 79' lang='lat' dir='ltr'><strong>proxime</strong></span> <span class='ocrx_word' id='word_1_796' title='bbox 3078 5467 3165 5538; x_wconf 83' lang='lat' dir='ltr'><strong>agi</strong></span> <span class='ocrx_word' id='word_1_797' title='bbox 3204 5465 3411 5537; x_wconf 84' lang='lat' dir='ltr'><strong>poterit</strong></span> <span class='ocrx_word' id='word_1_798' title='bbox 3437 5472 3496 5522; x_wconf 86' lang='lat' dir='ltr'><strong>et</strong></span> <span class='ocrx_word' id='word_1_799' title='bbox 3522 5461 3756 5518; x_wconf 81' lang='lat' dir='ltr'><strong>definiri</strong></span> <span class='ocrx_word' id='word_1_800' title='bbox 3786 5499 3804 5526; x_wconf 91' lang='lat'><strong>,</strong></span> 
     </span>
    </p>
   </div>
   <div class='ocr_carea' id='block_1_116' title="bbox 2189 5555 3804 5632">
    <p class='ocr_par' dir='ltr' id='par_1_116' title="bbox 2189 5555 3804 5632">
     <span class='ocr_line' id='line_1_117' title="bbox 2189 5555 3804 5632; baseline -0.005 -14"><span class='ocrx_word' id='word_1_801' title='bbox 2189 5563 2514 5620; x_wconf 84' lang='lat' dir='ltr'><strong>moratorias</strong></span> <span class='ocrx_word' id='word_1_802' title='bbox 2568 5569 2754 5618; x_wconf 86' lang='lat' dir='ltr'><strong>autem</strong></span> <span class='ocrx_word' id='word_1_803' title='bbox 2809 5560 3237 5632; x_wconf 84' lang='lat' dir='ltr'><strong>prosecutiones.</strong></span> <span class='ocrx_word' id='word_1_804' title='bbox 3288 5555 3356 5613; x_wconf 88' lang='lat' dir='ltr'><strong>Et</strong></span> <span class='ocrx_word' id='word_1_805' title='bbox 3403 5571 3526 5612; x_wconf 77' lang='lat' dir='ltr'><strong>sum</strong></span> <span class='ocrx_word' id='word_1_806' title='bbox 3573 5555 3804 5610; x_wconf 74' lang='lat' dir='ltr'><strong>diceret.</strong></span> 
     </span>
    </p>
   </div>
   <div class='ocr_carea' id='block_1_117' title="bbox 2189 5649 3806 5728">
    <p class='ocr_par' dir='ltr' id='par_1_117' title="bbox 2189 5649 3806 5728">
     <span class='ocr_line' id='line_1_118' title="bbox 2189 5649 3806 5728; baseline -0.005 -18"><span class='ocrx_word' id='word_1_807' title='bbox 2189 5654 2288 5728; x_wconf 85' lang='lat' dir='ltr'><strong>(Et</strong></span> <span class='ocrx_word' id='word_1_808' title='bbox 2331 5657 2439 5712; x_wconf 77' lang='lat' dir='ltr'><strong>alia</strong></span> <span class='ocrx_word' id='word_1_809' title='bbox 2476 5672 2652 5712; x_wconf 84' lang='lat' dir='ltr'><strong>manu.</strong></span> <span class='ocrx_word' id='word_1_810' title='bbox 2692 5654 3056 5727; x_wconf 80' lang='lat' dir='ltr'><strong>Recognovi.)</strong></span> <span class='ocrx_word' id='word_1_811' title='bbox 3097 5651 3442 5713; x_wconf 68' lang='lat' dir='ltr'><strong>Marcellinus</strong></span> <span class='ocrx_word' id='word_1_812' title='bbox 3485 5649 3566 5705; x_wconf 77' lang='lat' dir='ltr'><strong>uir</strong></span> <span class='ocrx_word' id='word_1_813' title='bbox 3608 5649 3806 5704; x_wconf 77' lang='lat' dir='ltr'><strong>claris-</strong></span> 
     </span>
    </p>
   </div>
   <div class='ocr_carea' id='block_1_118' title="bbox 2184 5740 3808 5819">
    <p class='ocr_par' dir='ltr' id='par_1_118' title="bbox 2184 5740 3808 5819">
     <span class='ocr_line' id='line_1_119' title="bbox 2184 5740 3808 5819; baseline -0.003 -14"><span class='ocrx_word' id='word_1_814' title='bbox 2184 5766 2304 5806; x_wconf 66' lang='grc' dir='ltr'><strong>ηοω</strong></span> <span class='ocrx_word' id='word_1_815' title='bbox 2345 5748 2578 5806; x_wconf 74' lang='lat' dir='ltr'><strong>tribunus</strong></span> <span class='ocrx_word' id='word_1_816' title='bbox 2617 5760 2665 5807; x_wconf 85' lang='lat' dir='ltr'><strong>ct</strong></span> <span class='ocrx_word' id='word_1_817' title='bbox 2712 5747 2954 5806; x_wconf 83' lang='lat' dir='ltr'><strong>notarius</strong></span> <span class='ocrx_word' id='word_1_818' title='bbox 2975 5747 3124 5806; x_wconf 78' lang='lat' dir='ltr'><strong>dixit.</strong></span> <span class='ocrx_word' id='word_1_819' title='bbox 3148 5745 3384 5819; x_wconf 69' lang='lat' dir='ltr'><strong>Legatus-</strong></span> <span class='ocrx_word' id='word_1_820' title='bbox 3417 5785 3434 5813; x_wconf 94' lang='lat'><strong>,</strong></span> <span class='ocrx_word' id='word_1_821' title='bbox 3479 5740 3626 5816; x_wconf 83' lang='lat' dir='ltr'><strong>quod</strong></span> <span class='ocrx_word' id='word_1_822' title='bbox 3657 5758 3808 5814; x_wconf 59' lang='lat' dir='ltr'><strong>pm</strong></span> 
     </span>
    </p>
   </div>
   <div class='ocr_carea' id='block_1_119' title="bbox 2183 5859 2329 5915">
    <p class='ocr_par' dir='ltr' id='par_1_119' title="bbox 2183 5859 2329 5915">
     <span class='ocr_line' id='line_1_120' title="bbox 2183 5859 2329 5915; baseline -0.014 -15"><span class='ocrx_word' id='word_1_823' title='bbox 2183 5859 2329 5915; x_wconf 81' lang='lat' dir='ltr'><strong>cepi.</strong></span> 
     </span>
    </p>
   </div>
  </div>
