3972 6328
198 331 336 386 1557

1165 322 1392 382 GESTA
1430 317 1876 380 COLLATIONIS
1920 319 2322 380 CARTHAGIN
2333 322 2551 383 ENSIS.

3358 329 3495 387 1558

262 445 355 503 50.
387 444 650 502 Enteritus
704 445 972 517 episcopus
1024 442 1176 498 dixit.
1236 442 1390 499 Sicut
1426 440 1494 497 de
1524 439 1795 510 scriptura
1821 440 1876 503 Α
1901 455 1963 495 ea
2001 456 2122 512 qua:
2164 442 2317 498 vobis
2360 443 2427 499 ad
2474 441 2844 514 plenissimam
2881 441 3294 499 instructionem
3341 443 3492 500 solli.

192 538 502 610 prOposuit,
525 537 787 607 scriptum
815 545 900 592 est
925 535 1082 590 nobis
1117 552 1130 589 :
1164 533 1434 604 Sapientia
1492 533 1791 589 abscondita

189 635 466 686 thesaurus
491 631 704 684 invisus.
739 629 872 697 Qum
915 628 1110 684 utilitas
1151 629 1207 682 in
1260 624 1524 699 utroque?
1568 626 1636 680 Et
1683 624 1792 680 alia

189 742 375 780 manu.
401 723 672 779 Erneritus
697 723 987 794 episcopus
1011 718 1325 792 recognovi.

260 820 358 877 51.
392 817 664 873 Possidius
705 814 972 889 episwpus
1029 815 1276 871 Ecclesia
1326 813 1594 870 catholica:
1639 812 1788 867 dixit.

188 911 250 967 In
282 911 628 983 multiloquio
655 923 946 981 numquam
973 907 1076 963 fuit
1113 907 1403 980 sapientia.
1435 903 1505 961 Et
1529 905 1636 961 alia
1683 921 1794 960 ma-

187 1022 284 1060 nu.
318 1005 650 1076 Recognovi.

266 1103 358 1158 5’2.
391 1098 654 1155 Martialis
681 1108 923 1168 exceptor
949 1111 1012 1153 ex
1031 1094 1206 1153 codice
1223 1095 1477 1150 recitavit.
1528 1091 1794 1150 Nobilitas

190 1206 286 1252 tua
315 1194 473 1251 dixit.
498 1193 764 1262 Quoniam
785 1191 893 1246 diei
919 1205 1058 1262 pene
1085 1202 1302 1245 omnem
1329 1195 1541 1260 partem
1581 1193 1796 1241 constat

186 1303 501 1354 emensam,
533 1286 738 1342 idcirco
763 1295 942 1340 utrum
969 1298 1040 1339 ex
1072 1282 1346 1337 communi
1393 1293 1666 1336 consensu
1693 1276 1797 1332 dif-

186 1382 326 1439 ferri
355 1380 632 1452 negotium
657 1378 888 1450 placeat,
931 1373 1234 1432 intimetur.
1291 1373 1366 1429 Ab
1419 1373 1649 1444 utrisque
1673 1386 1794 1442 par-

187 1475 333 1531 tibus
364 1475 561 1529 dictum
591 1480 666 1529 est
691 1487 710 1527 :
741 1471 956 1537 Placet,
987 1469 1243 1542 quoniam
1272 1469 1383 1540 jam
1426 1467 1530 1522 iste
1575 1463 1692 1521 dies
1721 1465 1797 1519 vi-

185 1570 357 1625 detur
378 1581 653 1624 emensus.
683 1563 946 1620 Nobilitas
1001 1574 1092 1619 tua
1136 1563 1286 1618 dixit.
1345 1561 1404 1616 In
1441 1575 1602 1632 quem
1651 1558 1795 1614 diem

189 1662 316 1718 lucc
344 1663 464 1734 ipsa
488 1658 991 1732 comperendinatio
1027 1657 1332 1725 differatur,
1387 1669 1515 1726 pars
1570 1660 1798 1724 utraque

188 1755 466 1827 designet.
498 1755 716 1827 Alypius
744 1755 1012 1825 episcopus
1060 1750 1305 1808 Ecclesia:
1341 1749 1607 1805 catholica
1642 1747 1792 1802 dixit.

189 1851 355 1909 Sicut
379 1849 558 1908 edicto
581 1849 838 1906 nobilitas
869 1857 958 1904 tua
982 1844 1332 1917 praescripsit,
1365 1845 1609 1902 crastino
1632 1843 1800 1900 inter-

191 1949 372 2006 misso
395 1956 617 2020 prOpter
641 1946 1064 2018 descriptionem
1095 1944 1419 2000 schedarum
1449 1983 1464 2010 ,
1515 1939 1794 2013 perendie,

195 2043 247 2098 si
272 2042 546 2113 praecipis,
573 2040 950 2098 observemus.
986 2039 1280 2094 Adeodatus
1330 2037 1600 2109 episcOpus
1648 2034 1798 2089 dixit.

200 2136 381 2192 Etiam
409 2150 509 2191 nos
547 2135 920 2190 consentimus
942 2141 1004 2189 ut
1031 2131 1336 2201 perendino
1385 2127 1478 2185 die
1525 2128 1802 2199 negotium

199 2239 510 2302 peragatur.
543 2228 802 2285 Nobilitas
842 2237 932 2283 tua
981 2228 1132 2282 dixit.
1186 2225 1340 2283 Sicut
1389 2223 1630 2295 partibus
1687 2221 1802 2293 piae

198 2328 355 2396 cuit,
401 2327 701 2397 perendino
751 2326 840 2382 die
887 2326 1167 2396 negotium
1206 2332 1502 2394 repetetur.
1557 2318 1629 2374 Et
1683 2334 1803 2373 cum

201 2421 491 2486 recitasset,
528 2418 870 2475 Marcellinus
891 2420 965 2474 uir
996 2418 1315 2473 clarissimus
1343 2415 1577 2471 tribunus
1615 2423 1663 2468 et
1712 2428 1807 2468 no-

203 2515 372 2570 tarius
399 2513 551 2569 dixit.
592 2513 751 2569 Videt
776 2513 1036 2569 sanctitas
1089 2519 1270 2567 vestra
1317 2515 1510 2565 contra
1555 2505 1806 2578 proprios

155 2655 158 2658 .
204 2623 312 2664 vos
337 2608 526 2664 venire
563 2623 670 2662 non
717 2621 880 2678 posse
928 2617 1253 2662 consensus.
1301 2601 1462 2660 Unde
1509 2613 1671 2656 causa
1724 2597 1808 2653 di-

204 2711 384 2757 (ιιιιιιτ.

280 2795 370 2852 55.
403 2792 662 2850 Emeritus
699 2794 972 2866 episcOpus
999 2791 1149 2846 dixit.
1183 2788 1298 2845 Non
1340 2786 1475 2842 adeo
1518 2787 1806 2842 immemo-

205 2905 298 2946 res
323 2902 512 2944 sumus
535 2895 809 2943 utcontra
847 2896 1032 2942 nostra
1063 2883 1382 2939 veniamus:
1423 2894 1528 2936 nec
1571 2893 1674 2951 ego
1720 2877 1808 2932 hic

207 2982 476 3040 incuriam
501 2981 664 3037 ofﬁcii
687 2988 780 3037 aut
800 2988 1150 3050 exceptorum
1179 2972 1562 3046 negligentiam
1583 2971 1806 3034 damno,

209 3079 300 3134 ubi
327 3077 573 3148 intelligo
596 3073 908 3146 prolixitate
939 3082 1216 3144 gestorum
1245 3067 1356 3143 [ad]
1389 3065 1534 3122 diem
1582 3063 1809 3120 minime

208 3187 504 3232 occurrere
533 3171 800 3244 powisse.
834 3167 992 3237 Quod
1019 3167 1064 3222 si
1096 3167 1292 3220 tactum
1325 3173 1410 3218 est
1432 3205 1446 3228 ,
1496 3167 1553 3216 et
1576 3158 1801 3229 explici-

1894 548 2022 590 cere
2051 535 2380 604 credidistis,
2409 538 2669 594 hesterno
2698 536 2786 594 die
2812 535 2898 593 edi
2920 535 3095 602 vobis,
3128 535 3251 592 data
3283 539 3496 596 notaria

1893 627 2197 698 postulatis.

1965 720 2056 777 57.
2083 719 2372 776 Petilianus
2399 721 2670 793 episcOpus
2696 721 2846 777 dixit.
2893 718 3085 778 Dicant
3139 732 3488 793 exceptores,

1897 823 2075 871 utrum
2109 831 2383 886 exponere
2413 832 2517 872 una
2540 817 2627 873 die
2655 816 2952 888 potuerint,
2979 817 3125 888 quod
3165 833 3267 872 una
3296 817 3387 876 die
3414 819 3491 874 vi-

1895 907 2054 965 detur
2075 923 2198 966 esse
2218 907 2550 967 confectum.
2581 909 2646 965 Et
2671 911 2779 967 alia
2809 927 2984 967 manu.
3015 910 3085 968 Ut
3114 927 3299 986 supra.

1968 1001 2056 1060 58.
2094 1001 2436 1060 Marcellinus
2461 1005 2539 1059 vir
2565 1005 2886 1060 clarissimus
2911 1007 3146 1062 tribunus
3179 1016 3226 1063 et
3255 1009 3488 1064 notarius

1897 1094 2432 1182 dixinlﬁxceptores,
2462 1104 2640 1153 utrum
2683 1097 2942 1154 hesterno
2971 1098 3057 1155 die
3084 1100 3263 1156 omnia
3305 1111 3493 1173 potue-

1896 1190 2007 1246 rint
2034 1190 2088 1245 in
2115 1189 2334 1247 schedis
2361 1197 2514 1262 gesta
2539 1191 2805 1260 describi,
2837 1191 2980 1263 apud
3015 1202 3133 1250 acta
3181 1195 3486 1266 designent.

1899 1282 2165 1338 Martialis
2195 1293 2434 1358 exceptor
2458 1285 2608 1339 dixit.
2640 1284 2830 1340 Adhuc
2853 1296 3063 1356 partem
3110 1287 3162 1342 in
3212 1271 3509 1344 codicibus,

1898 1376 2184 1434 habemus.
2221 1377 2503 1450 Siquidem
2543 1379 2710 1435 etiam
2748 1377 2788 1436 ii
2819 1378 3061 1454 episcopi
3087 1382 3177 1455 qui
3211 1381 3368 1442 nobis
3398 1399 3493 1440 cu‘

1897 1470 2083 1527 stodes
2110 1470 2222 1526 dati
2246 1481 2391 1538 sunt,
2416 1487 2522 1528 non
2549 1473 2818 1528 nesciunt.

1971 1564 2060 1620 39.
2096 1562 2390 1619 Petilianus
2414 1566 2688 1636 episcopus
2726 1565 2877 1620 dixit.
2922 1565 3146 1637 Accepit
3194 1565 3499 1626 sublimitas

1902 1661 1990 1711 tua
2021 1672 2089 1711 ex
2133 1656 2493 1728 responsione
2529 1657 2723 1727 ofﬁcii,
2760 1667 2879 1714 acta
2918 1657 3097 1715 adhuc
3138 1661 3347 1734 digesta
3389 1679 3498 1719 non

1901 1767 2024 1810 esse
2051 1753 2103 1808 in
2127 1751 2374 1826 paginas,
2403 1769 2506 1812 nec
2528 1769 2649 1811 esse
2679 1754 2822 1826 quod
2853 1770 2978 1826 pars
3001 1766 3227 1828 utraque
3252 1757 3397 1832 legat
3422 1767 3502 1814 at-

1827 1840 1875 1902 B
1903 1861 2012 1918 que
2031 1857 2338 1916 recenseat,
2367 1862 2468 1903 nec
2498 1846 2615 1903 dari
2645 1857 2737 1902 aut
2778 1850 3022 1904 revocari
3052 1851 3332 1907 memoriae
3365 1868 3499 1925 pau-

1905 1939 2076 1998 lulum
2105 1942 2296 2013 possit.
2326 1941 2564 1998 Proinde
2593 1941 2895 1999 sublimitas
2935 1950 3061 2013 tua,
3092 1945 3349 2016 quoniam
3413 1963 3501 2004 res

1907 2033 2134 2092 honesta
2163 2036 2503 2108 postulatur,
2556 2036 2738 2110 largiri
2782 2035 3036 2110 dignetur
3069 2040 3212 2112 quod
3242 2041 3502 2113 petimus,
3559 2049 3565 2062 ’

1908 2140 1967 2187 ut
2001 2139 2154 2205 gesta
2196 2147 2260 2187 ex
2295 2147 2446 2189 more
2474 2131 2725 2188 edantur.
2764 2131 3035 2205 Legamus
3081 2143 3141 2190 ut
3174 2135 3506 2208 respondere

1907 2225 2202 2297 possimus.
2237 2223 2307 2280 Et
2338 2225 2445 2281 alia
2475 2243 2653 2282 manu.
2696 2226 2993 2285 Petilianus
3033 2228 3506 2301 episcopus’reco-

1907 2333 2088 2389 gnovr.
2641 2357 2647 2362 .

1980 2411 2071 2468 40.
2104 2409 2323 2484 Alypius
2345 2411 2612 2482 episcopus
2639 2407 2890 2468 Ecclesiae
2909 2413 3177 2470 catholica:
3197 2414 3347 2471 dixit.
3367 2413 3512 2473 Lon-

1909 2503 2094 2577 gitudo
2160 2510 2436 2574 gestorum
2484 2501 2652 2574 magis
2697 2503 3016 2572 innumero
3059 2515 3112 2562 et
3151 2508 3508 2578 responsione

1910 2599 2190 2669 utriusque
2227 2594 2398 2667 partis
2440 2597 2821 2668 episcoporum
2860 2583 2973 2664 est,
3023 2615 3182 2672 quam
3226 2601 3279 2656 in
3329 2602 3510 2673 aliqua

1910 2689 2382 2748 commendatione
2410 2690 2633 2762 negotii.
2656 2690 2798 2746 Nihil
2820 2706 2955 2764 ergo
2978 2700 3062 2748 est
3085 2693 3225 2749 unde
3254 2703 3508 2751 eausetur

1912 2800 2039 2857 pars
2089 2785 2300 2841 diversa
2325 2826 2338 2849 ,
2394 2793 2488 2840 aut
2515 2783 2674 2842 hodie
2703 2787 2938 2858 cognitio
2968 2785 3247 2844 differatur
3277 2806 3291 2854 ;
3320 2791 3512 2860 praeci-

1913 2894 2018 2951 pue
2039 2879 2161 2949 quia
2193 2879 2352 2934 etiam
2384 2877 2484 2950 ipsi
2516 2878 2750 2950 professi
2777 2891 2904 2937 sunt
2926 2881 2995 2938 ad
3021 2881 3342 2940 hodiernum
3367 2885 3510 2942 diem

1913 2972 2268 3031 dilI'erendum
2320 2989 2442 3031 esse
2479 2975 2778 3046 negotium.
2837 2974 2907 3031 Et
2951 2965 3061 3033 alia
3120 2995 3296 3036 manu.
3337 2979 3514 3040 Reco-

1912 3069 2094 3142 gnovL

1985 3165 2076 3219 41.
2104 3160 2441 3218 Marcellinus
2469 3161 2546 3216 vir
2577 3161 2898 3218 clarissimus
2920 3163 3156 3220 tribunus
3196 3175 3244 3221 et
3284 3167 3516 3224 notarius

211 3271 280 3326 tis
307 3268 560 3324 omnibus
587 3274 740 3338 gesta
771 3281 862 3320 res
902 3268 1019 3330 est,
1051 3275 1148 3316 cur
1185 3274 1296 3314 non
1329 3257 1384 3312 in
1419 3255 1668 3310 notitiam
1711 3265 1810 3306 no-
1837 3246 1883 3309 C
1915 3256 2065 3311 dixit.
2101 3253 2170 3312 Ut
2195 3255 2390 3311 iterum
2419 3253 2662 3325 partibus
2687 3255 2970 3313 evidenter
3021 3269 3300 3328 appareat,
3354 3276 3516 3317 vene-

205 3377 380 3424 stram
406 3380 528 3437 quae
553 3371 672 3420 acta
701 3371 834 3419 sunt
853 3356 1237 3431 perferuntur?
1255 3355 1390 3410 Cum
1420 3352 1567 3409 enim
1597 3366 1662 3406 ea
1691 3364 1812 3421 quae

1915 3349 2162 3406 rabilium
2187 3349 2424 3405 virorum
2455 3349 2634 3404 denuo
2659 3349 2928 3421 professio
2952 3354 3231 3409 recitetur.
3294 3350 3515 3412 Petilia-

209 3460 469 3517 nobilitas
501 3469 590 3513 tua
620 3455 894 3513 recenseri
914 3453 1082 3523 jUSsit
1108 3452 1178 3507 ab
1213 3447 1396 3504 ofﬁcio
1428 3444 1628 3502 fuerint
1681 3456 1814 3498 ven-
1915 3461 2011 3499 nus
2034 3443 2305 3516 cpiscOpus
2330 3443 2481 3497 dixit.
2507 3441 2664 3499 Unde
2693 3445 3050 3500 recitabitur?
3078 3443 3146 3500 Et
3173 3447 3280 3501 alia
3329 3465 3507 3505 manu.

213 3554 394 3618 tilata,
439 3567 666 3608 necesse
699 3561 755 3604 ut
788 3548 1028 3617 acceptis
1064 3543 1330 3599 universis
1370 3548 1598 3597 tractem
1627 3536 1810 3592 discu-

210 3647 452 3716 tiamque
477 3643 673 3714 quibus
716 3641 898 3698 causis
932 3638 1198 3709 quibusve
1236 3635 1412 3689 modis
1449 3631 1679 3688 debeam
1725 3643 1812 3684 re-

207 3739 506 3812 spondere.
534 3737 765 3794 Tantam
797 3735 996 3792 etenim
1029 3748 1096 3788 ex
1125 3728 1382 3786 mandato
1425 3726 1642 3781 illorum
1680 3735 1812 3776 con-

209 3833 480 3889 fusionem
506 3845 685 3886 causa:
715 3843 841 3885 esse
863 3824 1121 3898 cognovi,
1146 3831 1207 3878 ut
1234 3830 1290 3879 et
1311 3819 1378 3876 de
1405 3816 1694 3890 praeteritis
1727 3814 1810 3870 in-

207 3925 348 3981 strui
375 3923 640 3990 debeam,
667 3931 722 3979 et
759 3934 1053 3992 agnoscam
1091 3916 1162 3972 de
1197 3911 1558 3986 praesentibus
1597 3908 1683 3964 cui
1721 3906 1810 3962 de-

208 4019 369 4076 beam
418 4015 770 4088 respondere.
816 4010 886 4066 Et
917 4011 1026 4066 alia
1085 4024 1262 4063 manu.
1327 4003 1600 4060 En'ieritus
1654 4014 1810 4056 reco-

203 4111 368 4186 gnovi
379 4151 392 4164 .

281 4204 373 4260 54.
404 4200 744 4257 Marcellinus
770 4196 846 4252 vir
870 4195 1188 4250 clarissimus
1212 4189 1442 4247 tribunus
1481 4197 1528 4242 et
1576 4185 1808 4243 notarius

207 4299 363 4356 dixit.
391 4297 544 4354 Licet
573 4293 844 4367 professio
865 4289 1171 4348 sanctitatis
1194 4296 1390 4343 vestrae
1408 4284 1519 4338 sola
1550 4277 1803 4344 sulﬁciat,

213 4404 395 4448 tamen
419 4388 678 4461 quidquid
711 4384 861 4441 vobis
884 4383 952 4439 ad
980 4379 1391 4438 instructionem
1435 4372 1807 4445 plenissimam

205 4484 521 4542 credidistis
551 4497 709 4554 posse
733 4479 1008 4545 sufﬁcere,
1044 4475 1300 4532 hesterna
1322 4470 1408 4526 die
1427 4478 1481 4524 et
1502 4466 1806 4538 postulasse

206 4579 374 4654 292
404 4591 500 4633 vos
521 4585 576 4633 et
602 4574 880 4644 accepisse
912 4587 1025 4627 non
1052 4568 1280 4626 dubium
1328 4574 1430 4622 est.
1464 4559 1619 4620 Unde
1661 4573 1805 4614 nunc

206 4671 278 4727 ad
307 4685 486 4726 causae
514 4667 769 4725 meritum
798 4666 1067 4721 veniatur.
1752 4725 1754 4728 ν

279 4773 370 4828 55.
401 4770 690 4826 Petilianus
717 4769 990 4839 episcOpus
1017 4761 1171 4818 dixit.
1203 4757 1455 4817 Advertit
1499 4750 1805 4811 sublimitas

203 4874 300 4921 tua
330 4873 680 4935 exceptorem
710 4877 777 4918 ex
801 4859 1080 4916 codicibus
1104 4855 1302 4927 legisse
1329 4849 1459 4923 quid
1489 4847 1806 4904 nudiuster-

207 4957 354 5014 tiana
380 4957 468 5012 die
489 4957 574 5012 vel
601 4954 929 5028 promissum
954 4951 1115 5006 fuerit
1141 4950 1224 5004 vel
1254 4943 1684 5018 pronuntiatum.
1725 4938 1803 4993 Ex

202 5065 313 5120 qua
340 5064 401 5105 re
422 5050 591 5120 magis
609 5062 843 5119 agnosco
865 5054 982 5102 acta
1005 5042 1183 5100 adhuc
1202 5037 1449 5110 eXposita
1480 5051 1587 5091 non
1613 5032 1800 5088 fuisse.

203 5143 365 5213 Quod
395 5146 443 5201 si
463 5143 709 5214 exposita
743 5151 868 5199 sunt
889 5149 943 5197 et
974 5147 1157 5210 parata
1179 5180 1196 5207 ,
1233 5135 1376 5191 idem
1424 5139 1682 5202 exceptor
1716 5144 1805 5184 re-

203 5239 495 5310 spondeat.
525 5237 769 5295 Proferat
791 5246 963 5309 gesta.
990 5231 1306 5297 Subscribe,
1329 5238 1635 5285 tractamus
1662 5267 1676 5292 ,
1707 5239 1803 5295 po-

199 5343 325 5393 stea
351 5334 766 5407 respondemus.
793 5330 863 5388 Et
883 5332 988 5388 alia
1000 5325 1487 5387 manu.Petilianus
1517 5323 1805 5394 episcopus

199 5429 521 5501 recognovL

281 5523 372 5579 56.
403 5520 744 5578 Marcellinus
772 5520 848 5574 vir
875 5517 1192 5574 clarissimus
1237 5513 1470 5570 tribunus
1496 5521 1542 5567 et
1571 5506 1803 5564 notarius

199 5619 361 5675 dixit.
391 5617 643 5674 Studium
667 5612 946 5673 dilationis
971 5625 1206 5683 agnosco
1225 5651 1238 5676 ,
1268 5617 1323 5666 et
1348 5614 1568 5662 mutatae
1609 5603 1804 5660 volun-

199 5715 337 5770 tatis
363 5713 641 5769 indicium.
691 5711 950 5767 Potuerat
997 5706 1144 5764 enim
1198 5703 1458 5760 sanctitas
1504 5708 1685 5757 vestra
1738 5712 1804 5754 ex

198 5806 580 5878 magnitudine
633 5814 907 5878 gestorum
936 5843 952 5868 ,
997 5796 1056 5856 ut
1099 5799 1261 5856 hodie
1311 5795 1586 5868 negotium
1623 5790 1807 5849 differ-

198 5911 363 5958 retur
388 5899 655 5973 superiori
683 5897 885 5971 judicio
919 5893 1213 5967 postulare.
1258 5890 1373 5947 lluc
1414 5887 1629 5945 additur
1660 5885 1804 5957 (μιοὐ

1829 4641 1882 4702 Ι)

1914 3536 1984 3593 Ut
2011 3553 2195 3608 supra.
2227 3536 2505 3592 Montanus
2523 3539 2794 3609 cpiscopus
2834 3539 2986 3593 dixit.
3020 3539 3098 3596 De
3124 3540 3325 3599 scheda
3353 3543 3511 3600 nobis

1912 3629 2194 3684 recitetur.
2227 3626 2296 3682 Et
2323 3629 2429 3682 alia
2453 3645 2628 3682 manu.
2660 3627 2730 3684 Ut
2759 3645 2942 3700 supra.

1984 3725 2072 3780 i2.
2105 3722 2159 3777 Μ
2169 3723 2444 3778 arcellinus
2466 3723 2544 3778 vir
2569 3723 2886 3779 clarissimus
2935 3726 3171 3782 tribunus
3197 3737 3246 3784 et
3276 3733 3508 3786 notarius

1912 3817 2064 3871 dixit.
2099 3816 2240 3887 Ergo
2265 3832 2386 3887 qua)
2412 3816 2687 3872 codicibus
2715 3827 2968 3874 tenentur
2991 3819 3215 3890 inserta,
3247 3839 3368 3879 cum
3395 3834 3510 3878 tan-

1914 3910 1952 3965 ti
1979 3910 2288 3966 sacerdotes
2311 3909 2564 3965 custodes
2589 3911 2821 3982 appositi
2853 3911 3082 3982 fuerint,
3130 3913 3182 3970 in
3216 3914 3508 3972 dubitatio-

1911 4019 2037 4060 nem
2059 4004 2292 4074 aliquam
2323 4002 2636 4058 existimant
2659 4002 2968 4059 devocanda
2993 4005 3015 4059 ?

1983 4098 2072 4152 45.
2105 4096 2396 4152 Petilianus
2424 4097 2691 4168 episcopus
2718 4097 2870 4152 dixit.
2898 4095 3064 4155 Notas
3091 4114 3198 4154 non
3224 4102 3505 4170 novimus;

1910 4209 2090 4266 neque
2117 4208 2181 4249 ea
2203 4203 2396 4248 natura
2449 4209 2628 4248 rerum
2660 4201 2766 4261 est,
2821 4203 2983 4266 atque
3012 4193 3274 4266 ipsarum,
3333 4206 3392 4252 ut
3435 4197 3508 4253 ita

1911 4287 2145 4343 dixerim
2174 4286 2498 4350 litterarum,
2525 4293 2580 4339 ut
2602 4285 2886 4357 quisquam
2914 4295 3072 4342 notas
3097 4285 3240 4359 legat
3277 4289 3505 4348 alienas.

1910 4381 1968 4436 In
1996 4380 2272 4436 codicibus
2314 4380 2499 4451 legere
2538 4395 2645 4435 non
2688 4396 3000 4450 possumus.
3032 4381 3147 4437 Nisi
3201 4383 3343 4439 edita
3397 4387 3512 4443 lue-

1910 4474 2020 4530 rint
2047 4482 2196 4546 gesta
2230 4474 2283 4528 in
2307 4473 2539 4544 paginis,
2569 4487 2677 4528 non
2710 4472 2886 4528 habeo
2927 4473 3070 4544 quod
3102 4483 3352 4545 tractem,
3401 4494 3510 4534 non

1909 4565 2086 4622 habeo
2111 4566 2255 4637 quod
2287 4566 2481 4637 legam.
2527 4564 2596 4619 Et
2651 4565 2758 4618 alia
2785 4581 2962 4619 manu.
3007 4563 3079 4622 Ut
3120 4583 3302 4639 supra.
3364 4568 3512 4626 Mar-

1909 4661 2123 4719 cellinus
2153 4661 2231 4716 vir
2257 4659 2578 4716 clarissimus
2619 4657 2853 4714 tribunus
2891 4667 2936 4714 et
2981 4661 3210 4716 notarius
3235 4662 3386 4717 dixit.
3441 4665 3514 4722 Ut

1910 4759 2112 4814 dictum
2136 4765 2251 4825 est,
2283 4757 2476 4812 iterum
2520 4751 2915 4810 venerabilium
2958 4755 3199 4812 virorum
3240 4757 3509 4828 professio

1909 4853 2187 4910 recitetur.

1981 4947 2072 5003 44.
2101 4945 2360 5000 Martialis
2391 4952 2631 5014 exceptor
2654 4959 2719 4998 ex
2742 4943 2916 4998 codice
2932 4943 3116 4998 iterum
3134 4953 3375 5000 notarum
3406 4945 3508 5022 [re.

1910 5041 2103 5098 citavit.
2139 5038 2399 5094 Nobilitas
2426 5035 2536 5110 tua]
2561 5035 2712 5091 dixit.
2743 5035 3005 5104 Quoniam
3051 5035 3160 5092 diei
3214 5053 3352 5110 pene
3389 5057 3507 5098 om-

1910 5151 2033 5193 nem
2060 5142 2264 5204 partem
2286 5139 2497 5187 constat
2519 5144 2818 5195 emensam,
2841 5126 3046 5185 idcirco
3064 5139 3244 5186 utrum
3271 5147 3336 5187 ex
3357 5147 3507 5188 com-

1910 5227 2062 5285 muni
2096 5239 2364 5281 consensu
2401 5221 2606 5279 diﬁ'erri
2647 5221 2920 5292 negotium
2957 5221 3168 5293 placeat
3201 5223 3502 5292 intimetur,

1910 5321 1987 5376 Ab
2019 5320 2249 5390 utrisque
2277 5316 2509 5388 partibus
2533 5312 2733 5368 dictum
2756 5324 2851 5368 est.
2884 5313 3090 5381 Placet,
3123 5314 3373 5383 quoniam
3391 5315 3506 5385 jam

1908 5413 2014 5470 iste
2053 5411 2171 5467 dies
2212 5409 2428 5465 videtur
2467 5420 2744 5463 emensus.
2795 5403 3058 5457 Nobilitas
3105 5413 3193 5458 tua
3241 5403 3392 5458 dixit.
3447 5405 3507 5462 In

1909 5523 2070 5580 quem
2127 5503 2270 5560 diem
2313 5501 2431 5556 haec
2473 5501 2588 5570 ipsa
2628 5494 3130 5568 comperendinatio
3174 5495 3456 5554 differatur
3488 5545 3503 5570 ,

1911 5617 2036 5675 pars
2076 5611 2302 5668 ulraque
2343 5595 2612 5666 designet.
2663 5591 2884 5663 Alypius
2933 5590 3205 5662 episcopus
3257 5589 3509 5649 Ecclesia:

1909 5696 2178 5752 catholica:
2203 5691 2356 5748 dixit.
2394 5689 2546 5744 Sicut
2587 5685 2767 5742 edicto
2817 5683 3071 5738 nobilitas
3100 5692 3187 5739 tua
3221 5686 3509 5757 praescrip-

1909 5791 2000 5856 sit,
2030 5789 2266 5844 crastino
2295 5781 2607 5839 intermisso
2637 5785 2857 5852 prepter
2877 5777 3299 5848 descriptionem
3340 5779 3505 5836 sche-

1908 5883 2122 5951 darum,
2155 5878 2440 5964 perendie,
2472 5875 2514 5933 si
2541 5873 2814 5947 praecipis,
2842 5870 3214 5931 observemus.
3265 5872 3509 5934 Adeoda-
