3972 6328
484 276 506 329 1
517 273 623 331 559

1412 267 1639 328 GESTA
1676 263 2128 327 COLLATIONIS
2163 263 2790 329 CARTHAGINENSIS.

3651 267 3790 328 1560

486 396 568 441 tus
592 384 865 458 episcOpus
889 383 1039 439 dixit.
1065 382 1242 439 Etiam
1277 397 1377 439 nos
1415 384 1787 439 consentimus
1819 423 1834 448 ,
1888 390 1947 436 ut
1986 397 2081 452 pe-
2106 384 2154 443 A
2180 381 2322 451 justa
2357 383 2515 439 nobis
2541 386 2849 441 nullatenus
2880 383 3236 456 denegentur.
3267 383 3335 440 Et
3356 383 3464 440 alia
3490 401 3664 440 manu.
3693 385 3795 441 Pe-

485 479 677 536 rendie
701 477 972 549 negotium
999 486 1306 548 peragatur.
1342 477 1754 533 Sublimitnstua
1783 476 1936 531 dixit.
1965 475 2083 533 Sic-

487 579 550 627 ut
580 570 818 642 partibus
842 571 1062 640 placuit,
1098 569 1394 640 perendino
1424 569 1512 626 die
1546 569 1820 640 negotium
1873 579 2084 639 repete-

486 677 597 724 tur.
652 666 874 721 Etcum
939 667 1216 734 recitasset,
1267 665 1554 722 Petilianus
1595 667 1865 739 episcOpus
1924 667 2078 720 dixit.

487 762 642 820 Unde
667 763 828 834 legit?

555 853 645 910 45.
680 852 1024 909 Marcellinus
1052 855 1128 908 vir
1155 853 1471 910 clarissimus
1518 856 1754 910 tribunus
1775 863 1822 909 et
1846 855 2082 910 notarius

487 946 643 1002 dixit.
677 945 816 1013 Quid
839 961 1000 1012 super
1031 945 1132 1002 hac
1160 957 1316 1018 parte
1339 947 1513 1018 legum
1546 947 1617 1002 sit
1641 947 1964 1001 auctoritate
1990 945 2085 1001 de-

482 1036 727 1106 ﬁnitum,
764 1040 1108 1094 sanctitatem
1163 1049 1398 1095 vestram
1444 1040 1681 1094 arbitror
1733 1056 1838 1094 non
1889 1040 2079 1104 latere,

482 1147 604 1187 cum
631 1145 820 1188 contra
865 1133 1114 1202 preprios
1167 1147 1273 1187 non
1321 1132 1481 1188 liceat
1533 1132 1716 1187 venire
1758 1146 2077 1187 consensus.

483 1223 662 1292 Unde,
687 1241 756 1282 ne
777 1241 880 1296 qua
929 1224 1067 1281 forte
1119 1225 1188 1281 de
1231 1224 1615 1295 exceptorihus
1667 1223 1834 1281 officii
1890 1223 2082 1279 fraude

482 1319 724 1390 suspeeti
755 1318 884 1387 sint,
912 1333 978 1374 ex
1003 1318 1200 1373 tabulis
1224 1319 1558 1374 notariorum
1580 1315 2079 1373 ecclesiasticorum

483 1411 602 1469 haec
622 1413 813 1470 eadem
843 1412 1082 1468 conditio
1109 1412 1401 1484 relegatur.

553 1506 646 1562 46.
676 1506 938 1562 Emeritus
959 1507 1230 1576 episcopus
1272 1505 1426 1559 dixit.
1453 1503 1888 1576 lngredientibus
1924 1501 2081 1557 nobis

481 1601 736 1656 nobilitas
761 1609 853 1654 tua
875 1599 1114 1655 interfari
1146 1599 1365 1670 dignata
1393 1609 1498 1663 est,
1537 1598 1581 1652 si
1610 1595 1802 1652 edictis
1833 1595 2077 1666 proposi-

483 1696 554 1750 tis
578 1694 961 1750 adhiberemus
988 1709 1290 1763 assensum,
1325 1702 1380 1749 et
1421 1703 1601 1748 utrum
1649 1690 2080 1762 subscriptiones

480 1801 695 1848 nostras
723 1790 1260 1848 accommodaremus
1306 1789 1542 1860 propriis
1581 1786 2071 1856 prosecutionibus.
2107 1793 2154 1854 Β

477 1884 579 1940 Cui
607 1885 684 1941 rei
715 1883 1074 1948 satisfaciam,
1108 1899 1240 1937 non
1289 1882 1540 1938 adverto.
1572 1880 1743 1935 Tenet
1796 1894 1884 1933 me
1931 1877 2077 1934 enim

478 1979 822 2052 propositum
877 1976 1175 2032 nobilitatis
1204 1985 1331 2042 tum,
1360 1989 1468 2046 quo
1492 1989 1581 2029 me
1622 1971 2076 2040 subscriptionem

480 2070 672 2128 indere
695 2070 886 2143 gestis,
916 2079 972 2125 et
998 2069 1252 2125 universa
1278 2083 1398 2138 quae
1419 2067 1630 2136 publice
1658 2073 1776 2118 acta
1803 2073 1948 2128 sunt,
1981 2079 2079 2133 pu-

477 2164 620 2220 blice
643 2163 872 2236 proponi
899 2162 1218 2233 promisisti.
1266 2159 1418 2215 Nunc
1466 2170 1644 2213 autem
1685 2171 1850 2228 cogor
1893 2170 2075 2227 agere,

475 2265 532 2312 et
558 2265 684 2312 ante
710 2256 1039 2326 agnitionem
1075 2262 1348 2325 gestorum
1399 2250 1452 2306 in
1506 2249 1781 2321 negotium
1823 2247 2077 2320 praecipi-

475 2349 597 2404 tari.
621 2348 755 2416 Quae
784 2348 885 2403 ista
935 2347 1109 2402 sunt?
1163 2345 1299 2412 Quid
1349 2344 1580 2413 primum
1619 2343 1817 2414 eligam
1842 2342 2028 2398 nescio
2057 2384 2074 2410 ,

473 2442 619 2514 quod
650 2450 832 2497 votum
864 2451 1074 2496 tuorum
1108 2438 1437 2511 judiciorum
1485 2447 1696 2496 teneam
1743 2453 1848 2493 non
1913 2452 2078 2509 agno-

473 2551 589 2594 sco.
617 2537 672 2594 Si
705 2536 1158 2592 subscribendum
1189 2543 1274 2589 est
1303 2535 1547 2605 paginae;
1581 2533 1774 2588 edatur
1797 2532 1987 2604 pagina
2018 2540 2080 2587 ut

475 2630 742 2687 subscribi
785 2632 976 2700 possit.
1007 2629 1064 2686 Si
1096 2629 1252 2699 hujus
1299 2630 1376 2684 rei
1417 2637 1501 2684 est
1552 2626 1797 2683 facienda
1838 2627 2074 2697 jactura,

473 2723 711 2780 edictum
744 2732 892 2778 tuum
917 2738 1082 2779 omne
1107 2721 1378 2777 vacillahit
1404 2738 1418 2785 ;
1458 2720 1717 2791 quidquid
1748 2719 2075 2790 proposuisti

478 2816 533 2872 in
561 2818 830 2888 publicam
873 2816 1264 2872 conscientiam
1305 2813 1634 2870 destruetur.
1692 2813 1882 2868 Dixisti
1930 2811 2074 2867 enim

475 2923 548 2965 ex
573 2907 972 2978 subscriptione
998 2915 1183 2964 nostra
1215 2915 1269 2961 et
1299 2923 1363 2962 ex
1395 2905 1743 2962 sublimitatis
1775 2914 1878 2959 tua:
1908 2903 2077 2959 aduo—

473 3003 681 3057 tatione
707 3009 906 3057 cuncta
929 3017 1051 3072 qua:
1073 3008 1222 3072 gesta
1245 3009 1372 3055 sunt
1415 3000 1466 3054 in
1505 2999 1756 3053 notitiam
1801 2997 2073 3068 publicam

473 3095 674 3154 debere
698 3096 924 3154 deferri.
957 3095 1117 3152 Prius
1145 3104 1227 3151 est
1250 3109 1381 3166 ergo
1409 3103 1468 3150 ut
1503 3109 1566 3149 ea
1587 3109 1708 3164 quae
1747 3102 1898 3163 gesta
1952 3099 2077 3146 sunt

469 3191 792 3255 recitentur,
827 3200 883 3248 et
911 3191 1255 3262 publicentur
1286 3231 1302 3258 ,
1355 3201 1410 3246 et
1455 3197 1849 3260 agnoscantur,
1898 3195 1956 3241 ut
2007 3200 2072 3242 ex
2103 3198 2150 3263 ρ

467 3285 677 3356 judicio
701 3298 806 3342 tua:
830 3286 1182 3341 sublimitatis
1211 3285 1276 3340 ad
1305 3294 1502 3339 caetera
1539 3298 1660 3354 quae
1705 3289 1833 3336 sunt
1875 3279 2079 3352 negotii

469 3380 743 3435 veniatur.
781 3378 846 3434 Et
889 3379 994 3434 alia
1037 3395 1216 3434 manu.
1262 3377 1534 3432 Emeritos
1585 3375 1874 3446 episcopus
1921 3388 2078 3430 reco-

464 3471 668 3543 gnovi.l

543 3566 635 3621 47.
685 3564 1022 3622 Marcellinus
1064 3565 1142 3619 vir
1181 3562 1496 3618 clarissimus
1521 3562 1754 3616 tribunus
1775 3570 1823 3615 et
1845 3561 2076 3616 notarius

474 3657 626 3712 dixit.
650 3656 805 3713 Sicut
831 3659 1188 3714 interlocutus
1215 3672 1354 3722 sum,
1396 3655 1465 3711 ab
1500 3655 1885 3711 ecclesiasticis
1923 3662 2076 3709 nota-

467 3753 567 3808 riis
591 3768 654 3809 ea
679 3768 800 3825 quae
829 3753 900 3809 ab
923 3752 1306 3824 exceptoribus
1335 3749 1502 3806 ofﬁcii
1523 3749 1748 3806 recitata
1771 3756 1919 3818 sunt,
1952 3763 2074 3820 per-

469 3855 784 3904 currantur.

542 3941 634 3997 48.
665 3940 956 3998 Petilianus
981 3940 1252 4011 episcopus
1275 3938 1425 3994 dixit.
1451 3937 1601 3994 Tene
1650 3935 1866 3990 modum
1898 3944 2072 4001 tuum,

467 4032 553 4089 vir
579 4032 828 4099 nobilis;
888 4043 1014 4089 tene
1068 4031 1390 4103 promissam
1445 4043 1590 4097 srepe
1625 4027 1913 4098 justitiam.
1940 4025 2072 4080 Nam

467 4144 594 4185 cum
623 4144 654 4183 a
687 4137 840 4198 parte
867 4138 1053 4182 nostra
1081 4122 1513 4180 nudiustertiana
1539 4119 1628 4176 die
1661 4119 1851 4173 fuisset
1888 4117 2076 4187 objec-

467 4231 608 4289 tum,
636 4218 782 4290 quod
809 4218 930 4273 dies
952 4217 1226 4287 legitimus
1256 4229 1434 4268 causae
1460 4213 1572 4284 jam
1603 4212 1882 4268 videretur
1909 4211 2074 4268 fuisse

469 4321 795 4375 transactus,
830 4319 884 4364 et
911 4324 939 4363 a
968 4322 1131 4364 causa
1157 4305 1422 4362 cecidisse
1453 4321 1547 4362 eos
1578 4307 1668 4376 qui
1701 4319 1800 4360 nos
1835 4305 1888 4359 in
1928 4304 2076 4374 judi-

467 4405 613 4460 cium
636 4409 989 4470 vocaverunt,
1017 4400 1188 4456 coacti
1209 4413 1394 4453 sumus
1416 4398 1469 4454 id
1495 4398 1654 4464 velle,
1681 4405 1738 4452 ut
1759 4397 2074 4453 recedentes

468 4497 541 4553 ab
566 4496 756 4554 eadem
786 4493 1098 4552 conditione
1137 4493 1188 4548 in
1235 4500 1448 4562 tempus
1463 4484 1719 4561 'prmsens
1757 4489 2073 4544 consentire

2190 476 2408 533 tilianus
2435 480 2726 550 episcOpus
2758 480 3070 551 recognovi.

2258 594 2351 649 ιθ.
2381 593 2725 651 Marcellinus
2753 598 2830 651 vir
2857 597 3174 651 clarissimus
3213 598 3443 652 tribunus
3468 605 3516 652 et
3559 597 3795 649 notarius

2186 684 2334 741 dixit.
2368 686 2494 743 ﬂxc
2521 689 2724 744 rectius
2743 689 3019 760 etjnstius
3055 691 3329 758 praeterito
3348 690 3560 760 judicio
3587 689 3794 746 debui--

2186 791 2307 834 rant
2330 781 2616 848 postulari,
2649 783 2700 836 in
2727 798 2836 853 quo
2875 799 2938 839 ex
2973 798 3247 840 consensu
3289 784 3582 854 utriusque
3628 783 3793 852 partis

2187 871 2241 925 in
2271 869 2414 926 hunc
2438 873 2580 927 diem
2602 873 2768 929 dilata
2794 876 3033 946 cognitio
3061 885 3164 931 est.
3199 875 3355 932 Unde
3404 876 3475 930 ab
3531 877 3797 932 ecclesia-

2184 963 2333 1020 sncis
2365 966 2596 1021 notariis
2617 967 2682 1022 ad
2709 983 2870 1030 quam
2904 978 3112 1037 partem
3145 969 3311 1024 fuerit
3337 969 3504 1024 dilata
3547 969 3796 1040 cognitio

2186 1059 2347 1130 293
2371 1059 2651 1115 recitetur.
2687 1059 2977 1116 Petilianus
3007 1063 3280 1133 episcopus
3309 1045 3459 1118 dixit.
3494 1063 3646 1135 Ergo
3695 1066 3795 1119 cir-

2184 1153 2459 1205 cumventi
2482 1167 2690 1206 sumus.
2719 1151 2788 1206 Et
2817 1154 2922 1207 alia
2945 1170 3122 1207 manu.
3153 1153 3219 1210 Ut
3239 1168 3424 1224 supra.
3480 1155 3799 1227 Augustinus

2185 1245 2456 1316 episcOpus
2515 1245 2764 1303 Ecclesia:
2806 1248 3078 1303 catholicae
3116 1249 3269 1304 dixit.
3321 1247 3438 1305 Non
3484 1259 3573 1305 est
3617 1258 3796 1304 nostra

2181 1353 2342 1394 causa
2373 1337 2604 1407 factum,
2651 1339 2796 1408 quod
2842 1341 2999 1396 nobis
3028 1341 3219 1396 volunt
3267 1341 3542 1412 imputare
3593 1342 3796 1398 fratres

2184 1434 2355 1489 nostri
2397 1450 2428 1490 e
2471 1434 2691 1490 diverso
2721 1435 2998 1491 sistentes.
3038 1433 3106 1488 Et
3133 1453 3248 1490 cum
3293 1436 3510 1500 diceret,
3565 1435 3663 1508 (Et
3694 1438 3800 1490 alia

2183 1544 2360 1582 manu.
2391 1527 2761 1599 Becognovi.)
2815 1528 3103 1583 Petilianus
3128 1530 3411 1600 episcopus
3441 1530 3601 1584 dixit.
3653 1529 3798 1600 lnju-

2183 1621 2317 1677 riam
2347 1623 2504 1679 nobis
2529 1622 2687 1679 facis.
2721 1621 2791 1677 Et
2817 1624 2924 1678 alia
2951 1641 3127 1678 manu.
3158 1623 3229 1680 Ut
3248 1639 3433 1695 supra.

2252 1735 2344 1792 50.
2373 1735 2691 1808 Augustinus
2724 1738 2992 1810 episcOpus
3035 1736 3289 1794 Ecclesia!
3326 1739 3604 1794 catholica
3630 1738 3787 1794 dixit.

2185 1828 2431 1885 Edictum
2467 1831 2765 1887 nobilitatis
2796 1839 2900 1886 tua:
2926 1833 3006 1886 sic
3035 1847 3093 1887 se
3120 1833 3316 1899 habet,
3347 1843 3604 1905 quartum
3635 1849 3794 1890 men-

2182 1939 2296 1980 sem
2321 1925 2572 1980 concludi
2604 1925 2671 1980 ad
2693 1925 2836 1981 diem
2859 1925 3217 1982 kalendarum
3245 1926 3417 1982 Junii.
3451 1929 3590 1984 Ante
3609 1939 3799 1983 autem

2183 2032 2284 2074 nos
2311 2020 2598 2083 venimus;
2630 2028 2685 2075 et
2715 2020 2816 2088 ipsi
2856 2020 2948 2090 qui
2982 2019 3233 2075 videntur
3257 2021 3415 2076 nobis
3453 2021 3586 2077 hinc
3617 2021 3800 2078 facere

2183 2110 2459 2179 invidiam,
2483 2122 2675 2167 octavo
2701 2110 2961 2168 kalendas
2983 2112 3174 2168 Junias
3202 2113 3608 2170 mandaverunt
3632 2134 3646 2168 :
3678 2131 3798 2170 cum

2181 2205 2401 2275 utique,
2455 2205 2503 2260 si
2551 2215 2678 2262 ante
2717 2205 2858 2261 diem
2909 2216 3200 2273 venerant,
3242 2216 3370 2263 ante
3419 2208 3604 2278 ipsum
3653 2208 3798 2264 diem

2182 2297 2444 2354 mandare
2481 2297 2785 2354 debuerint.
2833 2299 3068 2370 Legatur
3109 2301 3270 2356 etiam
3309 2301 3485 2371 ipsius
3537 2302 3800 2357 Primiani

2182 2392 2474 2462 professio,
2491 2392 2556 2447 ad
2581 2409 2740 2464 quem
2765 2394 2910 2449 diem
2925 2411 2984 2450 se
3006 2394 3277 2466 pollicitus
3303 2406 3386 2452 est
3403 2412 3794 2465 occursurum,

2181 2495 2236 2540 et
2255 2485 2495 2542 solvatur
2518 2487 2618 2541 ista
2645 2489 2872 2558 qurestio
2896 2529 2912 2552 ,
2945 2487 3013 2543 de
3053 2503 3156 2560 qua
3189 2489 3345 2544 nobis
3369 2489 3483 2560 jam
3527 2491 3675 2561 apud
3705 2507 3801 2563 p0-

2181 2580 2365 2649 pulum
2415 2595 2612 2652 magna
2653 2580 2856 2637 invidia
2898 2582 3165 2638 concitata
3207 2592 3309 2639 est.
3351 2582 3422 2638 Et
3466 2585 3583 2639 alia
3622 2602 3799 2641 maria.

2181 2671 2512 2744 Recognovi.

2253 2790 2342 2844 5i.
2381 2789 2722 2846 Marcellinus
2752 2797 2829 2847 vir
2866 2793 3183 2850 clarissimus
3219 2797 3458 2852 tribunus
3489 2807 3542 2852 et
3566 2799 3797 2854 notarius

2179 2882 2331 2937 dixit.
2358 2882 2484 2939 Haec
2507 2887 2790 2956 superiore
2807 2887 3013 2956 judicio
3035 2885 3394 2944 determinata
3416 2889 3531 2961 jam
3559 2901 3793 2956 constat,

2180 2979 2484 3049 prxsertim
2513 2995 2634 3036 cum
2676 2996 2922 3050 personae
2962 2982 3032 3038 ab
3067 2994 3292 3054 utraque
3323 2994 3480 3055 parte
3511 2986 3798 3042 videantur

2179 3085 2301 3126 esse
2333 3071 2579 3127 firmatae.
2626 3071 2695 3128 Et
2723 3081 2903 3129 tamen
2943 3075 2988 3128 si
3021 3089 3143 3130 cum
3172 3090 3332 3131 causa
3357 3079 3596 3148 cmperit
3624 3089 3795 3134 retra-

2179 3165 2334 3230 ctari,
2388 3167 2654 3236 putaverit
2703 3167 2820 3224 limo
2858 3169 3118 3224 sanctitas
3164 3176 3254 3224 tua
3296 3169 3624 3242 relegenda,
3666 3183 3796 3228 tunc

2182 3257 2382 3312 rectius
2422 3258 2768 3329 retegentur;
2812 3261 3058 3332 quamvis
3085 3261 3421 3332 superﬂuum
3447 3264 3557 3330 sit,
3589 3275 3648 3320 ut
3670 3275 3798 3334 post

2177 3349 2646 3407 confirmationem
2670 3367 3025 3424 personarum
3057 3353 3172 3411 haec
3189 3356 3368 3412 denuo
3393 3365 3790 3413 retractentur.

2178 3443 2354 3509 Unde,
2405 3451 2463 3498 ut
2511 3444 2794 3501 interfatus
2831 3461 2973 3512 sum,
3022 3447 3091 3503 ab
3128 3448 3514 3504 ecclesiasticis
3557 3451 3795 3505 natariis

2176 3536 2320 3609 quod
2350 3547 2672 3608 praeceptum
2705 3549 2789 3595 est
2822 3541 3100 3596 recitetur.

2250 3630 2340 3685 52.
2375 3628 2634 3687 Emeritus
2654 3633 2927 3702 episcopus
2951 3633 3103 3687 dixit.
3133 3631 3404 3704 Scriptum
3425 3634 3498 3689 sit
3528 3643 3664 3689 tunc
3692 3648 3796 3690 nos

2176 3723 2230 3778 in
2253 3722 2396 3779 diem
2421 3725 2770 3782 consensisse
2793 3741 2915 3781 cum
2941 3726 3026 3782 isti
3056 3741 3212 3782 suam
3237 3727 3559 3784 retinuerint
3583 3729 3796 3784 volun-

2175 3824 2364 3872 tatem.
2400 3815 2466 3870 Et
2492 3817 2598 3871 alia
2626 3833 2803 3872 manu.
2835 3816 2906 3874 Ut
2935 3833 3119 3889 supra.

2249 3931 2340 3987 55.
2375 3929 2710 3986 Marcellinus
2744 3933 2822 3986 vir
2854 3932 3175 3988 clarissimus
3209 3931 3440 3987 tribunus
3468 3941 3516 3986 et
3542 3933 3798 3987 notarius

2177 4022 2327 4077 dixit.
2365 4023 2641 4096 Susceptaz
2669 4024 2862 4080 tabula:
2888 4024 2956 4081 ab
2979 4025 3360 4082 ecclesiasticis
3390 4026 3617 4080 notariis
3651 4027 3802 4083 reci-

2178 4125 2376 4173 tentnr.
2403 4117 2629 4190 Cumque
2649 4120 2788 4176 intra
2814 4119 3083 4177 Sabanum
3108 4121 3185 4196 (id
3205 4132 3288 4179 est
3312 4120 3519 4194 lincunt)
3539 4122 3802 4179 columen

2177 4213 2378 4268 schedia
2392 4215 2841 4271 membranaceum
2868 4233 2965 4289 pro
2993 4227 3138 4289 parte
3166 4217 3477 4287 descriptum
3507 4226 3556 4272 et
3577 4219 3800 4272 cadica

2176 4305 2470 4361 tabularum
2496 4309 2690 4380 pariter
2715 4309 2992 4380 obsignati,
3009 4309 3310 4383 judiciariis
3336 4309 3654 4376 offerrentur
3668 4312 3801 4366 ads-

2175 4400 2427 4469 pectibus,
2471 4400 2809 4457 Marcellinus
2839 4403 2916 4456 vir
2950 4403 3266 4458 clarissimus
3297 4403 3523 4457 tribunus
3550 4415 3608 4458 et
3642 4416 3801 4461 nota-

2175 4495 2285 4550 rius
2306 4495 2455 4550 dixit.
2481 4495 2746 4554 Custodes
2771 4497 2988 4553 edicant
3013 4507 3192 4552 utrum
3223 4499 3372 4568 signa
3399 4500 3794 4569 cognoverint.

470 4591 805 4649 videremur.
837 4589 1010 4646 Nemo
1031 4587 1165 4644 mihi
1186 4587 1258 4643 sit
1288 4585 1388 4642 hac
1417 4587 1470 4640 in
1493 4594 1648 4657 parte
1695 4583 1958 4654 ingratus,
1989 4583 2071 4638 vir
2097 4600 2151 4661 D
2176 4586 2279 4644 Leo
2322 4589 2590 4661 episcOpus
2632 4589 2880 4646 Ecclesia:
2919 4591 3189 4646 catholica:
3219 4591 3370 4646 dixit.
3404 4593 3669 4662 Agnosco
3715 4595 3795 4650 si-

471 4685 692 4744 nobilis.
723 4684 856 4740 Nam
888 4683 936 4739 si
967 4698 1066 4754 ego
1113 4681 1358 4737 concessi
1398 4677 1731 4734 tantumdem
1779 4677 2068 4747 temporis,

470 4781 638 4837 salvis
666 4779 752 4834 his
779 4788 992 4842 tamen,
1027 4776 1072 4830 si
1117 4775 1192 4829 illi
1224 4772 1739 4844 adstipulationibus
1791 4770 1903 4825 suis
1959 4786 2067 4826 non

469 4875 673 4931 fuerint
710 4871 966 4944 refragati
994 4912 1008 4936 ,
1062 4884 1158 4924 cur
1197 4870 1327 4924 mihi
1370 4869 1536 4925 breve
1596 4883 1702 4923 non
1750 4867 2067 4923 conceditur

467 4977 684 5036 tempus
707 4979 764 5022 ut
787 4967 1100 5023 scribantur
1123 4972 1296 5034 gesta,
1320 4972 1379 5016 ut
1400 4963 1772 5019 subscribatur
1818 4978 1845 5015 a
1895 4962 2068 5018 subli-

467 5060 660 5116 mitate
689 5070 798 5123 tua,
825 5061 1148 5130 videamque
1178 5073 1241 5114 ac
1280 5057 1547 5130 perlegam
1576 5059 1662 5114 cui
1696 5059 1770 5113 rei
1819 5058 2062 5114 subscri-

464 5154 599 5211 bere
619 5153 871 5219 debeam,
894 5154 1300 5223 percipiamque
1321 5167 1385 5207 ac
1407 5154 1660 5222 recipiam
1687 5167 1837 5208 meos
1857 5153 2068 5209 scilicet

464 5263 663 5305 sensus
694 5291 710 5316 ,
769 5244 1208 5303 adversariorum
1257 5260 1471 5316 quoque
1522 5245 1872 5301 calliditatem
1930 5245 2062 5301 sub-

460 5340 726 5412 tilemque
755 5339 1019 5410 argutiam
1046 5355 1062 5406 ;
1097 5347 1155 5392 nt
1177 5335 1382 5393 scilicet
1405 5337 1714 5406 plenissime
1738 5339 2059 5407 instructus,

460 5433 857 5490 intentionibus
887 5443 1078 5490 eorum
1101 5432 1312 5487 valeam
1342 5431 1721 5500 respondere?
1754 5433 2059 5489 Humanum

456 5543 585 5585 esse
607 5526 844 5583 arbitror
869 5536 1030 5597 atque
1060 5526 1286 5594 justum.
1334 5523 1413 5580 Ne
1457 5523 1694 5589 dederis,
1727 5526 1809 5581 vir
1838 5527 2058 5593 nobilis,

455 5621 583 5678 huic
622 5620 702 5676 rei
737 5627 900 5691 atque
930 5619 1055 5676 huic
1098 5618 1412 5689 justissima:
1433 5618 1677 5689 petitioni
1695 5619 1896 5690 aliquid
1915 5620 2058 5690 quod

457 5718 513 5772 in
555 5715 980 5773 sollicitudinem
1026 5715 1237 5771 abeam.
1282 5713 1561 5786 Siquidem
1607 5721 1660 5768 te
1695 5705 2054 5783 iustissimum

445 5807 798 5881 promiseris,
828 5814 885 5865 et
906 5822 1003 5864 nos
1035 5807 1088 5864 id
1126 5805 1353 5866 credere
1387 5808 1460 5864 sit
1497 5819 1760 5876 necesse,
1794 5805 1842 5862 si
1875 5814 2053 5864 tamen

2132 4703 2136 4710 -
2174 4681 2363 4751 gilium
2391 4696 2591 4738 meum.
2638 4682 2969 4738 Marinianus
2998 4685 3272 4756 episcopus
3313 4685 3483 4738 dixit:
3521 4691 3795 4754 Agnosco

2175 4773 2409 4845 sigillum
2453 4790 2656 4830 meum.
2701 4775 3036 4832 Marcellinus
3064 4779 3142 4831 vir
3182 4777 3501 4833 clarissimus
3541 4781 3797 4836 tribunus

2175 4877 2221 4921 et
2251 4869 2483 4923 notarius
2509 4869 2676 4924 dixit:
2704 4871 2968 4938 Quoniam
3000 4871 3068 4926 ab
3097 4879 3323 4942 utraque
3360 4881 3511 4941 parte
3539 4871 3793 4942 impres-

2171 4959 2379 5015 sionem
2409 4962 2684 5032 signorum
2712 4962 2947 5034 agnitam
2976 4972 3208 5028 constat,
3241 4979 3304 5020 ea
3333 4980 3450 5035 quze
3478 4968 3734 5038 praecepi
3760 4984 3793 5024 a

2169 5054 2398 5110 notariis
2427 5056 2756 5128 relegantur.

2236 5147 2326 5202 54.
2351 5146 2636 5203 Petilianus
2648 5150 2920 5222 episcOpus
2938 5149 3102 5205 dixit:
3121 5149 3214 5207 Sic
3226 5151 3404 5207 solent
3419 5159 3761 5209 testamenta
3772 5198 3788 5221 ,

2166 5254 2272 5295 non
2299 5250 2448 5311 gesta
2480 5242 2730 5296 reserari.
2766 5241 2835 5296 Et
2867 5243 2972 5297 alia
2999 5260 3178 5298 manu.
3211 5241 3283 5300 Ut
3308 5257 3494 5314 supra.

2235 5333 2325 5388 53.
2359 5333 2696 5391 Marcellinus
2725 5337 2802 5390 vir
2828 5336 3151 5392 clarissimus
3189 5339 3424 5393 tribunus
3457 5348 3507 5392 et
3542 5341 3789 5396 notarius

2167 5427 2332 5482 dixit:
2375 5428 2529 5497 Quod
2575 5439 2799 5501 propter
2832 5433 3256 5489 sollicitudinem
3292 5434 3463 5504 partis
3491 5436 3788 5508 utriusque

2163 5522 2363 5576 factum
2397 5531 2512 5587 est,
2557 5531 2614 5579 et
2654 5540 2718 5580 ex
2757 5527 3030 5580 communi
3058 5541 3327 5582 consensu
3360 5543 3469 5582 non
3500 5528 3668 5585 decet
3699 5545 3789 5587 re-

2163 5617 2447 5688 prehendi.
2483 5616 2775 5674 Petilianus
2802 5620 3071 5692 episcopus
3094 5621 3256 5676 dixit:
3276 5620 3396 5677 Non
3425 5623 3787 5694 reprehendo

2161 5713 2452 5780 cautelam,
2477 5713 2570 5768 sed
2595 5722 2717 5783 peto
2742 5713 3085 5788 [secundum]
3107 5715 3562 5772 consuetudinem
3589 5733 3780 5774 rerum

2160 5818 2219 5865 ut
2243 5819 2392 5881 gesta
2423 5809 2660 5882 legitime
2692 5819 3071 5883 exponantur,
3112 5820 3171 5868 ut
3210 5811 3312 5884 legi
3348 5827 3413 5868 ac
3446 5815 3778 5884 pertractari
