  <div class='ocr_page' id='page_1' title='image "/cluster/home/n/w/nwhite01/storage/ocr_20150623/11/hvd.32044015471287/686.png"; bbox 0 0 3972 6328; ppageno 0'>
   <div class='ocr_carea' id='block_1_1' title="bbox 162 319 300 377">
    <p class='ocr_par' dir='ltr' id='par_1_1' title="bbox 162 319 300 377">
     <span class='ocr_line' id='line_1_1' title="bbox 162 319 300 377; baseline -0.014 0"><span class='ocrx_word' id='word_1_1' title='bbox 162 319 300 377; x_wconf 73' lang='grc'><strong>1561</strong></span> 
     </span>
    </p>
   </div>
   <div class='ocr_carea' id='block_1_2' title="bbox 1097 313 2483 378">
    <p class='ocr_par' dir='ltr' id='par_1_2' title="bbox 1097 313 2483 378">
     <span class='ocr_line' id='line_1_2' title="bbox 1097 313 2483 378; baseline 0.001 -2"><span class='ocrx_word' id='word_1_2' title='bbox 1097 319 1326 378; x_wconf 80' lang='lat' dir='ltr'><strong>GESTA</strong></span> <span class='ocrx_word' id='word_1_3' title='bbox 1364 315 1819 377; x_wconf 74' lang='lat' dir='ltr'><strong>COLLATIONIS</strong></span> <span class='ocrx_word' id='word_1_4' title='bbox 1858 313 2483 378; x_wconf 70' lang='lat' dir='ltr'><strong>CARTl-IAGINENSIS.</strong></span> 
     </span>
    </p>
   </div>
   <div class='ocr_carea' id='block_1_3' title="bbox 3273 320 3466 379">
    <p class='ocr_par' dir='ltr' id='par_1_3' title="bbox 3273 320 3466 379">
     <span class='ocr_line' id='line_1_3' title="bbox 3273 320 3466 379; baseline 0.036 -7"><span class='ocrx_word' id='word_1_5' title='bbox 3273 320 3285 372; x_wconf 86' lang='lat' dir='ltr'><strong>l</strong></span> <span class='ocrx_word' id='word_1_6' title='bbox 3327 322 3466 379; x_wconf 67' lang='lat' dir='ltr'><strong>l362</strong></span> 
     </span>
    </p>
   </div>
   <div class='ocr_carea' id='block_1_4' title="bbox 157 434 3466 508">
    <p class='ocr_par' dir='ltr' id='par_1_4' title="bbox 157 434 3466 508">
     <span class='ocr_line' id='line_1_4' title="bbox 157 434 3466 508; baseline 0.002 -20"><span class='ocrx_word' id='word_1_7' title='bbox 157 436 390 508; x_wconf 82' lang='lat' dir='ltr'><strong>possint.</strong></span> <span class='ocrx_word' id='word_1_8' title='bbox 438 435 568 502; x_wconf 66' lang='lat' dir='ltr'><strong>Qua:</strong></span> <span class='ocrx_word' id='word_1_9' title='bbox 619 450 716 491; x_wconf 81' lang='lat' dir='ltr'><strong>res</strong></span> <span class='ocrx_word' id='word_1_10' title='bbox 753 438 952 508; x_wconf 87' lang='lat' dir='ltr'><strong>urget?</strong></span> <span class='ocrx_word' id='word_1_11' title='bbox 997 437 1134 505; x_wconf 83' lang='lat' dir='ltr'><strong>Quid</strong></span> <span class='ocrx_word' id='word_1_12' title='bbox 1181 437 1502 492; x_wconf 87' lang='lat' dir='ltr'><strong>festinatur?</strong></span> <span class='ocrx_word' id='word_1_13' title='bbox 1557 434 1624 490; x_wconf 86' lang='lat' dir='ltr'><strong>Et</strong></span> <span class='ocrx_word' id='word_1_14' title='bbox 1665 435 1771 490; x_wconf 91' lang='lat' dir='ltr'><strong>alia</strong></span> <span class='ocrx_word' id='word_1_15' title='bbox 1798 441 1849 498; x_wconf 86' lang='grc' dir='ltr'>Λ</span> <span class='ocrx_word' id='word_1_16' title='bbox 1951 434 2286 492; x_wconf 72' lang='lat' dir='ltr'><strong>Marcellinus</strong></span> <span class='ocrx_word' id='word_1_17' title='bbox 2331 439 2407 492; x_wconf 83' lang='lat' dir='ltr'><strong>vir</strong></span> <span class='ocrx_word' id='word_1_18' title='bbox 2457 437 2775 493; x_wconf 87' lang='lat' dir='ltr'><strong>clarissimus</strong></span> <span class='ocrx_word' id='word_1_19' title='bbox 2831 437 3068 492; x_wconf 78' lang='lat' dir='ltr'><strong>tribunus</strong></span> <span class='ocrx_word' id='word_1_20' title='bbox 3133 449 3182 493; x_wconf 92' lang='lat' dir='ltr'><strong>et</strong></span> <span class='ocrx_word' id='word_1_21' title='bbox 3237 438 3466 493; x_wconf 86' lang='lat' dir='ltr'><strong>notarius</strong></span> 
     </span>
    </p>
   </div>
   <div class='ocr_carea' id='block_1_5' title="bbox 157 526 1326 600">
    <p class='ocr_par' dir='ltr' id='par_1_5' title="bbox 157 526 1326 600">
     <span class='ocr_line' id='line_1_5' title="bbox 157 526 1326 600; baseline 0.003 -20"><span class='ocrx_word' id='word_1_22' title='bbox 157 543 337 581; x_wconf 83' lang='lat' dir='ltr'><strong>manu.</strong></span> <span class='ocrx_word' id='word_1_23' title='bbox 370 526 665 582; x_wconf 82' lang='lat' dir='ltr'><strong>Petilianus</strong></span> <span class='ocrx_word' id='word_1_24' title='bbox 697 529 984 598; x_wconf 71' lang='lat' dir='ltr'><strong>episcojius</strong></span> <span class='ocrx_word' id='word_1_25' title='bbox 1017 529 1326 600; x_wconf 84' lang='lat' dir='ltr'><strong>recognovi.</strong></span> 
     </span>
    </p>
   </div>
   <div class='ocr_carea' id='block_1_6' title="bbox 229 622 1762 694">
    <p class='ocr_par' dir='ltr' id='par_1_6' title="bbox 229 622 1762 694">
     <span class='ocr_line' id='line_1_6' title="bbox 229 622 1762 694; baseline 0.001 -17"><span class='ocrx_word' id='word_1_26' title='bbox 229 622 319 677; x_wconf 81' lang='lat'><strong>56.</strong></span> <span class='ocrx_word' id='word_1_27' title='bbox 355 623 675 694; x_wconf 73' lang='lat' dir='ltr'><strong>Augustinus</strong></span> <span class='ocrx_word' id='word_1_28' title='bbox 705 626 976 694; x_wconf 80' lang='lat' dir='ltr'><strong>episcOpus</strong></span> <span class='ocrx_word' id='word_1_29' title='bbox 1021 625 1263 680; x_wconf 74' lang='lat' dir='ltr'><strong>Ecclesia:</strong></span> <span class='ocrx_word' id='word_1_30' title='bbox 1301 625 1568 680; x_wconf 75' lang='lat' dir='ltr'><strong>catholica:</strong></span> <span class='ocrx_word' id='word_1_31' title='bbox 1596 623 1762 678; x_wconf 86' lang='lat' dir='ltr'><strong>dixit:</strong></span> 
     </span>
    </p>
   </div>
   <div class='ocr_carea' id='block_1_7' title="bbox 155 715 1764 788">
    <p class='ocr_par' dir='ltr' id='par_1_7' title="bbox 155 715 1764 788">
     <span class='ocr_line' id='line_1_7' title="bbox 155 715 1764 788; baseline 0.002 -17"><span class='ocrx_word' id='word_1_32' title='bbox 155 715 274 772; x_wconf 78' lang='lat' dir='ltr'><strong>Hoc</strong></span> <span class='ocrx_word' id='word_1_33' title='bbox 310 718 487 772; x_wconf 88' lang='lat' dir='ltr'><strong>solum</strong></span> <span class='ocrx_word' id='word_1_34' title='bbox 526 726 744 773; x_wconf 90' lang='lat' dir='ltr'><strong>constet</strong></span> <span class='ocrx_word' id='word_1_35' title='bbox 773 718 918 788; x_wconf 90' lang='lat' dir='ltr'><strong>ipsos</strong></span> <span class='ocrx_word' id='word_1_36' title='bbox 951 735 1065 774; x_wconf 90' lang='lat' dir='ltr'><strong>rem</strong></span> <span class='ocrx_word' id='word_1_37' title='bbox 1100 719 1244 775; x_wconf 83' lang='lat' dir='ltr'><strong>velle</strong></span> <span class='ocrx_word' id='word_1_38' title='bbox 1274 719 1509 775; x_wconf 69' lang='lat' dir='ltr'><strong>differre.</strong></span> <span class='ocrx_word' id='word_1_39' title='bbox 1541 719 1610 776; x_wconf 89' lang='lat' dir='ltr'><strong>Ut</strong></span> <span class='ocrx_word' id='word_1_40' title='bbox 1631 733 1764 774; x_wconf 86' lang='lat' dir='ltr'><strong>con-</strong></span> 
     </span>
    </p>
   </div>
   <div class='ocr_carea' id='block_1_8' title="bbox 152 800 1761 879">
    <p class='ocr_par' dir='ltr' id='par_1_8' title="bbox 152 800 1761 879">
     <span class='ocr_line' id='line_1_8' title="bbox 152 800 1761 879; baseline 0.002 -17"><span class='ocrx_word' id='word_1_41' title='bbox 152 807 315 862; x_wconf 82' lang='lat' dir='ltr'><strong>cedat</strong></span> <span class='ocrx_word' id='word_1_42' title='bbox 359 808 664 864; x_wconf 80' lang='lat' dir='ltr'><strong>sublimitas</strong></span> <span class='ocrx_word' id='word_1_43' title='bbox 717 819 826 878; x_wconf 87' lang='lat' dir='ltr'><strong>tua,</strong></span> <span class='ocrx_word' id='word_1_44' title='bbox 887 811 1118 879; x_wconf 86' lang='lat' dir='ltr'><strong>petimus</strong></span> <span class='ocrx_word' id='word_1_45' title='bbox 1177 821 1248 865; x_wconf 90' lang='lat' dir='ltr'><strong>te.</strong></span> <span class='ocrx_word' id='word_1_46' title='bbox 1297 800 1613 866; x_wconf 64' lang='lat' dir='ltr'><strong>~llumannm</strong></span> <span class='ocrx_word' id='word_1_47' title='bbox 1657 821 1761 878; x_wconf 89' lang='lat' dir='ltr'><strong>est,</strong></span> 
     </span>
    </p>
   </div>
   <div class='ocr_carea' id='block_1_9' title="bbox 151 897 1762 971">
    <p class='ocr_par' dir='ltr' id='par_1_9' title="bbox 151 897 1762 971">
     <span class='ocr_line' id='line_1_9' title="bbox 151 897 1762 971; baseline 0.004 -19"><span class='ocrx_word' id='word_1_48' title='bbox 151 897 504 953; x_wconf 89' lang='lat' dir='ltr'><strong>considerare</strong></span> <span class='ocrx_word' id='word_1_49' title='bbox 557 899 788 964; x_wconf 90' lang='lat' dir='ltr'><strong>volunt,</strong></span> <span class='ocrx_word' id='word_1_50' title='bbox 845 899 1120 956; x_wconf 73' lang='lat' dir='ltr'><strong>discutere</strong></span> <span class='ocrx_word' id='word_1_51' title='bbox 1175 902 1408 967; x_wconf 90' lang='lat' dir='ltr'><strong>volunt,</strong></span> <span class='ocrx_word' id='word_1_52' title='bbox 1462 903 1762 971; x_wconf 88' lang='lat' dir='ltr'><strong>paratiores</strong></span> 
     </span>
    </p>
   </div>
   <div class='ocr_carea' id='block_1_10' title="bbox 152 990 1761 1065">
    <p class='ocr_par' dir='ltr' id='par_1_10' title="bbox 152 990 1761 1065">
     <span class='ocr_line' id='line_1_10' title="bbox 152 990 1761 1065; baseline 0.005 -23"><span class='ocrx_word' id='word_1_53' title='bbox 152 990 348 1044; x_wconf 82' lang='lat' dir='ltr'><strong>volunt</strong></span> <span class='ocrx_word' id='word_1_54' title='bbox 387 991 594 1057; x_wconf 88' lang='lat' dir='ltr'><strong>venire,</strong></span> <span class='ocrx_word' id='word_1_55' title='bbox 627 1007 695 1047; x_wconf 89' lang='lat' dir='ltr'><strong>ne</strong></span> <span class='ocrx_word' id='word_1_56' title='bbox 732 992 982 1048; x_wconf 87' lang='lat' dir='ltr'><strong>nolentes</strong></span> <span class='ocrx_word' id='word_1_57' title='bbox 1021 993 1240 1049; x_wconf 87' lang='lat' dir='ltr'><strong>differre</strong></span> <span class='ocrx_word' id='word_1_58' title='bbox 1280 995 1574 1064; x_wconf 70' lang='lat' dir='ltr'><strong>prolixiora</strong></span> <span class='ocrx_word' id='word_1_59' title='bbox 1612 1006 1761 1065; x_wconf 88' lang='lat' dir='ltr'><strong>gesta</strong></span> 
     </span>
    </p>
   </div>
   <div class='ocr_carea' id='block_1_11' title="bbox 151 1081 1762 1160">
    <p class='ocr_par' dir='ltr' id='par_1_11' title="bbox 151 1081 1762 1160">
     <span class='ocr_line' id='line_1_11' title="bbox 151 1081 1762 1160; baseline 0.006 -24"><span class='ocrx_word' id='word_1_60' title='bbox 151 1081 447 1147; x_wconf 79' lang='lat' dir='ltr'><strong>faciamus,</strong></span> <span class='ocrx_word' id='word_1_61' title='bbox 491 1091 548 1139; x_wconf 88' lang='lat' dir='ltr'><strong>et</strong></span> <span class='ocrx_word' id='word_1_62' title='bbox 587 1085 702 1156; x_wconf 91' lang='lat' dir='ltr'><strong>ipsa</strong></span> <span class='ocrx_word' id='word_1_63' title='bbox 739 1095 1014 1156; x_wconf 89' lang='lat' dir='ltr'><strong>gestorum</strong></span> <span class='ocrx_word' id='word_1_64' title='bbox 1043 1087 1321 1157; x_wconf 84' lang='lat' dir='ltr'><strong>prolixitas</strong></span> <span class='ocrx_word' id='word_1_65' title='bbox 1350 1088 1581 1160; x_wconf 81' lang='lat' dir='ltr'><strong>majores</strong></span> <span class='ocrx_word' id='word_1_66' title='bbox 1609 1089 1762 1146; x_wconf 91' lang='lat' dir='ltr'><strong>nobis</strong></span> 
     </span>
    </p>
   </div>
   <div class='ocr_carea' id='block_1_12' title="bbox 153 1177 1402 1252">
    <p class='ocr_par' dir='ltr' id='par_1_12' title="bbox 153 1177 1402 1252">
     <span class='ocr_line' id='line_1_12' title="bbox 153 1177 1402 1252; baseline 0.003 -20"><span class='ocrx_word' id='word_1_67' title='bbox 153 1192 344 1232; x_wconf 85' lang='lat' dir='ltr'><strong>moras</strong></span> <span class='ocrx_word' id='word_1_68' title='bbox 372 1178 616 1232; x_wconf 86' lang='lat' dir='ltr'><strong>incutiat.</strong></span> <span class='ocrx_word' id='word_1_69' title='bbox 649 1177 720 1232; x_wconf 85' lang='lat' dir='ltr'><strong>Et</strong></span> <span class='ocrx_word' id='word_1_70' title='bbox 736 1179 845 1234; x_wconf 89' lang='lat' dir='ltr'><strong>alia</strong></span> <span class='ocrx_word' id='word_1_71' title='bbox 868 1197 1042 1234; x_wconf 90' lang='lat' dir='ltr'><strong>manu.</strong></span> <span class='ocrx_word' id='word_1_72' title='bbox 1071 1179 1402 1252; x_wconf 78' lang='lat' dir='ltr'><strong>Recognovi.</strong></span> 
     </span>
    </p>
   </div>
   <div class='ocr_carea' id='block_1_13' title="bbox 227 1269 1761 1330">
    <p class='ocr_par' dir='ltr' id='par_1_13' title="bbox 227 1269 1761 1330">
     <span class='ocr_line' id='line_1_13' title="bbox 227 1269 1761 1330; baseline 0.002 -4"><span class='ocrx_word' id='word_1_73' title='bbox 227 1271 323 1326; x_wconf 87' lang='lat'><strong>57.</strong></span> <span class='ocrx_word' id='word_1_74' title='bbox 361 1269 695 1327; x_wconf 70' lang='lat' dir='ltr'><strong>Marcellinus</strong></span> <span class='ocrx_word' id='word_1_75' title='bbox 724 1273 800 1326; x_wconf 82' lang='lat' dir='ltr'><strong>vir</strong></span> <span class='ocrx_word' id='word_1_76' title='bbox 829 1272 1144 1328; x_wconf 86' lang='lat' dir='ltr'><strong>clarissimus</strong></span> <span class='ocrx_word' id='word_1_77' title='bbox 1169 1273 1408 1328; x_wconf 77' lang='lat' dir='ltr'><strong>tribunus</strong></span> <span class='ocrx_word' id='word_1_78' title='bbox 1443 1285 1491 1329; x_wconf 87' lang='lat' dir='ltr'><strong>et</strong></span> <span class='ocrx_word' id='word_1_79' title='bbox 1524 1275 1761 1330; x_wconf 89' lang='lat' dir='ltr'><strong>notarius</strong></span> 
     </span>
    </p>
   </div>
   <div class='ocr_carea' id='block_1_14' title="bbox 150 1361 1758 1435">
    <p class='ocr_par' dir='ltr' id='par_1_14' title="bbox 150 1361 1758 1435">
     <span class='ocr_line' id='line_1_14' title="bbox 150 1361 1758 1435; baseline 0.005 -21"><span class='ocrx_word' id='word_1_80' title='bbox 150 1361 329 1416; x_wconf 84' lang='lat' dir='ltr'><strong>dixit:</strong></span> <span class='ocrx_word' id='word_1_81' title='bbox 356 1361 426 1416; x_wconf 88' lang='lat' dir='ltr'><strong>Et</strong></span> <span class='ocrx_word' id='word_1_82' title='bbox 458 1370 512 1418; x_wconf 92' lang='lat' dir='ltr'><strong>ut</strong></span> <span class='ocrx_word' id='word_1_83' title='bbox 537 1362 590 1417; x_wconf 89' lang='lat' dir='ltr'><strong>in</strong></span> <span class='ocrx_word' id='word_1_84' title='bbox 615 1362 760 1418; x_wconf 92' lang='lat' dir='ltr'><strong>hunc</strong></span> <span class='ocrx_word' id='word_1_85' title='bbox 781 1363 922 1419; x_wconf 91' lang='lat' dir='ltr'><strong>diem</strong></span> <span class='ocrx_word' id='word_1_86' title='bbox 942 1365 1177 1435; x_wconf 79' lang='lat' dir='ltr'><strong>cognitio</strong></span> <span class='ocrx_word' id='word_1_87' title='bbox 1203 1365 1533 1433; x_wconf 80' lang='lat' dir='ltr'><strong>dill‘erretttr,</strong></span> <span class='ocrx_word' id='word_1_88' title='bbox 1557 1368 1758 1422; x_wconf 82' lang='lat' dir='ltr'><strong>utrius-</strong></span> 
     </span>
    </p>
   </div>
   <div class='ocr_carea' id='block_1_15' title="bbox 150 1455 1760 1530">
    <p class='ocr_par' dir='ltr' id='par_1_15' title="bbox 150 1455 1760 1530">
     <span class='ocr_line' id='line_1_15' title="bbox 150 1455 1760 1530; baseline 0.006 -22"><span class='ocrx_word' id='word_1_89' title='bbox 150 1469 260 1524; x_wconf 87' lang='lat' dir='ltr'><strong>que</strong></span> <span class='ocrx_word' id='word_1_90' title='bbox 291 1455 460 1524; x_wconf 87' lang='lat' dir='ltr'><strong>partis</strong></span> <span class='ocrx_word' id='word_1_91' title='bbox 513 1465 724 1512; x_wconf 88' lang='lat' dir='ltr'><strong>constat</strong></span> <span class='ocrx_word' id='word_1_92' title='bbox 748 1457 1281 1526; x_wconf 70' lang='lat' dir='ltr'><strong>luisse-consensum,</strong></span> <span class='ocrx_word' id='word_1_93' title='bbox 1308 1460 1449 1530; x_wconf 87' lang='lat' dir='ltr'><strong>quod</strong></span> <span class='ocrx_word' id='word_1_94' title='bbox 1479 1461 1635 1517; x_wconf 90' lang='lat' dir='ltr'><strong>video</strong></span> <span class='ocrx_word' id='word_1_95' title='bbox 1660 1461 1760 1518; x_wconf 88' lang='lat' dir='ltr'><strong>ho-</strong></span> 
     </span>
    </p>
   </div>
   <div class='ocr_carea' id='block_1_16' title="bbox 150 1548 1760 1625">
    <p class='ocr_par' dir='ltr' id='par_1_16' title="bbox 150 1548 1760 1625">
     <span class='ocr_line' id='line_1_16' title="bbox 150 1548 1760 1625; baseline 0.006 -23"><span class='ocrx_word' id='word_1_96' title='bbox 150 1548 242 1602; x_wconf 85' lang='lat' dir='ltr'><strong>die</strong></span> <span class='ocrx_word' id='word_1_97' title='bbox 268 1549 530 1619; x_wconf 74' lang='lat' dir='ltr'><strong>prodesse</strong></span> <span class='ocrx_word' id='word_1_98' title='bbox 555 1565 662 1605; x_wconf 91' lang='lat' dir='ltr'><strong>non</strong></span> <span class='ocrx_word' id='word_1_99' title='bbox 696 1565 878 1620; x_wconf 86' lang='lat' dir='ltr'><strong>posse.</strong></span> <span class='ocrx_word' id='word_1_100' title='bbox 906 1551 1128 1607; x_wconf 86' lang='lat' dir='ltr'><strong>Interim</strong></span> <span class='ocrx_word' id='word_1_101' title='bbox 1148 1596 1162 1619; x_wconf 94' lang='lat'><strong>,</strong></span> <span class='ocrx_word' id='word_1_102' title='bbox 1189 1562 1248 1608; x_wconf 92' lang='lat' dir='ltr'><strong>nt</strong></span> <span class='ocrx_word' id='word_1_103' title='bbox 1276 1555 1537 1625; x_wconf 82' lang='lat' dir='ltr'><strong>praecepi,</strong></span> <span class='ocrx_word' id='word_1_104' title='bbox 1573 1556 1640 1611; x_wconf 91' lang='lat' dir='ltr'><strong>ab</strong></span> <span class='ocrx_word' id='word_1_105' title='bbox 1665 1571 1760 1612; x_wconf 88' lang='lat' dir='ltr'><strong>ec-</strong></span> 
     </span>
    </p>
   </div>
   <div class='ocr_carea' id='block_1_17' title="bbox 148 1640 1758 1718">
    <p class='ocr_par' dir='ltr' id='par_1_17' title="bbox 148 1640 1758 1718">
     <span class='ocr_line' id='line_1_17' title="bbox 148 1640 1758 1718; baseline 0.006 -23"><span class='ocrx_word' id='word_1_106' title='bbox 148 1640 478 1698; x_wconf 85' lang='lat' dir='ltr'><strong>clesiasticis</strong></span> <span class='ocrx_word' id='word_1_107' title='bbox 526 1643 754 1699; x_wconf 90' lang='lat' dir='ltr'><strong>notariis</strong></span> <span class='ocrx_word' id='word_1_108' title='bbox 797 1644 865 1699; x_wconf 91' lang='lat' dir='ltr'><strong>ad</strong></span> <span class='ocrx_word' id='word_1_109' title='bbox 915 1660 1077 1717; x_wconf 89' lang='lat' dir='ltr'><strong>quam</strong></span> <span class='ocrx_word' id='word_1_110' title='bbox 1128 1656 1337 1718; x_wconf 86' lang='lat' dir='ltr'><strong>partem</strong></span> <span class='ocrx_word' id='word_1_111' title='bbox 1387 1646 1547 1703; x_wconf 89' lang='lat' dir='ltr'><strong>fuerit</strong></span> <span class='ocrx_word' id='word_1_112' title='bbox 1594 1647 1758 1705; x_wconf 89' lang='lat' dir='ltr'><strong>dilata</strong></span> 
     </span>
    </p>
   </div>
   <div class='ocr_carea' id='block_1_18' title="bbox 147 1734 707 1804">
    <p class='ocr_par' dir='ltr' id='par_1_18' title="bbox 147 1734 707 1804">
     <span class='ocr_line' id='line_1_18' title="bbox 147 1734 707 1804; baseline 0.004 -16"><span class='ocrx_word' id='word_1_113' title='bbox 147 1734 394 1804; x_wconf 86' lang='lat' dir='ltr'><strong>cognitio</strong></span> <span class='ocrx_word' id='word_1_114' title='bbox 426 1735 707 1792; x_wconf 89' lang='lat' dir='ltr'><strong>recitetur.</strong></span> 
     </span>
    </p>
   </div>
   <div class='ocr_carea' id='block_1_19' title="bbox 224 1825 1758 1900">
    <p class='ocr_par' dir='ltr' id='par_1_19' title="bbox 224 1825 1758 1900">
     <span class='ocr_line' id='line_1_19' title="bbox 224 1825 1758 1900; baseline 0.002 -17"><span class='ocrx_word' id='word_1_115' title='bbox 224 1827 320 1883; x_wconf 79' lang='lat'><strong>58.</strong></span> <span class='ocrx_word' id='word_1_116' title='bbox 370 1825 662 1882; x_wconf 89' lang='lat' dir='ltr'><strong>Petilianus</strong></span> <span class='ocrx_word' id='word_1_117' title='bbox 703 1828 974 1898; x_wconf 83' lang='lat' dir='ltr'><strong>episcopus</strong></span> <span class='ocrx_word' id='word_1_118' title='bbox 1011 1829 1174 1884; x_wconf 91' lang='lat' dir='ltr'><strong>dixit:</strong></span> <span class='ocrx_word' id='word_1_119' title='bbox 1226 1829 1496 1900; x_wconf 81' lang='lat' dir='ltr'><strong>Scriptum</strong></span> <span class='ocrx_word' id='word_1_120' title='bbox 1542 1832 1612 1887; x_wconf 90' lang='lat' dir='ltr'><strong>sit</strong></span> <span class='ocrx_word' id='word_1_121' title='bbox 1654 1831 1758 1887; x_wconf 91' lang='lat' dir='ltr'><strong>hoc</strong></span> 
     </span>
    </p>
   </div>
   <div class='ocr_carea' id='block_1_20' title="bbox 150 1920 1764 1994">
    <p class='ocr_par' dir='ltr' id='par_1_20' title="bbox 150 1920 1764 1994">
     <span class='ocr_line' id='line_1_20' title="bbox 150 1920 1764 1994; baseline 0.003 -20"><span class='ocrx_word' id='word_1_122' title='bbox 150 1933 266 1974; x_wconf 90' lang='lat' dir='ltr'><strong>non</strong></span> <span class='ocrx_word' id='word_1_123' title='bbox 297 1930 486 1974; x_wconf 90' lang='lat' dir='ltr'><strong>nostro</strong></span> <span class='ocrx_word' id='word_1_124' title='bbox 507 1921 638 1975; x_wconf 89' lang='lat' dir='ltr'><strong>vitio</strong></span> <span class='ocrx_word' id='word_1_125' title='bbox 663 1921 800 1988; x_wconf 85' lang='lat' dir='ltr'><strong>fieri,</strong></span> <span class='ocrx_word' id='word_1_126' title='bbox 829 1920 921 1976; x_wconf 82' lang='lat' dir='ltr'><strong>sed</strong></span> <span class='ocrx_word' id='word_1_127' title='bbox 949 1930 1153 1976; x_wconf 90' lang='lat' dir='ltr'><strong>tantum</strong></span> <span class='ocrx_word' id='word_1_128' title='bbox 1181 1923 1325 1994; x_wconf 92' lang='lat' dir='ltr'><strong>quod</strong></span> <span class='ocrx_word' id='word_1_129' title='bbox 1354 1924 1545 1978; x_wconf 89' lang='lat' dir='ltr'><strong>notarii</strong></span> <span class='ocrx_word' id='word_1_130' title='bbox 1573 1938 1764 1979; x_wconf 89' lang='lat' dir='ltr'><strong>occur-</strong></span> 
     </span>
    </p>
   </div>
   <div class='ocr_carea' id='block_1_21' title="bbox 149 2012 1760 2084">
    <p class='ocr_par' dir='ltr' id='par_1_21' title="bbox 149 2012 1760 2084">
     <span class='ocr_line' id='line_1_21' title="bbox 149 2012 1760 2084; baseline 0.003 -16"><span class='ocrx_word' id='word_1_131' title='bbox 149 2028 281 2068; x_wconf 82' lang='lat' dir='ltr'><strong>rere</strong></span> <span class='ocrx_word' id='word_1_132' title='bbox 312 2029 420 2068; x_wconf 88' lang='lat' dir='ltr'><strong>non</strong></span> <span class='ocrx_word' id='word_1_133' title='bbox 464 2022 776 2084; x_wconf 90' lang='lat' dir='ltr'><strong>potuerunt,</strong></span> <span class='ocrx_word' id='word_1_134' title='bbox 821 2015 902 2069; x_wconf 79' lang='lat' dir='ltr'><strong>vel</strong></span> <span class='ocrx_word' id='word_1_135' title='bbox 941 2024 1282 2084; x_wconf 82' lang='lat' dir='ltr'><strong>execptores.</strong></span> <span class='ocrx_word' id='word_1_136' title='bbox 1332 2012 1399 2068; x_wconf 88' lang='lat' dir='ltr'><strong>Et</strong></span> <span class='ocrx_word' id='word_1_137' title='bbox 1439 2016 1546 2070; x_wconf 90' lang='lat' dir='ltr'><strong>alia</strong></span> <span class='ocrx_word' id='word_1_138' title='bbox 1582 2033 1760 2074; x_wconf 88' lang='lat' dir='ltr'><strong>manu.</strong></span> 
     </span>
    </p>
   </div>
   <div class='ocr_carea' id='block_1_22' title="bbox 150 2105 1126 2179">
    <p class='ocr_par' dir='ltr' id='par_1_22' title="bbox 150 2105 1126 2179">
     <span class='ocr_line' id='line_1_22' title="bbox 150 2105 1126 2179; baseline 0 -18"><span class='ocrx_word' id='word_1_139' title='bbox 150 2105 456 2161; x_wconf 82' lang='lat' dir='ltr'><strong>Petilianns</strong></span> <span class='ocrx_word' id='word_1_140' title='bbox 498 2107 787 2177; x_wconf 88' lang='lat' dir='ltr'><strong>episcopus</strong></span> <span class='ocrx_word' id='word_1_141' title='bbox 816 2107 1126 2179; x_wconf 78' lang='lat' dir='ltr'><strong>recognovi.</strong></span> 
     </span>
    </p>
   </div>
   <div class='ocr_carea' id='block_1_23' title="bbox 229 2199 1765 2259">
    <p class='ocr_par' dir='ltr' id='par_1_23' title="bbox 229 2199 1765 2259">
     <span class='ocr_line' id='line_1_23' title="bbox 229 2199 1765 2259; baseline 0.001 -3"><span class='ocrx_word' id='word_1_142' title='bbox 229 2200 324 2256; x_wconf 85' lang='lat'><strong>59.</strong></span> <span class='ocrx_word' id='word_1_143' title='bbox 361 2199 698 2256; x_wconf 73' lang='lat' dir='ltr'><strong>Marcellinus</strong></span> <span class='ocrx_word' id='word_1_144' title='bbox 727 2202 802 2255; x_wconf 85' lang='lat' dir='ltr'><strong>uir</strong></span> <span class='ocrx_word' id='word_1_145' title='bbox 831 2202 1150 2256; x_wconf 88' lang='lat' dir='ltr'><strong>clarissinms</strong></span> <span class='ocrx_word' id='word_1_146' title='bbox 1182 2203 1417 2257; x_wconf 84' lang='lat' dir='ltr'><strong>tribunus</strong></span> <span class='ocrx_word' id='word_1_147' title='bbox 1457 2212 1502 2257; x_wconf 84' lang='lat' dir='ltr'><strong>et</strong></span> <span class='ocrx_word' id='word_1_148' title='bbox 1531 2204 1765 2259; x_wconf 87' lang='lat' dir='ltr'><strong>notarius</strong></span> 
     </span>
    </p>
   </div>
   <div class='ocr_carea' id='block_1_24' title="bbox 153 2290 1764 2367">
    <p class='ocr_par' dir='ltr' id='par_1_24' title="bbox 153 2290 1764 2367">
     <span class='ocr_line' id='line_1_24' title="bbox 153 2290 1764 2367; baseline 0.002 -21"><span class='ocrx_word' id='word_1_149' title='bbox 153 2291 337 2346; x_wconf 78' lang='lat' dir='ltr'><strong>dixit:</strong></span> <span class='ocrx_word' id='word_1_150' title='bbox 390 2290 600 2346; x_wconf 82' lang='lat' dir='ltr'><strong>Recita.</strong></span> <span class='ocrx_word' id='word_1_151' title='bbox 632 2291 920 2348; x_wconf 85' lang='lat' dir='ltr'><strong>Januarius</strong></span> <span class='ocrx_word' id='word_1_152' title='bbox 949 2294 1180 2348; x_wconf 86' lang='lat' dir='ltr'><strong>notarius</strong></span> <span class='ocrx_word' id='word_1_153' title='bbox 1220 2292 1463 2349; x_wconf 70' lang='lat' dir='ltr'><strong>Ecclesia:</strong></span> <span class='ocrx_word' id='word_1_154' title='bbox 1502 2293 1764 2367; x_wconf 77' lang='lat' dir='ltr'><strong>Sitifensis</strong></span> 
     </span>
    </p>
   </div>
   <div class='ocr_carea' id='block_1_25' title="bbox 155 2384 1763 2456">
    <p class='ocr_par' dir='ltr' id='par_1_25' title="bbox 155 2384 1763 2456">
     <span class='ocr_line' id='line_1_25' title="bbox 155 2384 1763 2456; baseline 0.004 -18"><span class='ocrx_word' id='word_1_155' title='bbox 155 2388 330 2456; x_wconf 85' lang='lat' dir='ltr'><strong>partis</strong></span> <span class='ocrx_word' id='word_1_156' title='bbox 371 2384 560 2442; x_wconf 83' lang='lat' dir='ltr'><strong>Donati</strong></span> <span class='ocrx_word' id='word_1_157' title='bbox 594 2405 656 2443; x_wconf 87' lang='lat' dir='ltr'><strong>ex</strong></span> <span class='ocrx_word' id='word_1_158' title='bbox 692 2390 868 2442; x_wconf 81' lang='lat' dir='ltr'><strong>codice</strong></span> <span class='ocrx_word' id='word_1_159' title='bbox 894 2390 1145 2444; x_wconf 85' lang='lat' dir='ltr'><strong>recitavit.</strong></span> <span class='ocrx_word' id='word_1_160' title='bbox 1187 2387 1447 2445; x_wconf 85' lang='lat' dir='ltr'><strong>Nobilitas</strong></span> <span class='ocrx_word' id='word_1_161' title='bbox 1474 2401 1564 2444; x_wconf 92' lang='lat' dir='ltr'><strong>tua</strong></span> <span class='ocrx_word' id='word_1_162' title='bbox 1593 2390 1763 2445; x_wconf 88' lang='lat' dir='ltr'><strong>dixit:</strong></span> 
     </span>
    </p>
   </div>
   <div class='ocr_carea' id='block_1_26' title="bbox 157 2479 1762 2553">
    <p class='ocr_par' dir='ltr' id='par_1_26' title="bbox 157 2479 1762 2553">
     <span class='ocr_line' id='line_1_26' title="bbox 157 2479 1762 2553; baseline 0.002 -17"><span class='ocrx_word' id='word_1_163' title='bbox 157 2479 364 2536; x_wconf 88' lang='lat' dir='ltr'><strong>Edicat</strong></span> <span class='ocrx_word' id='word_1_164' title='bbox 385 2481 620 2537; x_wconf 88' lang='lat' dir='ltr'><strong>officium</strong></span> <span class='ocrx_word' id='word_1_165' title='bbox 650 2493 911 2552; x_wconf 88' lang='lat' dir='ltr'><strong>quantmn</strong></span> <span class='ocrx_word' id='word_1_166' title='bbox 931 2483 1040 2553; x_wconf 88' lang='lat' dir='ltr'><strong>jam</strong></span> <span class='ocrx_word' id='word_1_167' title='bbox 1068 2484 1172 2539; x_wconf 86' lang='lat' dir='ltr'><strong>diei</strong></span> <span class='ocrx_word' id='word_1_168' title='bbox 1199 2485 1440 2540; x_wconf 84' lang='lat' dir='ltr'><strong>videatur</strong></span> <span class='ocrx_word' id='word_1_169' title='bbox 1459 2499 1762 2540; x_wconf 90' lang='lat' dir='ltr'><strong>emensum.</strong></span> 
     </span>
    </p>
   </div>
   <div class='ocr_carea' id='block_1_27' title="bbox 157 2572 1769 2641">
    <p class='ocr_par' dir='ltr' id='par_1_27' title="bbox 157 2572 1769 2641">
     <span class='ocr_line' id='line_1_27' title="bbox 157 2572 1769 2641; baseline 0.002 -14"><span class='ocrx_word' id='word_1_170' title='bbox 157 2572 482 2641; x_wconf 82' lang='lat' dir='ltr'><strong>Ruﬁnianus</strong></span> <span class='ocrx_word' id='word_1_171' title='bbox 503 2575 668 2628; x_wconf 87' lang='lat' dir='ltr'><strong>scriba</strong></span> <span class='ocrx_word' id='word_1_172' title='bbox 691 2575 784 2628; x_wconf 80' lang='lat' dir='ltr'><strong>viri</strong></span> <span class='ocrx_word' id='word_1_173' title='bbox 807 2575 1078 2630; x_wconf 78' lang='lat' dir='ltr'><strong>clarissimi</strong></span> <span class='ocrx_word' id='word_1_174' title='bbox 1101 2577 1352 2630; x_wconf 85' lang='lat' dir='ltr'><strong>curatoris</strong></span> <span class='ocrx_word' id='word_1_175' title='bbox 1374 2577 1503 2631; x_wconf 91' lang='lat' dir='ltr'><strong>dixit</strong></span> <span class='ocrx_word' id='word_1_176' title='bbox 1529 2594 1541 2630; x_wconf 91' lang='lat'><strong>:</strong></span> <span class='ocrx_word' id='word_1_177' title='bbox 1574 2577 1769 2631; x_wconf 81' lang='lat' dir='ltr'><strong>Exem-</strong></span> 
     </span>
    </p>
   </div>
   <div class='ocr_carea' id='block_1_28' title="bbox 159 2666 1770 2738">
    <p class='ocr_par' dir='ltr' id='par_1_28' title="bbox 159 2666 1770 2738">
     <span class='ocr_line' id='line_1_28' title="bbox 159 2666 1770 2738; baseline 0.003 -19"><span class='ocrx_word' id='word_1_178' title='bbox 159 2674 277 2738; x_wconf 75' lang='lat' dir='ltr'><strong>pta:</strong></span> <span class='ocrx_word' id='word_1_179' title='bbox 301 2678 428 2720; x_wconf 91' lang='lat' dir='ltr'><strong>sunt</strong></span> <span class='ocrx_word' id='word_1_180' title='bbox 446 2666 595 2722; x_wconf 64' lang='lat' dir='ltr'><strong>horae</strong></span> <span class='ocrx_word' id='word_1_181' title='bbox 627 2667 875 2723; x_wconf 88' lang='lat' dir='ltr'><strong>undecim</strong></span> <span class='ocrx_word' id='word_1_182' title='bbox 902 2668 1031 2722; x_wconf 90' lang='lat' dir='ltr'><strong>diei.</strong></span> <span class='ocrx_word' id='word_1_183' title='bbox 1063 2667 1326 2724; x_wconf 88' lang='lat' dir='ltr'><strong>Nobilitas</strong></span> <span class='ocrx_word' id='word_1_184' title='bbox 1343 2678 1428 2723; x_wconf 89' lang='lat' dir='ltr'><strong>tua</strong></span> <span class='ocrx_word' id='word_1_185' title='bbox 1443 2671 1573 2724; x_wconf 84' lang='lat' dir='ltr'><strong>dixit</strong></span> <span class='ocrx_word' id='word_1_186' title='bbox 1593 2669 1770 2738; x_wconf 83' lang='lat' dir='ltr'><strong>:Quo-</strong></span> 
     </span>
    </p>
   </div>
   <div class='ocr_carea' id='block_1_29' title="bbox 161 2758 1770 2830">
    <p class='ocr_par' dir='ltr' id='par_1_29' title="bbox 161 2758 1770 2830">
     <span class='ocr_line' id='line_1_29' title="bbox 161 2758 1770 2830; baseline 0.004 -18"><span class='ocrx_word' id='word_1_187' title='bbox 161 2759 316 2812; x_wconf 90' lang='lat' dir='ltr'><strong>niam</strong></span> <span class='ocrx_word' id='word_1_188' title='bbox 350 2758 458 2813; x_wconf 91' lang='lat' dir='ltr'><strong>diei</strong></span> <span class='ocrx_word' id='word_1_189' title='bbox 487 2774 623 2828; x_wconf 92' lang='lat' dir='ltr'><strong>pene</strong></span> <span class='ocrx_word' id='word_1_190' title='bbox 644 2776 858 2816; x_wconf 90' lang='lat' dir='ltr'><strong>omnem</strong></span> <span class='ocrx_word' id='word_1_191' title='bbox 885 2770 1090 2830; x_wconf 89' lang='lat' dir='ltr'><strong>partem</strong></span> <span class='ocrx_word' id='word_1_192' title='bbox 1120 2770 1333 2816; x_wconf 80' lang='lat' dir='ltr'><strong>constat</strong></span> <span class='ocrx_word' id='word_1_193' title='bbox 1363 2777 1664 2830; x_wconf 78' lang='lat' dir='ltr'><strong>emensnm,</strong></span> <span class='ocrx_word' id='word_1_194' title='bbox 1689 2763 1770 2818; x_wconf 87' lang='lat' dir='ltr'><strong>id-</strong></span> 
     </span>
    </p>
   </div>
   <div class='ocr_carea' id='block_1_30' title="bbox 162 2853 1770 2927">
    <p class='ocr_par' dir='ltr' id='par_1_30' title="bbox 162 2853 1770 2927">
     <span class='ocr_line' id='line_1_30' title="bbox 162 2853 1770 2927; baseline 0.004 -21"><span class='ocrx_word' id='word_1_195' title='bbox 162 2853 328 2906; x_wconf 87' lang='lat' dir='ltr'><strong>circo</strong></span> <span class='ocrx_word' id='word_1_196' title='bbox 356 2860 535 2906; x_wconf 90' lang='lat' dir='ltr'><strong>utrum</strong></span> <span class='ocrx_word' id='word_1_197' title='bbox 567 2869 632 2907; x_wconf 76' lang='lat' dir='ltr'><strong>ex</strong></span> <span class='ocrx_word' id='word_1_198' title='bbox 662 2854 940 2908; x_wconf 90' lang='lat' dir='ltr'><strong>communi</strong></span> <span class='ocrx_word' id='word_1_199' title='bbox 971 2867 1238 2909; x_wconf 87' lang='lat' dir='ltr'><strong>consensu</strong></span> <span class='ocrx_word' id='word_1_200' title='bbox 1267 2853 1468 2909; x_wconf 77' lang='lat' dir='ltr'><strong>dilierri</strong></span> <span class='ocrx_word' id='word_1_201' title='bbox 1499 2857 1770 2927; x_wconf 80' lang='lat' dir='ltr'><strong>negotium</strong></span> 
     </span>
    </p>
   </div>
   <div class='ocr_carea' id='block_1_31' title="bbox 163 2949 1773 3025">
    <p class='ocr_par' dir='ltr' id='par_1_31' title="bbox 163 2949 1773 3025">
     <span class='ocr_line' id='line_1_31' title="bbox 163 2949 1773 3025; baseline 0.002 -22"><span class='ocrx_word' id='word_1_202' title='bbox 163 2949 388 3020; x_wconf 87' lang='lat' dir='ltr'><strong>placeat</strong></span> <span class='ocrx_word' id='word_1_203' title='bbox 420 2950 718 3007; x_wconf 90' lang='lat' dir='ltr'><strong>intimetur.</strong></span> <span class='ocrx_word' id='word_1_204' title='bbox 761 2951 835 3006; x_wconf 84' lang='lat' dir='ltr'><strong>Ab</strong></span> <span class='ocrx_word' id='word_1_205' title='bbox 873 2963 1092 3020; x_wconf 88' lang='lat' dir='ltr'><strong>utraque</strong></span> <span class='ocrx_word' id='word_1_206' title='bbox 1123 2961 1267 3025; x_wconf 84' lang='lat' dir='ltr'><strong>parte</strong></span> <span class='ocrx_word' id='word_1_207' title='bbox 1307 2951 1501 3008; x_wconf 83' lang='lat' dir='ltr'><strong>dictum</strong></span> <span class='ocrx_word' id='word_1_208' title='bbox 1528 2964 1620 3008; x_wconf 91' lang='lat' dir='ltr'><strong>est.</strong></span> <span class='ocrx_word' id='word_1_209' title='bbox 1652 2953 1773 3008; x_wconf 89' lang='lat' dir='ltr'><strong>Pla-</strong></span> 
     </span>
    </p>
   </div>
   <div class='ocr_carea' id='block_1_32' title="bbox 163 3042 1774 3111">
    <p class='ocr_par' dir='ltr' id='par_1_32' title="bbox 163 3042 1774 3111">
     <span class='ocr_line' id='line_1_32' title="bbox 163 3042 1774 3111; baseline 0.002 -14"><span class='ocrx_word' id='word_1_210' title='bbox 163 3050 282 3109; x_wconf 87' lang='lat' dir='ltr'><strong>cet,</strong></span> <span class='ocrx_word' id='word_1_211' title='bbox 328 3042 581 3111; x_wconf 86' lang='lat' dir='ltr'><strong>quoniam</strong></span> <span class='ocrx_word' id='word_1_212' title='bbox 630 3044 732 3100; x_wconf 91' lang='lat' dir='ltr'><strong>iste</strong></span> <span class='ocrx_word' id='word_1_213' title='bbox 777 3044 893 3100; x_wconf 85' lang='lat' dir='ltr'><strong>dies</strong></span> <span class='ocrx_word' id='word_1_214' title='bbox 936 3045 1149 3100; x_wconf 90' lang='lat' dir='ltr'><strong>videtur</strong></span> <span class='ocrx_word' id='word_1_215' title='bbox 1187 3061 1462 3101; x_wconf 90' lang='lat' dir='ltr'><strong>emensus.</strong></span> <span class='ocrx_word' id='word_1_216' title='bbox 1516 3045 1774 3102; x_wconf 81' lang='lat' dir='ltr'><strong>Nobilitas</strong></span> 
     </span>
    </p>
   </div>
   <div class='ocr_carea' id='block_1_33' title="bbox 163 3139 1776 3212">
    <p class='ocr_par' dir='ltr' id='par_1_33' title="bbox 163 3139 1776 3212">
     <span class='ocr_line' id='line_1_33' title="bbox 163 3139 1776 3212; baseline 0.004 -21"><span class='ocrx_word' id='word_1_217' title='bbox 163 3147 267 3192; x_wconf 83' lang='lat' dir='ltr'><strong>tua</strong></span> <span class='ocrx_word' id='word_1_218' title='bbox 296 3139 470 3194; x_wconf 83' lang='lat' dir='ltr'><strong>dixit:</strong></span> <span class='ocrx_word' id='word_1_219' title='bbox 513 3139 568 3194; x_wconf 89' lang='lat' dir='ltr'><strong>In</strong></span> <span class='ocrx_word' id='word_1_220' title='bbox 601 3155 758 3208; x_wconf 88' lang='lat' dir='ltr'><strong>quem</strong></span> <span class='ocrx_word' id='word_1_221' title='bbox 798 3139 941 3194; x_wconf 90' lang='lat' dir='ltr'><strong>diem</strong></span> <span class='ocrx_word' id='word_1_222' title='bbox 980 3139 1098 3195; x_wconf 65' lang='lat' dir='ltr'><strong>bare</strong></span> <span class='ocrx_word' id='word_1_223' title='bbox 1128 3141 1241 3212; x_wconf 88' lang='lat' dir='ltr'><strong>ipsa</strong></span> <span class='ocrx_word' id='word_1_224' title='bbox 1273 3141 1776 3210; x_wconf 82' lang='lat' dir='ltr'><strong>compercndinatio</strong></span> 
     </span>
    </p>
   </div>
   <div class='ocr_carea' id='block_1_34' title="bbox 1865 527 3463 598">
    <p class='ocr_par' dir='ltr' id='par_1_34' title="bbox 1865 527 3463 598">
     <span class='ocr_line' id='line_1_34' title="bbox 1865 527 3463 598; baseline 0.002 -18"><span class='ocrx_word' id='word_1_225' title='bbox 1865 527 2036 582; x_wconf 88' lang='lat' dir='ltr'><strong>dixit:</strong></span> <span class='ocrx_word' id='word_1_226' title='bbox 2066 527 2299 584; x_wconf 90' lang='lat' dir='ltr'><strong>Possunt</strong></span> <span class='ocrx_word' id='word_1_227' title='bbox 2331 528 2493 585; x_wconf 88' lang='lat' dir='ltr'><strong>hodie</strong></span> <span class='ocrx_word' id='word_1_228' title='bbox 2523 529 2738 585; x_wconf 78' lang='lat' dir='ltr'><strong>schedzc</strong></span> <span class='ocrx_word' id='word_1_229' title='bbox 2767 530 2850 584; x_wconf 93' lang='lat' dir='ltr'><strong>vel</strong></span> <span class='ocrx_word' id='word_1_230' title='bbox 2874 530 2941 584; x_wconf 89' lang='lat' dir='ltr'><strong>ab</strong></span> <span class='ocrx_word' id='word_1_231' title='bbox 2970 527 3149 584; x_wconf 87' lang='lat' dir='ltr'><strong>officio</strong></span> <span class='ocrx_word' id='word_1_232' title='bbox 3179 529 3463 598; x_wconf 87' lang='lat' dir='ltr'><strong>compleri,</strong></span> 
     </span>
    </p>
   </div>
   <div class='ocr_carea' id='block_1_35' title="bbox 1863 619 3462 694">
    <p class='ocr_par' dir='ltr' id='par_1_35' title="bbox 1863 619 3462 694">
     <span class='ocr_line' id='line_1_35' title="bbox 1863 619 3462 694; baseline 0.002 -20"><span class='ocrx_word' id='word_1_233' title='bbox 1863 619 1948 675; x_wconf 90' lang='lat' dir='ltr'><strong>vel</strong></span> <span class='ocrx_word' id='word_1_234' title='bbox 1973 620 2042 675; x_wconf 87' lang='lat' dir='ltr'><strong>ab</strong></span> <span class='ocrx_word' id='word_1_235' title='bbox 2059 627 2282 690; x_wconf 85' lang='lat' dir='ltr'><strong>utraque</strong></span> <span class='ocrx_word' id='word_1_236' title='bbox 2306 632 2456 692; x_wconf 90' lang='lat' dir='ltr'><strong>parte</strong></span> <span class='ocrx_word' id='word_1_237' title='bbox 2478 621 2784 678; x_wconf 86' lang='lat' dir='ltr'><strong>subscribi?</strong></span> <span class='ocrx_word' id='word_1_238' title='bbox 2809 621 3025 678; x_wconf 80' lang='lat' dir='ltr'><strong>Hilarus</strong></span> <span class='ocrx_word' id='word_1_239' title='bbox 3037 634 3276 694; x_wconf 84' lang='lat' dir='ltr'><strong>exceptor</strong></span> <span class='ocrx_word' id='word_1_240' title='bbox 3295 621 3426 677; x_wconf 84' lang='lat' dir='ltr'><strong>dixit</strong></span> <span class='ocrx_word' id='word_1_241' title='bbox 3449 641 3462 677; x_wconf 94' lang='lat'><strong>:</strong></span> 
     </span>
    </p>
   </div>
   <div class='ocr_carea' id='block_1_36' title="bbox 1863 716 2674 789">
    <p class='ocr_par' dir='ltr' id='par_1_36' title="bbox 1863 716 2674 789">
     <span class='ocr_line' id='line_1_36' title="bbox 1863 716 2674 789; baseline 0.002 -17"><span class='ocrx_word' id='word_1_242' title='bbox 1863 716 2036 772; x_wconf 80' lang='lat' dir='ltr'><strong>Hodie</strong></span> <span class='ocrx_word' id='word_1_243' title='bbox 2057 717 2286 773; x_wconf 88' lang='lat' dir='ltr'><strong>schedas</strong></span> <span class='ocrx_word' id='word_1_244' title='bbox 2316 720 2674 789; x_wconf 69' lang='lat' dir='ltr'><strong>cntupletttus.</strong></span> 
     </span>
    </p>
   </div>
   <div class='ocr_carea' id='block_1_37' title="bbox 1938 809 3462 867">
    <p class='ocr_par' dir='ltr' id='par_1_37' title="bbox 1938 809 3462 867">
     <span class='ocr_line' id='line_1_37' title="bbox 1938 809 3462 867; baseline 0.001 -4"><span class='ocrx_word' id='word_1_245' title='bbox 1938 809 2273 865; x_wconf 75' lang='lat' dir='ltr'><strong>Marcellinus</strong></span> <span class='ocrx_word' id='word_1_246' title='bbox 2326 813 2399 865; x_wconf 79' lang='lat' dir='ltr'><strong>vir</strong></span> <span class='ocrx_word' id='word_1_247' title='bbox 2465 813 2780 867; x_wconf 84' lang='lat' dir='ltr'><strong>clarissimus</strong></span> <span class='ocrx_word' id='word_1_248' title='bbox 2831 811 3066 867; x_wconf 84' lang='lat' dir='ltr'><strong>tribunus</strong></span> <span class='ocrx_word' id='word_1_249' title='bbox 3129 820 3176 866; x_wconf 90' lang='lat' dir='ltr'><strong>et</strong></span> <span class='ocrx_word' id='word_1_250' title='bbox 3233 810 3462 865; x_wconf 86' lang='lat' dir='ltr'><strong>notarius</strong></span> 
     </span>
    </p>
   </div>
   <div class='ocr_carea' id='block_1_38' title="bbox 1863 902 3464 977">
    <p class='ocr_par' dir='ltr' id='par_1_38' title="bbox 1863 902 3464 977">
     <span class='ocr_line' id='line_1_38' title="bbox 1863 902 3464 977; baseline 0 -19"><span class='ocrx_word' id='word_1_251' title='bbox 1863 903 2036 959; x_wconf 80' lang='lat' dir='ltr'><strong>dixit:</strong></span> <span class='ocrx_word' id='word_1_252' title='bbox 2068 904 2332 974; x_wconf 80' lang='lat' dir='ltr'><strong>Quoniam</strong></span> <span class='ocrx_word' id='word_1_253' title='bbox 2361 906 2625 977; x_wconf 75' lang='lat' dir='ltr'><strong>suggessit</strong></span> <span class='ocrx_word' id='word_1_254' title='bbox 2657 905 2894 961; x_wconf 88' lang='lat' dir='ltr'><strong>ofticium</strong></span> <span class='ocrx_word' id='word_1_255' title='bbox 2933 905 3094 960; x_wconf 90' lang='lat' dir='ltr'><strong>hodie</strong></span> <span class='ocrx_word' id='word_1_256' title='bbox 3134 919 3194 959; x_wconf 90' lang='lat' dir='ltr'><strong>se</strong></span> <span class='ocrx_word' id='word_1_257' title='bbox 3232 902 3464 959; x_wconf 89' lang='lat' dir='ltr'><strong>schedas</strong></span> 
     </span>
    </p>
   </div>
   <div class='ocr_carea' id='block_1_39' title="bbox 1864 998 3466 1068">
    <p class='ocr_par' dir='ltr' id='par_1_39' title="bbox 1864 998 3466 1068">
     <span class='ocr_line' id='line_1_39' title="bbox 1864 998 3466 1068; baseline 0.002 -18"><span class='ocrx_word' id='word_1_258' title='bbox 1864 1013 2023 1068; x_wconf 91' lang='lat' dir='ltr'><strong>posse</strong></span> <span class='ocrx_word' id='word_1_259' title='bbox 2060 999 2336 1068; x_wconf 89' lang='lat' dir='ltr'><strong>complere</strong></span> <span class='ocrx_word' id='word_1_260' title='bbox 2355 1040 2370 1066; x_wconf 94' lang='lat'><strong>,</strong></span> <span class='ocrx_word' id='word_1_261' title='bbox 2401 999 2579 1054; x_wconf 91' lang='lat' dir='ltr'><strong>edieat</strong></span> <span class='ocrx_word' id='word_1_262' title='bbox 2609 1001 2865 1054; x_wconf 85' lang='lat' dir='ltr'><strong>sanctitas</strong></span> <span class='ocrx_word' id='word_1_263' title='bbox 2889 1009 3069 1055; x_wconf 88' lang='lat' dir='ltr'><strong>vestra</strong></span> <span class='ocrx_word' id='word_1_264' title='bbox 3099 1010 3276 1054; x_wconf 91' lang='lat' dir='ltr'><strong>utrum</strong></span> <span class='ocrx_word' id='word_1_265' title='bbox 3304 998 3466 1054; x_wconf 85' lang='lat' dir='ltr'><strong>hodie</strong></span> 
     </span>
    </p>
   </div>
   <div class='ocr_carea' id='block_1_40' title="bbox 1863 1089 3029 1161">
    <p class='ocr_par' dir='ltr' id='par_1_40' title="bbox 1863 1089 3029 1161">
     <span class='ocr_line' id='line_1_40' title="bbox 1863 1089 3029 1161; baseline 0.001 -18"><span class='ocrx_word' id='word_1_266' title='bbox 1863 1089 1950 1143; x_wconf 87' lang='lat' dir='ltr'><strong>vel</strong></span> <span class='ocrx_word' id='word_1_267' title='bbox 1976 1091 2212 1143; x_wconf 90' lang='lat' dir='ltr'><strong>crastino</strong></span> <span class='ocrx_word' id='word_1_268' title='bbox 2240 1090 2326 1146; x_wconf 91' lang='lat' dir='ltr'><strong>die</strong></span> <span class='ocrx_word' id='word_1_269' title='bbox 2356 1092 2426 1146; x_wconf 90' lang='lat' dir='ltr'><strong>sit</strong></span> <span class='ocrx_word' id='word_1_270' title='bbox 2456 1100 2639 1161; x_wconf 89' lang='lat' dir='ltr'><strong>parata</strong></span> <span class='ocrx_word' id='word_1_271' title='bbox 2668 1091 3029 1146; x_wconf 88' lang='lat' dir='ltr'><strong>subscribere.</strong></span> 
     </span>
    </p>
   </div>
   <div class='ocr_carea' id='block_1_41' title="bbox 1937 1181 3464 1257">
    <p class='ocr_par' dir='ltr' id='par_1_41' title="bbox 1937 1181 3464 1257">
     <span class='ocr_line' id='line_1_41' title="bbox 1937 1181 3464 1257; baseline 0.004 -22"><span class='ocrx_word' id='word_1_272' title='bbox 1937 1181 2025 1236; x_wconf 75' lang='lat'><strong>62.</strong></span> <span class='ocrx_word' id='word_1_273' title='bbox 2053 1181 2346 1238; x_wconf 84' lang='lat' dir='ltr'><strong>Adeodatus</strong></span> <span class='ocrx_word' id='word_1_274' title='bbox 2391 1186 2659 1257; x_wconf 79' lang='lat' dir='ltr'><strong>episwpus</strong></span> <span class='ocrx_word' id='word_1_275' title='bbox 2690 1185 2859 1239; x_wconf 89' lang='lat' dir='ltr'><strong>dixit:</strong></span> <span class='ocrx_word' id='word_1_276' title='bbox 2897 1183 3032 1241; x_wconf 88' lang='lat' dir='ltr'><strong>Cum</strong></span> <span class='ocrx_word' id='word_1_277' title='bbox 3075 1185 3228 1242; x_wconf 90' lang='lat' dir='ltr'><strong>nobis</strong></span> <span class='ocrx_word' id='word_1_278' title='bbox 3263 1184 3464 1242; x_wconf 87' lang='lat' dir='ltr'><strong>scheda</strong></span> 
     </span>
    </p>
   </div>
   <div class='ocr_carea' id='block_1_42' title="bbox 1863 1273 3467 1341">
    <p class='ocr_par' dir='ltr' id='par_1_42' title="bbox 1863 1273 3467 1341">
     <span class='ocr_line' id='line_1_42' title="bbox 1863 1273 3467 1341; baseline 0.004 -13"><span class='ocrx_word' id='word_1_279' title='bbox 1863 1273 2040 1328; x_wconf 86' lang='lat' dir='ltr'><strong>oblata</strong></span> <span class='ocrx_word' id='word_1_280' title='bbox 2069 1275 2248 1341; x_wconf 87' lang='lat' dir='ltr'><strong>fuerit,</strong></span> <span class='ocrx_word' id='word_1_281' title='bbox 2274 1277 2697 1333; x_wconf 90' lang='lat' dir='ltr'><strong>subscribemus.</strong></span> <span class='ocrx_word' id='word_1_282' title='bbox 2733 1277 2801 1332; x_wconf 81' lang='lat' dir='ltr'><strong>Et</strong></span> <span class='ocrx_word' id='word_1_283' title='bbox 2827 1277 2931 1333; x_wconf 86' lang='lat' dir='ltr'><strong>alia</strong></span> <span class='ocrx_word' id='word_1_284' title='bbox 2953 1295 3126 1334; x_wconf 89' lang='lat' dir='ltr'><strong>manu.</strong></span> <span class='ocrx_word' id='word_1_285' title='bbox 3159 1278 3467 1334; x_wconf 86' lang='lat' dir='ltr'><strong>Adeodatus</strong></span> 
     </span>
    </p>
   </div>
   <div class='ocr_carea' id='block_1_43' title="bbox 1863 1368 2492 1439">
    <p class='ocr_par' dir='ltr' id='par_1_43' title="bbox 1863 1368 2492 1439">
     <span class='ocr_line' id='line_1_43' title="bbox 1863 1368 2492 1439; baseline 0.003 -17"><span class='ocrx_word' id='word_1_286' title='bbox 1863 1368 2147 1437; x_wconf 90' lang='lat' dir='ltr'><strong>episcopus</strong></span> <span class='ocrx_word' id='word_1_287' title='bbox 2176 1371 2492 1439; x_wconf 84' lang='lat' dir='ltr'><strong>recognovi.</strong></span> 
     </span>
    </p>
   </div>
   <div class='ocr_carea' id='block_1_44' title="bbox 1940 1461 3468 1520">
    <p class='ocr_par' dir='ltr' id='par_1_44' title="bbox 1940 1461 3468 1520">
     <span class='ocr_line' id='line_1_44' title="bbox 1940 1461 3468 1520; baseline 0.003 -7"><span class='ocrx_word' id='word_1_288' title='bbox 1940 1462 2029 1516; x_wconf 77' lang='grc'><strong>65.</strong></span> <span class='ocrx_word' id='word_1_289' title='bbox 2075 1461 2413 1517; x_wconf 74' lang='lat' dir='ltr'><strong>Marcellinus</strong></span> <span class='ocrx_word' id='word_1_290' title='bbox 2443 1463 2518 1517; x_wconf 85' lang='lat' dir='ltr'><strong>vir</strong></span> <span class='ocrx_word' id='word_1_291' title='bbox 2555 1463 2875 1519; x_wconf 88' lang='lat' dir='ltr'><strong>clarissimus</strong></span> <span class='ocrx_word' id='word_1_292' title='bbox 2903 1465 3138 1519; x_wconf 85' lang='lat' dir='ltr'><strong>tribunus</strong></span> <span class='ocrx_word' id='word_1_293' title='bbox 3166 1474 3214 1520; x_wconf 90' lang='lat' dir='ltr'><strong>et</strong></span> <span class='ocrx_word' id='word_1_294' title='bbox 3237 1465 3468 1520; x_wconf 87' lang='lat' dir='ltr'><strong>notarius</strong></span> 
     </span>
    </p>
   </div>
   <div class='ocr_carea' id='block_1_45' title="bbox 1864 1553 3469 1628">
    <p class='ocr_par' dir='ltr' id='par_1_45' title="bbox 1864 1553 3469 1628">
     <span class='ocr_line' id='line_1_45' title="bbox 1864 1553 3469 1628; baseline 0.002 -20"><span class='ocrx_word' id='word_1_295' title='bbox 1864 1554 2045 1610; x_wconf 90' lang='lat' dir='ltr'><strong>dixit:</strong></span> <span class='ocrx_word' id='word_1_296' title='bbox 2096 1553 2288 1610; x_wconf 87' lang='lat' dir='ltr'><strong>Edicat</strong></span> <span class='ocrx_word' id='word_1_297' title='bbox 2343 1571 2484 1610; x_wconf 90' lang='lat' dir='ltr'><strong>nunc</strong></span> <span class='ocrx_word' id='word_1_298' title='bbox 2541 1555 2779 1610; x_wconf 88' lang='lat' dir='ltr'><strong>officium</strong></span> <span class='ocrx_word' id='word_1_299' title='bbox 2834 1566 2955 1627; x_wconf 92' lang='lat' dir='ltr'><strong>post</strong></span> <span class='ocrx_word' id='word_1_300' title='bbox 3015 1557 3469 1628; x_wconf 89' lang='lat' dir='ltr'><strong>subscriptionem</strong></span> 
     </span>
    </p>
   </div>
   <div class='ocr_carea' id='block_1_46' title="bbox 1863 1647 3467 1721">
    <p class='ocr_par' dir='ltr' id='par_1_46' title="bbox 1863 1647 3467 1721">
     <span class='ocr_line' id='line_1_46' title="bbox 1863 1647 3467 1721; baseline 0.002 -18"><span class='ocrx_word' id='word_1_301' title='bbox 1863 1647 2214 1714; x_wconf 82' lang='lat' dir='ltr'><strong>schedarum,</strong></span> <span class='ocrx_word' id='word_1_302' title='bbox 2245 1649 2408 1704; x_wconf 90' lang='lat' dir='ltr'><strong>etiam</strong></span> <span class='ocrx_word' id='word_1_303' title='bbox 2443 1650 2493 1702; x_wconf 91' lang='lat' dir='ltr'><strong>in</strong></span> <span class='ocrx_word' id='word_1_304' title='bbox 2524 1649 2762 1704; x_wconf 88' lang='lat' dir='ltr'><strong>editione</strong></span> <span class='ocrx_word' id='word_1_305' title='bbox 2791 1659 3068 1720; x_wconf 87' lang='lat' dir='ltr'><strong>gestorum</strong></span> <span class='ocrx_word' id='word_1_306' title='bbox 3097 1659 3227 1721; x_wconf 91' lang='lat' dir='ltr'><strong>quot</strong></span> <span class='ocrx_word' id='word_1_307' title='bbox 3255 1650 3467 1707; x_wconf 90' lang='lat' dir='ltr'><strong>dierum</strong></span> 
     </span>
    </p>
   </div>
   <div class='ocr_carea' id='block_1_47' title="bbox 1865 1742 3213 1812">
    <p class='ocr_par' dir='ltr' id='par_1_47' title="bbox 1865 1742 3213 1812">
     <span class='ocr_line' id='line_1_47' title="bbox 1865 1742 3213 1812; baseline -0.001 -14"><span class='ocrx_word' id='word_1_308' title='bbox 1865 1742 2115 1798; x_wconf 82' lang='lat' dir='ltr'><strong>sufﬁcere</strong></span> <span class='ocrx_word' id='word_1_309' title='bbox 2149 1744 2320 1812; x_wconf 88' lang='lat' dir='ltr'><strong>possit</strong></span> <span class='ocrx_word' id='word_1_310' title='bbox 2349 1743 2466 1798; x_wconf 87' lang='lat' dir='ltr'><strong>sine</strong></span> <span class='ocrx_word' id='word_1_311' title='bbox 2491 1743 2594 1798; x_wconf 92' lang='lat' dir='ltr'><strong>ulla</strong></span> <span class='ocrx_word' id='word_1_312' title='bbox 2625 1745 2974 1798; x_wconf 79' lang='lat' dir='ltr'><strong>excusatione</strong></span> <span class='ocrx_word' id='word_1_313' title='bbox 3005 1743 3213 1798; x_wconf 90' lang='lat' dir='ltr'><strong>dilatio.</strong></span> 
     </span>
    </p>
   </div>
   <div class='ocr_carea' id='block_1_48' title="bbox 1787 1834 3471 1909">
    <p class='ocr_par' dir='ltr' id='par_1_48' title="bbox 1787 1834 3471 1909">
     <span class='ocr_line' id='line_1_48' title="bbox 1787 1834 3471 1909; baseline -0.001 -15"><span class='ocrx_word' id='word_1_314' title='bbox 1787 1834 1834 1894; x_wconf 90' lang='grc' dir='ltr'><strong>Β</strong></span> <span class='ocrx_word' id='word_1_315' title='bbox 1934 1837 2022 1892; x_wconf 69' lang='grc'><strong>64.</strong></span> <span class='ocrx_word' id='word_1_316' title='bbox 2057 1835 2273 1891; x_wconf 85' lang='lat' dir='ltr'><strong>Hilarus</strong></span> <span class='ocrx_word' id='word_1_317' title='bbox 2309 1847 2546 1909; x_wconf 88' lang='lat' dir='ltr'><strong>exceptor</strong></span> <span class='ocrx_word' id='word_1_318' title='bbox 2575 1837 2740 1892; x_wconf 84' lang='lat' dir='ltr'><strong>dixit:</strong></span> <span class='ocrx_word' id='word_1_319' title='bbox 2769 1837 2826 1892; x_wconf 92' lang='lat' dir='ltr'><strong>Si</strong></span> <span class='ocrx_word' id='word_1_320' title='bbox 2850 1837 3086 1892; x_wconf 79' lang='lat' dir='ltr'><strong>craSIino</strong></span> <span class='ocrx_word' id='word_1_321' title='bbox 3117 1837 3206 1893; x_wconf 91' lang='lat' dir='ltr'><strong>die</strong></span> <span class='ocrx_word' id='word_1_322' title='bbox 3230 1836 3471 1892; x_wconf 88' lang='lat' dir='ltr'><strong>subscri-</strong></span> 
     </span>
    </p>
   </div>
   <div class='ocr_carea' id='block_1_49' title="bbox 1866 1929 3468 2002">
    <p class='ocr_par' dir='ltr' id='par_1_49' title="bbox 1866 1929 3468 2002">
     <span class='ocr_line' id='line_1_49' title="bbox 1866 1929 3468 2002; baseline 0 -18"><span class='ocrx_word' id='word_1_323' title='bbox 1866 1931 2075 2000; x_wconf 89' lang='lat' dir='ltr'><strong>pserint</strong></span> <span class='ocrx_word' id='word_1_324' title='bbox 2095 1930 2178 1984; x_wconf 87' lang='lat' dir='ltr'><strong>vel</strong></span> <span class='ocrx_word' id='word_1_325' title='bbox 2205 1929 2390 1995; x_wconf 88' lang='lat' dir='ltr'><strong>hodie,</strong></span> <span class='ocrx_word' id='word_1_326' title='bbox 2418 1945 2703 2000; x_wconf 85' lang='lat' dir='ltr'><strong>possumus</strong></span> <span class='ocrx_word' id='word_1_327' title='bbox 2721 1930 2811 1986; x_wconf 91' lang='lat' dir='ltr'><strong>die</strong></span> <span class='ocrx_word' id='word_1_328' title='bbox 2837 1939 3104 2000; x_wconf 84' lang='lat' dir='ltr'><strong>noctuque</strong></span> <span class='ocrx_word' id='word_1_329' title='bbox 3127 1929 3468 2002; x_wconf 89' lang='lat' dir='ltr'><strong>invigilantes</strong></span> 
     </span>
    </p>
   </div>
   <div class='ocr_carea' id='block_1_50' title="bbox 1868 2023 3469 2095">
    <p class='ocr_par' dir='ltr' id='par_1_50' title="bbox 1868 2023 3469 2095">
     <span class='ocr_line' id='line_1_50' title="bbox 1868 2023 3469 2095; baseline 0.001 -19"><span class='ocrx_word' id='word_1_330' title='bbox 1868 2033 1990 2095; x_wconf 91' lang='lat' dir='ltr'><strong>post</strong></span> <span class='ocrx_word' id='word_1_331' title='bbox 2016 2024 2229 2079; x_wconf 90' lang='lat' dir='ltr'><strong>tertium</strong></span> <span class='ocrx_word' id='word_1_332' title='bbox 2261 2023 2404 2080; x_wconf 89' lang='lat' dir='ltr'><strong>diem</strong></span> <span class='ocrx_word' id='word_1_333' title='bbox 2436 2034 2583 2095; x_wconf 90' lang='lat' dir='ltr'><strong>gesta</strong></span> <span class='ocrx_word' id='word_1_334' title='bbox 2616 2023 2811 2091; x_wconf 90' lang='lat' dir='ltr'><strong>edere,</strong></span> <span class='ocrx_word' id='word_1_335' title='bbox 2857 2026 2927 2079; x_wconf 89' lang='lat' dir='ltr'><strong>ita</strong></span> <span class='ocrx_word' id='word_1_336' title='bbox 2959 2035 3016 2079; x_wconf 93' lang='lat' dir='ltr'><strong>ut</strong></span> <span class='ocrx_word' id='word_1_337' title='bbox 3045 2025 3240 2080; x_wconf 90' lang='lat' dir='ltr'><strong>notarii</strong></span> <span class='ocrx_word' id='word_1_338' title='bbox 3276 2039 3469 2080; x_wconf 92' lang='lat' dir='ltr'><strong>eorum</strong></span> 
     </span>
    </p>
   </div>
   <div class='ocr_carea' id='block_1_51' title="bbox 1867 2115 3472 2186">
    <p class='ocr_par' dir='ltr' id='par_1_51' title="bbox 1867 2115 3472 2186">
     <span class='ocr_line' id='line_1_51' title="bbox 1867 2115 3472 2186; baseline -0.001 -16"><span class='ocrx_word' id='word_1_339' title='bbox 1867 2116 2024 2171; x_wconf 91' lang='lat' dir='ltr'><strong>nobis</strong></span> <span class='ocrx_word' id='word_1_340' title='bbox 2059 2115 2127 2171; x_wconf 90' lang='lat' dir='ltr'><strong>de</strong></span> <span class='ocrx_word' id='word_1_341' title='bbox 2164 2115 2364 2171; x_wconf 89' lang='lat' dir='ltr'><strong>scheda</strong></span> <span class='ocrx_word' id='word_1_342' title='bbox 2403 2116 2706 2186; x_wconf 85' lang='lat' dir='ltr'><strong>subscripta</strong></span> <span class='ocrx_word' id='word_1_343' title='bbox 2750 2115 2974 2171; x_wconf 90' lang='lat' dir='ltr'><strong>dictent.</strong></span> <span class='ocrx_word' id='word_1_344' title='bbox 3024 2115 3358 2171; x_wconf 82' lang='lat' dir='ltr'><strong>Marcellinus</strong></span> <span class='ocrx_word' id='word_1_345' title='bbox 3394 2115 3472 2169; x_wconf 84' lang='lat' dir='ltr'><strong>vir</strong></span> 
     </span>
    </p>
   </div>
   <div class='ocr_carea' id='block_1_52' title="bbox 1867 2207 3470 2277">
    <p class='ocr_par' dir='ltr' id='par_1_52' title="bbox 1867 2207 3470 2277">
     <span class='ocr_line' id='line_1_52' title="bbox 1867 2207 3470 2277; baseline 0.001 -15"><span class='ocrx_word' id='word_1_346' title='bbox 1867 2208 2180 2263; x_wconf 86' lang='lat' dir='ltr'><strong>clarissimas</strong></span> <span class='ocrx_word' id='word_1_347' title='bbox 2230 2208 2466 2263; x_wconf 89' lang='lat' dir='ltr'><strong>tribunus</strong></span> <span class='ocrx_word' id='word_1_348' title='bbox 2508 2217 2554 2262; x_wconf 89' lang='lat' dir='ltr'><strong>et</strong></span> <span class='ocrx_word' id='word_1_349' title='bbox 2594 2209 2828 2263; x_wconf 87' lang='lat' dir='ltr'><strong>notarius</strong></span> <span class='ocrx_word' id='word_1_350' title='bbox 2857 2208 3020 2262; x_wconf 90' lang='lat' dir='ltr'><strong>dixit:</strong></span> <span class='ocrx_word' id='word_1_351' title='bbox 3065 2209 3196 2277; x_wconf 85' lang='lat' dir='ltr'><strong>Quis</strong></span> <span class='ocrx_word' id='word_1_352' title='bbox 3223 2209 3324 2263; x_wconf 91' lang='lat' dir='ltr'><strong>iste</strong></span> <span class='ocrx_word' id='word_1_353' title='bbox 3352 2207 3470 2263; x_wconf 90' lang='lat' dir='ltr'><strong>dies</strong></span> 
     </span>
    </p>
   </div>
   <div class='ocr_carea' id='block_1_53' title="bbox 1869 2298 3473 2371">
    <p class='ocr_par' dir='ltr' id='par_1_53' title="bbox 1869 2298 3473 2371">
     <span class='ocr_line' id='line_1_53' title="bbox 1869 2298 3473 2371; baseline 0.001 -17"><span class='ocrx_word' id='word_1_354' title='bbox 1869 2299 1940 2354; x_wconf 87' lang='lat' dir='ltr'><strong>sit</strong></span> <span class='ocrx_word' id='word_1_355' title='bbox 1963 2300 2030 2354; x_wconf 92' lang='lat' dir='ltr'><strong>ab</strong></span> <span class='ocrx_word' id='word_1_356' title='bbox 2058 2298 2240 2355; x_wconf 89' lang='lat' dir='ltr'><strong>officio</strong></span> <span class='ocrx_word' id='word_1_357' title='bbox 2266 2299 2602 2369; x_wconf 73' lang='lat' dir='ltr'><strong>designetur.</strong></span> <span class='ocrx_word' id='word_1_358' title='bbox 2641 2301 2954 2371; x_wconf 79' lang='lat' dir='ltr'><strong>Rufinianus</strong></span> <span class='ocrx_word' id='word_1_359' title='bbox 2985 2301 3153 2356; x_wconf 90' lang='lat' dir='ltr'><strong>scriba</strong></span> <span class='ocrx_word' id='word_1_360' title='bbox 3173 2302 3270 2355; x_wconf 77' lang='lat' dir='ltr'><strong>uiri</strong></span> <span class='ocrx_word' id='word_1_361' title='bbox 3290 2301 3473 2356; x_wconf 85' lang='lat' dir='ltr'><strong>claris-</strong></span> 
     </span>
    </p>
   </div>
   <div class='ocr_carea' id='block_1_54' title="bbox 1868 2392 3474 2450">
    <p class='ocr_par' dir='ltr' id='par_1_54' title="bbox 1868 2392 3474 2450">
     <span class='ocr_line' id='line_1_54' title="bbox 1868 2392 3474 2450; baseline 0.002 -4"><span class='ocrx_word' id='word_1_362' title='bbox 1868 2393 1986 2446; x_wconf 88' lang='lat' dir='ltr'><strong>simi</strong></span> <span class='ocrx_word' id='word_1_363' title='bbox 2019 2393 2277 2446; x_wconf 84' lang='lat' dir='ltr'><strong>curatoris</strong></span> <span class='ocrx_word' id='word_1_364' title='bbox 2320 2393 2453 2447; x_wconf 87' lang='lat' dir='ltr'><strong>dixit</strong></span> <span class='ocrx_word' id='word_1_365' title='bbox 2495 2410 2507 2445; x_wconf 89' lang='lat'><strong>:</strong></span> <span class='ocrx_word' id='word_1_366' title='bbox 2565 2392 2870 2448; x_wconf 88' lang='lat' dir='ltr'><strong>llodicrnus</strong></span> <span class='ocrx_word' id='word_1_367' title='bbox 2913 2393 3030 2449; x_wconf 90' lang='lat' dir='ltr'><strong>dies</strong></span> <span class='ocrx_word' id='word_1_368' title='bbox 3066 2405 3149 2449; x_wconf 90' lang='lat' dir='ltr'><strong>est</strong></span> <span class='ocrx_word' id='word_1_369' title='bbox 3190 2410 3247 2449; x_wconf 89' lang='lat' dir='ltr'><strong>ttt</strong></span> <span class='ocrx_word' id='word_1_370' title='bbox 3304 2409 3474 2450; x_wconf 88' lang='lat' dir='ltr'><strong>nonas</strong></span> 
     </span>
    </p>
   </div>
   <div class='ocr_carea' id='block_1_55' title="bbox 1868 2483 3476 2543">
    <p class='ocr_par' dir='ltr' id='par_1_55' title="bbox 1868 2483 3476 2543">
     <span class='ocr_line' id='line_1_55' title="bbox 1868 2483 3476 2543; baseline 0.002 -4"><span class='ocrx_word' id='word_1_371' title='bbox 1868 2483 2077 2539; x_wconf 84' lang='lat' dir='ltr'><strong>Junias.</strong></span> <span class='ocrx_word' id='word_1_372' title='bbox 2108 2483 2444 2540; x_wconf 86' lang='lat' dir='ltr'><strong>Marcellinus</strong></span> <span class='ocrx_word' id='word_1_373' title='bbox 2466 2486 2542 2539; x_wconf 86' lang='lat' dir='ltr'><strong>vir</strong></span> <span class='ocrx_word' id='word_1_374' title='bbox 2565 2485 2886 2541; x_wconf 86' lang='lat' dir='ltr'><strong>clarissimus</strong></span> <span class='ocrx_word' id='word_1_375' title='bbox 2913 2487 3148 2541; x_wconf 88' lang='lat' dir='ltr'><strong>tribunus</strong></span> <span class='ocrx_word' id='word_1_376' title='bbox 3171 2498 3218 2543; x_wconf 87' lang='lat' dir='ltr'><strong>et</strong></span> <span class='ocrx_word' id='word_1_377' title='bbox 3240 2490 3476 2542; x_wconf 89' lang='lat' dir='ltr'><strong>notarius</strong></span> 
     </span>
    </p>
   </div>
   <div class='ocr_carea' id='block_1_56' title="bbox 1871 2575 3473 2648">
    <p class='ocr_par' dir='ltr' id='par_1_56' title="bbox 1871 2575 3473 2648">
     <span class='ocr_line' id='line_1_56' title="bbox 1871 2575 3473 2648; baseline 0.003 -20"><span class='ocrx_word' id='word_1_378' title='bbox 1871 2576 2042 2630; x_wconf 88' lang='lat' dir='ltr'><strong>dixit:</strong></span> <span class='ocrx_word' id='word_1_379' title='bbox 2067 2575 2216 2630; x_wconf 86' lang='lat' dir='ltr'><strong>Diem</strong></span> <span class='ocrx_word' id='word_1_380' title='bbox 2241 2591 2426 2646; x_wconf 75' lang='lat' dir='ltr'><strong>quaero</strong></span> <span class='ocrx_word' id='word_1_381' title='bbox 2457 2591 2566 2646; x_wconf 88' lang='lat' dir='ltr'><strong>quo</strong></span> <span class='ocrx_word' id='word_1_382' title='bbox 2590 2577 2679 2632; x_wconf 90' lang='lat' dir='ltr'><strong>edi</strong></span> <span class='ocrx_word' id='word_1_383' title='bbox 2707 2586 2858 2647; x_wconf 86' lang='lat' dir='ltr'><strong>gesta</strong></span> <span class='ocrx_word' id='word_1_384' title='bbox 2890 2579 3217 2648; x_wconf 64' lang='lat' dir='ltr'><strong>promissum</strong></span> <span class='ocrx_word' id='word_1_385' title='bbox 3239 2589 3342 2635; x_wconf 91' lang='lat' dir='ltr'><strong>est.</strong></span> <span class='ocrx_word' id='word_1_386' title='bbox 3374 2579 3473 2633; x_wconf 81' lang='lat' dir='ltr'><strong>lli-</strong></span> 
     </span>
    </p>
   </div>
   <div class='ocr_carea' id='block_1_57' title="bbox 1873 2668 3474 2743">
    <p class='ocr_par' dir='ltr' id='par_1_57' title="bbox 1873 2668 3474 2743">
     <span class='ocr_line' id='line_1_57' title="bbox 1873 2668 3474 2743; baseline 0.004 -21"><span class='ocrx_word' id='word_1_387' title='bbox 1873 2668 2014 2723; x_wconf 89' lang='lat' dir='ltr'><strong>larus</strong></span> <span class='ocrx_word' id='word_1_388' title='bbox 2039 2677 2279 2738; x_wconf 84' lang='lat' dir='ltr'><strong>exceptor</strong></span> <span class='ocrx_word' id='word_1_389' title='bbox 2309 2670 2475 2724; x_wconf 84' lang='lat' dir='ltr'><strong>dixit:</strong></span> <span class='ocrx_word' id='word_1_390' title='bbox 2516 2670 2812 2726; x_wconf 88' lang='lat' dir='ltr'><strong>Possumus</strong></span> <span class='ocrx_word' id='word_1_391' title='bbox 2841 2679 2992 2742; x_wconf 88' lang='lat' dir='ltr'><strong>gesta</strong></span> <span class='ocrx_word' id='word_1_392' title='bbox 3035 2671 3202 2728; x_wconf 87' lang='lat' dir='ltr'><strong>edere</strong></span> <span class='ocrx_word' id='word_1_393' title='bbox 3241 2673 3474 2743; x_wconf 90' lang='lat' dir='ltr'><strong>septimo</strong></span> 
     </span>
    </p>
   </div>
   <div class='ocr_carea' id='block_1_58' title="bbox 1872 2761 2502 2818">
    <p class='ocr_par' dir='ltr' id='par_1_58' title="bbox 1872 2761 2502 2818">
     <span class='ocr_line' id='line_1_58' title="bbox 1872 2761 2502 2818; baseline -0.002 0"><span class='ocrx_word' id='word_1_394' title='bbox 1872 2761 2058 2818; x_wconf 85' lang='lat' dir='ltr'><strong>iduum</strong></span> <span class='ocrx_word' id='word_1_395' title='bbox 2086 2762 2363 2818; x_wconf 83' lang='lat' dir='ltr'><strong>Juniarum</strong></span> <span class='ocrx_word' id='word_1_396' title='bbox 2393 2762 2502 2818; x_wconf 90' lang='lat' dir='ltr'><strong>die.</strong></span> 
     </span>
    </p>
   </div>
   <div class='ocr_carea' id='block_1_59' title="bbox 1948 2855 3474 2920">
    <p class='ocr_par' dir='ltr' id='par_1_59' title="bbox 1948 2855 3474 2920">
     <span class='ocr_line' id='line_1_59' title="bbox 1948 2855 3474 2920; baseline 0.005 -8"><span class='ocrx_word' id='word_1_397' title='bbox 1948 2855 2038 2912; x_wconf 85' lang='lat'><strong>65.</strong></span> <span class='ocrx_word' id='word_1_398' title='bbox 2070 2855 2408 2911; x_wconf 82' lang='lat' dir='ltr'><strong>Marcellinus</strong></span> <span class='ocrx_word' id='word_1_399' title='bbox 2438 2857 2514 2912; x_wconf 83' lang='lat' dir='ltr'><strong>vir</strong></span> <span class='ocrx_word' id='word_1_400' title='bbox 2546 2857 2865 2913; x_wconf 88' lang='lat' dir='ltr'><strong>clarissimus</strong></span> <span class='ocrx_word' id='word_1_401' title='bbox 2891 2859 3127 2915; x_wconf 84' lang='lat' dir='ltr'><strong>tribunus</strong></span> <span class='ocrx_word' id='word_1_402' title='bbox 3162 2870 3208 2916; x_wconf 86' lang='lat' dir='ltr'><strong>et</strong></span> <span class='ocrx_word' id='word_1_403' title='bbox 3241 2864 3474 2920; x_wconf 89' lang='lat' dir='ltr'><strong>notarius</strong></span> 
     </span>
    </p>
   </div>
   <div class='ocr_carea' id='block_1_60' title="bbox 1878 2946 3474 3020">
    <p class='ocr_par' dir='ltr' id='par_1_60' title="bbox 1878 2946 3474 3020">
     <span class='ocr_line' id='line_1_60' title="bbox 1878 2946 3474 3020; baseline 0.008 -20"><span class='ocrx_word' id='word_1_404' title='bbox 1878 2947 2040 3002; x_wconf 90' lang='lat' dir='ltr'><strong>dixit:</strong></span> <span class='ocrx_word' id='word_1_405' title='bbox 2093 2946 2248 3004; x_wconf 90' lang='lat' dir='ltr'><strong>Licet</strong></span> <span class='ocrx_word' id='word_1_406' title='bbox 2298 2947 2407 3019; x_wconf 89' lang='lat' dir='ltr'><strong>jam</strong></span> <span class='ocrx_word' id='word_1_407' title='bbox 2462 2949 2530 3005; x_wconf 90' lang='lat' dir='ltr'><strong>de</strong></span> <span class='ocrx_word' id='word_1_408' title='bbox 2573 2950 3003 3020; x_wconf 90' lang='lat' dir='ltr'><strong>professionibus</strong></span> <span class='ocrx_word' id='word_1_409' title='bbox 3044 2953 3290 3011; x_wconf 88' lang='lat' dir='ltr'><strong>dubietas</strong></span> <span class='ocrx_word' id='word_1_410' title='bbox 3340 2957 3474 3012; x_wconf 92' lang='lat' dir='ltr'><strong>mibi</strong></span> 
     </span>
    </p>
   </div>
   <div class='ocr_carea' id='block_1_61' title="bbox 1880 3043 3474 3109">
    <p class='ocr_par' dir='ltr' id='par_1_61' title="bbox 1880 3043 3474 3109">
     <span class='ocr_line' id='line_1_61' title="bbox 1880 3043 3474 3109; baseline 0.008 -16"><span class='ocrx_word' id='word_1_411' title='bbox 1880 3055 2069 3109; x_wconf 86' lang='lat' dir='ltr'><strong>magna</strong></span> <span class='ocrx_word' id='word_1_412' title='bbox 2119 3049 2388 3107; x_wconf 90' lang='lat' dir='ltr'><strong>nascatur,</strong></span> <span class='ocrx_word' id='word_1_413' title='bbox 2438 3052 2616 3098; x_wconf 87' lang='lat' dir='ltr'><strong>tamen</strong></span> <span class='ocrx_word' id='word_1_414' title='bbox 2661 3043 2842 3100; x_wconf 91' lang='lat' dir='ltr'><strong>denuo</strong></span> <span class='ocrx_word' id='word_1_415' title='bbox 2877 3056 3058 3102; x_wconf 90' lang='lat' dir='ltr'><strong>utrum</strong></span> <span class='ocrx_word' id='word_1_416' title='bbox 3098 3057 3251 3104; x_wconf 78' lang='lat' dir='ltr'><strong>sexto</strong></span> <span class='ocrx_word' id='word_1_417' title='bbox 3291 3049 3474 3106; x_wconf 89' lang='lat' dir='ltr'><strong>iduum</strong></span> 
     </span>
    </p>
   </div>
   <div class='ocr_carea' id='block_1_62' title="bbox 1881 3134 3471 3214">
    <p class='ocr_par' dir='ltr' id='par_1_62' title="bbox 1881 3134 3471 3214">
     <span class='ocr_line' id='line_1_62' title="bbox 1881 3134 3471 3214; baseline 0.004 -22"><span class='ocrx_word' id='word_1_418' title='bbox 1881 3134 2342 3208; x_wconf 57' lang='lat' dir='ltr'><strong>29hluniarum</strong></span> <span class='ocrx_word' id='word_1_419' title='bbox 2373 3136 2492 3203; x_wconf 91' lang='lat' dir='ltr'><strong>die,</strong></span> <span class='ocrx_word' id='word_1_420' title='bbox 2523 3138 2776 3194; x_wconf 88' lang='lat' dir='ltr'><strong>omnibus</strong></span> <span class='ocrx_word' id='word_1_421' title='bbox 2799 3141 3116 3211; x_wconf 84' lang='lat' dir='ltr'><strong>ambagibus</strong></span> <span class='ocrx_word' id='word_1_422' title='bbox 3146 3144 3471 3214; x_wconf 87' lang='lat' dir='ltr'><strong>amputatis,</strong></span> 
     </span>
    </p>
   </div>
   <div class='ocr_carea' id='block_1_63' title="bbox 164 3228 1780 3308">
    <p class='ocr_par' dir='ltr' id='par_1_63' title="bbox 164 3231 1776 3306">
     <span class='ocr_line' id='line_1_63' title="bbox 164 3231 1776 3306; baseline 0.002 -18"><span class='ocrx_word' id='word_1_423' title='bbox 164 3231 478 3298; x_wconf 76' lang='lat' dir='ltr'><strong>differatur,</strong></span> <span class='ocrx_word' id='word_1_424' title='bbox 526 3247 651 3302; x_wconf 90' lang='lat' dir='ltr'><strong>pars</strong></span> <span class='ocrx_word' id='word_1_425' title='bbox 691 3243 920 3304; x_wconf 88' lang='lat' dir='ltr'><strong>utraque</strong></span> <span class='ocrx_word' id='word_1_426' title='bbox 949 3233 1217 3305; x_wconf 82' lang='lat' dir='ltr'><strong>designet.</strong></span> <span class='ocrx_word' id='word_1_427' title='bbox 1264 3235 1480 3306; x_wconf 81' lang='lat' dir='ltr'><strong>Alypius</strong></span> <span class='ocrx_word' id='word_1_428' title='bbox 1507 3238 1776 3306; x_wconf 88' lang='lat' dir='ltr'><strong>episcopus</strong></span> 
     </span>
    </p>
   </div>
   <div class='ocr_carea' id='block_1_64' title="bbox 1896 3228 3476 3308">
    <p class='ocr_par' dir='ltr' id='par_1_64' title="bbox 1896 3228 3476 3308">
     <span class='ocr_line' id='line_1_64' title="bbox 1896 3228 3476 3308; baseline 0.006 -26"><span class='ocrx_word' id='word_1_429' title='bbox 1896 3228 2155 3298; x_wconf 65' lang='lat' dir='ltr'><strong>negotium</strong></span> <span class='ocrx_word' id='word_1_430' title='bbox 2204 3228 2275 3284; x_wconf 90' lang='lat' dir='ltr'><strong>sit</strong></span> <span class='ocrx_word' id='word_1_431' title='bbox 2318 3229 2615 3302; x_wconf 84' lang='lat' dir='ltr'><strong>principale</strong></span> <span class='ocrx_word' id='word_1_432' title='bbox 2657 3232 3031 3299; x_wconf 90' lang='lat' dir='ltr'><strong>tractandum,</strong></span> <span class='ocrx_word' id='word_1_433' title='bbox 3080 3249 3208 3306; x_wconf 89' lang='lat' dir='ltr'><strong>pars</strong></span> <span class='ocrx_word' id='word_1_434' title='bbox 3247 3243 3476 3308; x_wconf 90' lang='lat' dir='ltr'><strong>utraque</strong></span> 
     </span>
    </p>
   </div>
   <div class='ocr_carea' id='block_1_65' title="bbox 169 3325 1778 3386">
    <p class='ocr_par' dir='ltr' id='par_1_65' title="bbox 169 3325 1778 3386">
     <span class='ocr_line' id='line_1_65' title="bbox 169 3325 1778 3386; baseline 0.004 -6"><span class='ocrx_word' id='word_1_435' title='bbox 169 3325 427 3381; x_wconf 78' lang='lat' dir='ltr'><strong>Ecclesia:</strong></span> <span class='ocrx_word' id='word_1_436' title='bbox 463 3327 732 3382; x_wconf 73' lang='lat' dir='ltr'><strong>catholica:</strong></span> <span class='ocrx_word' id='word_1_437' title='bbox 771 3328 938 3383; x_wconf 88' lang='lat' dir='ltr'><strong>dixit:</strong></span> <span class='ocrx_word' id='word_1_438' title='bbox 977 3329 1128 3384; x_wconf 91' lang='lat' dir='ltr'><strong>Sicut</strong></span> <span class='ocrx_word' id='word_1_439' title='bbox 1174 3329 1352 3384; x_wconf 90' lang='lat' dir='ltr'><strong>edicto</strong></span> <span class='ocrx_word' id='word_1_440' title='bbox 1391 3329 1645 3385; x_wconf 87' lang='lat' dir='ltr'><strong>nobilitas</strong></span> <span class='ocrx_word' id='word_1_441' title='bbox 1688 3340 1778 3386; x_wconf 92' lang='lat' dir='ltr'><strong>tua</strong></span> 
     </span>
    </p>
   </div>
   <div class='ocr_carea' id='block_1_66' title="bbox 165 3418 1779 3492">
    <p class='ocr_par' dir='ltr' id='par_1_66' title="bbox 165 3418 1779 3492">
     <span class='ocr_line' id='line_1_66' title="bbox 165 3418 1779 3492; baseline 0.002 -19"><span class='ocrx_word' id='word_1_442' title='bbox 165 3418 533 3490; x_wconf 67' lang='lat' dir='ltr'><strong>przescripsit,</strong></span> <span class='ocrx_word' id='word_1_443' title='bbox 571 3421 811 3474; x_wconf 88' lang='lat' dir='ltr'><strong>crastino</strong></span> <span class='ocrx_word' id='word_1_444' title='bbox 851 3418 1164 3474; x_wconf 91' lang='lat' dir='ltr'><strong>intermisso</strong></span> <span class='ocrx_word' id='word_1_445' title='bbox 1204 3431 1422 3492; x_wconf 87' lang='lat' dir='ltr'><strong>propter</strong></span> <span class='ocrx_word' id='word_1_446' title='bbox 1457 3421 1779 3477; x_wconf 90' lang='lat' dir='ltr'><strong>schedarum</strong></span> 
     </span>
    </p>
   </div>
   <div class='ocr_carea' id='block_1_67' title="bbox 165 3513 1780 3584">
    <p class='ocr_par' dir='ltr' id='par_1_67' title="bbox 165 3513 1780 3584">
     <span class='ocr_line' id='line_1_67' title="bbox 165 3513 1780 3584; baseline 0 -16"><span class='ocrx_word' id='word_1_447' title='bbox 165 3513 600 3581; x_wconf 81' lang='lat' dir='ltr'><strong>descriptionem</strong></span> <span class='ocrx_word' id='word_1_448' title='bbox 641 3513 929 3583; x_wconf 90' lang='lat' dir='ltr'><strong>perendie,</strong></span> <span class='ocrx_word' id='word_1_449' title='bbox 974 3513 1019 3568; x_wconf 89' lang='lat' dir='ltr'><strong>si</strong></span> <span class='ocrx_word' id='word_1_450' title='bbox 1069 3515 1352 3584; x_wconf 70' lang='lat' dir='ltr'><strong>prxcipis.</strong></span> <span class='ocrx_word' id='word_1_451' title='bbox 1402 3514 1780 3571; x_wconf 90' lang='lat' dir='ltr'><strong>observamus.</strong></span> 
     </span>
    </p>
   </div>
   <div class='ocr_carea' id='block_1_68' title="bbox 168 3605 1784 3678">
    <p class='ocr_par' dir='ltr' id='par_1_68' title="bbox 168 3605 1784 3678">
     <span class='ocr_line' id='line_1_68' title="bbox 168 3605 1784 3678; baseline 0.002 -18"><span class='ocrx_word' id='word_1_452' title='bbox 168 3605 476 3660; x_wconf 82' lang='lat' dir='ltr'><strong>Adeodatus</strong></span> <span class='ocrx_word' id='word_1_453' title='bbox 521 3607 790 3678; x_wconf 86' lang='lat' dir='ltr'><strong>episcopus</strong></span> <span class='ocrx_word' id='word_1_454' title='bbox 839 3606 1012 3661; x_wconf 84' lang='lat' dir='ltr'><strong>dixit:</strong></span> <span class='ocrx_word' id='word_1_455' title='bbox 1061 3606 1233 3661; x_wconf 87' lang='lat' dir='ltr'><strong>Etiam</strong></span> <span class='ocrx_word' id='word_1_456' title='bbox 1269 3622 1366 3662; x_wconf 92' lang='lat' dir='ltr'><strong>nos</strong></span> <span class='ocrx_word' id='word_1_457' title='bbox 1411 3608 1784 3663; x_wconf 83' lang='lat' dir='ltr'><strong>eottsentimus</strong></span> 
     </span>
    </p>
   </div>
   <div class='ocr_carea' id='block_1_69' title="bbox 171 3699 1785 3770">
    <p class='ocr_par' dir='ltr' id='par_1_69' title="bbox 171 3699 1785 3770">
     <span class='ocr_line' id='line_1_69' title="bbox 171 3699 1785 3770; baseline 0.001 -16"><span class='ocrx_word' id='word_1_458' title='bbox 171 3709 242 3754; x_wconf 86' lang='lat' dir='ltr'><strong>ut</strong></span> <span class='ocrx_word' id='word_1_459' title='bbox 274 3699 573 3768; x_wconf 89' lang='lat' dir='ltr'><strong>perendino</strong></span> <span class='ocrx_word' id='word_1_460' title='bbox 603 3699 689 3754; x_wconf 88' lang='lat' dir='ltr'><strong>die</strong></span> <span class='ocrx_word' id='word_1_461' title='bbox 714 3699 988 3770; x_wconf 87' lang='lat' dir='ltr'><strong>negotium</strong></span> <span class='ocrx_word' id='word_1_462' title='bbox 1022 3709 1328 3770; x_wconf 87' lang='lat' dir='ltr'><strong>peragatur.</strong></span> <span class='ocrx_word' id='word_1_463' title='bbox 1365 3699 1670 3755; x_wconf 88' lang='lat' dir='ltr'><strong>Sublimitas</strong></span> <span class='ocrx_word' id='word_1_464' title='bbox 1698 3711 1785 3756; x_wconf 89' lang='lat' dir='ltr'><strong>tua</strong></span> 
     </span>
    </p>
   </div>
   <div class='ocr_carea' id='block_1_70' title="bbox 171 3792 1784 3864">
    <p class='ocr_par' dir='ltr' id='par_1_70' title="bbox 171 3792 1784 3864">
     <span class='ocr_line' id='line_1_70' title="bbox 171 3792 1784 3864; baseline 0.001 -18"><span class='ocrx_word' id='word_1_465' title='bbox 171 3793 317 3846; x_wconf 83' lang='lat' dir='ltr'><strong>dixit</strong></span> <span class='ocrx_word' id='word_1_466' title='bbox 341 3808 359 3846; x_wconf 92' lang='lat'><strong>:</strong></span> <span class='ocrx_word' id='word_1_467' title='bbox 390 3792 540 3847; x_wconf 92' lang='lat' dir='ltr'><strong>Sicut</strong></span> <span class='ocrx_word' id='word_1_468' title='bbox 563 3793 808 3863; x_wconf 89' lang='lat' dir='ltr'><strong>partibus</strong></span> <span class='ocrx_word' id='word_1_469' title='bbox 832 3793 1054 3864; x_wconf 87' lang='lat' dir='ltr'><strong>placuit,</strong></span> <span class='ocrx_word' id='word_1_470' title='bbox 1082 3793 1378 3864; x_wconf 89' lang='lat' dir='ltr'><strong>perendino</strong></span> <span class='ocrx_word' id='word_1_471' title='bbox 1401 3794 1488 3848; x_wconf 88' lang='lat' dir='ltr'><strong>die</strong></span> <span class='ocrx_word' id='word_1_472' title='bbox 1512 3795 1784 3864; x_wconf 88' lang='lat' dir='ltr'><strong>negotium</strong></span> 
     </span>
    </p>
   </div>
   <div class='ocr_carea' id='block_1_71' title="bbox 173 3883 1039 3954">
    <p class='ocr_par' dir='ltr' id='par_1_71' title="bbox 173 3883 1039 3954">
     <span class='ocr_line' id='line_1_71' title="bbox 173 3883 1039 3954; baseline -0.001 -14"><span class='ocrx_word' id='word_1_473' title='bbox 173 3893 478 3954; x_wconf 86' lang='lat' dir='ltr'><strong>repetetur.</strong></span> <span class='ocrx_word' id='word_1_474' title='bbox 515 3883 582 3938; x_wconf 89' lang='lat' dir='ltr'><strong>Et</strong></span> <span class='ocrx_word' id='word_1_475' title='bbox 611 3902 726 3939; x_wconf 89' lang='lat' dir='ltr'><strong>cum</strong></span> <span class='ocrx_word' id='word_1_476' title='bbox 757 3887 1039 3940; x_wconf 86' lang='lat' dir='ltr'><strong>recitasset.</strong></span> 
     </span>
    </p>
   </div>
   <div class='ocr_carea' id='block_1_72' title="bbox 260 3976 1790 4033">
    <p class='ocr_par' dir='ltr' id='par_1_72' title="bbox 260 3976 1790 4033">
     <span class='ocr_line' id='line_1_72' title="bbox 260 3976 1790 4033; baseline 0.001 -1"><span class='ocrx_word' id='word_1_477' title='bbox 260 3977 352 4032; x_wconf 86' lang='lat'><strong>60.</strong></span> <span class='ocrx_word' id='word_1_478' title='bbox 389 3976 724 4033; x_wconf 82' lang='lat' dir='ltr'><strong>Marcellinus</strong></span> <span class='ocrx_word' id='word_1_479' title='bbox 752 3979 831 4032; x_wconf 78' lang='lat' dir='ltr'><strong>vir</strong></span> <span class='ocrx_word' id='word_1_480' title='bbox 861 3977 1177 4032; x_wconf 82' lang='lat' dir='ltr'><strong>clarissimus</strong></span> <span class='ocrx_word' id='word_1_481' title='bbox 1208 3978 1438 4032; x_wconf 86' lang='lat' dir='ltr'><strong>tribunus</strong></span> <span class='ocrx_word' id='word_1_482' title='bbox 1479 3987 1522 4032; x_wconf 93' lang='lat' dir='ltr'><strong>et</strong></span> <span class='ocrx_word' id='word_1_483' title='bbox 1560 3979 1790 4033; x_wconf 88' lang='lat' dir='ltr'><strong>notarius</strong></span> 
     </span>
    </p>
   </div>
   <div class='ocr_carea' id='block_1_73' title="bbox 181 4071 1789 4144">
    <p class='ocr_par' dir='ltr' id='par_1_73' title="bbox 181 4071 1789 4144">
     <span class='ocr_line' id='line_1_73' title="bbox 181 4071 1789 4144; baseline 0 -16"><span class='ocrx_word' id='word_1_484' title='bbox 181 4073 358 4128; x_wconf 86' lang='lat' dir='ltr'><strong>dixit:</strong></span> <span class='ocrx_word' id='word_1_485' title='bbox 397 4071 757 4144; x_wconf 89' lang='lat' dir='ltr'><strong>Utrarumque</strong></span> <span class='ocrx_word' id='word_1_486' title='bbox 795 4074 1025 4144; x_wconf 88' lang='lat' dir='ltr'><strong>partium</strong></span> <span class='ocrx_word' id='word_1_487' title='bbox 1067 4074 1402 4144; x_wconf 79' lang='lat' dir='ltr'><strong>professione</strong></span> <span class='ocrx_word' id='word_1_488' title='bbox 1434 4082 1789 4128; x_wconf 89' lang='lat' dir='ltr'><strong>monstratum</strong></span> 
     </span>
    </p>
   </div>
   <div class='ocr_carea' id='block_1_74' title="bbox 173 4164 1793 4236">
    <p class='ocr_par' dir='ltr' id='par_1_74' title="bbox 173 4164 1793 4236">
     <span class='ocr_line' id='line_1_74' title="bbox 173 4164 1793 4236; baseline 0.001 -14"><span class='ocrx_word' id='word_1_489' title='bbox 173 4174 270 4222; x_wconf 86' lang='lat' dir='ltr'><strong>eSt</strong></span> <span class='ocrx_word' id='word_1_490' title='bbox 302 4165 357 4219; x_wconf 91' lang='lat' dir='ltr'><strong>in</strong></span> <span class='ocrx_word' id='word_1_491' title='bbox 383 4164 526 4220; x_wconf 87' lang='lat' dir='ltr'><strong>hunc</strong></span> <span class='ocrx_word' id='word_1_492' title='bbox 557 4165 700 4220; x_wconf 90' lang='lat' dir='ltr'><strong>diem</strong></span> <span class='ocrx_word' id='word_1_493' title='bbox 731 4166 1093 4236; x_wconf 83' lang='lat' dir='ltr'><strong>cognitionem</strong></span> <span class='ocrx_word' id='word_1_494' title='bbox 1141 4168 1307 4221; x_wconf 88' lang='lat' dir='ltr'><strong>fuisse</strong></span> <span class='ocrx_word' id='word_1_495' title='bbox 1338 4167 1555 4220; x_wconf 82' lang='lat' dir='ltr'><strong>dilatam</strong></span> <span class='ocrx_word' id='word_1_496' title='bbox 1578 4209 1592 4234; x_wconf 97' lang='lat'><strong>,</strong></span> <span class='ocrx_word' id='word_1_497' title='bbox 1632 4167 1703 4221; x_wconf 90' lang='lat' dir='ltr'><strong>ita</strong></span> <span class='ocrx_word' id='word_1_498' title='bbox 1736 4175 1793 4223; x_wconf 90' lang='lat' dir='ltr'><strong>ut</strong></span> 
     </span>
    </p>
   </div>
   <div class='ocr_carea' id='block_1_75' title="bbox 177 4257 1006 4328">
    <p class='ocr_par' dir='ltr' id='par_1_75' title="bbox 177 4257 1006 4328">
     <span class='ocr_line' id='line_1_75' title="bbox 177 4257 1006 4328; baseline -0.002 -14"><span class='ocrx_word' id='word_1_499' title='bbox 177 4257 352 4315; x_wconf 85' lang='lat' dir='ltr'><strong>hodie</strong></span> <span class='ocrx_word' id='word_1_500' title='bbox 371 4259 642 4328; x_wconf 84' lang='lat' dir='ltr'><strong>negotium</strong></span> <span class='ocrx_word' id='word_1_501' title='bbox 665 4269 1006 4316; x_wconf 86' lang='lat' dir='ltr'><strong>tractaretur.</strong></span> 
     </span>
    </p>
   </div>
   <div class='ocr_carea' id='block_1_76' title="bbox 263 4351 1796 4426">
    <p class='ocr_par' dir='ltr' id='par_1_76' title="bbox 263 4351 1796 4426">
     <span class='ocr_line' id='line_1_76' title="bbox 263 4351 1796 4426; baseline 0.001 -20"><span class='ocrx_word' id='word_1_502' title='bbox 263 4353 356 4406; x_wconf 82' lang='lat' dir='ltr'><strong>6i.</strong></span> <span class='ocrx_word' id='word_1_503' title='bbox 391 4351 680 4407; x_wconf 84' lang='lat' dir='ltr'><strong>Petilianus</strong></span> <span class='ocrx_word' id='word_1_504' title='bbox 711 4355 984 4426; x_wconf 83' lang='lat' dir='ltr'><strong>episcopus</strong></span> <span class='ocrx_word' id='word_1_505' title='bbox 1024 4353 1194 4408; x_wconf 83' lang='lat' dir='ltr'><strong>dixit:</strong></span> <span class='ocrx_word' id='word_1_506' title='bbox 1231 4353 1285 4409; x_wconf 90' lang='lat' dir='ltr'><strong>Si</strong></span> <span class='ocrx_word' id='word_1_507' title='bbox 1321 4354 1662 4423; x_wconf 82' lang='lat' dir='ltr'><strong>perfecerunt</strong></span> <span class='ocrx_word' id='word_1_508' title='bbox 1691 4370 1796 4424; x_wconf 87' lang='lat' dir='ltr'><strong>ge-</strong></span> 
     </span>
    </p>
   </div>
   <div class='ocr_carea' id='block_1_77' title="bbox 179 4445 1647 4517">
    <p class='ocr_par' dir='ltr' id='par_1_77' title="bbox 179 4445 1647 4517">
     <span class='ocr_line' id='line_1_77' title="bbox 179 4445 1647 4517; baseline 0.001 -17"><span class='ocrx_word' id='word_1_509' title='bbox 179 4454 270 4500; x_wconf 88' lang='lat' dir='ltr'><strong>sta</strong></span> <span class='ocrx_word' id='word_1_510' title='bbox 302 4457 644 4516; x_wconf 78' lang='lat' dir='ltr'><strong>exceptores,</strong></span> <span class='ocrx_word' id='word_1_511' title='bbox 679 4456 887 4517; x_wconf 81' lang='lat' dir='ltr'><strong>agatur.</strong></span> <span class='ocrx_word' id='word_1_512' title='bbox 928 4447 992 4500; x_wconf 82' lang='lat' dir='ltr'><strong>Et</strong></span> <span class='ocrx_word' id='word_1_513' title='bbox 1027 4447 1132 4500; x_wconf 84' lang='lat' dir='ltr'><strong>alia</strong></span> <span class='ocrx_word' id='word_1_514' title='bbox 1158 4464 1331 4500; x_wconf 86' lang='lat' dir='ltr'><strong>manu.</strong></span> <span class='ocrx_word' id='word_1_515' title='bbox 1364 4445 1433 4501; x_wconf 87' lang='lat' dir='ltr'><strong>Ut</strong></span> <span class='ocrx_word' id='word_1_516' title='bbox 1463 4462 1647 4517; x_wconf 87' lang='lat' dir='ltr'><strong>supra.</strong></span> 
     </span>
    </p>
   </div>
   <div class='ocr_carea' id='block_1_78' title="bbox 269 4537 1796 4597">
    <p class='ocr_par' dir='ltr' id='par_1_78' title="bbox 269 4537 1796 4597">
     <span class='ocr_line' id='line_1_78' title="bbox 269 4537 1796 4597; baseline 0.003 -5"><span class='ocrx_word' id='word_1_517' title='bbox 269 4537 611 4594; x_wconf 79' lang='lat' dir='ltr'><strong>Marcellinus</strong></span> <span class='ocrx_word' id='word_1_518' title='bbox 669 4542 746 4594; x_wconf 84' lang='lat' dir='ltr'><strong>vir</strong></span> <span class='ocrx_word' id='word_1_519' title='bbox 801 4543 1120 4595; x_wconf 88' lang='lat' dir='ltr'><strong>clarissimus</strong></span> <span class='ocrx_word' id='word_1_520' title='bbox 1176 4542 1409 4595; x_wconf 91' lang='lat' dir='ltr'><strong>tribunus</strong></span> <span class='ocrx_word' id='word_1_521' title='bbox 1466 4549 1513 4594; x_wconf 89' lang='lat' dir='ltr'><strong>et</strong></span> <span class='ocrx_word' id='word_1_522' title='bbox 1567 4542 1796 4597; x_wconf 88' lang='lat' dir='ltr'><strong>notarius</strong></span> 
     </span>
    </p>
   </div>
   <div class='ocr_carea' id='block_1_79' title="bbox 1881 3321 2148 3392">
    <p class='ocr_par' dir='ltr' id='par_1_79' title="bbox 1881 3321 2148 3392">
     <span class='ocr_line' id='line_1_79' title="bbox 1881 3321 2148 3392; baseline -0.004 -15"><span class='ocrx_word' id='word_1_523' title='bbox 1881 3321 2148 3392; x_wconf 86' lang='lat' dir='ltr'><strong>designet.</strong></span> 
     </span>
    </p>
   </div>
   <div class='ocr_carea' id='block_1_80' title="bbox 1959 3415 3480 3490">
    <p class='ocr_par' dir='ltr' id='par_1_80' title="bbox 1959 3415 3480 3490">
     <span class='ocr_line' id='line_1_80' title="bbox 1959 3415 3480 3490; baseline 0.003 -20"><span class='ocrx_word' id='word_1_524' title='bbox 1959 3415 2048 3470; x_wconf 90' lang='lat'><strong>66.</strong></span> <span class='ocrx_word' id='word_1_525' title='bbox 2081 3415 2400 3485; x_wconf 78' lang='lat' dir='ltr'><strong>Augustinus</strong></span> <span class='ocrx_word' id='word_1_526' title='bbox 2439 3417 2710 3490; x_wconf 75' lang='lat' dir='ltr'><strong>episcOpus</strong></span> <span class='ocrx_word' id='word_1_527' title='bbox 2745 3417 2992 3475; x_wconf 79' lang='lat' dir='ltr'><strong>Ecclesia:</strong></span> <span class='ocrx_word' id='word_1_528' title='bbox 3019 3419 3284 3475; x_wconf 73' lang='lat' dir='ltr'><strong>catholicae</strong></span> <span class='ocrx_word' id='word_1_529' title='bbox 3305 3419 3480 3476; x_wconf 84' lang='lat' dir='ltr'><strong>dixit:</strong></span> 
     </span>
    </p>
   </div>
   <div class='ocr_carea' id='block_1_81' title="bbox 1887 3507 3482 3582">
    <p class='ocr_par' dir='ltr' id='par_1_81' title="bbox 1887 3507 3482 3582">
     <span class='ocr_line' id='line_1_81' title="bbox 1887 3507 3482 3582; baseline 0.004 -21"><span class='ocrx_word' id='word_1_530' title='bbox 1887 3507 1996 3564; x_wconf 85' lang='lat' dir='ltr'><strong>Nos</strong></span> <span class='ocrx_word' id='word_1_531' title='bbox 2023 3515 2076 3562; x_wconf 89' lang='lat' dir='ltr'><strong>et</strong></span> <span class='ocrx_word' id='word_1_532' title='bbox 2121 3507 2280 3562; x_wconf 85' lang='lat' dir='ltr'><strong>hodie</strong></span> <span class='ocrx_word' id='word_1_533' title='bbox 2314 3508 2585 3576; x_wconf 79' lang='lat' dir='ltr'><strong>Volumus,</strong></span> <span class='ocrx_word' id='word_1_534' title='bbox 2627 3521 2682 3566; x_wconf 90' lang='lat' dir='ltr'><strong>et</strong></span> <span class='ocrx_word' id='word_1_535' title='bbox 2715 3511 2760 3566; x_wconf 88' lang='lat' dir='ltr'><strong>si</strong></span> <span class='ocrx_word' id='word_1_536' title='bbox 2802 3511 2917 3567; x_wconf 89' lang='lat' dir='ltr'><strong>fieri</strong></span> <span class='ocrx_word' id='word_1_537' title='bbox 2958 3521 3161 3582; x_wconf 89' lang='lat' dir='ltr'><strong>posset,</strong></span> <span class='ocrx_word' id='word_1_538' title='bbox 3194 3513 3482 3569; x_wconf 88' lang='lat' dir='ltr'><strong>vellemus.</strong></span> 
     </span>
    </p>
   </div>
   <div class='ocr_carea' id='block_1_82' title="bbox 1885 3599 3480 3672">
    <p class='ocr_par' dir='ltr' id='par_1_82' title="bbox 1885 3599 3480 3672">
     <span class='ocr_line' id='line_1_82' title="bbox 1885 3599 3480 3672; baseline 0.004 -17"><span class='ocrx_word' id='word_1_539' title='bbox 1885 3599 2092 3656; x_wconf 89' lang='lat' dir='ltr'><strong>Tamen</strong></span> <span class='ocrx_word' id='word_1_540' title='bbox 2124 3603 2247 3672; x_wconf 90' lang='lat' dir='ltr'><strong>quia</strong></span> <span class='ocrx_word' id='word_1_541' title='bbox 2277 3603 2573 3658; x_wconf 89' lang='lat' dir='ltr'><strong>humanum</strong></span> <span class='ocrx_word' id='word_1_542' title='bbox 2616 3603 2714 3658; x_wconf 91' lang='lat' dir='ltr'><strong>fuit</strong></span> <span class='ocrx_word' id='word_1_543' title='bbox 2753 3603 2856 3660; x_wconf 87' lang='lat' dir='ltr'><strong>hoc</strong></span> <span class='ocrx_word' id='word_1_544' title='bbox 2882 3604 3185 3662; x_wconf 88' lang='lat' dir='ltr'><strong>concedere</strong></span> <span class='ocrx_word' id='word_1_545' title='bbox 3221 3605 3480 3664; x_wconf 89' lang='lat' dir='ltr'><strong>fratribus</strong></span> 
     </span>
    </p>
   </div>
   <div class='ocr_carea' id='block_1_83' title="bbox 1889 3695 3484 3769">
    <p class='ocr_par' dir='ltr' id='par_1_83' title="bbox 1889 3695 3484 3769">
     <span class='ocr_line' id='line_1_83' title="bbox 1889 3695 3484 3769; baseline 0.004 -20"><span class='ocrx_word' id='word_1_546' title='bbox 1889 3696 2090 3752; x_wconf 88' lang='lat' dir='ltr'><strong>nostris</strong></span> <span class='ocrx_word' id='word_1_547' title='bbox 2120 3695 2264 3767; x_wconf 91' lang='lat' dir='ltr'><strong>quod</strong></span> <span class='ocrx_word' id='word_1_548' title='bbox 2301 3697 2458 3753; x_wconf 87' lang='lat' dir='ltr'><strong>nobis</strong></span> <span class='ocrx_word' id='word_1_549' title='bbox 2484 3713 2588 3753; x_wconf 92' lang='lat' dir='ltr'><strong>non</strong></span> <span class='ocrx_word' id='word_1_550' title='bbox 2628 3698 2826 3768; x_wconf 87' lang='lat' dir='ltr'><strong>injuste</strong></span> <span class='ocrx_word' id='word_1_551' title='bbox 2863 3697 3114 3754; x_wconf 91' lang='lat' dir='ltr'><strong>videntur</strong></span> <span class='ocrx_word' id='word_1_552' title='bbox 3139 3700 3442 3769; x_wconf 83' lang='lat' dir='ltr'><strong>postulasse</strong></span> <span class='ocrx_word' id='word_1_553' title='bbox 3468 3741 3484 3767; x_wconf 92' lang='lat'><strong>,</strong></span> 
     </span>
    </p>
   </div>
   <div class='ocr_carea' id='block_1_84' title="bbox 1888 3786 3486 3862">
    <p class='ocr_par' dir='ltr' id='par_1_84' title="bbox 1888 3786 3486 3862">
     <span class='ocr_line' id='line_1_84' title="bbox 1888 3786 3486 3862; baseline 0.004 -21"><span class='ocrx_word' id='word_1_554' title='bbox 1888 3788 1956 3842; x_wconf 90' lang='lat' dir='ltr'><strong>ad</strong></span> <span class='ocrx_word' id='word_1_555' title='bbox 1981 3786 2122 3842; x_wconf 92' lang='lat' dir='ltr'><strong>diem</strong></span> <span class='ocrx_word' id='word_1_556' title='bbox 2151 3799 2361 3843; x_wconf 81' lang='lat' dir='ltr'><strong>sextum</strong></span> <span class='ocrx_word' id='word_1_557' title='bbox 2393 3789 2576 3845; x_wconf 89' lang='lat' dir='ltr'><strong>iduum</strong></span> <span class='ocrx_word' id='word_1_558' title='bbox 2597 3789 2879 3846; x_wconf 80' lang='lat' dir='ltr'><strong>Juniarum</strong></span> <span class='ocrx_word' id='word_1_559' title='bbox 2898 3833 2913 3857; x_wconf 95' lang='lat'><strong>,</strong></span> <span class='ocrx_word' id='word_1_560' title='bbox 2940 3791 3230 3862; x_wconf 90' lang='lat' dir='ltr'><strong>adjuvante</strong></span> <span class='ocrx_word' id='word_1_561' title='bbox 3255 3793 3486 3848; x_wconf 91' lang='lat' dir='ltr'><strong>Domino</strong></span> 
     </span>
    </p>
   </div>
   <div class='ocr_carea' id='block_1_85' title="bbox 1893 3879 3489 3954">
    <p class='ocr_par' dir='ltr' id='par_1_85' title="bbox 1893 3879 3489 3954">
     <span class='ocr_line' id='line_1_85' title="bbox 1893 3879 3489 3954; baseline 0.004 -22"><span class='ocrx_word' id='word_1_562' title='bbox 1893 3879 2002 3934; x_wconf 91' lang='lat' dir='ltr'><strong>Deo</strong></span> <span class='ocrx_word' id='word_1_563' title='bbox 2041 3889 2249 3946; x_wconf 90' lang='lat' dir='ltr'><strong>nostro,</strong></span> <span class='ocrx_word' id='word_1_564' title='bbox 2301 3880 2579 3936; x_wconf 86' lang='lat' dir='ltr'><strong>adfuturos</strong></span> <span class='ocrx_word' id='word_1_565' title='bbox 2626 3897 2724 3939; x_wconf 91' lang='lat' dir='ltr'><strong>nos</strong></span> <span class='ocrx_word' id='word_1_566' title='bbox 2769 3882 2835 3938; x_wconf 90' lang='lat' dir='ltr'><strong>ad</strong></span> <span class='ocrx_word' id='word_1_567' title='bbox 2893 3884 3256 3954; x_wconf 90' lang='lat' dir='ltr'><strong>peragendum</strong></span> <span class='ocrx_word' id='word_1_568' title='bbox 3288 3884 3489 3954; x_wconf 82' lang='lat' dir='ltr'><strong>princi-</strong></span> 
     </span>
    </p>
   </div>
   <div class='ocr_carea' id='block_1_86' title="bbox 1893 3974 3486 4046">
    <p class='ocr_par' dir='ltr' id='par_1_86' title="bbox 1893 3974 3486 4046">
     <span class='ocr_line' id='line_1_86' title="bbox 1893 3974 3486 4046; baseline 0.003 -19"><span class='ocrx_word' id='word_1_569' title='bbox 1893 3974 2014 4044; x_wconf 90' lang='lat' dir='ltr'><strong>pale</strong></span> <span class='ocrx_word' id='word_1_570' title='bbox 2050 3975 2326 4044; x_wconf 82' lang='lat' dir='ltr'><strong>negotium</strong></span> <span class='ocrx_word' id='word_1_571' title='bbox 2364 3974 2625 4030; x_wconf 66' lang='lat' dir='ltr'><strong>Ecclesia:</strong></span> <span class='ocrx_word' id='word_1_572' title='bbox 2672 3976 3009 4046; x_wconf 91' lang='lat' dir='ltr'><strong>pollicemur.</strong></span> <span class='ocrx_word' id='word_1_573' title='bbox 3058 3975 3121 4030; x_wconf 87' lang='lat' dir='ltr'><strong>Et</strong></span> <span class='ocrx_word' id='word_1_574' title='bbox 3165 3977 3271 4032; x_wconf 90' lang='lat' dir='ltr'><strong>alia</strong></span> <span class='ocrx_word' id='word_1_575' title='bbox 3307 3994 3486 4031; x_wconf 88' lang='lat' dir='ltr'><strong>manu.</strong></span> 
     </span>
    </p>
   </div>
   <div class='ocr_carea' id='block_1_87' title="bbox 1893 4066 3492 4137">
    <p class='ocr_par' dir='ltr' id='par_1_87' title="bbox 1893 4066 3492 4137">
     <span class='ocr_line' id='line_1_87' title="bbox 1893 4066 3492 4137; baseline 0.002 -15"><span class='ocrx_word' id='word_1_576' title='bbox 1893 4067 2222 4137; x_wconf 82' lang='lat' dir='ltr'><strong>Recognovi.</strong></span> <span class='ocrx_word' id='word_1_577' title='bbox 2257 4066 2592 4124; x_wconf 79' lang='lat' dir='ltr'><strong>Marcellinus</strong></span> <span class='ocrx_word' id='word_1_578' title='bbox 2619 4070 2698 4123; x_wconf 81' lang='lat' dir='ltr'><strong>vir</strong></span> <span class='ocrx_word' id='word_1_579' title='bbox 2721 4070 3039 4124; x_wconf 89' lang='lat' dir='ltr'><strong>clarissimus</strong></span> <span class='ocrx_word' id='word_1_580' title='bbox 3068 4071 3299 4124; x_wconf 85' lang='lat' dir='ltr'><strong>tribunus</strong></span> <span class='ocrx_word' id='word_1_581' title='bbox 3324 4081 3370 4125; x_wconf 91' lang='lat' dir='ltr'><strong>et</strong></span> <span class='ocrx_word' id='word_1_582' title='bbox 3398 4087 3492 4125; x_wconf 87' lang='lat' dir='ltr'><strong>no-</strong></span> 
     </span>
    </p>
   </div>
   <div class='ocr_carea' id='block_1_88' title="bbox 1894 4161 3496 4235">
    <p class='ocr_par' dir='ltr' id='par_1_88' title="bbox 1894 4161 3496 4235">
     <span class='ocr_line' id='line_1_88' title="bbox 1894 4161 3496 4235; baseline 0.003 -20"><span class='ocrx_word' id='word_1_583' title='bbox 1894 4163 2055 4216; x_wconf 88' lang='lat' dir='ltr'><strong>tarius</strong></span> <span class='ocrx_word' id='word_1_584' title='bbox 2085 4161 2251 4217; x_wconf 87' lang='lat' dir='ltr'><strong>dixit:</strong></span> <span class='ocrx_word' id='word_1_585' title='bbox 2295 4161 2474 4218; x_wconf 86' lang='lat' dir='ltr'><strong>Etiam</strong></span> <span class='ocrx_word' id='word_1_586' title='bbox 2506 4177 2630 4234; x_wconf 86' lang='lat' dir='ltr'><strong>pars</strong></span> <span class='ocrx_word' id='word_1_587' title='bbox 2659 4163 2761 4218; x_wconf 89' lang='lat' dir='ltr'><strong>alia</strong></span> <span class='ocrx_word' id='word_1_588' title='bbox 2799 4161 2926 4235; x_wconf 90' lang='lat' dir='ltr'><strong>quid</strong></span> <span class='ocrx_word' id='word_1_589' title='bbox 2968 4163 3258 4220; x_wconf 82' lang='lat' dir='ltr'><strong>voluntatis</strong></span> <span class='ocrx_word' id='word_1_590' title='bbox 3297 4162 3496 4220; x_wconf 87' lang='lat' dir='ltr'><strong>habeat.</strong></span> 
     </span>
    </p>
   </div>
   <div class='ocr_carea' id='block_1_89' title="bbox 1893 4254 2418 4326">
    <p class='ocr_par' dir='ltr' id='par_1_89' title="bbox 1893 4254 2418 4326">
     <span class='ocr_line' id='line_1_89' title="bbox 1893 4254 2418 4326; baseline -0.002 -16"><span class='ocrx_word' id='word_1_591' title='bbox 1893 4254 2146 4326; x_wconf 87' lang='lat' dir='ltr'><strong>dignetur</strong></span> <span class='ocrx_word' id='word_1_592' title='bbox 2183 4254 2418 4311; x_wconf 85' lang='lat' dir='ltr'><strong>edicere.</strong></span> 
     </span>
    </p>
   </div>
   <div class='ocr_carea' id='block_1_90' title="bbox 1967 4347 3501 4425">
    <p class='ocr_par' dir='ltr' id='par_1_90' title="bbox 1967 4347 3501 4425">
     <span class='ocr_line' id='line_1_90' title="bbox 1967 4347 3501 4425; baseline 0.004 -21"><span class='ocrx_word' id='word_1_593' title='bbox 1967 4348 2059 4404; x_wconf 86' lang='lat'><strong>67.</strong></span> <span class='ocrx_word' id='word_1_594' title='bbox 2110 4347 2374 4404; x_wconf 87' lang='lat' dir='ltr'><strong>Emeritus</strong></span> <span class='ocrx_word' id='word_1_595' title='bbox 2418 4351 2691 4422; x_wconf 80' lang='lat' dir='ltr'><strong>episcOpus</strong></span> <span class='ocrx_word' id='word_1_596' title='bbox 2735 4351 2907 4406; x_wconf 83' lang='lat' dir='ltr'><strong>dixit:</strong></span> <span class='ocrx_word' id='word_1_597' title='bbox 2953 4352 3026 4407; x_wconf 91' lang='lat' dir='ltr'><strong>De</strong></span> <span class='ocrx_word' id='word_1_598' title='bbox 3069 4351 3501 4425; x_wconf 75' lang='lat' dir='ltr'><strong>professionibus</strong></span> 
     </span>
    </p>
   </div>
   <div class='ocr_carea' id='block_1_91' title="bbox 1899 4442 3500 4513">
    <p class='ocr_par' dir='ltr' id='par_1_91' title="bbox 1899 4442 3500 4513">
     <span class='ocr_line' id='line_1_91' title="bbox 1899 4442 3500 4513; baseline 0.004 -19"><span class='ocrx_word' id='word_1_599' title='bbox 1899 4442 2098 4496; x_wconf 90' lang='lat' dir='ltr'><strong>nostris</strong></span> <span class='ocrx_word' id='word_1_600' title='bbox 2126 4443 2269 4495; x_wconf 91' lang='lat' dir='ltr'><strong>nulla</strong></span> <span class='ocrx_word' id='word_1_601' title='bbox 2311 4453 2393 4496; x_wconf 89' lang='lat' dir='ltr'><strong>est</strong></span> <span class='ocrx_word' id='word_1_602' title='bbox 2424 4443 2765 4513; x_wconf 86' lang='lat' dir='ltr'><strong>ambiguitas.</strong></span> <span class='ocrx_word' id='word_1_603' title='bbox 2810 4445 3078 4512; x_wconf 86' lang='lat' dir='ltr'><strong>Quantum</strong></span> <span class='ocrx_word' id='word_1_604' title='bbox 3108 4456 3286 4501; x_wconf 88' lang='lat' dir='ltr'><strong>autem</strong></span> <span class='ocrx_word' id='word_1_605' title='bbox 3317 4446 3384 4502; x_wconf 92' lang='lat' dir='ltr'><strong>ad</strong></span> <span class='ocrx_word' id='word_1_606' title='bbox 3412 4447 3500 4501; x_wconf 83' lang='lat' dir='ltr'><strong>in-</strong></span> 
     </span>
    </p>
   </div>
   <div class='ocr_carea' id='block_1_92' title="bbox 1898 4535 3502 4612">
    <p class='ocr_par' dir='ltr' id='par_1_92' title="bbox 1898 4535 3502 4612">
     <span class='ocr_line' id='line_1_92' title="bbox 1898 4535 3502 4612; baseline 0.007 -26"><span class='ocrx_word' id='word_1_607' title='bbox 1898 4535 2285 4598; x_wconf 84' lang='lat' dir='ltr'><strong>structiOnem,</strong></span> <span class='ocrx_word' id='word_1_608' title='bbox 2329 4551 2489 4605; x_wconf 90' lang='lat' dir='ltr'><strong>qttam</strong></span> <span class='ocrx_word' id='word_1_609' title='bbox 2538 4535 2653 4590; x_wconf 88' lang='lat' dir='ltr'><strong>fieri</strong></span> <span class='ocrx_word' id='word_1_610' title='bbox 2686 4536 2888 4592; x_wconf 92' lang='lat' dir='ltr'><strong>debere</strong></span> <span class='ocrx_word' id='word_1_611' title='bbox 2923 4539 2976 4593; x_wconf 91' lang='lat' dir='ltr'><strong>in</strong></span> <span class='ocrx_word' id='word_1_612' title='bbox 3002 4538 3207 4608; x_wconf 91' lang='lat' dir='ltr'><strong>judicio</strong></span> <span class='ocrx_word' id='word_1_613' title='bbox 3232 4539 3502 4612; x_wconf 77' lang='lat' dir='ltr'><strong>ﬂagitavi-</strong></span> 
     </span>
    </p>
   </div>
   <div class='ocr_carea' id='block_1_93' title="bbox 185 4623 3507 4705">
    <p class='ocr_par' dir='ltr' id='par_1_93' title="bbox 185 4623 3507 4705">
     <span class='ocr_line' id='line_1_93' title="bbox 185 4623 3507 4705; baseline 0.001 -20"><span class='ocrx_word' id='word_1_614' title='bbox 185 4631 369 4685; x_wconf 88' lang='lat' dir='ltr'><strong>dixit:</strong></span> <span class='ocrx_word' id='word_1_615' title='bbox 408 4631 559 4687; x_wconf 86' lang='lat' dir='ltr'><strong>Licet.</strong></span> <span class='ocrx_word' id='word_1_616' title='bbox 599 4633 956 4702; x_wconf 82' lang='lat' dir='ltr'><strong>apertissimis</strong></span> <span class='ocrx_word' id='word_1_617' title='bbox 998 4634 1156 4687; x_wconf 86' lang='lat' dir='ltr'><strong>fuerit</strong></span> <span class='ocrx_word' id='word_1_618' title='bbox 1188 4633 1616 4701; x_wconf 88' lang='lat' dir='ltr'><strong>professionibus</strong></span> <span class='ocrx_word' id='word_1_619' title='bbox 1650 4633 1796 4689; x_wconf 83' lang='lat' dir='ltr'><strong>desi-</strong></span> <span class='ocrx_word' id='word_1_620' title='bbox 1824 4623 1876 4686; x_wconf 82' lang='grc' dir='ltr'><strong>Ι)</strong></span> <span class='ocrx_word' id='word_1_621' title='bbox 1903 4643 2052 4694; x_wconf 86' lang='lat' dir='ltr'><strong>mus,</strong></span> <span class='ocrx_word' id='word_1_622' title='bbox 2097 4627 2329 4682; x_wconf 88' lang='lat' dir='ltr'><strong>advertit</strong></span> <span class='ocrx_word' id='word_1_623' title='bbox 2362 4628 2612 4684; x_wconf 87' lang='lat' dir='ltr'><strong>nobilitas</strong></span> <span class='ocrx_word' id='word_1_624' title='bbox 2641 4636 2728 4682; x_wconf 89' lang='lat' dir='ltr'><strong>tua</strong></span> <span class='ocrx_word' id='word_1_625' title='bbox 2760 4643 2860 4682; x_wconf 92' lang='lat' dir='ltr'><strong>nos</strong></span> <span class='ocrx_word' id='word_1_626' title='bbox 2883 4630 3026 4700; x_wconf 85' lang='lat' dir='ltr'><strong>jnsta</strong></span> <span class='ocrx_word' id='word_1_627' title='bbox 3053 4644 3108 4687; x_wconf 89' lang='lat' dir='ltr'><strong>et</strong></span> <span class='ocrx_word' id='word_1_628' title='bbox 3140 4633 3376 4704; x_wconf 89' lang='lat' dir='ltr'><strong>legitima</strong></span> <span class='ocrx_word' id='word_1_629' title='bbox 3407 4649 3507 4705; x_wconf 85' lang='lat' dir='ltr'><strong>po-</strong></span> 
     </span>
    </p>
   </div>
   <div class='ocr_carea' id='block_1_94' title="bbox 188 4725 1794 4796">
    <p class='ocr_par' dir='ltr' id='par_1_94' title="bbox 188 4725 1794 4796">
     <span class='ocr_line' id='line_1_94' title="bbox 188 4725 1794 4796; baseline 0.001 -17"><span class='ocrx_word' id='word_1_630' title='bbox 188 4735 418 4796; x_wconf 86' lang='lat' dir='ltr'><strong>gnatttm</strong></span> <span class='ocrx_word' id='word_1_631' title='bbox 444 4725 496 4779; x_wconf 91' lang='lat' dir='ltr'><strong>in</strong></span> <span class='ocrx_word' id='word_1_632' title='bbox 522 4740 680 4795; x_wconf 87' lang='lat' dir='ltr'><strong>quem</strong></span> <span class='ocrx_word' id='word_1_633' title='bbox 705 4725 844 4780; x_wconf 92' lang='lat' dir='ltr'><strong>diem</strong></span> <span class='ocrx_word' id='word_1_634' title='bbox 869 4725 1093 4780; x_wconf 85' lang='lat' dir='ltr'><strong>dilatum</strong></span> <span class='ocrx_word' id='word_1_635' title='bbox 1117 4736 1259 4781; x_wconf 88' lang='lat' dir='ltr'><strong>esset</strong></span> <span class='ocrx_word' id='word_1_636' title='bbox 1278 4725 1560 4796; x_wconf 89' lang='lat' dir='ltr'><strong>judicium,</strong></span> <span class='ocrx_word' id='word_1_637' title='bbox 1593 4738 1794 4792; x_wconf 89' lang='lat' dir='ltr'><strong>tamen,</strong></span> 
     </span>
    </p>
   </div>
   <div class='ocr_carea' id='block_1_95' title="bbox 194 4817 1798 4888">
    <p class='ocr_par' dir='ltr' id='par_1_95' title="bbox 194 4817 1798 4888">
     <span class='ocr_line' id='line_1_95' title="bbox 194 4817 1798 4888; baseline 0 -15"><span class='ocrx_word' id='word_1_638' title='bbox 194 4834 269 4873; x_wconf 92' lang='lat' dir='ltr'><strong>ne</strong></span> <span class='ocrx_word' id='word_1_639' title='bbox 307 4817 434 4887; x_wconf 88' lang='lat' dir='ltr'><strong>quid</strong></span> <span class='ocrx_word' id='word_1_640' title='bbox 480 4818 527 4872; x_wconf 91' lang='lat' dir='ltr'><strong>ei</strong></span> <span class='ocrx_word' id='word_1_641' title='bbox 568 4819 707 4888; x_wconf 91' lang='lat' dir='ltr'><strong>parti</strong></span> <span class='ocrx_word' id='word_1_642' title='bbox 749 4834 868 4886; x_wconf 74' lang='lat' dir='ltr'><strong>qua:</strong></span> <span class='ocrx_word' id='word_1_643' title='bbox 905 4817 1218 4873; x_wconf 86' lang='lat' dir='ltr'><strong>dilationem</strong></span> <span class='ocrx_word' id='word_1_644' title='bbox 1261 4817 1503 4888; x_wconf 89' lang='lat' dir='ltr'><strong>postulat</strong></span> <span class='ocrx_word' id='word_1_645' title='bbox 1545 4826 1798 4888; x_wconf 89' lang='lat' dir='ltr'><strong>negatum</strong></span> 
     </span>
    </p>
   </div>
   <div class='ocr_carea' id='block_1_96' title="bbox 193 4909 1802 4979">
    <p class='ocr_par' dir='ltr' id='par_1_96' title="bbox 193 4909 1802 4979">
     <span class='ocr_line' id='line_1_96' title="bbox 193 4909 1802 4979; baseline 0.001 -15"><span class='ocrx_word' id='word_1_646' title='bbox 193 4923 323 4964; x_wconf 89' lang='lat' dir='ltr'><strong>esse</strong></span> <span class='ocrx_word' id='word_1_647' title='bbox 366 4909 638 4974; x_wconf 88' lang='lat' dir='ltr'><strong>videatur,</strong></span> <span class='ocrx_word' id='word_1_648' title='bbox 688 4911 922 4979; x_wconf 86' lang='lat' dir='ltr'><strong>cognitio</strong></span> <span class='ocrx_word' id='word_1_649' title='bbox 962 4910 1264 4977; x_wconf 83' lang='lat' dir='ltr'><strong>differetur,</strong></span> <span class='ocrx_word' id='word_1_650' title='bbox 1303 4911 1374 4966; x_wconf 89' lang='lat' dir='ltr'><strong>ita</strong></span> <span class='ocrx_word' id='word_1_651' title='bbox 1421 4920 1481 4966; x_wconf 93' lang='lat' dir='ltr'><strong>ut</strong></span> <span class='ocrx_word' id='word_1_652' title='bbox 1523 4910 1698 4968; x_wconf 89' lang='lat' dir='ltr'><strong>edicat</strong></span> <span class='ocrx_word' id='word_1_653' title='bbox 1744 4911 1802 4967; x_wconf 92' lang='lat' dir='ltr'><strong>in</strong></span> 
     </span>
    </p>
   </div>
   <div class='ocr_carea' id='block_1_97' title="bbox 196 4998 1350 5073">
    <p class='ocr_par' dir='ltr' id='par_1_97' title="bbox 196 4998 1350 5073">
     <span class='ocr_line' id='line_1_97' title="bbox 196 4998 1350 5073; baseline 0.003 -19"><span class='ocrx_word' id='word_1_654' title='bbox 196 5016 363 5072; x_wconf 77' lang='lat' dir='ltr'><strong>quem</strong></span> <span class='ocrx_word' id='word_1_655' title='bbox 391 4998 533 5054; x_wconf 89' lang='lat' dir='ltr'><strong>diem</strong></span> <span class='ocrx_word' id='word_1_656' title='bbox 561 5000 754 5056; x_wconf 88' lang='lat' dir='ltr'><strong>debeat</strong></span> <span class='ocrx_word' id='word_1_657' title='bbox 781 5000 1043 5072; x_wconf 89' lang='lat' dir='ltr'><strong>judicium</strong></span> <span class='ocrx_word' id='word_1_658' title='bbox 1075 5002 1350 5073; x_wconf 89' lang='lat' dir='ltr'><strong>protelari.</strong></span> 
     </span>
    </p>
   </div>
   <div class='ocr_carea' id='block_1_98' title="bbox 281 5091 1805 5167">
    <p class='ocr_par' dir='ltr' id='par_1_98' title="bbox 281 5091 1805 5167">
     <span class='ocr_line' id='line_1_98' title="bbox 281 5091 1805 5167; baseline 0.006 -23"><span class='ocrx_word' id='word_1_659' title='bbox 281 5091 569 5148; x_wconf 85' lang='lat' dir='ltr'><strong>Petilianus</strong></span> <span class='ocrx_word' id='word_1_660' title='bbox 632 5095 907 5166; x_wconf 86' lang='lat' dir='ltr'><strong>episcopus</strong></span> <span class='ocrx_word' id='word_1_661' title='bbox 964 5095 1159 5151; x_wconf 83' lang='lat' dir='ltr'><strong>dixit:</strong></span> <span class='ocrx_word' id='word_1_662' title='bbox 1223 5096 1411 5151; x_wconf 82' lang='lat' dir='ltr'><strong>Dicant</strong></span> <span class='ocrx_word' id='word_1_663' title='bbox 1483 5106 1805 5167; x_wconf 82' lang='lat' dir='ltr'><strong>exceptores</strong></span> 
     </span>
    </p>
   </div>
   <div class='ocr_carea' id='block_1_99' title="bbox 199 5170 1807 5260">
    <p class='ocr_par' dir='ltr' id='par_1_99' title="bbox 199 5170 1807 5260">
     <span class='ocr_line' id='line_1_99' title="bbox 199 5170 1807 5260; baseline 0.004 -19"><span class='ocrx_word' id='word_1_664' title='bbox 199 5187 424 5260; x_wconf 84' lang='lat' dir='ltr'><strong>quando</strong></span> <span class='ocrx_word' id='word_1_665' title='bbox 450 5188 646 5244; x_wconf 91' lang='lat' dir='ltr'><strong>edituri</strong></span> <span class='ocrx_word' id='word_1_666' title='bbox 691 5199 815 5244; x_wconf 87' lang='lat' dir='ltr'><strong>sunt</strong></span> <span class='ocrx_word' id='word_1_667' title='bbox 843 5198 1016 5260; x_wconf 90' lang='lat' dir='ltr'><strong>gesta.</strong></span> <span class='ocrx_word' id='word_1_668' title='bbox 1052 5189 1120 5243; x_wconf 88' lang='lat' dir='ltr'><strong>Et</strong></span> <span class='ocrx_word' id='word_1_669' title='bbox 1150 5170 1256 5245; x_wconf 82' lang='lat' dir='ltr'><strong>alia</strong></span> <span class='ocrx_word' id='word_1_670' title='bbox 1291 5208 1468 5245; x_wconf 89' lang='lat' dir='ltr'><strong>manu.</strong></span> <span class='ocrx_word' id='word_1_671' title='bbox 1509 5190 1807 5248; x_wconf 84' lang='lat' dir='ltr'><strong>Petilianus</strong></span> 
     </span>
    </p>
   </div>
   <div class='ocr_carea' id='block_1_100' title="bbox 201 5281 1811 5352">
    <p class='ocr_par' dir='ltr' id='par_1_100' title="bbox 201 5281 1811 5352">
     <span class='ocr_line' id='line_1_100' title="bbox 201 5281 1811 5352; baseline 0.002 -16"><span class='ocrx_word' id='word_1_672' title='bbox 201 5281 496 5352; x_wconf 89' lang='lat' dir='ltr'><strong>cpiscopus</strong></span> <span class='ocrx_word' id='word_1_673' title='bbox 535 5284 846 5352; x_wconf 87' lang='lat' dir='ltr'><strong>recognovi.</strong></span> <span class='ocrx_word' id='word_1_674' title='bbox 885 5282 1219 5338; x_wconf 87' lang='lat' dir='ltr'><strong>Marcellinus</strong></span> <span class='ocrx_word' id='word_1_675' title='bbox 1252 5284 1326 5337; x_wconf 85' lang='lat' dir='ltr'><strong>vir</strong></span> <span class='ocrx_word' id='word_1_676' title='bbox 1362 5285 1676 5339; x_wconf 89' lang='lat' dir='ltr'><strong>clarissimus</strong></span> <span class='ocrx_word' id='word_1_677' title='bbox 1716 5287 1811 5340; x_wconf 84' lang='lat' dir='ltr'><strong>tri-</strong></span> 
     </span>
    </p>
   </div>
   <div class='ocr_carea' id='block_1_101' title="bbox 205 5376 1814 5450">
    <p class='ocr_par' dir='ltr' id='par_1_101' title="bbox 205 5376 1814 5450">
     <span class='ocr_line' id='line_1_101' title="bbox 205 5376 1814 5450; baseline 0.004 -20"><span class='ocrx_word' id='word_1_678' title='bbox 205 5376 377 5430; x_wconf 88' lang='lat' dir='ltr'><strong>bunus</strong></span> <span class='ocrx_word' id='word_1_679' title='bbox 407 5386 457 5430; x_wconf 90' lang='lat' dir='ltr'><strong>et</strong></span> <span class='ocrx_word' id='word_1_680' title='bbox 495 5377 734 5430; x_wconf 84' lang='lat' dir='ltr'><strong>notarius</strong></span> <span class='ocrx_word' id='word_1_681' title='bbox 771 5377 938 5431; x_wconf 87' lang='lat' dir='ltr'><strong>dixit:</strong></span> <span class='ocrx_word' id='word_1_682' title='bbox 977 5377 1310 5446; x_wconf 73' lang='lat' dir='ltr'><strong>Exceptores</strong></span> <span class='ocrx_word' id='word_1_683' title='bbox 1340 5377 1558 5448; x_wconf 88' lang='lat' dir='ltr'><strong>quando</strong></span> <span class='ocrx_word' id='word_1_684' title='bbox 1586 5389 1814 5450; x_wconf 90' lang='lat' dir='ltr'><strong>possunt</strong></span> 
     </span>
    </p>
   </div>
   <div class='ocr_carea' id='block_1_102' title="bbox 203 5466 1818 5539">
    <p class='ocr_par' dir='ltr' id='par_1_102' title="bbox 203 5466 1818 5539">
     <span class='ocr_line' id='line_1_102' title="bbox 203 5466 1818 5539; baseline 0.001 -17"><span class='ocrx_word' id='word_1_685' title='bbox 203 5468 264 5522; x_wconf 83' lang='lat' dir='ltr'><strong>in</strong></span> <span class='ocrx_word' id='word_1_686' title='bbox 285 5466 504 5521; x_wconf 85' lang='lat' dir='ltr'><strong>schedis</strong></span> <span class='ocrx_word' id='word_1_687' title='bbox 544 5477 693 5538; x_wconf 86' lang='lat' dir='ltr'><strong>gesta</strong></span> <span class='ocrx_word' id='word_1_688' title='bbox 733 5468 1002 5523; x_wconf 88' lang='lat' dir='ltr'><strong>conscribi</strong></span> <span class='ocrx_word' id='word_1_689' title='bbox 1033 5480 1086 5521; x_wconf 90' lang='lat' dir='ltr'><strong>et</strong></span> <span class='ocrx_word' id='word_1_690' title='bbox 1112 5468 1317 5522; x_wconf 89' lang='lat' dir='ltr'><strong>edenda</strong></span> <span class='ocrx_word' id='word_1_691' title='bbox 1359 5471 1655 5539; x_wconf 89' lang='lat' dir='ltr'><strong>compleri,</strong></span> <span class='ocrx_word' id='word_1_692' title='bbox 1704 5470 1818 5524; x_wconf 90' lang='lat' dir='ltr'><strong>edi-</strong></span> 
     </span>
    </p>
   </div>
   <div class='ocr_carea' id='block_1_103' title="bbox 208 5562 1813 5634">
    <p class='ocr_par' dir='ltr' id='par_1_103' title="bbox 208 5562 1813 5634">
     <span class='ocr_line' id='line_1_103' title="bbox 208 5562 1813 5634; baseline 0 -16"><span class='ocrx_word' id='word_1_693' title='bbox 208 5578 340 5618; x_wconf 87' lang='lat' dir='ltr'><strong>cere</strong></span> <span class='ocrx_word' id='word_1_694' title='bbox 362 5578 469 5618; x_wconf 90' lang='lat' dir='ltr'><strong>non</strong></span> <span class='ocrx_word' id='word_1_695' title='bbox 498 5574 798 5617; x_wconf 89' lang='lat' dir='ltr'><strong>morentur.</strong></span> <span class='ocrx_word' id='word_1_696' title='bbox 832 5562 1044 5616; x_wconf 82' lang='lat' dir='ltr'><strong>Hilarus</strong></span> <span class='ocrx_word' id='word_1_697' title='bbox 1068 5574 1306 5634; x_wconf 81' lang='lat' dir='ltr'><strong>exceptor</strong></span> <span class='ocrx_word' id='word_1_698' title='bbox 1327 5563 1488 5617; x_wconf 86' lang='lat' dir='ltr'><strong>dixit:</strong></span> <span class='ocrx_word' id='word_1_699' title='bbox 1516 5564 1781 5619; x_wconf 75' lang='lat' dir='ltr'><strong>Sicutcon</strong></span> <span class='ocrx_word' id='word_1_700' title='bbox 1799 5599 1813 5608; x_wconf 75' lang='grc' dir='ltr'><strong><em>ο</em></strong></span> 
     </span>
    </p>
   </div>
   <div class='ocr_carea' id='block_1_104' title="bbox 211 5657 1820 5724">
    <p class='ocr_par' dir='ltr' id='par_1_104' title="bbox 211 5657 1820 5724">
     <span class='ocr_line' id='line_1_104' title="bbox 211 5657 1820 5724; baseline 0.001 -13"><span class='ocrx_word' id='word_1_701' title='bbox 211 5671 409 5711; x_wconf 82' lang='lat' dir='ltr'><strong>sensus</strong></span> <span class='ocrx_word' id='word_1_702' title='bbox 431 5657 660 5712; x_wconf 87' lang='lat' dir='ltr'><strong>accessit</strong></span> <span class='ocrx_word' id='word_1_703' title='bbox 698 5664 1049 5724; x_wconf 78' lang='lat' dir='ltr'><strong>utrarumque</strong></span> <span class='ocrx_word' id='word_1_704' title='bbox 1080 5658 1306 5724; x_wconf 87' lang='lat' dir='ltr'><strong>partitttu</strong></span> <span class='ocrx_word' id='word_1_705' title='bbox 1330 5699 1343 5720; x_wconf 91' lang='lat'><strong>,</strong></span> <span class='ocrx_word' id='word_1_706' title='bbox 1382 5657 1506 5711; x_wconf 87' lang='lat' dir='ltr'><strong>tlttttt</strong></span> <span class='ocrx_word' id='word_1_707' title='bbox 1538 5659 1587 5711; x_wconf 87' lang='lat' dir='ltr'><strong>itt</strong></span> <span class='ocrx_word' id='word_1_708' title='bbox 1617 5659 1820 5713; x_wconf 83' lang='lat' dir='ltr'><strong>sclteda</strong></span> 
     </span>
    </p>
   </div>
   <div class='ocr_carea' id='block_1_105' title="bbox 218 5750 1820 5822">
    <p class='ocr_par' dir='ltr' id='par_1_105' title="bbox 218 5750 1820 5822">
     <span class='ocr_line' id='line_1_105' title="bbox 218 5750 1820 5822; baseline 0.002 -16"><span class='ocrx_word' id='word_1_709' title='bbox 218 5751 632 5822; x_wconf 85' lang='lat' dir='ltr'><strong>prosecutioncs</strong></span> <span class='ocrx_word' id='word_1_710' title='bbox 655 5765 782 5807; x_wconf 86' lang='lat' dir='ltr'><strong>suas</strong></span> <span class='ocrx_word' id='word_1_711' title='bbox 809 5750 1246 5820; x_wconf 83' lang='lat' dir='ltr'><strong>subseripserint,</strong></span> <span class='ocrx_word' id='word_1_712' title='bbox 1276 5759 1404 5806; x_wconf 92' lang='lat' dir='ltr'><strong>tunc</strong></span> <span class='ocrx_word' id='word_1_713' title='bbox 1433 5750 1648 5807; x_wconf 91' lang='lat' dir='ltr'><strong>demum</strong></span> <span class='ocrx_word' id='word_1_714' title='bbox 1674 5753 1820 5809; x_wconf 88' lang='lat' dir='ltr'><strong>diem</strong></span> 
     </span>
    </p>
   </div>
   <div class='ocr_carea' id='block_1_106' title="bbox 219 5842 1445 5914">
    <p class='ocr_par' dir='ltr' id='par_1_106' title="bbox 219 5842 1445 5914">
     <span class='ocr_line' id='line_1_106' title="bbox 219 5842 1445 5914; baseline -0.002 -15"><span class='ocrx_word' id='word_1_715' title='bbox 219 5842 558 5900; x_wconf 88' lang='lat' dir='ltr'><strong>edendorum</strong></span> <span class='ocrx_word' id='word_1_716' title='bbox 588 5855 864 5914; x_wconf 76' lang='lat' dir='ltr'><strong>gestorum</strong></span> <span class='ocrx_word' id='word_1_717' title='bbox 898 5856 1185 5914; x_wconf 88' lang='lat' dir='ltr'><strong>possumus</strong></span> <span class='ocrx_word' id='word_1_718' title='bbox 1209 5843 1445 5900; x_wconf 88' lang='lat' dir='ltr'><strong>edicere.</strong></span> 
     </span>
    </p>
   </div>
   <div class='ocr_carea' id='block_1_107' title="bbox 1906 4722 3505 4790">
    <p class='ocr_par' dir='ltr' id='par_1_107' title="bbox 1906 4722 3505 4790">
     <span class='ocr_line' id='line_1_107' title="bbox 1906 4722 3505 4790; baseline 0.001 -14"><span class='ocrx_word' id='word_1_719' title='bbox 1906 4723 2160 4777; x_wconf 85' lang='lat' dir='ltr'><strong>stulasse.</strong></span> <span class='ocrx_word' id='word_1_720' title='bbox 2214 4722 2362 4774; x_wconf 90' lang='lat' dir='ltr'><strong>Diem</strong></span> <span class='ocrx_word' id='word_1_721' title='bbox 2404 4731 2583 4776; x_wconf 90' lang='lat' dir='ltr'><strong>autem</strong></span> <span class='ocrx_word' id='word_1_722' title='bbox 2636 4730 2918 4788; x_wconf 88' lang='lat' dir='ltr'><strong>statutum,</strong></span> <span class='ocrx_word' id='word_1_723' title='bbox 2980 4724 3084 4781; x_wconf 87' lang='lat' dir='ltr'><strong>hoc</strong></span> <span class='ocrx_word' id='word_1_724' title='bbox 3133 4735 3237 4790; x_wconf 89' lang='lat' dir='ltr'><strong>est,</strong></span> <span class='ocrx_word' id='word_1_725' title='bbox 3289 4734 3505 4780; x_wconf 79' lang='lat' dir='ltr'><strong>sextum</strong></span> 
     </span>
    </p>
   </div>
   <div class='ocr_carea' id='block_1_108' title="bbox 1861 4811 3507 4884">
    <p class='ocr_par' dir='ltr' id='par_1_108' title="bbox 1861 4811 3507 4884">
     <span class='ocr_line' id='line_1_108' title="bbox 1861 4811 3507 4884; baseline 0.002 -16"><span class='ocrx_word' id='word_1_726' title='bbox 1861 4868 1865 4872; x_wconf 23' lang='grc' dir='ltr'><em>Α</em></span> <span class='ocrx_word' id='word_1_727' title='bbox 1909 4812 2090 4868; x_wconf 90' lang='lat' dir='ltr'><strong>iduum</strong></span> <span class='ocrx_word' id='word_1_728' title='bbox 2131 4811 2410 4868; x_wconf 82' lang='lat' dir='ltr'><strong>Juniarum</strong></span> <span class='ocrx_word' id='word_1_729' title='bbox 2435 4853 2452 4879; x_wconf 95' lang='lat'><strong>,</strong></span> <span class='ocrx_word' id='word_1_730' title='bbox 2484 4813 2528 4868; x_wconf 87' lang='lat' dir='ltr'><strong>si</strong></span> <span class='ocrx_word' id='word_1_731' title='bbox 2560 4812 2702 4868; x_wconf 90' lang='lat' dir='ltr'><strong>Deus</strong></span> <span class='ocrx_word' id='word_1_732' title='bbox 2751 4815 2998 4884; x_wconf 88' lang='lat' dir='ltr'><strong>jusserit,</strong></span> <span class='ocrx_word' id='word_1_733' title='bbox 3054 4816 3507 4880; x_wconf 87' lang='lat' dir='ltr'><strong>observabimus;</strong></span> 
     </span>
    </p>
   </div>
   <div class='ocr_carea' id='block_1_109' title="bbox 1911 4905 3511 4980">
    <p class='ocr_par' dir='ltr' id='par_1_109' title="bbox 1911 4905 3511 4980">
     <span class='ocr_line' id='line_1_109' title="bbox 1911 4905 3511 4980; baseline 0.001 -17"><span class='ocrx_word' id='word_1_734' title='bbox 1911 4911 1980 4963; x_wconf 90' lang='lat' dir='ltr'><strong>ita</strong></span> <span class='ocrx_word' id='word_1_735' title='bbox 2022 4918 2198 4964; x_wconf 90' lang='lat' dir='ltr'><strong>tamen</strong></span> <span class='ocrx_word' id='word_1_736' title='bbox 2242 4918 2301 4962; x_wconf 91' lang='lat' dir='ltr'><strong>ut</strong></span> <span class='ocrx_word' id='word_1_737' title='bbox 2342 4905 2578 4978; x_wconf 89' lang='lat' dir='ltr'><strong>acceptis</strong></span> <span class='ocrx_word' id='word_1_738' title='bbox 2624 4910 2790 4978; x_wconf 76' lang='lat' dir='ltr'><strong>gestis</strong></span> <span class='ocrx_word' id='word_1_739' title='bbox 2833 4910 2988 4966; x_wconf 89' lang='lat' dir='ltr'><strong>nobis</strong></span> <span class='ocrx_word' id='word_1_740' title='bbox 3018 4910 3276 4980; x_wconf 88' lang='lat' dir='ltr'><strong>largiatur</strong></span> <span class='ocrx_word' id='word_1_741' title='bbox 3304 4909 3511 4980; x_wconf 86' lang='lat' dir='ltr'><strong>aliquid</strong></span> 
     </span>
    </p>
   </div>
   <div class='ocr_carea' id='block_1_110' title="bbox 1911 5001 3515 5073">
    <p class='ocr_par' dir='ltr' id='par_1_110' title="bbox 1911 5001 3515 5073">
     <span class='ocr_line' id='line_1_110' title="bbox 1911 5001 3515 5073; baseline 0.001 -15"><span class='ocrx_word' id='word_1_742' title='bbox 1911 5001 2250 5073; x_wconf 55' lang='lat' dir='ltr'><strong>aequissimus</strong></span> <span class='ocrx_word' id='word_1_743' title='bbox 2272 5001 2462 5072; x_wconf 83' lang='lat' dir='ltr'><strong>judex,</strong></span> <span class='ocrx_word' id='word_1_744' title='bbox 2500 5017 2607 5072; x_wconf 88' lang='lat' dir='ltr'><strong>quo</strong></span> <span class='ocrx_word' id='word_1_745' title='bbox 2637 5003 2807 5072; x_wconf 88' lang='lat' dir='ltr'><strong>possit</strong></span> <span class='ocrx_word' id='word_1_746' title='bbox 2833 5017 2955 5058; x_wconf 91' lang='lat' dir='ltr'><strong>esse</strong></span> <span class='ocrx_word' id='word_1_747' title='bbox 2985 5011 3261 5058; x_wconf 89' lang='lat' dir='ltr'><strong>tractatus.</strong></span> <span class='ocrx_word' id='word_1_748' title='bbox 3308 5001 3375 5056; x_wconf 89' lang='lat' dir='ltr'><strong>Et</strong></span> <span class='ocrx_word' id='word_1_749' title='bbox 3405 5003 3515 5058; x_wconf 88' lang='lat' dir='ltr'><strong>alia</strong></span> 
     </span>
    </p>
   </div>
   <div class='ocr_carea' id='block_1_111' title="bbox 1910 5095 3512 5167">
    <p class='ocr_par' dir='ltr' id='par_1_111' title="bbox 1910 5095 3512 5167">
     <span class='ocr_line' id='line_1_111' title="bbox 1910 5095 3512 5167; baseline 0.002 -19"><span class='ocrx_word' id='word_1_750' title='bbox 1910 5113 2087 5152; x_wconf 87' lang='lat' dir='ltr'><strong>manu.</strong></span> <span class='ocrx_word' id='word_1_751' title='bbox 2121 5095 2390 5150; x_wconf 88' lang='lat' dir='ltr'><strong>Emeritus</strong></span> <span class='ocrx_word' id='word_1_752' title='bbox 2415 5095 2704 5166; x_wconf 87' lang='lat' dir='ltr'><strong>episcopus</strong></span> <span class='ocrx_word' id='word_1_753' title='bbox 2727 5096 3038 5167; x_wconf 88' lang='lat' dir='ltr'><strong>recognovi.</strong></span> <span class='ocrx_word' id='word_1_754' title='bbox 3075 5095 3512 5162; x_wconf 60' lang='lat' dir='ltr'><strong>Marcellinusyir</strong></span> 
     </span>
    </p>
   </div>
   <div class='ocr_carea' id='block_1_112' title="bbox 1909 5188 3517 5262">
    <p class='ocr_par' dir='ltr' id='par_1_112' title="bbox 1909 5188 3517 5262">
     <span class='ocr_line' id='line_1_112' title="bbox 1909 5188 3517 5262; baseline 0.002 -18"><span class='ocrx_word' id='word_1_755' title='bbox 1909 5189 2230 5244; x_wconf 88' lang='lat' dir='ltr'><strong>clarissimus</strong></span> <span class='ocrx_word' id='word_1_756' title='bbox 2257 5188 2493 5243; x_wconf 89' lang='lat' dir='ltr'><strong>tribunus</strong></span> <span class='ocrx_word' id='word_1_757' title='bbox 2515 5199 2560 5243; x_wconf 88' lang='lat' dir='ltr'><strong>et</strong></span> <span class='ocrx_word' id='word_1_758' title='bbox 2589 5190 2822 5244; x_wconf 87' lang='lat' dir='ltr'><strong>notarius</strong></span> <span class='ocrx_word' id='word_1_759' title='bbox 2847 5189 3017 5246; x_wconf 82' lang='lat' dir='ltr'><strong>dixit:</strong></span> <span class='ocrx_word' id='word_1_760' title='bbox 3050 5189 3292 5262; x_wconf 87' lang='lat' dir='ltr'><strong>Septimo</strong></span> <span class='ocrx_word' id='word_1_761' title='bbox 3328 5189 3517 5248; x_wconf 88' lang='lat' dir='ltr'><strong>iduum</strong></span> 
     </span>
    </p>
   </div>
   <div class='ocr_carea' id='block_1_113' title="bbox 1913 5281 3515 5354">
    <p class='ocr_par' dir='ltr' id='par_1_113' title="bbox 1913 5281 3515 5354">
     <span class='ocr_line' id='line_1_113' title="bbox 1913 5281 3515 5354; baseline 0.001 -17"><span class='ocrx_word' id='word_1_762' title='bbox 1913 5282 2197 5337; x_wconf 84' lang='lat' dir='ltr'><strong>Juniarum</strong></span> <span class='ocrx_word' id='word_1_763' title='bbox 2222 5281 2312 5336; x_wconf 93' lang='lat' dir='ltr'><strong>die</strong></span> <span class='ocrx_word' id='word_1_764' title='bbox 2343 5281 2626 5336; x_wconf 89' lang='lat' dir='ltr'><strong>matutinis</strong></span> <span class='ocrx_word' id='word_1_765' title='bbox 2664 5282 2811 5338; x_wconf 90' lang='lat' dir='ltr'><strong>boris</strong></span> <span class='ocrx_word' id='word_1_766' title='bbox 2841 5283 2998 5338; x_wconf 89' lang='lat' dir='ltr'><strong>vobis</strong></span> <span class='ocrx_word' id='word_1_767' title='bbox 3026 5292 3175 5354; x_wconf 90' lang='lat' dir='ltr'><strong>gesta</strong></span> <span class='ocrx_word' id='word_1_768' title='bbox 3214 5281 3515 5338; x_wconf 88' lang='lat' dir='ltr'><strong>tradentur.</strong></span> 
     </span>
    </p>
   </div>
   <div class='ocr_carea' id='block_1_114' title="bbox 1920 5375 3524 5444">
    <p class='ocr_par' dir='ltr' id='par_1_114' title="bbox 1920 5375 3524 5444">
     <span class='ocr_line' id='line_1_114' title="bbox 1920 5375 3524 5444; baseline -0.002 -10"><span class='ocrx_word' id='word_1_769' title='bbox 1920 5378 2132 5434; x_wconf 87' lang='lat' dir='ltr'><strong>Edicite</strong></span> <span class='ocrx_word' id='word_1_770' title='bbox 2159 5386 2338 5432; x_wconf 91' lang='lat' dir='ltr'><strong>utrum</strong></span> <span class='ocrx_word' id='word_1_771' title='bbox 2365 5377 2469 5432; x_wconf 88' lang='lat' dir='ltr'><strong>alia</strong></span> <span class='ocrx_word' id='word_1_772' title='bbox 2497 5379 2606 5440; x_wconf 87' lang='lat' dir='ltr'><strong>die,</strong></span> <span class='ocrx_word' id='word_1_773' title='bbox 2635 5378 2686 5432; x_wconf 93' lang='lat' dir='ltr'><strong>id</strong></span> <span class='ocrx_word' id='word_1_774' title='bbox 2709 5386 2815 5442; x_wconf 90' lang='lat' dir='ltr'><strong>est,</strong></span> <span class='ocrx_word' id='word_1_775' title='bbox 2839 5385 2993 5432; x_wconf 82' lang='lat' dir='ltr'><strong>sexto</strong></span> <span class='ocrx_word' id='word_1_776' title='bbox 3009 5377 3192 5431; x_wconf 92' lang='lat' dir='ltr'><strong>iduum</strong></span> <span class='ocrx_word' id='word_1_777' title='bbox 3214 5375 3524 5444; x_wconf 74' lang='lat' dir='ltr'><strong>Iuniarum,</strong></span> 
     </span>
    </p>
   </div>
   <div class='ocr_carea' id='block_1_115' title="bbox 1921 5468 3514 5540">
    <p class='ocr_par' dir='ltr' id='par_1_115' title="bbox 1921 5468 3514 5540">
     <span class='ocr_line' id='line_1_115' title="bbox 1921 5468 3514 5540; baseline 0 -17"><span class='ocrx_word' id='word_1_778' title='bbox 1921 5469 2115 5525; x_wconf 90' lang='lat' dir='ltr'><strong>adesse</strong></span> <span class='ocrx_word' id='word_1_779' title='bbox 2145 5468 2439 5540; x_wconf 85' lang='lat' dir='ltr'><strong>dignemini</strong></span> <span class='ocrx_word' id='word_1_780' title='bbox 2480 5477 2536 5523; x_wconf 93' lang='lat' dir='ltr'><strong>ut</strong></span> <span class='ocrx_word' id='word_1_781' title='bbox 2577 5468 2873 5540; x_wconf 87' lang='lat' dir='ltr'><strong>principale</strong></span> <span class='ocrx_word' id='word_1_782' title='bbox 2903 5468 3176 5538; x_wconf 80' lang='lat' dir='ltr'><strong>negotium</strong></span> <span class='ocrx_word' id='word_1_783' title='bbox 3210 5479 3514 5538; x_wconf 85' lang='lat' dir='ltr'><strong>peragatur.</strong></span> 
     </span>
    </p>
   </div>
   <div class='ocr_carea' id='block_1_116' title="bbox 1928 5559 3526 5632">
    <p class='ocr_par' dir='ltr' id='par_1_116' title="bbox 1928 5559 3526 5632">
     <span class='ocr_line' id='line_1_116' title="bbox 1928 5559 3526 5632; baseline 0.001 -17"><span class='ocrx_word' id='word_1_784' title='bbox 1928 5561 2182 5615; x_wconf 83' lang='lat' dir='ltr'><strong>Emeritus</strong></span> <span class='ocrx_word' id='word_1_785' title='bbox 2215 5565 2484 5632; x_wconf 80' lang='lat' dir='ltr'><strong>episcOpus</strong></span> <span class='ocrx_word' id='word_1_786' title='bbox 2518 5561 2690 5616; x_wconf 89' lang='lat' dir='ltr'><strong>dixit:</strong></span> <span class='ocrx_word' id='word_1_787' title='bbox 2727 5559 3013 5614; x_wconf 79' lang='lat' dir='ltr'><strong>Aderimus</strong></span> <span class='ocrx_word' id='word_1_788' title='bbox 3042 5560 3107 5613; x_wconf 91' lang='lat' dir='ltr'><strong>ad</strong></span> <span class='ocrx_word' id='word_1_789' title='bbox 3146 5559 3443 5630; x_wconf 86' lang='lat' dir='ltr'><strong>judicium,</strong></span> <span class='ocrx_word' id='word_1_790' title='bbox 3476 5561 3526 5616; x_wconf 88' lang='lat' dir='ltr'><strong>si</strong></span> 
     </span>
    </p>
   </div>
   <div class='ocr_carea' id='block_1_117' title="bbox 1923 5650 3527 5727">
    <p class='ocr_par' dir='ltr' id='par_1_117' title="bbox 1923 5650 3527 5727">
     <span class='ocr_line' id='line_1_117' title="bbox 1923 5650 3527 5727; baseline 0.001 -19"><span class='ocrx_word' id='word_1_791' title='bbox 1923 5673 2043 5727; x_wconf 68' lang='lat' dir='ltr'><strong>quae</strong></span> <span class='ocrx_word' id='word_1_792' title='bbox 2078 5657 2267 5711; x_wconf 89' lang='lat' dir='ltr'><strong>statuit</strong></span> <span class='ocrx_word' id='word_1_793' title='bbox 2298 5656 2551 5710; x_wconf 89' lang='lat' dir='ltr'><strong>nobilitas</strong></span> <span class='ocrx_word' id='word_1_794' title='bbox 2577 5664 2684 5719; x_wconf 88' lang='lat' dir='ltr'><strong>tua,</strong></span> <span class='ocrx_word' id='word_1_795' title='bbox 2714 5653 2999 5707; x_wconf 87' lang='lat' dir='ltr'><strong>habuerint</strong></span> <span class='ocrx_word' id='word_1_796' title='bbox 3025 5652 3296 5708; x_wconf 74' lang='lat' dir='ltr'><strong>ellectum.</strong></span> <span class='ocrx_word' id='word_1_797' title='bbox 3325 5650 3393 5705; x_wconf 86' lang='lat' dir='ltr'><strong>Et</strong></span> <span class='ocrx_word' id='word_1_798' title='bbox 3419 5653 3527 5710; x_wconf 85' lang='lat' dir='ltr'><strong>alia</strong></span> 
     </span>
    </p>
   </div>
   <div class='ocr_carea' id='block_1_118' title="bbox 1927 5747 3064 5818">
    <p class='ocr_par' dir='ltr' id='par_1_118' title="bbox 1927 5747 3064 5818">
     <span class='ocr_line' id='line_1_118' title="bbox 1927 5747 3064 5818; baseline -0.002 -14"><span class='ocrx_word' id='word_1_799' title='bbox 1927 5768 2104 5805; x_wconf 88' lang='lat' dir='ltr'><strong>manu.</strong></span> <span class='ocrx_word' id='word_1_800' title='bbox 2142 5751 2410 5805; x_wconf 81' lang='lat' dir='ltr'><strong>Emeritos</strong></span> <span class='ocrx_word' id='word_1_801' title='bbox 2440 5749 2727 5818; x_wconf 73' lang='lat' dir='ltr'><strong>episcopus</strong></span> <span class='ocrx_word' id='word_1_802' title='bbox 2749 5747 3064 5818; x_wconf 88' lang='lat' dir='ltr'><strong>recognovi.</strong></span> 
     </span>
    </p>
   </div>
   <div class='ocr_carea' id='block_1_119' title="bbox 2001 5829 3530 5902">
    <p class='ocr_par' dir='ltr' id='par_1_119' title="bbox 2001 5829 3530 5902">
     <span class='ocr_line' id='line_1_119' title="bbox 2001 5829 3530 5902; baseline -0.003 -2"><span class='ocrx_word' id='word_1_803' title='bbox 2001 5846 2091 5902; x_wconf 89' lang='lat'><strong>68.</strong></span> <span class='ocrx_word' id='word_1_804' title='bbox 2141 5841 2482 5901; x_wconf 87' lang='lat' dir='ltr'><strong>Marcellinus</strong></span> <span class='ocrx_word' id='word_1_805' title='bbox 2510 5843 2587 5898; x_wconf 79' lang='lat' dir='ltr'><strong>uir</strong></span> <span class='ocrx_word' id='word_1_806' title='bbox 2616 5842 2934 5899; x_wconf 85' lang='lat' dir='ltr'><strong>clarissimus</strong></span> <span class='ocrx_word' id='word_1_807' title='bbox 2967 5840 3199 5897; x_wconf 88' lang='lat' dir='ltr'><strong>tribunus</strong></span> <span class='ocrx_word' id='word_1_808' title='bbox 3224 5849 3270 5898; x_wconf 85' lang='lat' dir='ltr'><strong>et</strong></span> <span class='ocrx_word' id='word_1_809' title='bbox 3298 5829 3530 5896; x_wconf 66' lang='lat' dir='ltr'><strong>not&#39;ari‘ui</strong></span> 
     </span>
    </p>
   </div>
  </div>
