3972 6328
161 290 306 349 1565

165 503 320 560 dixit.
367 499 552 556 Lectae
598 493 878 553 cautiones
907 489 1076 562 gestis
1124 484 1483 560 praesentibus
1511 483 1754 538 adhaere-

163 595 318 653 bunt.
357 589 427 650 Et
452 589 663 669 adjecit.
691 583 957 657 Quoniam
1003 586 1219 638 constat
1239 586 1363 634 ante
1395 575 1538 632 diem
1568 571 1762 629 editio-

165 703 290 746 nem
311 667 658 744 factam‘esse
676 689 974 753 gestorum,
999 681 1248 750 superest
1267 679 1328 728 ut
1349 667 1646 744 principale
1667 681 1761 723 nes

167 780 370 854 gotium
404 781 758 848 preponatur.

235 875 290 930 'l.
333 869 652 944 Augustinus
701 865 970 938 episcOpus
1012 857 1259 916 Ecclesia:
1303 853 1568 911 catholicae
1607 850 1756 906 dixit.

161 941 468 1034 Principale
492 957 770 1032 negotium
791 953 998 1028 jamdiu
1020 959 1173 1009 estut
1188 948 1435 1020 cupimus
1458 941 1758 1001 terminari.

161 1057 418 1130 Proinde,
451 1054 500 1110 si
539 1053 624 1109 vel
667 1065 796 1108 sero
838 1045 1182 1110 conceditur,
1223 1041 1476 1114 probent,
1505 1035 1761 1110 quoniam

160 1170 230 1211 ex
284 1128 440 1224 parte
491 1147 721 1204 adversa
766 1157 889 1200 esse
939 1138 1275 1202 desiderant,
1324 1134 1525 1189 totiens
1554 1128 1769 1200 objecta

162 1222 430 1307 Ecclesiae
457 1251 664 1300 sancta:
682 1237 965 1297 catholicae
991 1243 1103 1290 toto
1133 1230 1266 1288 orbe
1295 1227 1506 1284 diﬁ'usae
1535 1222 1771 1280 crimina‘

161 1351 220 1400 et
249 1351 548 1412 numquam
569 1334 817 1409 probata.
848 1328 920 1413 Et
947 1345 1064 1384 cum
1085 1327 1293 1391 diceret,
1328 1321 1422 1397 (Et
1450 1319 1556 1376 alia
1580 1333 1759 1372 manu.

160 1429 528 1506 Recognovi.)

234 1527 295 1583 8.
321 1503 635 1580 —Adeodatus
672 1517 945 1592 episcopus
972 1513 1123 1569 dixit.
1155 1511 1485 1580 Proponant.
1517 1503 1762 1560 Sciamus

162 1619 298 1694 quid
330 1624 516 1691 agunt.
549 1613 619 1670 Et
647 1613 752 1668 alia
781 1625 960 1664 manu.
1005 1603 1317 1664 Adeodatus
1341 1600 1625 1674 episcopus
1652 1596 1763 1652 sal-

160 1731 230 1772 va
257 1710 627 1785 appellatione
654 1703 971 1779 recognovi.

1088 273 1318 335 GESTA
1354 263 1808 332 COLLATIONIS
1844 263 2469 334 CARTHAGINENSIS.

234 403 661 466 6,.Harcellinus
707 401 784 455 vir
821 395 1139 454 clarissimus
1189 392 1422 449 tribunus
1451 399 1499 446 et
1525 386 1756 444 natarius
1784 387 1832 455 Α
1861 383 2006 441 docti
2082 383 2340 446 fuerimus
2365 428 2381 455 ,
2454 382 2789 456 respondere
2850 387 3148 452 valeamus.

3324 269 3465 328 1566

3236 383 3305 444 Et.
3358 385 3464 444 alia

1861 496 2039 535 manu.
2097 479 2370 536 Emeritus
2414 479 2705 552 episc0pns
2735 479 2886 536 salva
2913 479 3280 552 appellatione
3307 493 3463 541 reco-

1863 575 2043 646 gnovL

1941 667 2028 723 16.
2046 666 2464 726 Fortunatianus
2481 668 2754 742 episcopus
2771 667 2999 726 ecclesia:
3024 666 3292 726 catholica:
3310 665 3462 726 dixit.

1865 759 2175 818 Difﬁdentia
2208 772 2292 817 est
2327 776 2503 818 causae
2538 775 2800 834 personas
2829 745 2971 818 velle
3001 761 3294 828 discutere,
3331 774 3466 832 quas

1865 854 2049 925 priore
2071 853 2326 910 conﬂictu
2350 855 2497 911 visus
2529 865 2612 911 est
2640 855 3017 912 conﬁrmasse.
3065 853 3134 910 Et
3178 853 3301 911 ideo
3338 868 3465 911 cau-

1865 963 1985 1004 sam
2012 948 2275 1005 Ecclesite
2327 963 2672 1020 peragamus,
2725 964 2868 1024 quae,
2901 948 3042 1005 sicut
3070 949 3334 1020 promissa
3365 957 3468 1013 est,

1865 1049 1981 1099 toto
2011 1049 2278 1098 terrarum
2307 1042 2441 1100 orbe
2463 1041 2801 1098 diffunditur.
2848 1041 2918 1096 Et
2953 1041 3058 1096 alia
3085 1057 3264 1095 manu.
3297 1039 3468 1106 Reco-

1865 1138 2048 1209 gnovL

1867 1240 1906 1298 fi
1941 1231 2032 1287 17.
2067 1229 2407 1286 Marcellinus
2438 1229 2516 1285 vir
2544 1228 2862 1286 clarissimus
2894 1229 3127 1284 tribunus
3163 1235 3209 1283 et
3236 1226 3466 1282 notarius

1869 1322 2020 1379 dixit.
2072 1323 2345 1382 Sanctitas
2370 1330 2461 1378 tua
2502 1321 2970 1402 propositionem,
3020 1329 3279 1392 quantum
3322 1318 3466 1374 arbi-

1870 1425 2006 1484 tror,
2040 1432 2147 1472 non
2175 1415 2466 1488 diligenter
2491 1413 2747 1472 advertit.
2781 1413 2900 1469 Alia
2923 1414 3067 1470 enim
3099 1421 3315 1474 constat
3343 1425 3465 1468 esse

1868 1509 2115 1581 quatsita.

1946 1603 2031 1660 18.
2067 1601 2285 1676 Alypius
2309 1602 2574 1674 episwpus
2616 1596 2866 1656 Ecclesia:
2895 1598 3163 1656 catholica:
3202 1597 3352 1658 dixit.
3386 1596 3468 1652 Atl

1870 1694 1924 1751 id
1948 1710 2078 1767 ergo
2101 1695 2242 1766 quod
2272 1694 2623 1766 quaesierunt,
2650 1693 2780 1763 jube
2820 1693 3037 1748 recitari
3069 1693 3240 1762 partis
3268 1690 3466 1746 utrius-

233 1784 306 1865 9.’
348 1802 647 1861 Vincentius
695 1800 966 1872 episcopus
1012 1792 1261 1848 Ecclesia!
1303 1787 1576 1844 catholicae
1611 1784 1762 1839 άὶιτίιο
1795 1788 1844 1848 Β
1871 1807 1976 1862 que
2001 1790 2278 1859 mandata,
2303 1791 2712 1846 etinstruentur
2732 1786 2800 1844 ad
2825 1787 2880 1843 id
2901 1785 3043 1858 quod
3065 1785 3465 1844 desiderarunt.

161 1899 602 1972 Propositionem
651 1909 719 1952 ex
763 1890 1023 1948 mandato
1067 1902 1177 1943 non
1225 1881 1485 1940 didicisti.
1547 1878 1617 1933 Et
1662 1878 1769 1932 alia

158 2008 348 2048 manu.
381 1985 715 2061 Recognovi.

238 2085 335 2141 10.
384 2082 659 2140 Possidius
707 2078 978 2149 episcOpus
1022 2071 1273 2130 Ecclesia:
1309 2067 1576 2126 catholicae
1615 2065 1765 2120 dixit.

159 2181 440 2238 Morarum
469 2175 777 2234 tendiculas
818 2171 1000 2227 nullus
1029 2173 1357 2240 interponat,
1403 2163 1450 2233 si
1494 2161 1562 2218 de
1589 2175 1767 2217 causae

160 2283 372 2332 nostra:
422 2269 742 2330 defensione
788 2265 1023 2336 aliquam
1072 2261 1334 2318 habemus
1384 2254 1657 2311 ﬁduciam.
1700 2251 1768 2307 Et

159 2383 284 2424 cum
310 2365 523 2431 diceret,
556 2361 647 2435 (Et
675 2360 782 2416 alia
812 2370 989 2412 manu.
1019 2350 1378 2424 Recognovi.)

239 2462 333 2520 11.
366 2457 702 2515 Marcellinus
728 2455 805 2508 vir
839 2450 1159 2512 clarissimus
1199 2446 1435 2502 tribunus
1461 2451 1507 2498 et
1534 2439 1767 2497 notarius

159 2556 320 2612 dixit.
348 2553 406 2609 Si
433 2550 560 2624 quid
593 2546 915 2609 intenditur,
948 2549 1302 2616 proponatur.

235 2648 330 2709 12.
360 2646 578 2719 Alypius
600 2643 870 2716 episcopus
898 2636 1148 2692 Ecclesia:
1167 2632 1434 2688 catholij
1451 2628 1600 2685 dixit.
1630 2627 1776 2719 Man-

161 2745 354 2802 datum
380 2741 619 2814 ipsorum
653 2735 883 2807 legatur,
908 2741 962 2787 et
990 2729 1344 2796 intentionem
1373 2725 1616 2795 ipsorum
1645 2718 1772 2775 inde

160 2843 427 2910 agnoscet
449 2831 702 2888 nobilitas
732 2837 843 2884 tua.
869 2825 936 2882 Et
961 2825 1070 2882 alia
1089 2838 1265 2876 manu.
1297 2816 1636 2889 Recognovi.

238 2931 335 2986 15.
370 2925 707 2982 Marcellinus
730 2922 808 2977 vir
834 2918 1159 2974 clarissimus
1188 2913 1421 2968 tribunus
1455 2921 1502 2965 et
1535 2906 1773 2963 notarius

163 3027 327 3086 dixit.
361 3021 571 3082 Amotis
610 3016 862 3074 omnibus
894 3012 1083 3074 moris,
1117 3009 1373 3081 quoniam
1404 3011 1620 3061 constat
1649 3016 1770 3056 om-

162 3121 258 3178 nia
289 3131 426 3192 qute
461 3114 528 3171 ad
568 3110 831 3183 principia
873 3104 1071 3179 negotii
1104 3099 1450 3174 pertinebant
1492 3094 1773 3166 superiore

161 3212 379 3286 judicio
406 3207 718 3274 terminata,
741 3215 904 3259 causa
934 3199 1161 3260 dicatur.

245 3305 339 3362 14.
378 3301 701 3358 Fortunatus
737 3297 1006 3368 episcopus
1036 3288 1286 3344 Ecclesia:
1317 3282 1590 3342 catholica:
1619 3280 1770 3335 dixit.

169 3402 296 3458 Duo
322 3399 381 3456 in
433 3394 688 3452 mandato
727 3404 826 3446 suo
855 3386 1124 3458 obiecisse
1152 3387 1483 3438 monstratur
1511 3390 1636 3456 pars
1677 3373 1776 3428 ad-

169 3507 359 3564 versa,
394 3487 742 3546 traditionem
768 3491 824 3540 et
862 3475 1319 3553 persecutionem.
1357 3469 1417 3527 Si
1454 3470 1616 3541 igitur
1652 3482 1780 3523 cau-

171 3560 294 3644 sam
318 3560 577 3640 Ecclesiae
603 3578 788 3634 volunt
813 3585 868 3630 ut
891 3584 1236 3644 peragamus,
1259 3564 1590 3637 jamjamque
1613 3569 1665 3617 te
1695 3560 1780 3631 ju-

175 3680 402 3736 dicaute
429 3673 666 3732 ﬁniatur.
695 3667 855 3726 Nefas
875 3673 962 3722 est
991 3662 1137 3718 enim
1165 3669 1222 3714 ut
1243 3656 1656 3730 exspectatione
1687 3667 1783 3723 po-

178 3771 348 3844 pulus
373 3769 429 3828 in
455 3778 698 3823 errorem
725 3762 991 3818 mittatur.
1019 3756 1077 3812 Si
1101 3751 1442 3826 agnoscenda
1466 3758 1550 3804 est
1596 3747 1785 3803 Eccle-

181 3841 264 3928 sia
297 3873 412 3922 toto
438 3857 728 3925 terrarum,
778 3856 918 3914 sicut
965 3849 1232 3926 promissa
1258 3857 1362 3915 est,
1391 3843 1523 3900 orbe
1567 3841 1784 3908 diffusa,

179 3956 518 4016 testimoniis
564 3953 954 4022 scripturarum
999 3946 1276 4001 doceatur.
1339 3940 1434 3996 Sin
1474 3952 1610 3994 vero
1656 3934 1788 3991 soli-

178 4052 257 4110 tis
284 4047 579 4124 praestigiis
625 4045 914 4113 solitisque
939 4037 1258 4112 ambagibus
1303 4033 1358 4090 id
1399 4030 1634 4090 intendit
1665 4043 1790 4102 pars

183 4123 420 4204 adversa
449 4157 518 4202 ne
543 4139 612 4196 ad
636 4139 917 4196 veritatem
944 4135 1252 4197 veniamus,
1296 4129 1531 4192 dicatur,
1579 4129 1640 4182 ut
1686 4123 1792 4186 hoc

190 4228 450 4298 omnibus
475 4233 799 4294 innotescat.
828 4229 894 4284 Et
922 4229 1030 4284 alia
1057 4241 1233 4282 manu.
1260 4219 1594 4294 Recoguovi.

274 4326 365 4386 15.
397 4324 733 4382 Marcellinus
773 4322 848 4380 vir
877 4319 1196 4377 clarissimus
1227 4314 1458 4370 tribunus
1487 4319 1534 4367 et
1561 4310 1796 4368 notarius

187 4423 350 4479 dixit.
383 4419 524 4492 Quid
555 4417 640 4480 his
666 4414 940 4473 refertur?

267 4514 531 4574 Emeritus
577 4513 850 4585 episcopus
898 4506 1053 4562 dixit.
1095 4502 1398 4572 Numquam
1455 4496 1679 4560 memini
1742 4494 1800 4554 in

189 4609 406 4682 judicio
457 4580 874 4662 condemnatam
929 4613 1052 4656 esse
1103 4593 1439 4669 patientiam.
1501 4591 1638 4658 Quin
1688 4580 1878 4644 imoD

193 4717 418 4778 semper
439 4700 490 4758 id
514 4698 662 4758 laudi
681 4705 788 4764 est,
821 4705 877 4752 ut
899 4700 1168 4754 secretum
1198 4689 1441 4746 retinens
1470 4687 1670 4758 lingua,
1703 4685 1798 4739 ob-

191 4796 383 4868 jectis,
413 4794 461 4850 si
493 4800 691 4864 potest,
721 4788 956 4846 dilucide
984 4783 1333 4857 respondeat.
1368 4782 1512 4853 Ergo
1542 4779 1798 4850 quoniam
1904 4779 2106 4868 ﬁt":

200 4853 448 4964 διηπὶιξω
487 4853 762 4944 Ᾱειὶοηίιηι
792 4882 992 4940 debent
1029 4853 1151 4935 esse
1195 4875 1479 4948 principia,
1528 4874 1802 4946 totiusque
1903 4853 2164 4915 “03mm,

1801 3190 1848 3255 C

1874 1885 1944 1944 Et
1962 1888 2066 1942 alia
2094 1903 2272 1944 manu.
2297 1883 2629 1956 Recognovi.

1950 2001 2037 2057 19.
2069 1999 2406 2054 Marcellinus
2447 1999 2526 2053 vir
2554 1997 2870 2053 clarissimus
2893 1994 3125 2050 tribunus
3146 2003 3193 2049 et
3234 1993 3470 2052 notarius

1873 2095 2028 2151 dixit.
2056 2093 2354 2163 Quaesitum
2382 2098 2470 2154 est
2489 2107 2584 2162 per
2607 2105 2744 2163 quos
2775 2091 2890 2148 haec
2918 2089 2990 2146 sit
3016 2087 3282 2160 postulata
3306 2087 3471 2144 colla-

1874 2188 1973 2255 tio,
1998 2187 2161 2258 quive
2188 2186 2472 2257 episcopos
2501 2183 2593 2256 qui
2616 2199 2648 2240 e
2667 2183 2884 2240 diverso
2907 2181 3208 2246 consistunt
3233 2178 3300 2237 ad
3325 2177 3464 2250 judi-

1873 2283 2017 2337 cium
2051 2281 2359 2351 postularit.
2402 2278 2560 2339 Unde
2588 2277 2658 2340 ad
2685 2277 2803 2336 haec
2830 2276 3093 2334 sanctitas
3133 2281 3317 2332 vestra
3354 2287 3470 2330 res-

1872 2374 2114 2445 pondere
2135 2373 2374 2430 debebit.

1943 2486 2037 2544 20.
2068 2487 2387 2558 Augustinus
2432 2486 2704 2555 episwpus
2729 2481 2996 2555 {Ecclesiae
3022 2481 3291 2538 catholica:
3319 2481 3471 2537 dixit.

1873 2579 1933 2637 Si
1960 2579 2027 2635 ad
2048 2594 2165 2635 rem
2184 2576 2396 2649 judicas
2421 2577 2717 2647 pertinere,
2745 2573 3077 2646 priestantiae
3103 2581 3213 2629 tua:
3235 2582 3321 2630 est
3344 2587 3474 2629 con-

1874 2673 2136 2730 siderare.
2185 2670 2485 2726 Catholicis
2522 2670 2795 2741 episcopis
2819 2669 2909 2725 vel
2949 2668 3142 2740 legatis
3171 2668 3473 2723 catholico-

1874 2784 1994 2825 rum
2025 2768 2398 2838 episcororum
2427 2778 2750 2820 concessum
2798 2777 2921 2820 esse
2951 2760 3254 2818 habendam
3311 2760 3493 2816 eolla-'

1878 2863 2103 2929 tionem,
2133 2869 2289 2916 tenor
2328 2858 2579 2929 rescripti
2607 2857 2907 2928 imperialis
2930 2854 3188 2911 ostendit.
3220 2853 3479 2908 Venimus
3511 2912 3513 2914 ,

1879 2958 2110 3026 utrique,
2154 2954 2242 3010 hic
2265 2967 2483 3018 sumus;
2512 2961 2568 3007 et
2597 2951 2741 3006 Deus
2772 2964 2870 3007 nos
2896 2950 3258 3020 disputatores
3285 2955 3340 3003 et
3361 2949 3475 3004 col-

1876 3048 2080 3104 latores
2111 3048 2281 3117 magis
2310 3059 2470 3116 quam
2500 3044 2797 3115 litigatores
2827 3057 2950 3099 esse
2992 3042 3270 3114 praecepit,
3303 3050 3358 3096 et
3397 3040 3478 3096 ni-

1879 3140 1955 3194 hil
1975 3139 2118 3194 aliud
2144 3137 2315 3192 voluit
2337 3138 2509 3192 Deum
2530 3136 2726 3191 timens
2747 3143 2800 3191 et
2826 3134 2938 3191 Deo
2967 3135 3212 3190 serviens
3238 3134 3476 3190 clemen-

1878 3234 2122 3289 tissimus
2153 3233 2466 3300 imperator.
2494 3228 2787 3285 Adstitisse
2815 3228 3084 3300 legitimas
3109 3242 3397 3297 personas,
3422 3235 3480 3283 et

1878 3326 2198 3382 conﬁrmata
2228 3339 2353 3381 esse
2392 3323 2644 3379 mandata
2685 3324 2861 3393 primo
2886 3322 2975 3378 die
2995 3321 3284 3378 conflictus
3306 3320 3479 3375 nostri

1877 3419 2140 3491 judicavit
2178 3417 2487 3474 sublimitas
2523 3426 2634 3471 tua.
2678 3416 2794 3471 Non
2822 3416 3234 3487 interponantur
3260 3427 3382 3483 qua
3410 3412 3481 3466 ad

1881 3530 1998 3571 rem
2025 3511 2333 3570 necessaria
2364 3528 2470 3567 non
2486 3520 2629 3567 sunt.
2656 3509 2899 3566 Ecclesia
2913 3519 3171 3579 estquam
3187 3506 3482 3563 asserimus

1883 3610 2210 3666 testimoniis
2255 3609 2645 3678 scripturarum
2672 3606 2973 3661 divinarum
2993 3646 3008 3670 ,
3040 3604 3293 3659 omnibus
3319 3608 3482 3671 fnota,

1885 3705 1939 3761 in
1972 3715 2173 3772 monte,
2215 3707 2354 3762 sicut
2382 3705 2644 3777 scriptum
2695 3711 2800 3771 est,
2856 3702 3120 3758 altissimo
3169 3699 3483 3766 constituta,

1888 3798 1952 3852 ad
1978 3813 2139 3868 quam
2164 3799 2390 3853 veniunt
2415 3811 2605 3852 omnes
2625 3804 2835 3868 gentes.
2865 3794 2923 3850 Si
2959 3803 3042 3850 est
3068 3793 3269 3864 aliquid
3297 3800 3486 3848 contra

1889 3889 2050 3945 istam
2098 3889 2393 3945 Ecclesiam
2417 3888 2560 3960 quod
2589 3888 2816 3951 dicatur,
2843 3887 2953 3958 jam
2978 3886 3210 3950 dicatur,
3243 3894 3297 3939 et
3328 3883 3489 3938 nullae

1891 3999 2058 4038 morae
2085 3985 2517 4054 interponantur.
2547 3981 2608 4039 Si
2635 3981 2768 4036 nihil
2791 3989 2874 4035 est
2898 3979 3039 4050 quod
3069 3979 3304 4046 dicatur,
3329 3976 3490 4032 cedat

1892 4077 2132 4144 veritati,
2163 4077 2253 4148 qui
2289 4089 2442 4130 suam
2469 4073 2905 4130 criminationem
2930 4070 3208 4127 afﬁrmare
3237 4077 3292 4125 et
3312 4079 3494 4124 osten-

1895 4169 2026 4227 dere
2046 4178 2102 4226 et
2134 4169 2365 4240 probare
2399 4166 2712 4222 hominibus
2741 4180 2849 4220 non
2881 4172 3079 4235 potest.
3104 4161 3371 4232 Quamdiu
3393 4162 3496 4218 ista

1899 4272 2050 4320 tanta
2076 4261 2260 4333 pepuli
2283 4258 2628 4331 exspectatio
2651 4271 2912 4328 suspensa
2941 4257 3062 4311 est?
3093 4255 3170 4310 De
3195 4255 3374 4310 anima
3399 4267 3496 4310 sua

1897 4371 2086 4414 omnes
2114 4356 2373 4427 cogitant,
2411 4366 2467 4412 et
2491 4369 2590 4410 nos
2613 4352 2936 4408 moratorias
2966 4349 3405 4421 praescriptiones
3429 4347 3499 4403 ad

1902 4451 2006 4507 hoc
2055 4451 2474 4521 interponimus,
2506 4457 2565 4503 ut
2602 4448 2669 4503 ad
2695 4447 2858 4503 ﬁnem
2881 4445 3276 4517 cognoscendae
3299 4445 3503 4500 verita-

1902 4544 1970 4598 tis
2015 4555 2306 4611 numquam
2349 4541 2618 4594 veniatur.
2672 4536 2740 4592 Et
2779 4537 2889 4590 alia
2941 4551 3117 4590 manu.
3163 4535 3498 4607 Recognovi.

1971 4658 2065 4712 2i.
2115 4654 2459 4709 Marcellinus
2491 4654 2569 4708 vir
2595 4653 2913 4707 clarissimus
2936 4650 3169 4706 tribunus
3196 4661 3244 4706 et
3275 4652 3506 4720 notarius

1904 4752 2056 4806 dixit.
2087 4749 2158 4806 Ut
2197 4747 2405 4802 adverti
2446 4745 2615 4816 possit
2643 4744 2698 4798 in
2724 4759 2886 4816 quem
2912 4743 3134 4801 modum
3162 4746 3231 4798 sit
3259 4743 3503 4812 delegata

2189 4839 2486 4910 imperialis
2515 4840 2765 4910 praacepti
2789 4837 3286 4909 formarelegatur.
3331 4845 3334 4847 λ

1977 4961 2070 5016 22.
2123 4957 2412 5014 Petilianus
2453 4956 2727 5028 episcOpus
2753 4956 2906 5011 dixit.
2960 4951 3273 5010 Catholicos
3297 4965 3358 5008 se
3387 4951 3516 5010 sinu

1915 5052 2232 5126 przejudicio
2277 5057 2463 5106 nostro
2492 5048 2734 5115 dixisse,
2778 5047 2863 5104 his
2905 5047 3042 5104 actis
3093 5047 3362 5119 signatum
3404 5054 3508 5104 est.

1916 5147 2154 5218 Hujusce
2182 5144 2259 5200 rei
2290 5157 2446 5198 serva
2476 5140 2808 5200 conﬂictum.
2837 5138 2906 5196 Et
2936 5141 3042 5206 alia
3076 5156 3254 5196 manu.
3296 5137 3516 5212 Petilius

1917 5257 2019 5298 nus
2051 5241 2338 5311 episcopus
2382 5237 2532 5294 salva
2561 5236 2928 5310 appellatione
2957 5232 3266 5306 recognovi.
3299 5230 3518 5306 Alypius

1917 5335 2188 5410 episcopus
2217 5329 2463 5402 Ecclesite
2507 5331 2774 5388 catholica:
2803 5330 2953 5383 dixit.
2989 5326 3142 5396 Quod
3185 5335 3523 5395 praeceperas

1919 5427 2202 5486 recitetur.
2220 5423 2288 5480 Et
2318 5425 2424 5479 alia
2461 5439 2636 5477 manu.
2663 5421 2990 5494 Recognovi.
3010 5419 3297 5474 Petilianus
3326 5418 3522 5488 episco-

217 5513 400 5596 tieuda
448 5537 708 5608 qualitas,
739 5535 860 5605 quis
892 5533 943 5585 in
964 5530 1227 5601 judicium
1261 5527 1506 5591 adduxit,
1536 5525 1655 5596 quis
1686 5539 1818 5580 con-
1923 5538 2018 5594 pus
2035 5521 2187 5577 dixit.
2210 5518 2365 5589 Apud
2382 5517 2734 5573 nosestenitu
2748 5529 2874 5570 vera
2894 5513 3324 5584 catholica,quaa
3341 5522 3526 5580 perse-

218 5634 408 5691 venire
431 5631 578 5696 fecit,
613 5630 732 5700 quis
763 5626 1034 5699 principes
1063 5623 1246 5678 saeculi
1273 5620 1550 5689 convenit,
1582 5619 1706 5690 quis
1736 5619 1817 5674 le-
1925 5615 2196 5674 cntionem
2212 5614 2428 5684 patitur,
2447 5626 2550 5666 non
2565 5625 2684 5680 qua:
2702 5607 2847 5664 facit.
2868 5606 3055 5661 Etalia
3069 5603 3528 5678 manu.296Pe-

224 5735 378 5802 gates
399 5724 570 5801 misit,
598 5695 719 5794 quis
743 5695 1085 5792 supplicavit,
1111 5716 1234 5788 quis
1260 5717 1432 5788 legem
1453 5715 1676 5782 meruit,
1703 5712 1826 5782 quis
1929 5708 2144 5765 tilianus
2162 5705 2450 5777 episcopus
2470 5698 2783 5772 recognovi,
2805 5699 2956 5754 salvo
2970 5697 3347 5768 appellationis
3368 5695 3530 5751 eﬁec-

236 5789 496 5902 judicium
544 5789 869 5902 postulavit;
920 5820 981 5878 ut
1027 5825 1152 5880 cum
1195 5824 1386 5866 eorum
1441 5805 1830 5870 intentionibus
1931 5799 2292 5858 tu.Possidius
2341 5794 2614 5867 episcOpus
2645 5791 2893 5851 Ecclesia:
2922 5790 3190 5848 catholica:
3219 5789 3369 5847 dixit.
3419 5789 3535 5872 Hos

205 4985 412 5058 negotii
446 4982 597 5038 initia
628 4996 694 5036 ex
725 4994 786 5036 se
814 4991 1029 5034 sumere
1055 4979 1478 5037 consueverunt,
1510 4969 1637 5041 quid
1667 4983 1802 5038 prte-

205 5080 492 5136 teritorum
524 5074 733 5134 dierum
758 5079 910 5128 actus
933 5066 1282 5136 involvimus,
1310 5075 1366 5120 et
1389 5065 1539 5136 quasi
1562 5077 1666 5118 non
1691 5061 1807 5118 fue-

207 5173 321 5235 rint
350 5177 590 5242 peracta,
643 5166 835 5224 iterum
865 5162 1206 5229 refricamus,
1234 5174 1357 5218 cum
1391 5157 1674 5225 praesentis
1700 5155 1808 5210 diei

213 5261 512 5345 propositio
555 5273 708 5316 suam
748 5256 946 5318 debeat
986 5269 1202 5310 sumere
1235 5252 1584 5322 accipereque
1622 5262 1808 5320 perso-

213 5343 386 5412 nam?
420 5353 572 5410 Unde
621 5352 665 5408 si
690 5349 988 5422 propositio
1021 5361 1210 5406 eorum
1232 5354 1286 5401 et
1312 5343 1596 5413 reSponsio
1625 5352 1808 5398 nostra

213 5445 552 5525 injudicium
579 5443 828 5508 mittitur,
866 5451 1219 5510 personarum
1267 5435 1499 5508 primum
1529 5441 1610 5487 est
1636 5433 1818 5488 discu-
