3996 6332
516 232 652 292 1567

1451 226 1675 283 GES'I‘A
1716 222 2171 282 (IOLLATIONIS
2207 224 2825 283 CAllTIIAGINENQIS.

3614 235 3719 292 {568

523 345 762 418 probare
787 357 924 415 opus
948 351 1054 412 est,
1079 354 1186 397 non
1213 341 1439 413 jactare.
1489 339 1559 396 Et
1585 342 1688 396 alia
1717 356 1894 395 manu.
1948 341 2115 397 liceo-
2144 345 2193 403 Α
2222 342 2575 414 populorum,
2602 343 2763 398 etiam
2791 354 2974 399 nostra
3001 343 3302 412 clementia,
3338 346 3464 401 sicut
3491 346 3715 421 desidem,

557 457 700 494 ηυνι.

557 455 700 494 now.

519 455 550 512 g
602 533 692 587 2'5.
743 528 1085 584 Marcellinus
1131 529 1208 582 vir
1255 528 1573 583 clarissimus
1617 529 1850 583 tribunus
1881 536 1928 583 et
1971 536 2117 582 uota-

524 627 632 680 rius
677 625 831 678 dixit.
882 622 996 678 Hoc
1037 630 1388 692 utrarumque
1421 621 1650 691 partium
1701 621 1984 676 conﬂictus
2031 621 2114 675 in-

520 717 720 772 veniet.
768 716 837 770 Et
879 717 1091 790 adjecit.
1149 715 1446 788 lmperialis
1476 717 1684 771 sanctio
1717 714 1930 771 interim
1979 714 2120 771 rele-

519 818 695 881 gatur.

590 900 682 956 24.
735 901 999 956 Martialis
1051 912 1291 970 exceptor
1319 902 1569 956 recitavit.
1601 901 1960 971 imperatores
2002 898 2120 956 Cte-

521 1009 670 1049 sares
715 995 880 1050 Flavii
914 994 1184 1050 llonorius
1214 1004 1270 1050 et
1294 994 1637 1050 Theodosius
1661 995 1752 1064 pii,
1783 994 1986 1061 felices,
2012 994 2120 1050 vic-

520 1096 667 1142 tores
699 1103 762 1142 ac
787 1087 1225 1158 triumphatores,
1260 1102 1476 1155 semper
1498 1086 1741 1156 Augusti,
1771 1087 1954 1141 Flavio
1978 1086 2118 1142 Mar-

521 1183 722 1237 cellino
745 1197 845 1237 suo
874 1183 1128 1237 salutem.
1151 1180 1222 1236 Et
1253 1198 1369 1235 cum
1399 1183 1652 1236 recitaret.

594 1274 687 1328 25.
744 1275 1036 1328 Petilianus
1085 1277 1353 1345 episwpus
1397 1274 1548 1328 dixit.
1605 1273 1820 1328 Terreri
1879 1289 1966 1329 tne
2020 1273 2124 1328 Im-

527 1377 746 1438 perator
803 1367 1009 1432 voluit,
1071 1383 1179 1422 non
1244 1366 1460 1433 occidi,
1519 1382 1626 1423 non
1687 1369 2121 1437 persecutionem

525 1458 676 1529 pali,
733 1475 836 1514 non
897 1459 1174 1530 pertrahi,
1223 1473 1330 1514 non
1381 1459 1621 1530 spoliari.
1675 1459 1743 1513 Et
1786 1461 1894 1514 alia
1944 1477 2120 1515 manu.

529 1552 824 1609 Petilianus
862 1553 1151 1624 episcopus
1179 1554 1328 1608 salva
1353 1553 1720 1624 appellatione
1752 1565 1940 1609 nostra
1968 1568 2126 1610 reco-

526 1661 708 1716 guovt.

2222 433 2456 488 celerius
2496 435 2668 504 possit
2697 449 3009 504 agnoscere.
3061 435 3209 501 Quod
3255 436 3297 489 si
3337 435 3462 490 intra
3490 441 3722 506 prtestitum

2221 535 2438 598 tempus
2468 527 2707 582 studiose
2733 527 3132 583 Donatistarum
3158 528 3388 599 episcopi
3414 529 3726 591 declinarerint

2224 619 2543 685 convenire,
2585 621 2712 676 trini
2745 620 2906 676 edicti
2947 622 3314 677 evocationem
3344 623 3561 677 volumus
3588 636 3724 681 custo-

2221 712 2359 779 diri;
2391 713 2460 768 ita
2487 722 2544 768 ut
2563 715 2764 771 vicenis
2785 715 2974 772 diebus
3001 718 3052 770 in
3081 716 3383 772 evocatione
3404 721 3724 777 contumacium

2224 813 2463 874 tempora
2508 807 2898 863 concludantur
2929 825 2942 861 :
2976 808 3166 879 quibus
3195 810 3418 865 emensis
3437 819 3577 882 atque
3599 823 3727 869 trans-

2221 897 2376 960 actis,
2411 899 2455 953 si
2486 900 2759 968 provocati
2789 900 2978 955 adesse
3027 904 3454 970 conlempscrint,
3490 903 3726 960 cedatcum

2225 989 2479 1047 Ecclesiis
2510 993 2737 1061 populus
2759 1035 2774 1058 ,
2811 995 2899 1064 qui
2943 991 3192 1048 doctores
3219 1008 3340 1047 suos
3366 995 3557 1050 silentio
3576 1009 3726 1065 cogno-

2224 1087 2382 1153 verit,
2432 1094 2738 1156 superatos,
2785 1096 2842 1142 et
2872 1087 3067 1142 victum
3096 1103 3155 1142 se
3183 1087 3458 1157 aliquando
3477 1089 3726 1158 gratuletur,

2226 1181 2469 1252 sciatque
2493 1181 2537 1236 si
2561 1197 2669 1236 non
2695 1183 2977 1251 praeceptis
3006 1181 3226 1246 nostris,
3258 1181 3341 1236 vel
3369 1181 3612 1236 catholicae
3634 1182 3729 1255 legis

2225 1275 2369 1330 veris
2395 1275 2640 1344 imperiis
2681 1274 3046 1330 serviendum.
3091 1275 3186 1329 Cui
3218 1273 3422 1343 quidem
3457 1274 3729 1345 disputationi

2228 1369 2469 1440 principe
2514 1368 2633 1423 loco
2674 1378 2724 1424 te
2761 1367 2999 1438 judicem
3045 1368 3293 1423 volumus
3337 1367 3549 1422 residere
3595 1367 3730 1440 (quid.

2227 1462 2356 1534 quid
2399 1463 2558 1517 etiam
2593 1472 2716 1517 ante
2762 1461 2815 1516 in
2857 1461 3123 1515 mandatis
3163 1461 3449 1532 acceperis,
3493 1461 3730 1531 plenissime

2230 1555 2572 1630 meministi);
2591 1571 2914 1627 omnemque
2943 1556 3023 1611 vel
3042 1559 3092 1609 in
3115 1553 3491 1624 congregandis
3508 1555 3729 1624 episcopis,

2229 1650 2317 1705 vel
2342 1649 2632 1706 evocandis
2659 1650 2703 1704 si
2735 1649 2927 1704 adesse
2955 1647 3399 1719 contempserint,
3430 1663 3581 1702 curam
3606 1657 3646 1702 te
3667 1663 3733 1701 vo-

596 1737 688 1791 ss.
740 1736 958 1808 Alypius
1019 1705 1285 1810 episco'pus
1340 1736 1590 1792 Ecclesia:
1639 1738 1903 1793 catholica:
1970 1739 2119 1793 dixit.

2232 1746 2410 1800 lumus
2439 1745 2730 1810 sustinere,
2759 1753 2891 1798 utet
2919 1759 2981 1799 ca
3005 1759 3124 1814 qua:
3152 1753 3279 1798 ante
3322 1741 3545 1796 mandata
3568 1750 3730 1806 sunt,ct

529 1830 682 1900 Quod
706 1833 937 1902 amplius
966 1841 1070 1898 est,
1103 1846 1202 1887 nec
1234 1832 1451 1888 territus
1478 1847 1557 1888 es.
1591 1829 1658 1886 Et
1682 1831 1789 1886 alia
1818 1849 1994 1896 manu.
2029 1831 2128 1889 Re-

528 1927 776 1996 cognovi

600 2019 691 2074 27.
726 2019 1013 2077 Petilianus
1037 2025 1303 2094 episwpus
1324 2022 1477 2077 dixit.
1501 2021 1756 2079 Laudasti
1771 2023 2126 2079 constantiam

528 2114 686 2167 bona:
735 2112 885 2180 ﬁdei,
933 2123 983 2169 et
1032 2130 1175 2170 verae
1221 2115 1503 2170 catholicae
1547 2115 1868 2185 disciplinae.
1911 2112 1980 2168 Et
2023 2115 2128 2169 alia

532 2222 713 2260 morm.
747 2203 1067 2275 (Petilianus
1088 2206 1399 2279 episcopus)
1423 2206 1572 2264 salva
1601 2207 1962 2280 appellatione
1986 2221 2130 2263 reco-

534 2299 716 2369 gnovi.
885 2294 887 2296 ’

607 2390 698 2446 28.
723 2391 940 2464 Alypius
969 2392 1245 2466 episcOpus
1271 2391 1522 2449 Ecclesia:
1551 2394 1816 2450 catholica:
1837 2394 1988 2449 dixit.
2021 2393 2129 2450 Nec

535 2489 752 2544 territus
783 2505 863 2554 es,
896 2499 954 2544 ut
975 2487 1181 2545 dictum
1202 2497 1306 2556 est,
1332 2505 1432 2546 nec
1453 2490 1698 2545 timuisti.
1726 2487 1794 2544 Et
1822 2490 1927 2545 alia
1951 2505 2127 2545 manu.

535 2582 867 2655 Rccognovi.

603 2677 695 2732 29.
731 2675 993 2732 Martialis
1037 2689 1278 2749 exceptor
1319 2679 1474 2734 dixit.
1523 2679 1665 2735 Inter
1705 2678 1914 2749 imperii
1962 2677 2131 2734 nostri

535 2769 806 2826 maximas
831 2784 1014 2838 curas,
1037 2771 1321 2826 catholicae
1351 2771 1483 2842 legis
1510 2770 1812 2826 reverentia
1836 2778 1930 2824 aut
1961 2769 2132 2840 prima

533 2878 752 2934 semper
776 2871 869 2918 aut
887 2862 1001 2918 sola
1018 2875 1121 2918 est.
1143 2862 1330 2934 Neque
1353 2863 1497 2920 enim
1525 2862 1670 2918 aliud
1701 2871 1794 2918 aut
1820 2861 1949 2918 belli
1979 2862 2130 2917 labo-

533 2958 686 3013 ribus
712 2958 942 3028 agimus,
992 2968 1086 3011 aut
1129 2958 1272 3028 pacis
1299 2957 1539 3014 consiliis
1568 2957 1904 3022 ordinamus,
1936 2955 2038 3010 nisi
2076 2963 2136 3009 ut

536 3065 726 3105 verum
768 3049 862 3105 Dei
902 3049 1108 3105 cultum
1139 3050 1286 3106 orbis
1316 3051 1482 3106 nostri
1527 3049 1683 3120 plebs
1719 3049 1913 3104 devota
1957 3058 2134 3104 custo-

535 3141 680 3209 diat;
711 3150 766 3198 ut
789 3143 950 3198 etiam
976 3143 1282 3199 Donatistas
1311 3143 1395 3197 vel
1420 3152 1627 3198 terrore
1657 3141 1740 3198 vel
1768 3141 1975 3196 monitu
2007 3140 2134 3195 olim

533 3237 646 3305 jam
675 3234 901 3304 implere
931 3243 1301 3300 convenerat;
1324 3235 1415 3306 qui
1450 3234 1708 3302 Africam,
1741 3235 1843 3290 hoc
1869 3242 1954 3290 est
1980 3235 2132 3303 regni

534 3330 706 3385 nostri
738 3331 1026 3386 maximam
1052 3340 1286 3402 partem,
1307 3339 1360 3385 et
1386 3331 1739 3386 szecularibus
1768 3329 1963 3385 olﬁciis
2003 3329 2135 3385 lide-

532 3421 656 3477 liter
686 3423 1034 3491 servientem,
1086 3438 1223 3478 vano
1255 3437 1442 3478 errore
1487 3432 1540 3477 ct
1568 3421 1908 3477 dissensione
1949 3435 2134 3492 super-

535 3512 643 3568 ﬂua
686 3513 1020 3569 decolorant.
1073 3514 1179 3569 Nos
1213 3525 1390 3569 tamen
1417 3513 1607 3570 eadem
1651 3512 1982 3584 frequentius
2027 3528 2134 3570 non

541 3605 689 3675 piget
717 3607 990 3676 explicare
1009 3622 1130 3677 qua:
1151 3608 1393 3663 omnium
1418 3617 1567 3664 retro
1592 3606 1896 3679 Principum
1941 3606 2134 3663 devota

540 3698 595 3752 in
627 3697 795 3754 Deum
823 3699 1068 3754 delinivit
1092 3701 1383 3755 auctoritas
1405 3743 1419 3765 ,
1451 3717 1519 3756 ne
1549 3700 1884 3772 temporibus
1913 3701 2134 3783 nostris,

541 3793 588 3849 si
615 3793 742 3864 quid
785 3795 925 3849 forte
951 3795 1002 3849 in
1037 3794 1288 3865 injuriam
1318 3794 1450 3866 legis
1475 3795 1757 3852 catholicae
1786 3795 1950 3852 luerit
1975 3811 2134 3867 gene-

536 3895 735 3956 ratum,
765 3887 913 3957 justo
936 3885 1143 3957 judicio
1164 3886 1265 3942 hoc
1293 3887 1448 3942 nobis
1471 3887 1642 3957 possit
1663 3887 1927 3957 imputare
1957 3897 2137 3956 poste-

533 3978 686 4032 ritas.
733 3978 842 4034 Nec
891 3993 1023 4034 sane
1054 3979 1183 4032 latet
1232 3979 1618 4034 conscientiam
1670 3988 1909 4032 nostram
1955 3993 2136 4033 sermo

535 4070 777 4127 ccelestis
822 4071 1063 4136 oraculi,
1111 4086 1271 4140 quem
1318 4072 1487 4124 errori
1541 4085 1640 4124 suo
1671 4084 1831 4139 posse
1875 4071 2137 4138 prolicere

537 4179 712 4220 scaeva
761 4164 1164 4218 Donatistarum
1219 4163 1593 4231 interpretatio
1646 4162 1929 4233 proﬁtetur
1977 4181 1989 4215 :
2043 4163 2135 4234 qui

537 4259 783 4328 quamvis
832 4258 1154 4326 depravatos
1180 4255 1390 4312 animos
1417 4255 1484 4311 ad
1525 4255 1919 4312 correctionem
1953 4257 2136 4314 mitius

535 4351 807 4415 invitaret,
838 4349 1044 4405 aboleri
1085 4365 1208 4406 eum
1240 4358 1419 4404 tamen
1459 4357 1585 4406 ante
1615 4349 1893 4421 iussimus,
1925 4365 1994 4406 ne
2031 4367 2134 4420 qua

535 4441 1010 4512 superstitionibus
1051 4450 1400 4513 przestaretur
1441 4442 1676 4498 occasio.
1730 4440 1884 4496 Nunc
1920 4455 2135 4512 quoque

536 4536 927 4594 excludendam
956 4537 1362 4608 subreptionem
1415 4535 1578 4591 simili
1607 4535 1927 4591 auctoritate
1947 4550 2137 4590 cense-

534 4648 685 4696 mus;
715 4631 954 4701 illudque
981 4633 1174 4687 merito
1197 4632 1515 4704 proﬁtemur
1552 4632 1785 4688 libenter
1805 4646 1904 4685 nos
1930 4646 1991 4685 ea
2015 4645 2134 4701 quae

535 4735 736 4782 statuta
760 4723 971 4779 fuerant
995 4723 1343 4791 submovere,
1371 4741 1439 4780 ne
1471 4725 1524 4780 in
1552 4724 1791 4780 divinum
1814 4723 2014 4778 cultum
2037 4737 2134 4777 no-

533 4816 619 4872 bis
663 4833 720 4873 se
761 4822 1044 4888 quisquam
1087 4816 1397 4871 auctoribus
1427 4819 1658 4872 aestimet
1699 4831 1858 4886 posse
1886 4830 2132 4886 peccare.

533 4910 600 4965 Et
622 4912 866 4978 quamvis
894 4927 998 4966 una
1045 4911 1114 4965 sit
1140 4910 1381 4965 omnium
1427 4921 1481 4965 et
1519 4909 1799 4966 manifesta
1841 4912 2131 4976 sententia,

535 5002 817 5059 catholicae
864 5003 999 5072 legis
1047 5005 1262 5074 plenam
1309 5003 1594 5059 veritatem
1657 5013 1807 5059 recto
1855 5003 2132 5059 hominum

532 5098 679 5154 cultu
707 5105 762 5152 et
781 5096 992 5152 caelesti
1015 5098 1280 5150 sententia
1305 5097 1729 5165 comprobatam,
1757 5097 2132 5153 studiotamen

535 5191 684 5260 pacis
710 5199 764 5245 et
791 5189 998 5260 gratiae,
1033 5187 1423 5242 venerabilium
1451 5187 1689 5242 virorum
1739 5188 2128 5258 Episcoriorum

534 5283 858 5353 legationem
886 5282 1117 5338 libenter
1163 5279 1505 5343 admisimus,
1537 5296 1655 5348 quae
1677 5283 1992 5351 congregari
2025 5281 2127 5337 Do-

533 5377 760 5430 natistas
784 5377 1068 5446 episc0pos
1109 5375 1176 5430 ad
1225 5383 1425 5431 coetum
1457 5374 1827 5430 celeberrima:
1854 5375 2130 5432 desiderat

532 5468 781 5531 civitatis,
813 5479 869 5523 ut
898 5469 1051 5523 lectis
1079 5470 1239 5523 etiam
1270 5467 1647 5522 sacerdotibus
1677 5482 1811 5538 quos
1840 5483 1965 5536 pars
1986 5478 2130 5524 utra-

533 5575 637 5627 que
659 5559 939 5628 delegerit,
967 5559 1158 5614 habitis
1183 5559 1659 5630 disputationibus,
1690 5560 2128 5629 superstitionem

535 5651 674 5705 ratio
723 5651 1005 5706 manifesta
1040 5654 1300 5707 confutet.
1349 5653 1520 5720 Quam
1569 5669 1682 5708 rem
1733 5653 1872 5708 intra
1901 5661 2131 5725 quatuor

536 5754 751 5802 menses
785 5744 1138 5817 praecipimus
1164 5747 1444 5818 e3plicari,
1492 5757 1551 5804 ut
1594 5762 1888 5806 conversos
1917 5751 2130 5810 animos

2231 1856 2352 1910 qua:
2384 1855 2524 1893 nunc
2567 1847 2764 1894 statuta
2798 1838 3118 1909 cognoscis,
3149 1838 3368 1907 probata
3399 1835 3550 1905 possis
3570 1835 3727 1904 implere

2233 1933 2456 1988 solertia
2480 1949 2494 1995 ;
2526 1931 2577 1987 id
2621 1941 2746 1986 ante
2771 1932 2951 1987 omnia
2979 1939 3314 1994 servaturus,
3357 1937 3413 1983 ut
3443 1943 3499 1983 ea
3526 1943 3616 1994 qua:
3633 1927 3733 1980 circa

2233 2024 2558 2082 catholicam
2586 2025 2759 2094 legem
2804 2022 2888 2078 vel
2931 2023 3061 2078 olim
3091 2021 3365 2077 ordinavit
3390 2020 3735 2092 antiquitas,rel

2237 2126 2524 2187 parentum
2573 2125 2879 2172 nostrorum
2909 2115 3204 2171 auctoritas
3231 2115 3474 2186 religiosa
3513 2112 3735 2172 constituit.

2232 2212 2317 2267 vel
2347 2219 2532 2266 nostra
2577 2210 2842 2266 serenitas
2887 2209 3186 2275 roboravit,
3236 2207 3442 2263 novella
3479 2204 3737 2276 subreptione

2233 2303 2507 2372 submota,
2539 2303 2743 2374 integra
2773 2311 2831 2358 et
2874 2302 3128 2358 inviolata
3155 2300 3443 2357 custodias.
3472 2299 3536 2356 Ut
3556 2313 3656 2353 sane
3677 2297 3740 2352 ad-

2235 2397 2489 2452 minicula
2512 2397 2873 2467 competentia
2895 2395 3104 2450 actibus
3123 2394 3234 2450 tuis
3254 2394 3439 2451 deesse
3460 2392 3734 2463 nonpossint,

2239 2491 2380 2546 viros
2406 2489 2732 2561 spectabiles
2782 2490 3156 2559 proconsulem
3201 2498 3363 2558 atque
3391 2485 3610 2542 vicarium
3641 2499 3742 2540 sere

2236 2585 2381 2640 nitas
2425 2593 2610 2639 nostra
2638 2583 2994 2650 commonuit,
3042 2591 3099 2637 ut
3137 2582 3183 2636 si
3238 2581 3552 2652 propriarum
3584 2578 3742 2647 dignita-

2236 2686 2348 2732 tum
2383 2686 2580 2732 statum
2616 2678 2840 2747 cupiunt
2865 2677 3104 2732 retinere
3129 2717 3144 2741 ,
3189 2676 3236 2730 si
3267 2675 3615 2747 apparitionetn
3637 2685 3740 2725 suam

2237 2781 2478 2826 extrema
2501 2770 2779 2826 declinare
2821 2771 3106 2841 supplicia,
3139 2780 3251 2824 tam
3284 2786 3348 2824 ex
3391 2766 3588 2839 propriis
3606 2763 3740 2820 ofﬁciis

2238 2879 2397 2936 quam
2429 2879 2493 2919 ex
2523 2864 2762 2918 omnium
2791 2863 3032 2932 judicum
3055 2863 3394 2932 apparitione
3414 2860 3594 2914 abunde
3610 2869 3740 2911 neces-

2238 2958 2414 3012 sarios
2444 2955 2644 3011 faciant
2663 2955 2930 3026 deputari.
2965 2954 3080 3010 Erit
3107 2954 3221 3024 jam
3245 2951 3589 3009 sollicitudinis
3603 2957 3693 3012 tua,
3709 2945 3739 3000 si

2239 3051 2367 3123 quid
2399 3052 2502 3106 ulla
2530 3051 2849 3122 cognoveris
2875 3058 2991 3104 arte
3016 3047 3251 3112 dill'erri,
3283 3048 3456 3103 missis
3482 3041 3742 3100 relationibus

2162 3148 2207 3210 C
2243 3143 2514 3210 indicare,
2571 3151 2629 3197 ut
2689 3141 3025 3212 negligentes
3078 3141 3274 3211 puniat
3327 3139 3479 3209 digna
3528 3134 3738 3204 correptio.

2238 3236 2429 3290 Omnia
2470 3249 2601 3289 sane
2628 3249 2750 3304 quae
2787 3232 2871 3287 vel
2904 3233 2958 3286 in
3002 3247 3163 3286 unum
3198 3231 3462 3301 episcopis
3494 3224 3737 3297 congregatis

2237 3330 2531 3400 disputatio
2588 3327 2858 3398 completa
2910 3326 3250 3392 lirmaverit,
3317 3324 3404 3381 vel
3455 3317 3738 3379 desistentibus

2238 3423 2375 3478 forte
2402 3421 2655 3476 statuerit
2677 3421 2820 3476 circa
2838 3409 3188 3474 contumaces
3211 3420 3318 3474 lata
3350 3415 3604 3478 sententia,
3625 3421 3662 3466 te
3680 3423 3740 3463 re-

2240 3516 2381 3572 l’erre
2426 3515 2734 3581 conveniet,
2768 3525 2825 3568 ut
2869 3512 3012 3585 quod
3053 3511 3120 3567 ad
3169 3509 3570 3568 conﬁrmandam
3607 3503 3743 3560 Catho-

2242 3610 2399 3664 licam
2453 3609 2610 3664 lidem
2665 3609 2953 3678 praeceptio
3000 3616 3183 3662 nostra
3233 3605 3540 3676 profecerit.
3582 3596 3743 3656 celerius

2239 3699 2510 3772 possimus
2536 3713 2849 3770 agnoscere.
2901 3697 2972 3754 Et
2998 3699 3171 3752 divina
3220 3715 3398 3752 manu.
3431 3687 3744 3762 Valc,llarcel-

2236 3795 2371 3859 line,
2393 3793 2717 3850 charissime
2737 3793 2912 3848 nobis.
2931 3793 3120 3850 Datum
3145 3792 3323 3862 pridie
3344 3783 3745 3847 idusOctobrisRa-

2239 3903 2449 3944 vennte.

2311 3981 2399 4036 30.
2448 3978 2740 4034 Petilianus
2770 3980 3044 4050 epist-Opus
3069 3978 3223 4033 dixit.
3275 3978 3563 4034 Donatistas
3587 3984 3663 4026 nos
3680 3980 3745 4035 ap-

2242 4071 2526 4143 pcllandos
2546 4087 2668 4128 esse
2690 4071 2938 4133 credunt.
2962 4087 3084 4127 cum
3112 4072 3157 4126 si
3186 4072 3462 4127 nominum
3486 4073 3747 4140 paternorum

2240 4167 2379 4223 ratio
2424 4165 2673 4229 vertitur,
2735 4175 2788 4221 et
2819 4181 2920 4237 ego
2969 4179 3064 4220 eos
3092 4163 3279 4220 dicere
3307 4179 3512 4234 possum
3533 4203 3546 4225 ,
3573 4161 3658 4214 imo
3687 4169 3748 4222 pa-

2242 4259 2346 4314 lam
2388 4267 2681 4329 aperteque
2715 4257 2941 4328 designo
2993 4257 3350 4312 Mensuristas
3396 4264 3448 4310 et
3487 4245 3740 4308 Cecihanis-

2241 4363 2321 4408 tas
2344 4367 2487 4418 esse,
2519 4352 2738 4407 eosdem
2784 4352 3073 4408 traditores
3100 4360 3158 4416 et
3186 4358 3552 4422 persecutores
3576 4351 3744 4399 nostros-

2241 4446 2310 4501 Et
2340 4446 2447 4501 alia
2491 4464 2666 4501 manu.
2718 4445 3015 4501 Petilianus
3055 4445 3344 4517 episcopus
3383 4437 3636 4513 recognovi
3669 4433 3748 4488 sine

2161 4541 2212 4602 D
2243 4540 2557 4609 prmjudicio
2585 4536 2965 4609 appellationis
2993 4549 3219 4594 nostrae.

2311 4632 2399 4688 51.
2454 4630 2748 4685 Vincentius
2795 4631 3065 4703 episcopus
3107 4627 3359 4686 Ecclesiae
3389 4625 3625 4683 catholica
3643 4616 3746 4673 dixit.

2239 4726 2306 4782 Et
2360 4726 2464 4781 hoc
2508 4740 2729 4781 recusas
2769 4725 2913 4796 quod
2957 4725 3011 4778 in
3059 4723 3439 4794 praefectorum
3477 4716 3647 4790 judicio
3684 4721 3750 4781 pro

2240 4831 2366 4876 voto
2427 4819 2745 4890 complexus
2790 4820 2890 4875 es?
2941 4817 3007 4873 Et
3038 4819 3143 4873 alia
3169 4835 3345 4875 manu.
3376 4808 3656 4885 Recoguovi.

2311 4915 2402 4971 52.
2433 4911 2718 4968 Petilianus
2744 4913 3012 4984 episwpus
3033 4913 3186 4968 dixit.
3213 4911 3325 4968 Nec
3347 4925 3481 4966 nunc
3507 4908 3749 4962 abnnoesse

2237 5007 2370 5062 mihi
2401 5006 2700 5075 principem
2745 5021 2809 5060 ac
2831 5003 2999 5061 fuisse
3031 5005 3354 5060 beatissima:
3383 5009 3650 5067 sanctazque
3671 5001 3748 5046 me-

2237 5099 2424 5155 moria:
2453 5099 2722 5154 Donatum
2771 5097 2931 5169 hujus
2964 5098 3197 5154 civitatis
3238 5102 3557 5168 episcopum,
3584 5089 3746 5160 eiust!ue

2235 5202 2380 5249 tanta
2412 5195 2602 5250 merita
2633 5193 2900 5258 ﬂoruisse,
2934 5202 2993 5248 ut
3024 5202 3080 5250 et
3126 5194 3271 5248 illius
3319 5189 3560 5262 temporis
3582 5180 3746 5255 gloriam

2239 5297 2480 5344 vetustas
2532 5289 2668 5358 ipsa.
2694 5286 2763 5340 Et
2781 5303 2897 5341 cum
2921 5286 3111 5340 diceret
3136 5301 3156 5350 ;
3183 5283 3274 5357 (Et
3297 5285 3400 5339 alia
3417 5296 3572 5336 nianu.
3593 5269 3746 5358 Petilia-

2239 5397 2340 5438 nus
2393 5357 2683 5451 episcopus
2729 5380 3064 5450 recognovi,
3137 5381 3285 5435 salvo
3331 5367 3659 5448 appellationis
3693 5357 3745 5416 el-

2235 5473 2428 5621 fecftg.)
2454 5566 2674 5637 Alypius
2733 5565 3006 5634 episcopus
3066 5562 3310 5619 Ecclesia!
3355 5558 3594 5616 catholica:
3635 5545 3742 5637 dial.

2240 5660 2504 5714 Damnem
2559 5672 2756 5712 nomen
2801 5657 3027 5726 Donati,
3074 5669 3129 5713 et
3177 5655 3424 5723 deinceps
3473 5665 3564 5706 non
3611 5635 3744 5740 al‘P‘!‘

2235 5753 2470 5811 labimus
2496 5753 2617 5810 illos
2645 5751 2983 5810 Donatistas.
3031 5747 3101 5808 Et
3127 5751 3234 5807 alia
3271 5764 3440 5805 manu.
3477 5741 3738 5808 Recognoll?
