3996 6332
213 323 356 381 1369

1142 321 1368 379 GESTA
1408 318 1861 380 COLLATIONIS
1894 322 2520 383 CAR'I‘HAGINENSIS.

3318 346 3323 352 -
3371 322 3509 387 1570
3545 287 3560 306 ⁸

287 439 377 493 54.
436 435 742 494 Petillianus
805 438 1076 509 episcOpus
1130 437 1281 491 dixit.
1356 436 1555 491 Damna
1610 450 1810 491 nomen
1840 442 1888 500 Α
1916 437 2066 492 dixit.
2093 437 2174 493 Ad
2201 450 2416 494 omnem
2445 437 2912 496 conﬁrmationem
2936 437 3186 496 sufficere
3216 454 3378 512 poSse
3402 458 3508 500 non

209 532 472 590 Meusurii
517 541 574 589 et
618 532 889 588 Cmciliani
917 574 932 598 ,
984 541 1040 586 et
1076 545 1180 586 non
1226 530 1428 587 diceris
1471 529 1810 602 (Mensurista

209 629 417 702 neque)
456 629 840 685 Caecilianista.
884 625 953 682 Et
979 627 1086 681 alia
1125 641 1302 681 manu.
1360 625 1655 680 Petilianus
1692 624 1810 694 cpi-

215 737 421 795 scopus
466 720 754 793 recognovi
798 720 915 776 sine
943 717 1256 791 przejudicio
1282 715 1656 789 appellationis
1689 730 1814 772 nos-

211 827 333 874 ιηιε.

289 911 382 968 55.
444 910 662 982 Alypius
705 909 978 978 episcopus
1033 905 1282 961 Ecclesia
1331 905 1598 960 catholith
1659 904 1809 960 dixit.

217 1005 344 1062 Feci
369 1004 513 1060 enim
543 1001 869 1058 mentionem
891 998 1186 1055 Mensurii?
1213 995 1282 1052 Et
1303 997 1410 1052 alia
1434 1012 1612 1052 manu.
1641 995 1816 1052 Reco-

215 1096 406 1168 gnovi.

289 1190 386 1248 36.
419 1188 758 1244 Marcellinus
797 1187 874 1243 air
895 1187 1213 1243 clarissimus
1242 1184 1473 1240 tribunus
1511 1193 1560 1238 et
1588 1183 1819 1238 notarius

219 1284 370 1339 dixit.
415 1282 540 1338 llzec
570 1281 748 1336 omnia
799 1281 1041 1351 utrisque
1079 1277 1320 1350 partibus
1346 1277 1493 1332 salva
1528 1285 1706 1331 erunt.
1747 1274 1819 1330 Et

220 1378 434 1451 adjecit.
489 1374 782 1432 Evidenter
829 1373 1077 1446 apparuit
1120 1371 1390 1443 episcopis
1423 1369 1820 1440 postulantibus

225 1470 646 1540 disputationem
688 1467 718 1522 ὸ
761 1465 1072 1522 venerando
1105 1464 1348 1535 principe
1379 1479 1464 1518 me
1485 1463 1821 1530 disceptante

220 1562 390 1618 fuisse
414 1560 746 1626 mandatam,
771 1567 831 1614 ut
866 1573 1028 1614 causa
1054 1558 1210 1629 primi
1237 1555 1560 1612 discutiatur
1595 1553 1818 1621 erroris,

223 1671 346 1728 qua:
371 1655 483 1726 jam
518 1655 569 1709 in
600 1652 838 1708 medium
870 1651 1196 1723 proferatur.

294 1748 387 1804 57.
435 1745 697 1802 Emeritus
745 1746 1017 1817 episcopus
1046 1744 1198 1799 dixit.
1229 1742 1453 1800 Lectum
1485 1750 1569 1798 est
1594 1740 1826 1810 rescrip-

1916 533 2136 604 ambigo
2160 534 2536 590 universorum
2577 535 3006 608 subscriptiones
3023 578 3037 602 ,
3062 537 3346 607 superiore
3368 537 3512 608 judi-

1914 627 2002 683 cio
2029 626 2284 682 mandato
2311 628 2542 685 insertas
2563 638 2725 703 atque
2767 631 3026 703 digestas.
3057 630 3212 688 Unde
3256 634 3513 704 quoniam

1917 719 2158 775 omnium
2186 735 2486 778 consensus
2513 737 2807 793 expressus
2849 732 2968 793 est,
3001 728 3196 782 amotis
3227 725 3514 798 superﬂuis

1916 810 2211 882 aliquando
2236 814 2511 885 negotium
2538 825 2889 887 proponatur.
3241 825 3245 828 ’

1990 906 2082 961 45.
2117 905 2382 962 Emeritus
2406 909 2675 980 episcOpus
2697 910 2848 965 dixit.
2881 911 2998 968 Duo
3022 919 3148 968 sunt
3177 913 3231 968 in
3248 911 3513 984 judicium

1918 998 2082 1055 missa
2106 1041 2121 1066 ,
2150 1015 2178 1053 a
2226 1001 2424 1072 quibus
2451 1002 2653 1058 deviari
2685 1003 2835 1058 nullo
2864 1004 3025 1060 modo
3069 1015 3282 1078 potest:
3311 1021 3476 1062 unum
3499 1048 3514 1074 ,

1918 1091 2065 1164 quod
2097 1093 2394 1149 secundum
2425 1095 2707 1166 imperiale
2732 1109 3058 1170 praeceptum
3093 1118 3106 1153 :
3134 1100 3299 1155 alliud
3325 1144 3338 1167 ,
3373 1099 3518 1171 quod

1920 1190 2216 1245 secundum
2247 1191 2487 1247 mandati
2518 1202 2763 1248 tenorem
2794 1209 2954 1264 agere
2977 1210 3035 1250 se
3058 1195 3262 1265 judicio
3292 1195 3520 1251 demon—

1921 1290 2184 1338 strarunt.
2209 1282 2376 1354 Igitur
2404 1284 2447 1339 si
2479 1295 2702 1354 utraque
2733 1300 2979 1342 connexa
3010 1289 3164 1354 sunt‘,
3195 1287 3356 1343 debet
3384 1287 3518 1343 edo-

1925 1377 2037 1431 ceri
2071 1377 2153 1431 :si
2199 1387 2376 1432 autem
2411 1387 2659 1448 separata
2689 1389 2850 1451 atque
2889 1379 3133 1452 sejuncta
3173 1389 3335 1447 sunt,
3366 1381 3522 1435 unius

1923 1483 2150 1525 necesse
2171 1479 2254 1525 est
2291 1469 2493 1526 faciant
2523 1472 2790 1542 jacturam
2815 1515 2830 1540 ,
2872 1474 2964 1543 qui
2997 1483 3290 1544 utrumque
3335 1473 3528 1530 nolunt

1924 1562 1990 1617 ad
2026 1563 2399 1631 probationem
2425 1565 2475 1620 itt
2506 1565 2767 1635 judicium
2795 1564 3357 1623 mittere.Convenire
3379 1566 3527 1622 enim

1925 1655 2091 1713 debet
2138 1671 2260 1712 cum
2318 1658 2583 1729 rescripto
2635 1658 2984 1725 mandatum,
3032 1668 3087 1714 et
3129 1659 3197 1714 ad
3228 1659 3519 1714 formulam

1926 1751 2111 1804 statuti
2145 1751 2437 1821 imperialis
2463 1750 2839 1807 mandatorum
2871 1751 3032 1808 debet
3055 1766 3249 1807 sensus
3271 1752 3520 1823 astringi.

226 1851 360 1897 tum.
391 1839 664 1911 Legautur
691 1846 749 1894 et
777 1852 990 1910 preces,
1025 1847 1081 1891 ut
1107 1850 1270 1892 causa
1309 1835 1479 1907 possit
1503 1833 1698 1890 audiri.
1755 1832 1825 1887 Et
1857 1855 1901 1916 Β
1929 1842 2082 1912 Quod
2138 1843 2182 1898 si
2233 1855 2486 1899 neutrum
2542 1860 2665 1901 esse
2707 1845 3028 1917 intelligitur
3059 1846 3374 1917 praestantia
3403 1854 3488 1900 tua
3511 1885 3527 1912 ,

224 1935 332 1990 alia
352 1950 529 1988 manu.
565 1932 834 1988 Emeritus
854 1932 1142 2002 episcopus
1171 1931 1484 2001 recognovi.

302 2030 396 2088 38.
431 2029 772 2085 Marcellinus
803 2031 882 2085 air
904 2029 1224 2085 clarissimus
1257 2029 1488 2084 tribunus
1517 2041 1563 2083 et
1589 2029 1830 2084 notarius

231 2126 382 2181 dixit.
407 2124 665 2181 Peritiam
688 2124 990 2178 sanctitatis
1012 2133 1209 2178 vestrae
1236 2122 1472 2177 arbitror
1502 2137 1608 2176 non
1635 2121 1828 2189 latere,

237 2217 584 2290 pragmaticis
605 2217 884 2287 rescriptis
910 2230 1101 2286 preces
1132 2217 1294 2271 inseri
1325 2231 1432 2270 non
1463 2215 1674 2282 solere;
1697 2231 1832 2286 quas

234 2311 454 2382 quidem
485 2309 556 2364 ab
581 2309 856 2380 episcopis
886 2309 977 2379 qui
1015 2309 1357 2365 collationem
1406 2308 1829 2378 postulaverant,

236 2405 394 2478 297
417 2404 556 2460 sicut
583 2403 824 2474 ejusdem
855 2403 1148 2458 sanctionis
1189 2413 1366 2459 textus
1391 2402 1626 2458 ostendit
1647 2445 1661 2466 ,
1710 2417 1834 2471 pro—

237 2499 468 2554 cessisse
498 2512 604 2553 non
635 2506 866 2553 constat.
900 2495 1055 2554 Unde
1087 2496 1304 2553 tandem
1351 2495 1644 2569 aliquando
1671 2513 1836 2568 nego-

236 2587 368 2644 tium
395 2599 738 2658 protronatur.

305 2681 402 2737 59.
450 2680 710 2738 Emeritus
755 2682 1026 2754 cpiscopus
1064 2683 1217 2736 dixit.
1272 2682 1326 2739 Si
1375 2683 1707 2755 pragmatico
1753 2699 1837 2739 re"-

239 2778 443 2846 scripto
481 2791 675 2847 preces
714 2777 879 2833 inseri
929 2793 1037 2834 non
1067 2777 1247 2832 solere
1273 2777 1599 2846 praestantia:
1621 2786 1726 2832 tua:
1756 2777 1840 2832 in-

241 2868 605 2925 terlocutione
661 2869 931 2940 signatum
985 2879 1225 2935 est,eos
1277 2883 1416 2939 quos
1465 2869 1672 2940 legatos
1713 2884 1839 2927 esse

242 2963 535 3030 dixerunt,
563 2971 744 3018 utrum
785 2979 853 3020 ex
904 2965 1148 3020 omnium
1198 2964 1504 3029 voluntate,
1551 2973 1729 3020 utrum
1771 2980 1836 3021 ex

241 3058 515 3114 communi
557 3057 812 3114 mandato
863 3058 1240 3130 perrexeriut,
1272 3059 1542 3126 doceant,
1576 3060 1699 3114 utsi
1729 3074 1836 3116 non

239 3154 291 3209 in
342 3154 627 3224 precibus,
676 3161 830 3210 certe
873 3155 956 3210 vel
1009 3155 1062 3209 in
1105 3154 1297 3224 legatis
1328 3154 1501 3225 possit
1536 3162 1684 3209 stare
1715 3169 1841 3224 per-

1935 1950 2110 2004 neqne
2133 1937 2441 1992 moratoriis
2466 1951 2563 1992 nos
2587 1938 2727 1994 velle
2749 1953 2928 2008 agerc,
2961 1953 3134 2009 neque
3163 1953 3266 1993 nos
3291 1953 3321 1992 a
3351 1952 3530 1993 causze

1934 2030 2146 2084 actione
2194 2030 2528 2100 suspendere
2550 2072 2564 2097 ,
2589 2030 2683 2086 sed
2709 2031 3019 2086 constitutis
3052 2031 3300 2100 primitus
3342 2029 3533 2085 funda-

1936 2125 2133 2178 mentis
2167 2124 2596 2179 ecclesiasticum
2623 2125 2894 2196 negotium
2936 2124 3075 2179 velle
3106 2124 3370 2192 definire,
3403 2123 3533 2194 qttid

1939 2226 2022 2272 est
2072 2217 2216 2288 quod
2265 2217 2424 2274 nobis
2453 2218 2520 2273 de
2565 2233 2712 2273 mora
2757 2217 3146 2288 praescribitur,
3173 2226 3227 2273 et
3263 2227 3533 2287 tamquam

1935 2312 2344 2367 cavillatoribus
2367 2354 2382 2378 ,
2414 2321 2468 2366 et
2509 2328 2540 2367 a
2577 2313 2888 2382 cognitione
2926 2312 3315 2383 refugientibus
3337 2353 3352 2377 ,
3380 2311 3535 2384 quasi

1937 2420 2118 2459 moras
2141 2405 2402 2475 quasdam
2433 2420 2528 2476 per
2553 2419 2652 2460 nos
2675 2404 2876 2460 innecti
2913 2414 3244 2471 eausantur;
3278 2419 3399 2458 cum
3431 2403 3537 2458 uti-

1935 2515 2072 2570 que,
2105 2500 2148 2554 si
2174 2499 2460 2554 advertant
2484 2543 2498 2562 .
2531 2500 2703 2570 magis
2734 2498 2819 2554 his
2874 2499 2962 2567 qui
2995 2508 3299 2570 proponunt
3331 2497 3538 2552 incum-

1935 2591 2066 2646 bere
2090 2602 2180 2646 aut
2213 2591 2580 2658 necessarium
2605 2605 2727 2645 esse
2757 2590 2989 2645 dicimus
3009 2634 3022 2656 ,
3055 2600 3114 2646 ut
3139 2590 3392 2646 omnibus
3419 2605 3537 2645 mo-

1939 2685 2014 2740 ris
2043 2686 2334 2757 amputatis
2371 2685 2436 2739 ad
2482 2685 2677 2756 negotii
2731 2684 3086 2738 instrumenta
3117 2697 3408 2754 arcemque
3436 2698 3535 2738 ve-

1940 2778 2141 2846 niatur,
2172 2788 2232 2833 ttt
2260 2779 2578 2835 ostendatur
2609 2795 2673 2832 cx
2705 2777 2932 2833 adversa
2965 2785 3114 2847 parte
3145 2776 3267 2846 quis
3297 2775 3535 2846 petierit,

1938 2873 2392 2945 quemadmodum
2442 2873 2689 2944 petierit,
2720 2872 2802 2926 vel
2856 2871 2984 2942 quid
3042 2868 3293 2941 petierit;
3325 2880 3384 2924 ut
3409 2883 3532 2923 cum

1939 2969 2008 3024 de
2055 2969 2308 3024 mandato
2349 2969 2434 3024 vel
2478 2967 2546 3022 de
2585 2966 2850 3036 rescripto
2883 2977 3110 3035 utraque
3143 2961 3535 3018 concordantia

1940 3061 2257 3129 complexus
2285 3061 2436 3116 fuero
2461 3102 2475 3125 ,
2503 3069 2556 3114 et
2577 3075 2639 3114 ea
2661 3074 2781 3129 quae
2806 3059 2857 3112 in
2895 3058 3158 3127 rescripto
3185 3067 3310 3110 sunt
3341 3054 3540 3109 conﬁr-

1942 3163 2083 3209 mata
2110 3195 2127 3222 ,
2155 3165 2211 3208 et
2239 3168 2300 3209 ea
2325 3169 2445 3225 quae
2473 3168 2540 3207 ex
2565 3151 2803 3223 ipsorum
2836 3151 3094 3226 petitione
3119 3159 3367 3218 suggesta
3391 3156 3540 3214 sunt,

238 3266 392 3308 soua.
423 3249 485 3305 Et
515 3252 620 3305 alia
650 3269 825 3307 manu.
856 3251 1133 3307 Emeritos
1157 3251 1444 3322 episcopus
1489 3253 1784 3321 recognovi
1817 3297 1832 3322 ,
1864 3253 1909 3318 ο
1941 3246 2152 3317 possint
2191 3245 2410 3316 judiciis
2442 3243 2749 3315 approbari.
2799 3241 2862 3296 Et
2915 3242 3020 3295 alia
3056 3257 3233 3296 manu.
3269 3239 3540 3294 timet-itus

235 3345 355 3400 sine
380 3344 697 3415 pra-judicio
723 3344 1103 3416 appellationis
1125 3360 1280 3399 meae.

308 3440 399 3497 40.
428 3441 747 3510 Augustinus
789 3441 1064 3512 episcopus
1112 3440 1362 3496 Ecclesia:
1389 3440 1658 3496 catholicae
1681 3441 1833 3495 dixit.

233 3533 494 3592 Advertat
542 3531 798 3588 nobilitas
845 3543 938 3587 tua
958 3541 1159 3604 quanta
1194 3541 1426 3604 aguntur
1457 3540 1515 3588 ut
1545 3533 1677 3588 nihil
1703 3547 1834 3604 aga-

239 3637 344 3682 tur.
398 3625 461 3680 Et
501 3627 608 3680 alia
658 3642 836 3680 manu.
868 3626 1197 3697 Recognovi.
1233 3625 1516 3681 Montanus
1563 3629 1836 3700 episwpus

237 3720 390 3775 dixit.
446 3719 648 3775 Ordine
695 3721 905 3792 integro
928 3736 1089 3776 causa
1126 3721 1429 3791 peragenda
1476 3732 1581 3777 est.
1634 3719 1704 3775 Et
1730 3721 1836 3776 alia

238 3829 421 3870 manu.
448 3812 729 3869 Montanus
750 3815 1038 3885 episcopus
1065 3815 1374 3885 recognovi,
1401 3817 1546 3870 salva
1571 3829 1838 3886 provoca-

240 3909 410 3964 tione.

307 4001 402 4056 4-1.
432 4001 755 4074 Augustinus
783 4001 1050 4074 episcOpus
1073 3999 1324 4056 Ecclesia'
1370 4001 1637 4058 catholica:
1684 4002 1836 4059 dixit.

237 4094 547 4151 Praesentes
589 4103 716 4150 sunt
742 4136 756 4161 ,
797 4093 1012 4166 utrique
1058 4095 1417 4150 convenimus
1460 4113 1474 4150 :
1543 4095 1696 4152 locus
1740 4098 1840 4154 iste

237 4188 508 4261 episc0pis
537 4202 676 4258 pene
697 4186 931 4243 refertus
977 4197 1062 4244 est
1085 4230 1099 4256 ,
1129 4189 1379 4244 mandata
1413 4191 1638 4246 recitata
1677 4199 1840 4262 atque

238 4285 452 4339 ﬁrmata
480 4291 632 4349 sunt;
669 4297 778 4336 non
824 4291 1052 4352 negatur
1079 4297 1108 4336 a
1141 4281 1381 4352 partibus
1412 4282 1611 4340 nostris
1645 4296 1833 4353 postu-

236 4379 402 4436 latam
430 4391 554 4433 esse
593 4376 974 4443 collationem,
1017 4387 1077 4430 nt
1107 4375 1164 4430 itt
1199 4391 1260 4431 ea
1290 4377 1582 4432 collatione
1622 4378 1838 4432 tandem

235 4471 533 4544 aliquando
574 4472 659 4528 vel
732 4471 962 4541 probent
1007 4471 1091 4526 vel
1153 4470 1382 4542 probare
1438 4487 1545 4526 non
1599 4471 1842 4542 potuisse

237 4575 632 4631 ntonstrentur,
662 4580 784 4636 qua:
826 4565 1004 4619 solent
1045 4577 1152 4618 non
1178 4563 1334 4618 nobis
1362 4605 1377 4630 ,
1411 4579 1518 4618 non
1549 4565 1840 4636 unicuique

1937 3343 2231 3414 episcopus
2265 3340 2585 3413 recognovi.

2009 3443 2104 3501 41.
2131 3445 2463 3516 Augustinus
2485 3443 2757 3515 episcopus
2791 3439 3039 3494 Ecclesia:
3082 3438 3350 3492 catholica:
3385 3435 3537 3490 dixit.

1937 3537 2068 3594 Tuae
2139 3548 2265 3593 sunt
2331 3547 2531 3607 partes,
2597 3534 2677 3588 vir
2711 3532 2929 3588 nobilis.
3004 3532 3059 3588 Si
3126 3531 3408 3600 restiondit
3461 3529 3530 3586 ad

1938 3645 2004 3686 ea
2045 3645 2168 3702 quae
2217 3629 2451 3684 diximus
2476 3669 2490 3694 ,
2523 3641 2660 3697 opus
2683 3637 2765 3681 est
2791 3636 2849 3679 ut
2881 3624 3327 3696 respondeamus.
3358 3624 3414 3679 Si
3445 3640 3544 3678 au-

1942 3735 2048 3782 tem
2101 3724 2344 3796 pervidet
2372 3722 2680 3794 praestantia
2715 3730 2803 3775 tua
2834 3718 2966 3774 nihil
3011 3733 3135 3773 eum
3193 3717 3541 3788 respondisse

1939 3819 2007 3874 ad
2056 3820 2108 3876 id
2137 3818 2280 3890 quod
2307 3818 2454 3888 juste
2517 3815 2851 3886 flagitamus,
2894 3813 2986 3870 sed
3031 3813 3200 3868 tnoris
3250 3811 3542 3883 super-ﬂuis

1940 3914 2076 3969 alias
2119 3927 2300 3967 moras
2331 3909 2631 3980 superﬂuas
2659 3906 2955 3974 addidisse,
3001 3905 3184 3976 judica
3218 3916 3276 3960 ut
3303 3904 3537 3961 videtur.

1945 4005 2010 4061 Et
2032 4005 2136 4061 alia
2165 4021 2342 4059 manu.
2367 4002 2700 4075 Recognovi.

2016 4097 2109 4152 45.
2142 4096 2478 4154 Marcellinus
2507 4098 2584 4150 vir
2615 4095 2934 4150 clarissimus
2961 4093 3195 4148 tribunus
3239 4101 3287 4146 et
3312 4092 3544 4147 notarius

1945 4193 2096 4247 dixit.
2129 4193 2346 4248 Certum
2376 4190 2702 4262 cognitionis
2731 4198 2976 4244 tenorem
3018 4187 3300 4258 principali
3329 4196 3545 4243 constat

1944 4288 2269 4340 auCtoritate
2306 4282 2610 4339 deﬁnitum.
2643 4280 2756 4336 lloc
2803 4282 2948 4336 enim
2980 4281 3196 4335 relecta:
3245 4279 3546 4334 sanctionis

1945 4377 2117 4431 series
2140 4377 2536 4432 demonstravit
2581 4383 2658 4438 ut,
2720 4374 3033 4428 convocatis
3082 4373 3351 4443 episcopis
3383 4379 3546 4441 atque

1949 4468 2195 4538 partibus
2244 4466 2508 4532 delectis,
2557 4464 3036 4538 superstitionem,
3081 4475 3136 4517 ut
3189 4463 3358 4532 ipsius
3412 4463 3546 4534 legis

1945 4563 2129 4618 verbis
2163 4563 2375 4633 loquar,
2409 4561 2546 4616 ratio
2574 4558 2860 4613 manifesta
2884 4555 3146 4612 confutet.
3180 4554 3337 4612 Unde
3357 4555 3547 4626 digna-

237 4669 485 4716 nostrum
503 4701 527 4730 ,κ
547 4659 642 4715 sed
671 4659 925 4714 universo
954 4658 1072 4713 orbi
1113 4657 1410 4715 christiano
1449 4659 1688 4730 objicere
1729 4662 1837 4716 cri-
1869 4658 1921 4724 D
1950 4657 2094 4713 bitur
2119 4656 2379 4712 sanctitas
2404 4664 2584 4710 vestra
2614 4652 2817 4707 clarius
2845 4650 3228 4705 demonstrare
3259 4649 3311 4704 in
3340 4663 3446 4720 qua
3475 4649 3548 4703 sit

235 4756 387 4811 mina
418 4771 430 4807 :
461 4754 549 4824 qui
583 4751 924 4809 Christianus
961 4753 1110 4808 orbis
1138 4770 1242 4807 non
1267 4754 1530 4824 opinione
1561 4755 1794 4811 humana
1822 4797 1838 4822 ,

233 4848 336 4906 sed
380 4848 576 4903 divinis
608 4847 932 4902 testimoniis
953 4853 1010 4901 et
1055 4846 1356 4917 promissus
1399 4855 1516 4915 est,
1565 4859 1619 4904 et
1651 4850 1843 4921 imple-

233 4952 346 4998 tur.
382 4939 558 5010 Quid?
586 4939 780 4994 Adhuc
823 4939 1011 4994 nescio
1039 4954 1141 5010 qua
1185 4939 1634 5010 tergiversatione
1663 4958 1844 4997 mora-

235 5033 377 5091 toria
419 5034 487 5086 ab
513 5033 594 5088 eis
624 5033 1042 5102 interponuntur
1087 5031 1178 5101 qui
1228 5045 1288 5087 se
1313 5033 1599 5103 episcopos
1634 5033 1842 5092 Christi

232 5127 347 5182 dici
378 5124 606 5180 volunt?
633 5125 979 5195 Exspectatio
1000 5164 1015 5189 ,
1047 5138 1154 5178 non
1195 5123 1319 5180 dico
1349 5124 1508 5195 hujus
1557 5127 1795 5184 civitatis
1824 5174 1839 5198 ,

233 5221 337 5277 sed
363 5221 597 5277 universi
629 5235 767 5290 pene
793 5219 1006 5291 generis
1035 5217 1251 5275 humani
1283 5233 1545 5290 suspensa
1575 5229 1661 5278 est
1683 5265 1697 5290 ,
1731 5225 1835 5280 ali-

232 5316 370 5388 quid
402 5316 470 5370 de
500 5313 743 5370 Ecclesia
762 5313 910 5383 cupit
935 5313 1156 5377 audire;
1181 5321 1238 5367 et
1263 5328 1362 5366 nos
1391 5313 1567 5369 adhuc
1591 5315 1840 5375 forenses

229 5408 501 5466 formulas
540 5406 893 5472 discutimus,
936 5414 993 5460 et
1044 5404 1352 5460 miserrime
1390 5406 1682 5476 litigamus.
1720 5407 1838 5464 Jam

228 5502 491 5558 advertat
527 5497 780 5554 nobilitas
823 5507 912 5552 tua
957 5495 1088 5566 quid
1131 5507 1341 5567 agatur.
1383 5496 1501 5552 Jam
1549 5498 1839 5570 aliquando

226 5613 339 5653 nos
373 5596 442 5651 de
472 5595 574 5650 hoc
602 5593 818 5663 negotio
845 5590 1138 5663 amputatis
1167 5590 1420 5646 omnibus
1449 5593 1713 5659 morulis;
1741 5594 1838 5649 ad-

219 5693 462 5767 juvante
501 5689 634 5757 Deo,
658 5687 892 5744 liberare
928 5686 1172 5759 dignare.
1225 5684 1294 5742 Et
1318 5687 1425 5741 alia
1454 5703 1630 5743 manu.
1663 5688 1838 5747 Reco-

225 5787 424 5863 gnovi.

319 5880 416 5939 “ﬂ.
447 5877 782 5937 Marcellinus
803 5878 882 5933 vir
923 5875 1242 5934 clarissimus
1279 5876 1514 5934 tribunus
1535 5884 1582 5931 et
1613 5877 1844 5937 notarius

1951 4759 2105 4821 parte
2129 4747 2440 4819 superstitio
2464 4746 2779 4801 constituta.

2018 4842 2108 4898 46.
2158 4841 2450 4897 Petilianus
2478 4839 2746 4909 episwpus
2783 4837 2935 4892 dixit.
2965 4838 3213 4893 Advertit
3240 4835 3548 4893 sublimitas

1947 4948 2037 4993 tua
2062 4950 2310 5007 magnam
2361 4931 2719 4988 difﬁdentiam
2763 4947 2858 4987 eos
2904 4931 3140 4998 habere,
3188 4947 3550 5002 magnumque

1948 5029 2287 5084 mendacium
2315 5069 2328 5093 ,
2357 5026 2402 5081 si
2430 5041 2494 5081 ea
2523 5041 2643 5096 qua:
2688 5025 2922 5094 petimus
2965 5024 3198 5096 prodere
3249 5024 3545 5082 noluerint.

1949 5121 2164 5177 Etenim
2198 5131 2328 5176 ante
2357 5119 2426 5174 de
2452 5135 2546 5173 sua
2572 5116 2904 5172 conscientia
2943 5117 3150 5188 jlldiCut
3172 5160 3186 5184 ,
3213 5119 3302 5186 qui
3337 5117 3551 5187 petitio-

1945 5234 2068 5273 uetn
2096 5231 2247 5272 suam
2279 5215 2516 5271 timuerit
2548 5213 2844 5285 publicare.
2875 5212 2990 5268 Non
3025 5215 3192 5284 igitur
3217 5229 3421 5268 moram
3452 5211 3551 5266 ali-

1945 5325 2104 5381 quam
2157 5309 2420 5375 facimus;
2455 5306 2549 5363 sed
2581 5323 2677 5378 per
2705 5307 2849 5378 ipsos
2882 5322 3064 5362 moras
3093 5306 3208 5361 fieri
3233 5305 3551 5361 sublimitati

1946 5413 2072 5458 tute.
2098 5401 2166 5456 Et
2194 5419 2312 5457 cum
2338 5402 2558 5467 diceret,
2588 5397 2686 5467 (Et
2705 5400 2811 5453 alia
2848 5415 3026 5453 manu.
3086 5398 3383 5452 Pctilianus
3431 5399 3550 5468 epi-

1945 5509 2145 5566 scopus
2180 5495 2333 5551 salvo
2358 5491 2738 5564 ap,.ellationis
2763 5499 2964 5546 nostra:
2989 5491 3183 5545 merito
3212 5489 3550 5563 recognovi.)

2015 5588 2107 5643 47.
2149 5587 2447 5644 Vincentius
2491 5587 2762 5660 episcopus
2812 5583 3060 5639 Ecclesia?
3085 5583 3353 5639 catholica:
3395 5584 3547 5639 d'xit.

1943 5683 2062 5742 Non
2085 5683 2285 5741 sufﬁcit
2313 5683 2454 5755 quod
2481 5681 2573 5736 tibi
2599 5679 2883 5748 respondit
2911 5677 3115 5748 judex?
3139 5677 3205 5733 Et
3231 5680 3334 5733 alia
3365 5695 3547 5733 manu.

1949 5781 2287 5853 Recognovi.
2323 5778 2615 5834 Petiliamts
2667 5777 2931 5850 episcopus
2985 5775 3138 5829 dixit.
3219 5780 3322 5829 Ant
3373 5774 3554 5847 legam

1945 5873 2093 5947 quod
2125 5874 2391 5947 petimus,
2420 5882 2511 5932 aut
2543 5880 2766 5944 negent.
2815 5867 2882 5926 Et
2910 5868 3016 5925 alia
3043 5884 3221 5924 manu.
3256 5868 3554 5927 Pctilianus
