3996 6332
494 250 626 314 9571

1418 259 1643 320 GESTA
1686 257 2140 321 COLLATIONIS
2175 259 2798 326 CARTHAGINENSIS.

3593 285 3702 346 ista
3741 352 3748 358 ,

493 378 783 448 episcopus
855 376 1144 450 recognovi
1173 418 1188 444 ,
1238 377 1401 470 salva
1459 380 1823 452 appellatione
1873 386 2081 436 nostra.
2113 384 2168 452 Α
2191 397 2270 438 re.
2305 380 2369 436 Et
2399 383 2504 438 alia
2535 401 2709 439 manu.
2741 383 3062 458 [Pctilianus
3089 386 3530 467 episcopnsisalva
3555 403 3697 470 appet-

499 470 908 526 Fortunatianus
931 470 1206 542 episcopus
1226 469 1475 528 Ecclesia:
1503 471 1769 529 catholica:
1789 473 1941 529 dixit.
1957 471 2098 541 Quid

499 564 568 620 ad
602 579 712 620 rem
745 564 979 634 pertinet
1008 564 1152 633 quod
1187 580 1311 638 pars
1333 567 1562 624 adversa
1591 575 1675 626 est
1697 575 1981 640 prosecuta
2001 609 2016 635 ,
2042 575 2099 623 et

501 671 608 714 non
664 668 883 729 propter
927 672 1106 712 moras
1137 658 1433 731 quasdam?
1480 658 1547 715 Et
1589 676 1703 716 cum
1744 660 1970 726 diceret,
2004 659 2098 735 (Et

495 753 601 808 alia
647 769 822 806 manu.
873 752 1205 824 Recognovi.
1239 751 1258 827 )
1294 753 1583 810 Petilianus
1635 755 1908 829 episcopus
1935 755 2096 828 partis

498 845 692 902 Donati
735 845 948 924 [dixiL]
973 846 1185 905 Judica.
1214 846 1280 904 Et
1309 849 1413 903 alia
1459 865 1637 905 manu.
1660 847 1958 904 Petilianus
1982 851 2095 920 epi-

500 958 696 1016 scopus
724 943 1038 1014 recognovi,
1059 943 1210 1000 salvo
1242 954 1441 1002 nostra:
1466 943 1848 1015 appellationis
1877 943 2090 1001 effectu.

569 1035 661 1094 48.
689 1035 1031 1098 Marcellinus
1061 1038 1140 1093 uir
1170 1038 1485 1094 clarissimus
1517 1039 1751 1095 tribunus
1782 1048 1828 1094 et
1865 1039 2096 1096 notarius

499 1131 648 1184 dixit.
680 1130 995 1188 Evideutius
1025 1132 1291 1190 sanctitas
1312 1142 1491 1189 vestra
1519 1133 1645 1208 quid
1692 1133 1926 1206 postulet
1946 1133 2094 1190 desi-

497 1239 668 1296 gnare
699 1226 934 1282 debebit.

574 1317 665 1376 49.
698 1318 959 1376 Emeritns
983 1322 1254 1394 episcopus
1281 1321 1431 1377 dixit.
1448 1320 1632 1393 Longo
1660 1322 1934 1380 volumine
1958 1335 2098 1393 prae-

501 1411 663 1468 terito
698 1412 905 1486 judicio
936 1415 1091 1488 quasi
1143 1413 1381 1471 mandati
1429 1423 1668 1472 tenorem
1700 1429 1825 1487 pars
1867 1415 2096 1473 adversa

503 1507 758 1579 prodidit.
793 1507 892 1570 Cui
925 1509 1000 1564 rei
1025 1509 1069 1566 si
1095 1523 1220 1564 vera
1266 1508 1623 1580 adstipulatur
1652 1509 1913 1577 assertio,
1943 1509 1996 1565 id
2042 1511 2095 1564 in

496 1602 706 1674 judicio
761 1602 1034 1676 publicare
1085 1619 1148 1660 ac
1177 1602 1405 1676 prodere
1458 1603 1692 1668 debent,
1723 1602 2097 1660 tantummodo

503 1714 564 1754 sc
605 1697 759 1770 sequi
787 1699 891 1756 hoc
952 1699 1124 1770 ipsum
1172 1716 1186 1753 :
1214 1699 1479 1770 jacturam
1507 1705 1688 1754 autem
1719 1696 1896 1754 facere
1927 1697 2099 1768 impe-

2199 475 2400 532 latione
2429 487 2612 534 nostra
2642 479 2953 550 recognovi.

2272 569 2362 625 55.
2390 569 2708 643 Augustinus
2752 573 3022 643 episcopus
3061 575 3278 632 ecclesiis
3313 577 3550 638 catholica:
3588 585 3704 645 dixit.

2201 660 2330 717 Data
2363 671 2468 718 est.
2517 663 2718 720 Omnes
2750 664 2985 722 fatemur
3011 681 3110 722 nos
3147 669 3343 738 petisse
3387 671 3704 744 collationem,

2198 753 2453 824 quoniam
2501 770 2617 810 eam
2644 758 3009 823 recusabatis;
3044 767 3101 813 ut
3123 759 3330 814 tandem
3370 763 3440 817 sic
3465 765 3624 821 saltem
3655 770 3706 824 ad

2199 845 2343 904 hunc
2371 847 2547 904 locum
2579 849 2663 904 vel
2695 849 2762 904 ad
2795 850 2897 906 hoc
2925 858 3167 922 tempus,
3190 853 3477 910 collationis
3501 858 3709 930 etdispo-

2201 942 2420 998 tatiouis
2449 950 2504 998 et
2527 942 2962 1006 demonstrandae
2989 946 3230 1002 veritatis
3253 949 3412 1018 gratia
3440 953 3710 1016 veniremus,

2198 1033 2421 1088 Factqu
2453 1044 2554 1090 est.
2585 1035 2880 1106 Venimus,
2923 1047 2978 1093 et
3003 1038 3138 1092 nihil
3170 1039 3326 1094 vultis
3353 1043 3580 1112 prodesse
3602 1047 3710 1114 quod

2197 1132 2464 1187 venimus.
2498 1128 2832 1190 Conﬁtemur
2865 1146 2965 1188 nos
2991 1132 3333 1189 collationem
3364 1135 3561 1204 petisse.
3603 1138 3711 1196 Nihil

2197 1224 2344 1282 aliud
2377 1227 2672 1296 imperator
2720 1241 2880 1296 quam
2932 1242 3034 1284 nos
3062 1226 3400 1284 collationem
3441 1231 3610 1300 petisse
3628 1233 3712 1288 suis

2197 1318 2374 1374 verbis
2421 1318 2717 1387 expressit.
2767 1316 2888 1373 .lam
2921 1316 3016 1373 fiat
3067 1317 3179 1388 ipsa
3228 1319 3454 1376 collatio.
3487 1322 3712 1381 Videamus

2197 1409 2327 1479 quid
2356 1409 2567 1468 dicatur
2595 1417 2782 1465 contra
2830 1410 3128 1468 Ecclesium
3167 1419 3280 1467 toto
3328 1413 3450 1468 orbe
3480 1413 3709 1480 diiiusam,

2197 1518 2358 1573 quam
2402 1503 2835 1560 demonstramus
2883 1504 3082 1562 divinis
3106 1506 3426 1564 testimoniis
3451 1516 3500 1564 et
3538 1512 3714 1580 promis-

2199 1610 2314 1651 sam
2343 1611 2462 1651 esse
2483 1638 2498 1662 ,
2529 1606 2582 1650 et
2622 1612 2765 1652 nunc
2793 1597 2865 1651 ita
2889 1597 3169 1666 exhiberi,
3195 1608 3254 1656 ut
3293 1615 3536 1658 ctrcorum
3572 1605 3712 1666 oculos

2203 1690 2396 1758 feriat,
2437 1691 2725 1746 surdorum
2758 1705 2918 1750 aures
2937 1691 3226 1764 irrumpat.
3260 1693 3338 1754 Ad
3380 1693 3506 1756 hanc
3542 1697 3712 1759 demon-

503 1790 654 1848 rialis
685 1791 969 1863 rescripti,
1002 1791 1069 1847 ad
1100 1791 1252 1864 cujus
1291 1791 1780 1862 promulgationem
1810 1805 1985 1860 neque
2016 1801 2090 1846 te-
2123 1795 2173 1858 Β
2199 1784 2476 1840 strsudatn
2509 1784 2704 1840 nolunt
2731 1788 3015 1856 pervenire
3042 1786 3239 1843 fratres
3265 1790 3450 1856 nostri,
3474 1790 3711 1852 utdetnon-

503 1901 692 1942 norem
741 1899 995 1958 precum,
1045 1899 1220 1956 neque
1260 1884 1567 1940 mandatum
1601 1885 1898 1956 legatorum
1940 1900 2094 1939 mon-

500 1987 674 2036 strare
704 1977 1011 2036 voluerunt.
1039 1975 1206 2048 igitur
1230 1977 1355 2048 quia
1386 1977 1518 2032 nihil
1541 1977 1638 2032 abs
1666 1993 1725 2032 re
1753 1987 1837 2032 est
1865 1977 2008 2046 quod
2043 1977 2095 2034 in

498 2069 707 2141 judicio
726 2070 1088 2140 postulamus,
1108 2071 1338 2142 petimus
1366 2077 1425 2126 ut
1451 2071 1700 2140 primitus
1728 2078 1821 2124 aut
1847 2070 2096 2139 rescripti

501 2162 769 2232 iacturam
791 2205 804 2232 .
836 2172 932 2218 aut
959 2162 1197 2222 mandati
1227 2162 1311 2218 sui
1348 2161 1548 2218 faciant
1576 2161 1878 2220 cessionem
1899 2203 1915 2228 ,
1945 2173 2003 2218 ut
2032 2161 2097 2220 ad

506 2269 724 2314 causam
770 2257 960 2314 venire
1011 2257 1307 2312 valeamus.
1355 2253 1424 2314 Et
1452 2255 1559 2311 alia
1605 2272 1783 2312 manu.
1832 2255 2101 2312 Emeritos

508 2349 798 2420 episcopus
854 2347 1147 2421 recognovi
1198 2345 1319 2406 sine
1349 2347 1665 2424 praeiudicio
1721 2344 2105 2422 appellationis

508 2439 772 2514 [nostrae].

577 2555 667 2618 50.
701 2555 1019 2631 Augustinus
1063 2558 1332 2630 episeOpus
1359 2556 1607 2614 Ecclesiae
1651 2558 1921 2614 catholicae
1948 2559 2102 2614 dixit.

509 2647 740 2720 Legatur
793 2650 1105 2706 mandatum
1157 2662 1436 2719 nostrum,
1484 2661 1539 2708 et
1589 2651 1899 2724 intelligent
1942 2667 2104 2722 quam

512 2755 705 2802 cuncta
735 2746 1032 2803 contineat.
1082 2745 1148 2802 Et
1175 2748 1280 2802 alia
1314 2764 1490 2802 manu.
1526 2747 1855 2818 Recognovi.
1888 2745 2108 2802 Petilia-

510 2857 604 2894 nus
631 2841 900 2912 episcopus
925 2840 1087 2910 partis
1115 2839 1309 2895 Donati
1335 2841 1489 2896 dixit.
1524 2842 1719 2898 Patere
1742 2883 1756 2907 ,
1799 2851 1990 2913 prasta
2015 2841 2104 2912 ju-

508 2934 613 2992 dici
649 2935 958 3002 patientiam
1003 2950 1165 3005 quam
1199 2935 1353 2990 nobis
1396 2944 1634 3006 praestat.
1675 2935 1740 2990 Et
1771 2937 1878 2990 alia
1925 2953 2098 2991 manu.

511 3025 812 3084 Petiliauus
859 3029 1152 3099 episcopus
1181 3031 1469 3102 recognovi
1503 3031 1619 3087 sine
1651 3029 1966 3102 praeiudicio
2003 3047 2102 3101 sp.

511 3118 823 3193 pellationis
854 3134 1073 3180 nostra).

583 3237 674 3294 51.
712 3239 1045 3297 Marcellinus
1068 3245 1145 3299 vir
1191 3244 1509 3300 clarissimus
1533 3243 1770 3301 tribunus
1795 3253 1844 3299 et
1873 3245 2103 3299 notarius

513 3331 670 3388 dixit.
701 3333 844 3389 Nihil
873 3336 1020 3392 aliud
1072 3338 1341 3408 praecipue
1377 3337 1656 3408 principali
1687 3338 1965 3393 sanctione
2013 3337 2107 3392 ad-

509 3427 649 3482 verti
679 3444 800 3484 esse
827 3430 1210 3500 constitutum,
1261 3433 1361 3488 nisi
1414 3441 1470 3487 ut
1497 3433 1948 3489 convenientibus
1990 3432 2107 3503 epi-

513 3521 693 3590 scopis
722 3521 1088 3593 disputatione
1133 3527 1348 3592 habita,
1377 3541 1537 3582 causa
1587 3527 1743 3597 primi
1803 3526 2108 3582 inveniatur

515 3615 734 3668 erroris.
768 3616 862 3671 Cui
891 3617 1237 3687 disputationi
1267 3636 1353 3675 me
1378 3619 1616 3691 judicem
1645 3619 1814 3676 voluit
1842 3619 2100 3676 residere.

513 3705 738 3777 Accepit
763 3717 940 3764 autem
970 3713 1226 3767 sanctitas
1253 3722 1429 3768 vestra
1458 3711 1891 3782 prosecutionein
1936 3713 2106 3785 partis

515 3800 789 3857 ediverso
814 3801 1093 3871 sistentis;
1129 3806 1179 3859 in
1222 3821 1326 3877 qua
1378 3807 1658 3862 evidenter
1701 3818 1979 3864 ostensum
2022 3816 2108 3862 est

512 3901 674 3964 atque
695 3895 1055 3965 promissum,
1088 3908 1144 3952 ttt
1173 3897 1413 3954 Ecclesia
1447 3908 1559 3955 toto
1582 3902 1713 3956 orbe
1744 3899 1933 3955 diffusa
1965 3899 2107 3954 divi-

515 3987 600 4040 nis
631 3990 955 4044 testimoniis
977 3991 1401 4058 demonstretur,
1431 4008 1554 4048 cum
1591 3993 1817 4048 videatis
1847 4008 1912 4046 ex
1956 4008 2107 4045 man-

514 4079 626 4134 dati
649 4082 788 4137 serie
807 4093 862 4137 et
889 4098 954 4138 ex
985 4084 1239 4153 prmseutl
1272 4084 1604 4155 professione
1647 4085 1698 4139 id
1734 4083 1899 4140 fuisse
1925 4085 2108 4139 decla-

518 4182 692 4227 ratum
713 4215 729 4241 ,
761 4184 816 4228 ut
848 4175 985 4246 legis
1025 4178 1292 4246 exemplis
1345 4186 1505 4245 atque
1559 4176 1897 4232 documentis
1925 4178 2105 4232 omnia

515 4266 957 4335 comprobentur.
1009 4267 1118 4323 Nec
1165 4267 1307 4323 enim
1353 4268 1808 4324 clementissimus
1855 4270 2107 4342 princeps

518 4355 745 4412 formam
775 4359 1052 4416 collationi
1083 4361 1303 4418 dedisse
1331 4372 1660 4418 monstratus
1688 4363 1852 4436 293
1877 4374 1980 4431 est,
2013 4365 2107 4421 sed

521 4459 724 4506 tantum
781 4452 1126 4510 collationem
1182 4455 1380 4511 debere
1456 4456 1570 4512 fieri
1622 4455 1902 4526 judicavit.
1955 4457 2108 4514 Unde

515 4548 768 4618 quoniam
797 4550 1095 4606 secundum
1146 4551 1474 4609 desiderium
1507 4559 1750 4608 vestrum
1792 4552 1991 4608 divinis
2023 4563 2104 4609 te-

514 4643 784 4700 stimoniis
812 4660 872 4701 se
900 4660 1062 4718 agere
1092 4663 1278 4704 eorum
1317 4649 1583 4720 professio
1611 4647 1943 4716 declaravit,
1977 4648 2104 4720 quid

516 4737 748 4808 amplius
775 4737 1097 4797 desideretis
1119 4742 1326 4814 ignoro.

589 4853 678 4908 δί.
715 4853 1004 4912 Petilianus
1044 4857 1313 4929 episcopus
1339 4857 1486 4914 dixit.
1515 4857 1874 4929 Apertissime
1909 4855 2110 4912 intelli-

469 4989 478 5000 .
517 4947 663 5016 gitur
689 4963 788 5003 eos
815 4950 1118 5006 difiidentia
1149 4951 1232 5005 vel
1256 4966 1380 5008 sero
1404 4952 1606 5021 pudore
1629 4954 1683 5008 id
1708 4967 1898 5023 agere,
1925 4967 1994 5008 ne
2019 4967 2112 5022 pe-

520 5038 770 5094 titionem
820 5057 971 5095 suam
1050 5043 1300 5098 omnibus
1351 5043 1666 5113 publicent,
1708 5044 1962 5114 quoniam
2015 5059 2111 5102 eos

517 5141 731 5188 constat
756 5131 1185 5188 clementissimo
1237 5136 1544 5206 imperatori
1592 5139 1868 5192 mentitus.
1909 5136 1978 5192 Et
2002 5138 2109 5192 alia

519 5244 694 5282 manu.
726 5227 1018 5283 Petilianus
1068 5227 1356 5297 episcopus
1382 5229 1498 5284 sine
1531 5229 1846 5300 prtejudicio
1872 5231 2111 5304 appella-

519 5323 684 5378 tionis
709 5332 907 5377 nostra:
934 5320 1245 5393 recognovi.

589 5439 680 5498 55.
725 5441 1036 5512 Augustinus
1078 5442 1346 5514 episcopus
1377 5439 1624 5510 Ecclesia:
1666 5440 1937 5499 catholica!
1960 5443 2110 5506 dixit,

519 5532 752 5591 Collatio
806 5536 969 5604 petita
1018 5544 1103 5588 est
1155 5548 1187 5589 a
1230 5533 1420 5604 legatis
1464 5534 1688 5590 nostris.
1730 5533 1842 5590 Lex
1870 5536 1982 5604 ipsa
2016 5535 2116 5591 hoc

2198 1887 2418 1944 stretur,
2443 1877 2585 1948 quod
2635 1878 2804 1934 latere
2856 1895 2962 1940 non
3014 1891 3212 1951 potest.
3261 1881 3478 1942 Edicaut
3523 1883 3704 1946 crimina.

2205 1969 2492 2028 Videamus
2518 1971 2713 2043 quibus
2743 1973 3063 2030 criminibus
3095 1975 3255 2042 periit
3301 1975 3436 2046 quod
3461 1978 3710 2046 promissum

2201 2076 2285 2121 est
2307 2067 2538 2124 Abralnc
2566 2085 2579 2120 :
2611 2065 2677 2122 In
2709 2069 2900 2124 semine
2941 2078 3030 2128 tuo
3060 2070 3414 2126 benedicentur
3440 2087 3589 2134 omnes
3628 2089 3716 2142 gen-

2205 2172 2295 2217 tes.
2329 2161 2460 2231 Qua:
2485 2163 2716 2218 crimina
2766 2161 2922 2217 istam
2955 2165 3370 2233 promissionem
3415 2165 3612 2236 iurantis
3651 2165 3716 2222 Dei

2204 2256 2388 2312 delere
2435 2257 3066 2325 potueruntaudiamns,
3099 2257 3408 2324 discamus,
3447 2257 3714 2323 noverimus,

2206 2363 2519 2422 sequamur.
2555 2350 2610 2408 Si
2639 2359 2818 2408 autem
2849 2350 2982 2406 nihil
3013 2361 3098 2408 est
3129 2351 3274 2422 quod
3295 2361 3475 2409 contra
3497 2353 3587 2410 dici
3625 2368 3719 2423 pos~

2205 2445 2308 2512 sit,
2340 2454 2433 2500 aut
2461 2445 2784 2515 pronuntia,
2816 2453 2910 2500 aut
2962 2443 3090 2500 tolle.
3148 2460 3341 2506 omnes
3384 2446 3723 2510 moras,etali-

2206 2539 2422 2610 quando
2452 2540 2726 2609 neg0tium
2759 2538 2992 2593 finiatur.
3043 2539 3106 2592 Et
3140 2541 3248 2593 alia
3272 2557 3439 2596 manu.
3464 2541 3719 2610 Recoguovi.

2279 2633 2370 2689 56.
2398 2631 2660 2688 Emeritns
2681 2634 2953 2704 cpiscopus
2976 2633 3133 2690 dixit.
3157 2633 3348 2704 Magno
3367 2645 3638 2704 argumento
3657 2648 3721 2688 re-

2208 2726 2338 2784 ritas
2362 2727 2690 2792 occultatur;
2739 2733 2798 2782 ut
2840 2741 2963 2782 cum
3009 2725 3078 2782 ad
3110 2726 3504 2798 inquisitionem
3543 2736 3722 2782 nostrain

2209 2819 2481 2878 modicum
2499 2818 2624 2890 quid
2651 2836 2715 2876 ex
2744 2828 2900 2888 parte
2930 2819 3159 2882 adversa
3190 2821 3453 2892 prolatum
3474 2821 3552 2884 sit,
3572 2830 3721 2876 cetera

2205 2913 2483 2970 sileantur.
2519 2913 2659 2968 Dixit
2689 2913 2832 2969 enim
2860 2928 2991 2970 suos
3032 2913 3143 2970 isse
3187 2917 3418 2985 legatos,
3444 2930 3634 2986 quorum
3659 2930 3724 2968 c-

2205 3020 2310 3075 que
2335 3005 2582 3072 nomina,
2608 3021 2784 3076 neque
2807 3007 3056 3073 ordinem
3080 3048 3094 3071 ,
3134 3023 3316 3078 neque
3336 3009 3613 3066 mandatum
3647 3005 3726 3060 vult

2199 3099 2406 3170 judicio
2433 3100 2730 3171 publicare.
2781 3100 2948 3172 Igitur
2999 3111 3086 3160 aut
3141 3101 3305 3173 hujus
3328 3105 3400 3160 rei
3425 3103 3647 3175 iacturam
3671 3101 3726 3154 la-

2130 3199 2176 3266 c
2208 3195 2346 3259 ciat;
2375 3193 2497 3264 quia
2531 3207 2639 3248 non
2669 3203 2846 3264 potest
2876 3194 3218 3265 approbare;
3243 3197 3399 3254 autsi
3428 3197 3555 3253 valet
3579 3193 3726 3250 hoc-le-

2207 3286 2364 3357 gibus
2411 3285 2677 3351 educere,
2711 3286 2792 3340 vel
2844 3288 2934 3356 qui
2978 3286 3141 3356 legati
3200 3289 3534 3356 fuerint,vel
3569 3287 3720 3358 quando

2207 3382 2355 3434 missi
2389 3382 2528 3452 sint,
2563 3380 2646 3435 vel
2673 3380 2800 3450 (prid
2831 3381 3188 3451 pertulerint,
3229 3383 3390 3453 legati
3413 3383 3665 3440 mandatum
3682 3381 3720 3435 in

2203 3472 2531 3542 iudiciorum
2565 3474 2815 3532 notitiam
2843 3488 3092 3530 asserere
3132 3476 3433 3534 debebunt.
3459 3476 3594 3532 Videt
3631 3489 3726 3544 prc-

2209 3567 2402 3626 stantia
2431 3579 2514 3626 tua
2535 3609 2550 3635 ,
2576 3568 2709 3626 nihil
2748 3583 2848 3626 nos
2875 3570 2970 3626 abs
3002 3585 3061 3626 re
3091 3579 3282 3641 petere
3310 3571 3532 3643 :quippc
3555 3584 3648 3628 cum
3668 3569 3726 3637 ip~

2208 3678 2390 3720 surum
2437 3663 2507 3717 sit
2534 3678 2727 3730 causa,
2772 3678 2869 3718 cur
2898 3679 3008 3720 non
3061 3665 3128 3720 ad
3159 3666 3373 3722 interna
3402 3665 3580 3736 negotii
3598 3662 3729 3718 renis-

2209 3771 2350 3810 mus.
2382 3755 2789 3826 Proposueruut
2813 3758 2960 3812 enim
2991 3773 3056 3816 ex
3090 3760 3337 3816 mandati
3386 3760 3464 3816 sui
3488 3768 3644 3817 tenore
3666 3770 3732 3810 ae-

2208 3851 2323 3906 scio
2350 3851 2546 3921 quibus
2598 3866 2658 3906 se
2708 3851 3122 3921 allegationibus
3174 3855 3463 3910 adversum
3511 3867 3594 3908 nos
3628 3859 3733 3906 stare

2209 3943 2431 4002 debere.
2462 3944 2568 3998 llas
2591 3945 2734 4017 ipsas
2761 3944 3116 4015 allegationes
3144 3957 3202 4002 et
3227 3962 3329 4002 nos
3352 3958 3610 4017 possumus
3629 3944 3733 4011 lega-

2211 4021 2352 4094 libus
2377 4037 2700 4092 testimoniis
2730 4052 3010 4108 superare.
3069 4038 3230 4100 Prius
3260 4048 3489 4110 estergo
3530 4047 3578 4092 ut
3624 4034 3733 4089 initio

2211 4132 2442 4185 actionis
2472 4131 2721 4199 esposito
2742 4172 2755 4193 ,
2779 4146 3065 4202 personam
3091 4147 3272 4199 suam,
3298 4132 3414 4188 sive
3440 4127 3734 4199 suseipientis,

2211 4224 2326 4280 sive
2351 4224 2653 4280 mandantis
2681 4225 2736 4280 in
2759 4225 2962 4295 judicio
2983 4224 3290 4296 approbare
3314 4227 3486 4282 valeat
3513 4243 3524 4278 :
3549 4236 3649 4277 tunc
3665 4219 3730 4273 de-

2211 4333 2358 4373 mum
2391 4317 2456 4374 ad
2486 4319 2686 4390 negotii
2734 4320 2925 4375 merita
2956 4317 3344 4380 descendatur.
3381 4318 3445 4388 δι
3491 4318 3582 4373 alia
3607 4328 3736 4369 utalia.

2210 4412 2487 4470 Emeritos
2526 4412 2817 4482 episcopus
2847 4413 2990 4468 salva
3027 4412 3396 4482 appellatione
3421 4406 3686 4480 recognovi.

2281 4508 2376 4570 57.
2433 4505 2732 4562 Vincentius
2762 4507 3034 4579 episcopus
3061 4504 3318 4570 Ecclesia:
3344 4505 3594 4564 catholica!
3626 4498 3735 4554 άῖλίιο

2133 4602 2186 4663 Ι)
2210 4600 2350 4670 Quid
2383 4609 2461 4658 cst
2519 4601 2658 4656 aliud
2707 4615 2924 4654 causam
2956 4599 3262 4664 dimittere,
3301 4609 3358 4654 et
3381 4609 3618 4669 personas
3635 4604 3740 4660 qui!-

2212 4710 2367 4760 rere,
2411 4693 2512 4748 nisi
2572 4692 2809 4764 eﬂ‘ugere
2859 4693 3042 4752 velle?
3090 4695 3272 4760 Quare
3328 4691 3546 4758 venisti?
3596 4682 3741 4742 Etalia

2213 4803 2390 4841 manu.
2424 4785 2756 4857 Recoguovi.
2791 4783 3084 4844 Petilianus
3123 4786 3398 4854 episcopus
3422 4783 3561 4838 dixit.
3595 4776 3634 4832 Α
3657 4787 3740 4844 per-

2213 4880 2362 4934 sonis
2385 4879 2572 4949 incipit
2622 4879 2798 4932 omnis
2837 4892 3022 4934 causa.
3055 4876 3124 4932 Et
3167 4879 3276 4934 alia
3307 4893 3484 4932 manu.
3509 4869 3743 4930 Petilisnus

2213 4974 2502 5046 episcopus
2550 4972 2842 5042 recognovi
2865 5013 2879 5037 ,
2909 4971 3064 5026 salvo
3102 4980 3305 5026 nostra:
3330 4962 3668 5040 appellationis
3687 4955 3741 5014 cl-

2212 5066 2376 5122 fectu.
2419 5065 2716 5126 Vincentius
2747 5067 3017 5140 episcopus
3064 5063 3315 5124 Ecclesia:
3361 5060 3611 5118 catholica:
3628 5049 3740 5108 dixit.

2211 5157 2326 5214 Non
2364 5159 2459 5214 tibi
2492 5158 2665 5218 forum
2698 5167 2847 5214 tuum
2880 5159 3215 5229 designavit,
3248 5172 3372 5227 quas
3417 5154 3603 5214 mnisea
3625 5153 3739 5208 sunt.

2213 5253 2381 5322 repeti
2409 5268 2512 5307 non
2537 5267 2721 5322 posse.
2759 5249 2827 5306 Et
2852 5252 2958 5310 alia
2983 5267 3160 5306 manu.
3188 5247 3514 5324 iiecognovi.

2287 5346 2376 5402 58.
2415 5345 2758 5404 Marcellinus
2778 5347 2854 5401 vir
2879 5345 3197 5402 clarissimus
3223 5345 3457 5398 tribunus
3500 5347 3543 5395 st
3569 5329 3743 5389 notarius

2216 5441 2368 5497 dixit.
2397 5442 2757 5510 (lollationem
2784 5441 2956 5498 fuisse
3000 5442 3352 5512 postulatam,
3382 5447 3435 5494 et
3462 5432 3741 5494 collationem

2223 5537 2392 5598 fuisse
2415 5551 2756 5603 concessam,
2788 5535 3025 5604 caelestis
3047 5535 3343 5602 sanctiouis
3372 5532 3533 5592 forma
3555 5523 3744 5584 declam'

527 5633 809 5699 continet,
833 5645 953 5701 qua:
977 5629 1042 5686 ad
1083 5637 1226 5684 tuam
1257 5629 1596 5688 nobilitatem
1626 5627 1751 5686 data
1779 5638 1874 5684 est
1918 5628 1986 5698 Et
2015 5630 2126 5696 alia
2219 5632 2442 5688 vit.Cur
2469 5647 2610 5688 nunc
2633 5631 2930 5701 legatorum
2957 5645 3204 5700 personat
3228 5629 3280 5683 in
3305 5626 3538 5684 medium
3557 5615 3744 5676 veniam.

532 5743 710 5810 manu.
736 5725 1068 5798 Recognovi.

611 5819 703 5882 54,
727 5819 1014 5892 Petiliauus
1035 5821 1305 5892 episwpus
1335 5821 1486 5882 dixit.
1515 5821 1630 5890 Non
1657 5820 1958 5888 dilicritnus
1995 5833 2122 5892 age-

2227 5725 2456 5784 necdum
2488 5725 2775 5796 diligenter
2799 5723 3032 5780 adverti.

2300 5817 2390 5876 59.
2423 5817 2741 5894 Augustinus
2759 5817 3034 5895 episwpus
3085 5813 3332 5886 Ecclesia
3359 5805 3606 5884 catqu
3633 5798 3742 5856 ἀξίη·
