3996 6332
439 245 583 306 ists
1407 245 1634 306 casn
1671 245 2122 307 COLLATIONIS
2159 248 2776 309 cauruacmanms.
3541 227 3665 320 tam

442 373 631 421 nostra
660 407 676 434 ,
707 363 901 436 quibus
931 362 1234 420 universale
1259 363 1552 421 concilium
1578 366 1886 432 mandavit,
1931 365 2045 420 dis-
2072 368 2126 428 Α
2150 365 2627 423 demonstrandam
2675 367 3020 439 Evangelittm
3079 371 3417 444 proferamus.
3480 375 3538 430 Et
3582 381 3663 434 alia

443 458 782 530 putationem
831 457 902 514 ab
947 457 1280 528 imperatore
1310 468 1638 530 praeceptam
1669 458 1746 514 ita
1772 458 2007 514 i‘trmavit
2029 501 2045 527 ,
2150 476 2326 514 manu.
2360 460 2690 531 Recognovi.

449 559 512 607 ut
539 565 609 607 ne
636 549 740 621 ipsi
769 548 988 621 quidem
1019 548 1271 605 dubitare
1295 549 1510 622 possint
1533 591 1548 615 ,
1597 551 1648 604 in
1692 564 1922 621 quorum
1951 549 2051 606 ad-
2224 553 2312 608 75.
2364 552 2646 610 Petilianns
2675 559 2942 630 episcopus
2977 557 3124 612 dixit.
3169 556 3450 614 Ecclesiam
3488 561 3672 618 emboli.

448 643 729 716 spectibus
761 651 1148 712 processerunt
1177 657 1367 698 omnes
1399 643 1489 714 qui
1521 642 1932 699 mandaverunt.
1987 641 2052 697 Et
2150 661 2268 702 eam
2303 663 2468 718 penes
2495 666 2579 705 me
2602 666 2723 708 esse
2751 695 2763 714 .
2796 664 2848 708 et
2878 668 3010 723 pura
3039 652 3334 706 observatio
3359 665 3525 707 nostra
3551 654 3672 721 facit,

450 736 558 790 alia
587 750 764 788 mauu.
812 733 1142 805 Recognovi.
1193 733 1470 790 Possidius
1505 737 1776 808 episcopus
1804 732 2054 788 Ecclesia
2151 748 2205 796 et
2231 741 2360 796 vitia
2386 753 2561 798 vostro
2605 752 2764 816 atque
2791 746 2989 817 ﬂagitia
3041 758 3234 800 γεειι-η,
3276 743 3451 800 omnis
3480 746 3678 805 Ecclesia

453 829 722 886 catholica
744 828 896 885 dixit.
943 829 1153 884 Petisse
1185 845 1284 884 nos
1311 830 1661 886 collationem
1709 827 1831 901 quis
1857 843 2053 900 negare
2154 837 2248 892 Dei
2281 854 2434 908 pura,
2461 850 2644 895 sancta
2670 881 2686 905 ,
2716 841 2832 896 sine
2864 841 3070 895 macula
3099 849 3152 894 et
3177 855 3299 910 ruga
3331 854 3439 895 esse
3478 840 3675 897 debebit.

453 927 629 998 potuit
656 933 750 981 aut
778 926 981 996 potest?
997 923 1184 981 Etalia
1217 943 1396 981 manu.
1434 925 1764 997 Recognovi.
2155 931 2336 1000 Quare
2367 932 2527 1003 igitur
2553 973 2568 998 ,
2621 945 2678 988 ut
2719 933 2783 988 ad
2819 934 2978 1002 hujus
3005 932 3412 1003 disputationem
3441 932 3511 986 rei
3537 936 3679 1004 possi-

527 1021 619 1078 69.
666 1021 920 1076 Emeritus
941 1022 1212 1093 episcOpus
1241 1023 1393 1076 dixit.
1436 1020 1576 1090 Quid
1609 1021 1833 1092 petisti?
1881 1017 2053 1086 Quem
2158 1041 2276 1078 nius
2321 1025 2692 1094 descendere,
2735 1035 2790 1080 et
2835 1041 3074 1096 congruo
3120 1032 3360 1095 tempore
3406 1025 3680 1080 testimoniis

456 1115 701 1170 misisti?
735 1115 828 1171 Dic
859 1129 1056 1170 nomen
1088 1156 1102 1181 ,
1134 1131 1253 1186 qua:
1291 1114 1603 1170 mandasti?
1642 1114 1711 1168 Et
1739 1114 1844 1168 alia
1874 1131 2052 1171 manu.
2159 1117 2449 1171 Dominicis
2475 1160 2488 1182 ,
2522 1127 2574 1171 ut
2607 1119 2752 1188 prius
2779 1126 2862 1173 est
2886 1160 2900 1183 ,
2950 1117 3090 1188 quod
3123 1118 3190 1172 de
3221 1126 3268 1171 te
3293 1116 3462 1185 ﬂagito
3485 1159 3496 1182 ,
3523 1119 3560 1171 si
3595 1134 3679 1172 non

459 1206 736 1263 Emeritus
779 1207 1068 1278 episcopus
1114 1207 1264 1262 salvo
1302 1207 1682 1278 appellationis
1727 1205 1924 1262 effectu
1964 1221 2052 1261 re-
2157 1207 2359 1262 diffidis
2383 1251 2396 1272 ,
2429 1211 2663 1264 maxime
2693 1226 2814 1264 cum
2847 1210 2897 1265 id
2929 1218 3054 1281 agat
3079 1224 3257 1264 causa:
3292 1209 3592 1279 iustissimus
3612 1225 3683 1265 co-

455 1298 705 1371 cognovi.
741 1298 1018 1354 Possidius
1043 1301 1316 1372 episcopus
1349 1298 1594 1354 Ecclesia
1614 1299 1881 1353 catholica
1901 1297 2054 1352 dixit.
2158 1305 2337 1373 gnitor
2361 1346 2376 1369 ,
2408 1313 2463 1357 ιιι
2491 1303 2750 1374 quidquid
2780 1303 3044 1376 agendum
3075 1305 3143 1358 sit
3175 1304 3368 1374 populo
3416 1303 3684 1372 publicetur.

458 1391 538 1448 De
573 1406 735 1447 causa
763 1392 1025 1463 loquere,
1061 1391 1370 1447 mandatum
1398 1392 1615 1447 audisti.
1669 1391 1946 1446 Rccitetur
1979 1389 2060 1445 id-
2161 1394 2436 1451 Mentitum
2486 1407 2537 1450 te
2599 1398 2760 1467 igitur
2826 1397 3250 1452 clementissimo
3305 1396 3580 1465 imperatori
3624 1407 3687 1450 sat

460 1486 702 1544 entidem
731 1529 746 1552 ,
777 1497 833 1542 et
858 1487 1129 1558 responde
1154 1528 1168 1553 ,
1200 1487 1244 1540 si
1278 1486 1446 1541 babes
1472 1485 1613 1555 quod
1641 1485 1810 1541 dicas.
1857 1485 2058 1556 Super-
2160 1498 2375 1544 constat
2398 1529 2412 1552 ,
2455 1503 2576 1544 cum
2623 1487 2837 1543 dubitas
2883 1489 3126 1559 proferre
3164 1488 3288 1557 quid
3331 1486 3548 1552 dixeris,
3590 1489 3687 1557 quid

459 1581 584 1636 ﬂuis
617 1581 947 1636 immoraris.
984 1580 1049 1635 Et
1080 1581 1185 1636 alia
1214 1597 1388 1636 manu.
1413 1579 1740 1652 Recognovi.
1778 1578 2061 1634 Petilianus
2161 1580 2359 1651 egeris,
2381 1581 2506 1651 quid
2529 1580 2892 1648 mandaveris,
2921 1581 3050 1651 quid
3081 1580 3380 1649 susceperit
3403 1579 3484 1634 ille
3507 1579 3685 1648 legatus,

461 1673 732 1743 episcopus
759 1671 913 1726 dixit.
962 1673 1132 1742 Quem
1174 1673 1402 1739 misisti,
1435 1673 1564 1744 quid
1593 1672 1899 1735 mandasti,
1930 1669 2060 1741 quid
2163 1671 2306 1742 quod
2338 1672 2650 1728 mandatum
2691 1673 2997 1741 acceperit,
3030 1671 3157 1742 quid
3202 1671 3475 1742 peregerit.
3518 1669 3690 1726 Noverit

459 1765 618 1837 egisti
647 1765 930 1822 advertere
969 1765 1165 1824 debeo.
1214 1767 1336 1823 Non
1360 1767 1505 1823 enim
1532 1766 1782 1822 clanculo
1814 1764 1907 1820 tibi
1937 1765 2063 1820 licet
2091 1759 2137 1819 B
2171 1766 2285 1820 lucc
2315 1767 2646 1822 conscientia
2693 1765 2876 1836 populi
2904 1806 2920 1831 ,
2969 1765 3104 1819 sciat
3152 1764 3396 1818 universa
3431 1762 3682 1830 provincia,

464 1872 800 1930 suggerere,
856 1860 999 1931 quod
1057 1871 1243 1930 postea
1321 1875 1427 1916 non
1501 1860 1698 1916 debeat
1777 1857 2060 1929 publicari.
2169 1858 2271 1914 hoc
2319 1869 2437 1913 acta
2481 1859 2582 1912 ista
2623 1872 2743 1928 quae
2788 1866 3136 1911 controversa
3192 1856 3349 1926 plene
3403 1856 3681 1919 contineant,

468 1951 534 2008 Et
559 1953 665 2007 alia
703 1970 879 2008 manu.
924 1953 1226 2012 Petilianus
1257 1956 1546 2026 episcopus
1589 1953 1709 2010 sine
1750 1951 2065 2024 prasjudicio
2169 1952 2344 2008 sciant
2369 1965 2468 2006 vos
2501 1949 2843 2020 apertissime
2872 1949 2942 2004 de
2973 1949 3258 2004 mendacio
3288 1959 3457 2002 vestro
3479 1945 3689 2012 difﬁdere,

467 2045 850 2116 appellationis
873 2056 1076 2103 nostrae
1107 2047 1423 2117 recognovi.
1845 2108 1850 2115 η
2173 2059 2459 2114 morasque
2487 2045 2768 2098 innectere
2795 2041 3015 2107 actioni,
3046 2056 3114 2096 ne
3127 2040 3196 2094 ad
3226 2041 3494 2095 veritatem
3511 2039 3696 2109 aliquan-

543 2139 632 2195 70.
665 2138 1004 2195 Marcellinus
1028 2141 1104 2195 vir
1155 2141 1472 2196 clarissimus
1503 2141 1737 2194 tribunus
1761 2148 1812 2195 et
1835 2137 2071 2193 notarius
2174 2144 2245 2200 do
2277 2143 2472 2199 vestris
2492 2142 2777 2213 praestigiis
2803 2141 3117 2210 nebulisque
3134 2138 3469 2195 obstantibus
3488 2137 3696 2191 veniatur.

471 2234 624 2288 dixit.
667 2233 783 2303 Qua
815 2233 1027 2290 ratione
1055 2236 1352 2308 legatorum
1381 2237 1600 2292 nomina
1629 2235 1973 2306 postulentur
1997 2234 2074 2303 ig-
2182 2241 2246 2295 Et
2275 2241 2379 2295 alia
2411 2256 2586 2293 manu.
2623 2238 2916 2294 Petilianus
2934 2235 3226 2306 episcopus
3248 2234 3390 2289 salva
3411 2233 3700 2305 appellatione

476 2341 651 2390 noro,
700 2340 823 2380 cum
851 2325 1198 2384 collationem
1230 2336 1436 2384 tantum
1479 2327 1802 2398 postulatam
1849 2340 1974 2382 esse
2021 2339 2051 2380 e

2179 2346 2358 2391 nostra
2397 2334 2708 2404 recognovi.
2768 2333 3066 2387 Vincentius
3095 2331 3368 2402 episcopus
3397 2328 3610 2383 Ecclesia
3641 2342 3702 2379 ca-

475 2417 822 2474 collationem
848 2418 1014 2476 fuisse
1041 2435 1379 2486 concessam,
1405 2422 1546 2476 sicut
1571 2421 1823 2493 superius
1855 2417 2078 2474 interfa-
2179 2429 2382 2484 ιιιοιίεω
2421 2419 2575 2482 dixit,
2621 2426 2774 2495 Quod
2819 2426 2999 2482 nescis
3042 2439 3108 2478 an
3144 2423 3458 2494 petii-crint,
3492 2418 3704 2492 quomodo

481 2520 570 2566 tus
617 2526 737 2567 sum
765 2554 778 2576 ,
827 2514 1143 2585 principalis
1170 2516 1381 2571 sanctio
1422 2515 1713 2587 diligenter
1751 2513 2052 2570 ostenderit

2181 2522 2587 2593 reprehendis?
2630 2521 2696 2576 Et
2739 2521 2845 2576 alia
2885 2537 3060 2574 manu.
3109 2516 3438 2589 Recognovi.
3479 2514 3703 2568 Petiliam

482 2601 638 2660 Unde
668 2606 929 2660 sanctitas
961 2617 1138 2662 vestra
1161 2607 1273 2678 jam
1305 2606 1371 2662 ad
1409 2606 1617 2678 negotii
1643 2606 1853 2662 interna
1896 2606 2080 2661 venire
2184 2619 2450 2690 ερίεοορηδ
2476 2616 2629 2670 dixti,
2679 2604 2888 2670 petisse
2915 2630 2974 2669 se
2995 2611 3282 2668 confessus
3307 2619 3405 2667 εει,
3439 2608 3496 2662 gi
3529 2609 3612 2661 αιίσ
3628 2622 3707 2658 ma.

485 2697 760 2768 dignetur,
793 2709 1058 2770 quatenus
1085 2703 1283 2758 veritas
1311 2703 1606 2758 elucescat.
2185 2727 2276 2765 nu.
2324 2709 2615 2764 Petilianus
2646 2706 2935 2778 episcopus
2956 2747 2970 2769 ,
3004 2704 3149 2759 salva
3179 2700 3531 2774 appellatione
3552 2705 3704 2761 nostra,

559 2793 646 2847 7l.
681 2791 962 2849 Montanus
993 2797 1264 2866 episcOpus
1290 2797 1442 2851 dixit.
1492 2794 1598 2851 Sed
1629 2794 2086 2851 clementissimus
2186 2805 2496 2874 recognovi.

489 2886 788 2958 imperator
817 2905 904 2943 me
932 2890 1103 2960 magis
1133 2890 1401 2944 instruere
1449 2890 1619 2944 voluit
1642 2889 1769 2959 quid
1801 2889 1870 2942 de
1899 2887 2063 2943 adver

2261 2898 2350 2954 76.
2385 2895 2797 2952 Fortunatiantts
2823 2895 3090 2966 episwpus
3119 2891 3371 2946 Ecclesia
3403 2887 3628 2943 catholica:
3655 2882 3711 2935 di-

491 2982 649 3037 sariis
677 2982 879 3038 nostris
907 2983 1266 3055 requiramus,
1293 2984 1421 3040 dum
1449 2986 1634 3056 utique
1656 2999 1842 3038 eorum
1868 2981 2090 3053 legatio-
2191 2995 2286 3050 πει,
2313 2992 2609 3048 Ecclesium
2637 2991 2800 3062 300
2827 2987 3160 3043 Catholicam
3195 2983 3339 3056 apud
3375 2997 3432 3038 se
3467 2994 3571 3037 esse
3595 2987 3713 3031 testa-

491 3091 615 3130 nem
663 3076 920 3145 publicat.
969 3075 1037 3132 Et
1083 3079 1189 3134 alta
1231 3096 1407 3134 manu.
1478 3080 1762 3135 Montanus
1805 3079 2092 3149 episcopus
2197 3098 2281 3142 [us
2337 3095 2438 3140 est,
2495 3085 2641 3138 Hanc
2688 3084 2956 3138 voluimus
3006 3080 3286 3135 residente
3356 3076 3600 3133 nobilitate
3650 3078 3710 3122 tua

496 3169 788 3239 recognovi
810 3171 964 3227 salvo
993 3172 1389 3242 provocationis
1415 3171 1629 3228 eﬂ'ectu.
2119 3152 2166 3216 (ἶ
2199 3177 2522 3236 testimoniis
2549 3175 2785 3231 edoceri.
2832 3173 3080 3230 Publicet
3102 3173 3252 3244 quod
3284 3167 3564 3242 promittit,
3586 3172 3630 3218 ttt
3649 3169 3712 3214 aut

568 3262 657 3318 72.
688 3261 1105 3320 Fortunatianus
1149 3267 1420 3336 episcOpus
1451 3265 1696 3321 Ecclesia
1726 3263 1995 3319 catholica
2016 3262 2097 3316 di-
2201 3273 2253 3328 in
2287 3272 2404 3342 eius
2433 3279 2673 3341 aperiam
2703 3269 2988 3323 veritatem
3009 3276 3200 3321 noster
3225 3277 3511 3320 consensus
3534 3255 3706 3316 accedat,

500 3357 600 3412 xit.
635 3358 1011 3427 Separationis
1041 3367 1096 3413 et
1118 3358 1473 3414 dissensionis
1498 3369 1600 3412 tuae
1624 3359 1692 3413 ab
1717 3357 1961 3413 Ecclesia
1980 3358 2100 3412 uni-
2202 3374 2294 3422 aut
2325 3365 2554 3436 patiatur
2580 3362 2870 3418 monstrari
2897 3361 3018 3415 luce
3035 3359 3239 3415 clarius
3271 3358 3556 3418 veritatem,
3577 3361 3615 3405 el
3632 3356 3712 3401 lan-

501 3452 701 3506 versali
727 3494 743 3519 ,
787 3468 908 3524 quas
935 3463 1048 3508 toto
1076 3453 1210 3509 orbe
1237 3452 1587 3521 diffunditur,
1633 3468 1824 3509 causas
1857 3467 2095 3525 expone.
2203 3458 2326 3514 dem
2363 3455 2653 3527 aliquando
2696 3455 2764 3509 at)
2807 3468 2998 3509 errore
3024 3452 3340 3507 descisccns
3382 3447 3526 3504 cedat
3564 3436 3718 3498 veritati

507 3543 574 3599 El
605 3546 711 3600 αλία
731 3563 911 3603 manu.
938 3547 1267 3620 Βεοοεηονὶο
2205 3565 2447 3622 congrue
2477 3563 2572 3618 pro
2611 3547 2789 3603 salute
2815 3587 2829 3610 ,
2879 3546 2969 3616 qui
3015 3545 3217 3614 cogitat
3263 3544 3315 3597 in
3358 3554 3533 3597 errore
3565 3536 3721 3588 vincere

579 3639 670 3693 73.
708 3638 986 3694 Montanus
1013 3643 1283 3715 episcopus
1312 3642 1465 3698 dixit.
1514 3641 1749 3715 Legatur
1797 3639 1863 3696 ad
1892 3641 2098 3708 locum,
2207 3651 2400 3699 contra
2422 3642 2670 3696 salutem.
2706 3637 2771 3692 Et
2799 3638 2905 3691 alia
2935 3652 3113 3690 manu.
3142 3631 3468 3706 Recognovi.
3507 3625 3724 3715 Petiliantts

511 3734 556 3789 si
598 3733 923 3804 legationem
965 3749 1153 3791 eorum
1188 3714 1293 3791 non
1323 3714 1609 3807 publicavit
1647 3735 2107 3791 clementissimus
2211 3736 2481 3807 episcOpns
2508 3732 2658 3786 dixit.
2711 3728 2776 3786 Ut
2813 3728 3082 3799 possimus
3115 3725 3296 3781 facere
3345 3725 3482 3788 haec,
3522 3719 3640 3790 prius
3671 3714 3726 3807 lac

510 3827 827 3899 imperator.
872 3829 944 3884 De
969 3829 1069 3884 hac
1095 3844 1176 3896 re,
1207 3828 1276 3884 de
1303 3805 1404 3886 liae
1429 3844 1590 3884 causa
1613 3809 1700 3885 ine
1727 3829 1897 3882 voluit
1920 3827 2106 3902 disptt-
2213 3805 2354 3902 quod
2385 3827 2452 3883 de
2479 3837 2530 3881 te
2559 3826 2880 3894 ﬂagitamus.
2919 3821 2982 3876 Et
3013 3821 3119 3875 alia
3143 3837 3321 3873 manu.
3346 3815 3609 3872 Petilianus
3643 3805 3726 3906 epin-

511 3929 627 3976 tare
652 3962 665 3982 .
716 3936 906 3977 eorum
949 3921 1272 3992 legationem
1301 3923 1352 3976 in
1391 3922 1596 3991 judicio
1624 3920 1794 3976 voluit
1823 3919 2106 3989 publicari.
2215 3937 2411 3989 scopus
2429 3921 2544 3974 sine
2565 3914 3729 3999 praeiudicioappellationisnostrmrecngnovl.

452 4035 461 4044 ί
515 4012 598 4068 Ab
626 4016 842 4070 statutis
888 3989 1302 4071 clementissimi
1343 3989 1686 4086 imperatoris
1730 4028 1839 4067 non
1891 4021 1974 4065 est
2019 4010 2114 4064 des
2218 4014 2629 4070 Fortunatianas
2659 4012 2930 4081 episcopus
2963 4005 3210 4060 Ecclesia
3241 4002 3500 4059 catholica
3539 3996 3658 4051 dixit.
3691 3989 3730 4044 Si

515 4105 796 4175 viandum,
830 4105 1134 4162 faciendum
1164 4117 1249 4161 est
1274 4107 1406 4162 satis
1430 4107 1482 4160 itt
1519 4106 1620 4160 hoc
1647 4105 1768 4160 loco
1802 4101 2116 4158 clementis-
2220 4107 2355 4163 ordo
2411 4116 2684 4175 gestorum
2725 4095 2971 4173 ﬂagitat,
3007 4099 3366 4170 publicamus.
3400 4095 3458 4150 Et
3483 4093 3573 4147 alia
3605 4099 3731 4141 manu.

515 4197 658 4252 simo
686 4197 1040 4264 imperatori:
1090 4197 1358 4267 siquidem
1402 4197 1468 4251 de
1512 4211 1700 4252 eorum
1745 4195 2016 4264 legatione
2061 4193 2116 4251 in
2223 4200 2554 4272 Recognovi.

512 4288 722 4358 judicio
753 4289 1018 4360 publicata
1046 4305 1142 4344 nos
1171 4290 1340 4345 voluit
1367 4299 1724 4361 pertractare.
1779 4289 1851 4344 Et
1879 4290 1986 4344 alia
2010 4306 2115 4345 ma-
2297 4295 2387 4351 77.
2425 4293 2760 4348 Marcellinus
2786 4291 2863 4346 vir
2884 4289 3205 4365 clarissimus
3237 4288 3466 4342 tribunus
3502 4290 3541 4337 et
3563 4272 3736 4333 notari“

517 4399 608 4438 nu.
657 4385 944 4440 Montanus
969 4384 1282 4456 episcopus,
1326 4393 1582 4442 manente
1609 4384 1990 4458 appellationis
2022 4400 2120 4440 no-
2224 4391 2374 4446 dixit.
2416 4389 2551 4444 Cum
2580 4386 2864 4457 legationis
2892 4383 3120 4438 l'ormam
3149 4376 3530 4446 demonstrarit
3569 4371 3736 4438 augusti

522 4484 650 4530 stra:
677 4475 894 4539 ell‘ectu,
927 4479 1238 4549 recognovi.
1451 4468 1476 4490 "
2229 4485 2538 4554 praeceptio,
2562 4496 2658 4537 cur
2675 4482 2971 4550 legatorum
3001 4478 3220 4533 nomina
3245 4475 3564 4545 postulentur
3584 4467 3737 4534 ignoro-

593 4568 682 4623 74.
706 4567 1112 4626 Fartunatianus
1124 4573 1393 4645 episcopus
1418 4571 1663 4628 Ecclesia
1675 4571 1941 4627 catholica
1962 4570 2115 4626 dixit.
2145 4559 2200 4620 D
2224 4580 2307 4635 An
2337 4576 2747 4633 invictissimum
2781 4573 3080 4644 principem
3113 4569 3314 4641 aliquid
3342 4575 3520 4627 contra
3537 4559 3740 4618 rationem

523 4661 638 4719 Hoc
671 4664 1128 4722 clementissimus
1157 4681 1262 4720 non
1303 4667 1518 4723 censuit
1547 4667 1874 4736 imperator;
1925 4665 2022 4720 sed
2066 4665 2118 4720 id
2226 4672 2429 4729 dixisse
2455 4678 2634 4725 veStra
2656 4667 2916 4724 sanctitas
2944 4667 3133 4737 putat?
3154 4663 3289 4719 Cum
3321 4661 3385 4717 ad
3411 4671 3602 4716 causam
3628 4662 3742 4722 pera-

527 4762 772 4830 partibus
797 4761 1052 4832 dignatus
1077 4771 1162 4817 est
1186 4770 1422 4818 statuere
1449 4804 1464 4828 ,
1501 4770 1560 4817 ttt
1585 4762 1652 4816 ab
1678 4761 1921 4832 utrisque
1947 4760 2120 4830 parti-
2228 4766 2456 4838 gendam
2490 4778 2736 4835 persoiia
2754 4761 3038 4816 videantur
3061 4773 3343 4830 expressae
3362 4766 3512 4826 atque
3536 4751 3738 4838 ﬁrmatis.

529 4855 628 4910 bus
671 4857 859 4912 electis
888 4857 1159 4928 episcopis
1183 4897 1199 4922 ,
1251 4865 1596 4910 veternosum
1625 4870 1868 4911 errorem
1903 4854 2120 4909 tandem
2230 4836 2329 4919 our
2356 4876 2495 4916 nunc
2525 4858 2806 4931 legationis
2833 4857 3036 4935 mentio
3069 4855 3160 4911 ﬁat
3187 4897 3201 4921 ,
3249 4852 3472 4910 necdum
3517 4836 3745 4918 poluidili-

531 4946 820 5016 aliquando
846 4959 1072 5020 propter
1094 4949 1325 5005 salutem
1357 4948 1675 5018 populorum
1721 4957 1775 5002 et
1816 4948 2124 5002 animarum
2231 4965 2422 5028 genter
2447 4953 2732 5008 advertere
2756 4993 2773 5020 ,
2819 4950 2902 5006 vel
2934 4963 3032 5004 cur
3063 4949 3361 5018 legatorum
3388 4941 3582 4999 nomina
3615 4938 3749 5004 postu-

531 5037 584 5093 in
616 5039 850 5093 medium
885 5043 1090 5108 prolata
1118 5043 1320 5097 veritas
1349 5049 1634 5096 monstret.
1697 5041 1766 5096 Et
1805 5040 1911 5096 alia
1947 5058 2126 5096 manu.
2233 5051 2412 5107 lentur
2441 5049 2652 5118 ignoro.
2675 5044 2833 5103 Unde
2857 5044 3079 5099 tandem
3107 5040 3396 5113 aliquando
3421 5033 3596 5092 amotis
3615 5036 3748 5096 ειιιιετ·

535 5133 866 5203 llecognovi.
916 5132 1202 5188 Petilianus
1249 5135 1522 5204 episcopus
1561 5135 1711 5191 dixit.
1761 5136 1904 5206 Lege
1952 5145 2129 5190 utrum
2234 5143 2378 5206 ﬂuis,
2409 5140 2682 5209 negotium
2722 5146 3076 5206 proponatur.

535 5226 640 5281 ltoc
679 5227 956 5297 petiveris.
1013 5227 1077 5282 Et
1115 5229 1222 5282 alia
1267 5237 1444 5282 manu.
1499 5228 1795 5285 Petiliantts
1844 5231 2135 5300 episcopus
2307 5234 2398 5289 78.
2434 5206 2692 5286 Emeritus
2722 5231 2991 5301 episcOpus
3028 5228 3184 5282 dixit.
3234 5222 3525 5281 Mandatum
3553 5206 3667 5284 quod
3687 5216 3746 5258 τεο

538 5319 685 5374 salva
716 5323 1076 5390 appellatione
1104 5332 1284 5376 nostra
1311 5364 1328 5389 ,
1370 5322 1682 5391 recognovi.
1728 5319 2135 5378 Fortunatianus
2242 5326 2386 5382 centi
2417 5324 2636 5394 negotio
2663 5323 2948 5378 recitatum
2981 5331 3088 5388 est,
3127 5320 3261 5375 actis
3290 5317 3494 5372 videtur
3530 5310 3747 5365 insertum.

535 5413 808 5483 cpiscOpus
834 5413 1080 5471 Ecclesia
1100 5415 1369 5471 catholica
1387 5416 1535 5471 dixit.
1559 5414 1830 5471 Caeterum
1848 5418 2137 5488 superﬂuis
2242 5419 2378 5486 Quid
2405 5426 2587 5473 autem
2618 5431 2712 5484 per
2737 5417 2946 5486 legatos
2978 5428 3110 5468 suos
3149 5411 3510 5466 mandaverint
3548 5397 3751 5488 insimlfl'e

537 5510 901 5567 imtnoramini
925 5552 942 5579 ,
968 5510 1302 5568 Catholicam
1348 5518 1712 5566 monstramus
1739 5507 2036 5564 Ecelesiam
2067 5509 2137 5566 de
2245 5513 2556 5567 noluerunt.
2609 5507 2674 5562 Et
2703 5508 2809 5561 alia
2833 5522 3013 5560 manu.
3057 5504 3328 5560 Emeritus
3369 5500 3625 5568 episcopus
3650 5479 3754 5539 sill"

541 5607 686 5676 Lege
713 5649 726 5673 ,
759 5606 828 5662 de
856 5607 1145 5678 Propltetis
1169 5650 1182 5671 ,
1216 5609 1284 5664 de
1307 5607 1637 5678 Evangeliis.
1679 5605 1748 5660 tle
1778 5603 2005 5659 Psalmis
2027 5646 2042 5666 ,
2069 5603 2139 5658 de
2245 5603 2444 5660 ellectu
2473 5599 2856 5672 appellationis
2884 5607 3086 5652 nostra
3113 5593 3419 5665 recognovi.
3706 5669 3714 5680 .

547 5699 798 5753 omnibus
823 5699 1019 5755 divinis
1051 5701 1396 5756 testimoniis.
1425 5701 1623 5758 Contra
1653 5699 1758 5757 hoc
1777 5715 1805 5754 a
1835 5698 1988 5752 Vobis
2017 5712 2142 5769 pro-
2199 5725 2206 5732 ο
2322 5698 2417 5755 79.
2453 5695 2790 5752 Marcellinus
2825 5694 2903 5750 uir
2929 5690 3493 5765 clarissimusjribunus
3525 5690 3564 5736 et
3585 5681 3756 5777 ηοηξζιξξ

550 5790 720 5846 fertur
758 5753 1399 5851 mandantur—Publica;
1844 5753 2141 5850 Ecclesiam
2247 5753 2399 5847 dixit.
2473 5788 2840 5846 Collationem
2893 5787 3220 5860 postulatam
3257 5758 3536 5840 “evidenter
3593 5753 3755 5826 τεπῖιείέ
