3996 6332
228 331 366 386 1577

1197 323 1421 384 GESTA
1456 321 1912 383 COLLATIONIS
1949 323 2575 386 CARTHAGINENSIS.

3390 327 3530 385 1578

230 443 545 516 principalis
572 439 784 499 sanctio
807 440 1126 511 declaravit,
1148 440 1400 513 hancque
1421 441 1588 498 fuisse
1609 457 1832 498 conces-
1857 445 1910 505 A
1938 460 2037 514 pro
2077 461 2174 501 sua
2212 448 2422 503 censuit
2469 445 2762 502 voluntate.
2812 442 2921 500 Nos
2972 457 3187 516 quoque
3232 447 3532 504 secundum

225 556 344 595 sam
376 545 610 595 constat.
659 536 726 592 Et
754 537 1008 608 quoniam
1053 537 1104 591 in
1144 552 1309 591 unum
1339 537 1601 591 sanctitas
1648 543 1826 590 vestra

227 631 296 687 de
322 629 548 686 delectis
577 628 646 684 ab
682 639 908 698 utraque
950 637 1100 700 parte
1143 628 1234 700 qui
1279 629 1552 699 negotium
1608 635 1831 699 pusseut

227 724 458 780 actitare
484 720 739 777 coitvenit
762 761 778 786 ,
807 720 993 792 quaso
1020 735 1118 775 vos
1162 729 1218 774 ut
1263 721 1477 774 tandem
1525 734 1832 790 proponere

229 815 543 886 negotium,
590 825 645 870 et
671 829 932 885 peragere
961 822 1125 884 atque
1170 814 1460 884 explanare
1505 812 1828 884 dignemini.

231 909 492 964 Emeritus
513 908 781 980 cpiscopus
813 907 964 962 dixit.
1012 908 1124 962 lloc
1149 907 1322 978 ipsum
1355 907 1502 962 dicat
1527 907 1669 978 quod
1697 922 1834 977 prae-

231 1005 431 1058 SIautia
464 1010 550 1056 tua
577 1017 672 1056 sua
705 1001 1127 1057 interlocutione
1153 1000 1406 1072 signavit.
1436 1000 1504 1054 Et
1525 999 1634 1054 alia
1653 1017 1831 1056 manu.

233 1097 508 1153 Emeritus
551 1098 835 1168 episcopus
881 1095 1031 1150 salva
1077 1095 1440 1167 appellatione
1503 1104 1687 1150 nostra
1745 1109 1836 1151 re-

233 1190 488 1263 cognovi.

311 1289 402 1345 80.
449 1287 764 1359 Augustinus
797 1285 1066 1356 episcOpus
1091 1283 1341 1340 Ecclesia
1373 1284 1642 1339 catholica
1684 1282 1835 1338 dixit.

240 1383 356 1438 Hoc
383 1381 513 1437 olim
542 1382 838 1436 clamamus
867 1389 925 1434 ut
955 1379 1066 1432 ﬁat.
1116 1377 1349 1433 Collatia
1390 1378 1659 1446 postulata
1707 1387 1792 1432 est
1820 1417 1836 1442 ,

240 1479 462 1535 collatio
490 1491 749 1533 concessa
783 1484 886 1539 est,
917 1489 1080 1529 causa
1107 1473 1414 1527 collationis
1440 1472 1655 1542 utrique
1691 1471 1844 1525 veni-

243 1587 390 1628 mus.
442 1570 560 1626 Jam
607 1569 822 1624 tandem
855 1567 946 1622 fiat
972 1607 988 1634 ,
1018 1565 1162 1638 quod
1190 1576 1243 1620 et
1270 1567 1493 1634 petitum
1528 1563 1757 1619 fatemur
1789 1570 1845 1618 et

243 1677 566 1722 concessum
602 1676 727 1718 esse
773 1661 885 1731 ipsa
936 1661 1221 1714 concessio
1261 1657 1578 1714 declaravit.
1635 1656 1700 1712 Et
1738 1657 1844 1710 alia

243 1774 427 1813 manu.
456 1754 790 1825 Recognovi.
827 1752 1087 1807 Emeritus
1115 1752 1386 1823 episcOpus
1415 1750 1568 1804 dixit.
1604 1749 1845 1803 Postula-

246 1862 354 1905 tam
383 1864 504 1905 esse
529 1847 685 1904 dixit.
713 1847 817 1902 Per
837 1860 997 1916 quem
1022 1843 1218 1915 petiit?
1250 1842 1318 1898 Et
1343 1844 1450 1898 alia
1472 1859 1649 1898 manu.
1684 1842 1846 1897 Eme-
1879 1840 1923 1900 Β

244 1944 387 2000 ritus
409 1943 698 2014 episcOpus
724 1940 872 1996 salva
917 1937 1280 2009 appellatione
1317 1944 1502 1991 nostra
1532 1935 1844 2005 recOgnovi.

249 2037 526 2093 Possidius
563 2037 833 2108 episc0pus
880 2032 1128 2088 Ecclesia
1153 2030 1421 2086 catholica
1459 2030 1610 2085 dixit.
1658 2027 1848 2084 Finem

246 2129 538 2203 superﬂuis
567 2130 846 2198 imponere
869 2126 1077 2182 nolunt.
1107 2124 1173 2180 Et
1188 2125 1294 2180 alia
1314 2140 1488 2178 manu.
1519 2122 1850 2193 Recognovi.

255 2224 541 2279 Montanus
563 2223 830 2294 cpismpus
859 2220 1012 2274 dixit.
1056 2217 1136 2272 Tu
1167 2216 1232 2272 ad
1262 2217 1529 2272 actionem
1560 2231 1741 2270 moras
1772 2215 1856 2269 in-

252 2319 450 2374 uectis.
485 2315 554 2370 Et
581 2316 687 2386 alia
706 2331 881 2370 manu.
905 2313 1194 2368 Montanus
1221 2311 1510 2380 cpiscopus
1539 2308 1853 2379 recognovi,

252 2411 406 2466 salvo
432 2406 832 2480 provocationis
863 2405 1080 2460 effectu.

330 2503 422 2558 8|.
459 2501 796 2556 Marcellinus
825 2499 902 2552 vir
929 2497 1245 2552 clarissimus
1270 2494 1507 2550 tribunus
1545 2503 1594 2548 et
1621 2493 1856 2548 notarius

257 2597 409 2653 dixit.
440 2595 764 2666 Legatorum
795 2607 1040 2664 personae
1069 2591 1142 2648 ibi
1176 2591 1391 2644 fuerant
1414 2589 1692 2661 exigenda.-
1722 2630 1736 2655 ,
1768 2589 1862 2644 ubi

259 2699 478 2764 peracta
509 2690 707 2760 legatio
734 2699 837 2744 est.
889 2688 1024 2744 Cum
1053 2698 1232 2740 autem
1280 2684 1348 2740 de
1375 2683 1686 2740 nominibus
1711 2683 1862 2754 lega-

262 2797 442 2844 torum
481 2780 942 2838 clementissimus
969 2790 1145 2835 tacere
1175 2777 1404 2832 voluerit
1426 2776 1740 2846 imperator,
1769 2790 1868 2831 cur

262 2880 353 2936 hic
399 2877 778 2934 desiderentur
825 2875 1036 2945 ignoro.
1089 2871 1352 2924 Emeritus
1399 2870 1669 2941 episwpus
1711 2869 1863 2923 dixit.

263 2972 371 3043 Ipsi
399 2985 505 3025 non
538 2977 752 3024 taceant
778 3009 794 3033 ,
826 2967 872 3022 si
904 2965 1067 3021 tacuit
1092 2963 1408 3034 imperator.
1459 2960 1525 3015 Et
1561 2963 1666 3016 alia
1691 2978 1866 3016 manu.

265 3064 540 3122 Emeritus
577 3061 900 3133 episcopus,
929 3058 1076 3114 salva
1107 3056 1473 3128 appellatione
1513 3065 1695 3110 nostra
1720 3097 1734 3121 ,
1781 3069 1870 3109 re—

266 3159 520 3231 cognovL

1933 553 2124 594 eorum
2152 540 2467 610 petitionem
2504 581 2520 604 .
2550 549 2607 594 ut
2635 537 2846 604 dicunt,
2879 553 3038 610 quam
3064 553 3208 593 nunc
3251 539 3303 594 in
3333 538 3533 610 judicio

1935 642 2167 705 negant,
2204 651 2363 706 quant
2392 633 2695 706 approbare
2731 633 2945 689 nolunt.
3001 632 3067 688 Et
3107 633 3261 707 [cum
3301 634 3530 700 diceret,

1939 724 2053 798 (Et)
2088 728 2194 782 alia
2228 705 2403 782 manu.
2430 705 2720 783 iEmeritus
2764 728 3048 798 episc0pus
3069 768 3087 794 ,
3111 705 3267 783 salva
3295 727 3533 799 appella-

1936 823 2086 878 tione
2109 832 2313 887 nostra,
2347 821 2684 896 recognovi].
2716 822 3035 896 Augustinus
3053 825 3326 894 episcopus
3355 821 3540 878 Eccle-

1937 918 2030 973 sia
2058 916 2326 972 catholica
2352 917 2504 972 dixit.
2531 916 2648 974 Non
2677 932 2957 988 negamus.
3002 917 3071 972 Et
3095 919 3200 973 alia
3229 935 3407 974 manu.
3435 919 3536 974 Re-

1937 1012 2190 1084 cognovi.
2236 1009 2497 1065 Emeritus
2528 1017 2801 1080 episcOpus
2840 1011 2988 1065 dixit.
3046 1010 3216 1077 Quam
3262 1009 3538 1080 publicare

1939 1103 2264 1170 detrectant,
2299 1102 2592 1174 provinciis
2626 1102 2823 1158 nostris
2845 1103 3024 1169 acciti,
3046 1102 3354 1159 conﬂictum
3377 1118 3538 1173 quem

1941 1213 2001 1255 se
2029 1212 2333 1269 proponere
2362 1196 2686 1266 pollicentur
2710 1237 2724 1262 ,
2779 1195 3027 1267 refugere
3055 1211 3156 1251 nos
3203 1212 3310 1251 non
3339 1196 3542 1252 debere

1942 1292 2164 1348 omnino
2194 1289 2534 1362 profitemur.
2566 1289 2731 1361 Igitur
2757 1291 3009 1362 quoniam
3042 1290 3175 1346 nihil
3205 1289 3274 1345 de
3300 1306 3378 1357 re,
3405 1290 3542 1347 nihil

1943 1386 2011 1442 de
2037 1399 2224 1450 causa,
2261 1384 2392 1438 nihil
2421 1382 2491 1439 de
2519 1397 2751 1454 persona
2778 1392 2956 1439 actum
2985 1392 3068 1438 est
3092 1423 3108 1448 ,
3139 1398 3262 1439 cum
3290 1383 3539 1452 primitus

1945 1478 2078 1536 illud
2103 1478 2303 1535 debeat
2346 1475 2596 1532 ventilari
2627 1488 2806 1531 utrum
2840 1477 3137 1547 petierint,
3171 1490 3267 1546 per
3291 1490 3428 1548 quos
3453 1489 3547 1548 pe-

1946 1573 2132 1629 tierint
2156 1614 2170 1638 ,
2201 1571 2284 1627 vel
2307 1570 2433 1642 quid
2479 1569 2774 1642 petierint,
2826 1585 2994 1640 quare
3026 1569 3078 1625 id
3106 1569 3308 1626 sileant
3334 1612 3349 1636 ,
3379 1584 3548 1642 quare

1947 1683 2052 1721 non
2088 1666 2358 1736 publiceut
2383 1707 2396 1730 ,
2431 1664 2665 1720 advertit
2703 1665 3011 1719 sublimitas
3054 1673 3163 1718 tua.
3217 1663 3273 1718 Si
3319 1679 3552 1720 concor-

1947 1759 2076 1815 dant
2092 1757 2399 1830 petitiones,
2419 1757 2615 1813 dehent
2629 1756 2682 1811 in
2705 1755 2910 1827 judicio
2928 1756 3196 1812 ventilari.
3213 1756 3268 1812 Si
3296 1766 3547 1812 neutrum

1952 1853 2162 1918 volunt,
2194 1852 2352 1906 unius
2380 1850 2578 1906 debent
2604 1849 2783 1906 facere
2813 1850 3137 1906 cessionem.
3176 1848 3233 1905 Si
3258 1847 3326 1904 ad
3359 1847 3554 1918 prioris

1951 1947 2191 2004 mandati
2224 1946 2406 2003 volunt
2433 1961 2534 2002 nos
2564 1955 2751 2001 tenere
2781 1959 3131 2010 consensum,
3163 1959 3267 2000 non
3291 1957 3554 2014 negamus

1953 2041 2254 2099 secundum
2283 2041 2564 2112 imperiale
2583 2049 2917 2111 praceptum
2939 2037 3133 2094 adesse
3153 2053 3254 2094 nos
3273 2037 3556 2094 conﬂicta-

1955 2136 2088 2192 tioni
2119 2135 2340 2192 debere.
2389 2135 2444 2192 Si
2491 2143 2671 2190 autem
2720 2131 3018 2189 secundum
3064 2148 3304 2204 prasens
3330 2131 3552 2188 manda-

1957 2236 2071 2284 tum
2095 2217 2291 2284 ‘volunt
2319 2242 2502 2300 agere,
2526 2226 2728 2284 debent
2752 2226 3116 2298 cognitionem
3145 2226 3384 2298 ejusdem
3419 2241 3556 2299 quo-

1958 2335 2064 2392 que
2103 2321 2217 2387 rei,
2272 2304 2628 2390 profiteantur
2675 2319 3176 2390 adstipulationem.
3224 2319 3278 2375 Si
3310 2318 3564 2374 dubitant

1960 2428 2300 2483 proponere.
2351 2423 2408 2467 ut
2455 2428 2557 2468 nos
2601 2411 2917 2467 eorumdem
2969 2411 3432 2482 propositionibus
3471 2425 3562 2468 re-

1961 2505 2231 2577 spondere
2256 2506 2538 2560 valeamus
2557 2545 2571 2571 ,
2601 2503 2781 2560 videat
2809 2505 3125 2574 praestantia
3154 2511 3238 2558 tua
3263 2518 3369 2558 non
3400 2518 3431 2558 e
3457 2518 3560 2557 uo-

1963 2599 2091 2654 stris
2136 2597 2378 2668 partibus
2422 2598 2571 2653 nasci
2611 2597 2901 2668 quominus
2945 2595 3220 2665 negotium
3251 2595 3562 2650 ventilatur.

1965 2691 2176 2762 Quippe
2201 2706 2323 2746 cum
2354 2690 2453 2745 hac
2483 2705 2650 2762 agoga
2676 2688 2754 2763 (1)
2785 2697 2840 2745 et
2866 2687 2966 2744 hac
2984 2686 3388 2760 quodammodo
3402 2687 3567 2758 janua

1966 2784 2035 2841 ad
2065 2785 2266 2856 negotii
2297 2784 2490 2840 merita
2522 2782 2961 2840 descendendum
2988 2783 3096 2850 sit,
3147 2781 3396 2852 intelligit
3427 2795 3566 2852 prte-

1968 2879 2165 2935 stantia
2198 2887 2284 2934 tua
2316 2878 2399 2935 vel
2433 2892 2632 2950 negare
2665 2877 2857 2934 saltem
2888 2891 2984 2932 eos
3010 2919 3024 2943 ,
3054 2876 3135 2932 vel
3171 2876 3402 2932 reticere
3423 2917 3438 2943 ,
3485 2873 3574 2931 vel

1971 2984 2323 3032 contemnere
2368 2972 2703 3046 respondere
2747 2971 3210 3045 propositionibus
3250 2970 3482 3037 nostris;
3515 2976 3578 3026 ut

1970 3081 2092 3122 cum
2123 3068 2238 3122 haec
2271 3065 2593 3132 adverteris,
2613 3065 2860 3136 judicare
2875 3065 3136 3136 digneris.
3167 3061 3234 3118 Et
3259 3063 3365 3118 alia
3388 3078 3569 3118 manu.

1977 3161 2248 3218 Emeritus
2273 3161 2561 3232 episcopus
2586 3202 2600 3227 ,
2649 3159 2800 3216 salvo
2836 3156 3030 3214 effectu
3076 3156 3455 3230 appellationis
3479 3171 3579 3214 ηο·

343 3253 435 3309 82.
470 3249 883 3305 Fortunatianus
914 3247 1182 3318 episcopus
1212 3243 1461 3299 Ecclesia
1492 3241 1758 3296 catholica
1785 3241 1867 3294 di-
1895 3236 1940 3300 C
1974 3263 2124 3322 ειη,
2153 3254 2465 3325 recognovi.

268 3347 367 3403 xit.
390 3347 620 3402 Causam
648 3344 831 3399 dicant
855 3383 870 3407 ,
903 3353 961 3396 ut
981 3342 1094 3412 jam
1124 3340 1360 3396 diximus
1386 3381 1401 3406 ,
1435 3338 1796 3409 separationis
1819 3345 1874 3392 et

271 3439 553 3498 divisionis
578 3439 644 3495 ab
673 3437 915 3494 Ecclesia
946 3446 1059 3491 toto
1104 3445 1369 3492 terrarum
1403 3435 1534 3489 orbe
1565 3433 1827 3503 promissa
1855 3474 1871 3500 ,

274 3536 396 3606 lege
426 3533 659 3598 ﬁrmata,
676 3529 1002 3588 testimoniis
1015 3529 1400 3601 pr0phetarum
1426 3527 1545 3583 luce
1572 3527 1769 3582 clarius
1781 3525 1874 3582 de-

275 3636 616 3693 monstrata,
667 3625 959 3696 Evangelia
1003 3640 1172 3694 usque
1199 3622 1361 3677 hodie
1388 3637 1579 3693 magna
1625 3621 1880 3677 firmitate

275 3721 571 3794 perducta;
617 3727 673 3774 et
702 3717 986 3774 discedant
1020 3717 1328 3772 moratorize
1363 3716 1836 3786 tergiversationes
1860 3756 1876 3782 ,

201 3852 204 3854 ν
276 3825 333 3871 ct
363 3813 722 3885 separationis
747 3813 953 3868 crimen
979 3810 1067 3866 vel
1091 3824 1216 3866 sero
1245 3817 1600 3881 cognoscant.
1655 3809 1723 3863 Et
1767 3809 1875 3863 alia

279 3925 457 3964 manu.
491 3905 822 3978 Recognovi.

356 4001 445 4056 85.
481 3999 758 4054 Montanus
787 3998 1055 4070 episcOpus
1081 3997 1233 4052 dixit.
1258 3996 1390 4053 Cum
1419 3995 1658 4052 edideris
1677 4011 1740 4052 ea
1764 4011 1883 4066 qua:

281 4093 627 4166 postulamus
651 4133 666 4159 ,
693 4090 1087 4147 assertionibus
1118 4089 1322 4146 nostris
1350 4105 1458 4145 non
1490 4089 1786 4145 deerimus.
1822 4088 1889 4146 Et

283 4188 394 4241 alia
420 4202 595 4240 manu.
624 4168 932 4238 ‘Montauus
959 4184 1248 4254 episcopus
1297 4183 1708 4253 prosccutioucs
1741 4199 1887 4238 meas

284 4281 437 4336 salvo
460 4277 837 4350 appellationis
869 4275 1067 4332 etl‘ectu
1096 4275 1406 4347 recognovi.

363 4375 451 4430 84.
486 4373 821 4428 Marcellinus
850 4373 926 4426 vir
955 4370 1272 4425 clarissimus
1310 4369 1545 4425 tribunus
1587 4379 1632 4424 et
1661 4370 1892 4426 notarius

288 4470 444 4526 dixit.
491 4468 840 4541 Legationem
868 4481 898 4520 a
923 4463 1220 4522 Catholicis
1248 4471 1554 4534 susceptam
1600 4462 1893 4534 imperialis

289 4564 590 4628 sanctionis
619 4571 774 4617 tenor
798 4557 1072 4626 ostendit,
1125 4561 1179 4612 in
1223 4572 1328 4629 qua
1367 4556 1714 4612 collationem
1762 4569 1894 4612 con-

2049 3367 2140 3424 86.
2177 3367 2516 3424 Marcellinus
2543 3369 2621 3423 vir
2651 3367 2972 3422 clarissimus
3007 3366 3242 3422 tribunus
3270 3375 3319 3423 et
3350 3366 3583 3423 notarius

1976 3463 2130 3518 dixit.
2177 3461 2314 3529 Quid
2344 3462 2625 3533 petierint,
2659 3461 2744 3517 vel
2776 3460 2902 3532 quid
2932 3459 3276 3530 pertulerint,
3305 3459 3583 3531 inquirere

1979 3571 2068 3612 me
2114 3554 2316 3611 debere
2371 3571 2477 3609 non
2533 3554 2698 3624 jussit
2745 3553 3209 3610 clementissimus
3259 3553 3580 3625 imperator.

1980 3648 2160 3714 Quare
2189 3649 2370 3702 autem
2397 3647 2564 3718 petita
2592 3645 2813 3700 collatio
2838 3645 2948 3714 sit,
2994 3645 3336 3714 apertissime
3360 3645 3585 3702 demon-

1981 3749 2211 3795 stratum
2242 3749 2359 3806 est,
2392 3738 2444 3794 id
2475 3747 2560 3794 est
2584 3780 2598 3805 ,
2629 3747 2687 3793 ut
2712 3738 3157 3810 superstitionem
3190 3738 3328 3794 ratio
3354 3735 3588 3795 manife-

1982 3843 2064 3888 sta
2093 3831 2356 3888 confutet.
2415 3831 2528 3909 Hoc
2555 3829 2716 3887 hodie
2737 3831 2852 3887 ﬁeri
2884 3827 3044 3902 posse
3071 3847 3178 3887 non
3210 3831 3430 3886 dubium
3459 3838 3584 3897 est;

1984 3926 2254 3998 siquidem
2296 3925 2535 3983 delectas
2564 3928 2635 3984 ab
2685 3935 2911 3998 utraque
2951 3935 3105 3996 parte
3155 3941 3413 3996 personas
3459 3941 3590 3981 con-

1987 4023 2200 4078 venisse
2226 4035 2517 4094 cognosco.
2552 4021 2705 4079 Uude
2724 4021 2872 4092 jam,
2913 4020 3275 4092 sicutsaepius
3302 4021 3588 4078 interfatus

1988 4130 2135 4182 sum,
2162 4116 2434 4186 negotium
2465 4123 2820 4186 proponatur.

2063 4230 2154 4288 87.
2198 4229 2460 4285 Emeritus
2490 4219 2761 4302 episcapus
2787 4229 2942 4285 dixit.
2996 4229 3314 4294 Petierunt,
3363 4236 3455 4284 aut
3485 4244 3593 4284 non

1994 4326 2285 4398 petierunt.
2339 4324 2530 4382 Dicant
2557 4339 2652 4396 per
2674 4339 2811 4396 quos
2858 4324 2949 4381 vel
2999 4323 3129 4396 quid
3180 4324 3474 4395 petierunt.
3528 4321 3595 4378 Et

1994 4420 2101 4474 alia
2123 4435 2300 4475 manu.
2352 4418 2628 4475 Emeritus
2658 4421 2947 4490 episcopus
2975 4460 2989 4485 ,
3041 4419 3188 4474 salva
3233 4417 3596 4490 appellatione

1995 4521 2202 4581 nostra,
2234 4512 2548 4584 recognovi.

292 4671 405 4720 stat
444 4660 612 4716 fuisse
638 4656 983 4729 postulatam,
1007 4653 1093 4708 cui
1124 4667 1209 4707 me
1228 4650 1464 4722 judicem
1490 4650 1631 4707 idem
1656 4649 1894 4706 clemen—
1919 4639 1972 4701 D
2069 4650 2158 4708 88.
2189 4650 2408 4724 Alypius
2438 4649 2708 4724 episcOpus
2737 4649 2986 4705 Ecclesia
3005 4648 3273 4707 catholica
3291 4651 3443 4708 dixit.
3472 4651 3599 4706 Sul-

298 4755 545 4811 tissimus
571 4749 820 4822 princeps
847 4745 1017 4802 voluit
1048 4744 1311 4800 residere.
1345 4742 1499 4800 Unde
1541 4742 1793 4815 quoniam
1831 4739 1899 4796 de

301 4847 553 4922 personis
581 4847 878 4916 legatorum
921 4840 1054 4896 nihil
1086 4841 1361 4910 inquirere
1394 4849 1697 4911 praeceptus
1737 4853 1855 4893 sum
1881 4878 1898 4908 ,

301 4958 410 5001 nec
434 4939 696 4997 excedere
723 4952 810 4992 me
840 4949 1000 5006 posse
1025 4933 1276 5004 praecepti
1310 4931 1537 4988 formam
1577 4941 1754 4985 vestra
1779 4946 1903 4985 san-

302 5041 466 5097 etitas
496 5049 705 5092 mecum
738 5031 932 5087 melius
971 5027 1334 5098 recognoscit,
1367 5024 1665 5098 dignamini
1684 5024 1901 5081 tandem

301 5129 597 5201 aliquando
641 5125 913 5197 negotium
960 5135 1302 5192 proponere,
1356 5129 1414 5174 ut
1453 5127 1508 5174 et
1552 5119 1654 5188 ipsi
1694 5118 1907 5174 veritati

303 5236 365 5284 et
409 5220 690 5295 principali
732 5215 961 5290 iussioni
1007 5213 1336 5270 satisfactum
1384 5226 1508 5268 esse
1553 5211 1607 5266 in
1657 5209 1907 5266 omnibus

303 5317 578 5375 videatur.
1042 5380 1044 5382 τ

385 5414 475 5470 85.
506 5409 766 5466 Emeritus
791 5407 1062 5479 episcopus
1100 5404 1250 5460 dixit.
1293 5401 1431 5472 Quid
1462 5410 1676 5458 secreto
1721 5412 1910 5472 agatur

309 5505 592 5578 intelligis.
623 5503 704 5559 vir
725 5500 1056 5572 spectabilis,
1089 5497 1220 5554 dum
1246 5512 1359 5553 rem
1395 5497 1446 5551 in
1478 5495 1657 5551 medio
1681 5495 1910 5564 positam

308 5613 369 5663 et
400 5617 536 5675 pene
566 5601 676 5671 ipsa
710 5598 827 5652 luce
852 5593 1137 5652 clariorem
1166 5593 1353 5647 volunt
1396 5591 1608 5646 nebulis
1646 5586 1910 5658 obligare.

310 5694 674 5756 Collationem
702 5687 981 5762 imperiale
1005 5693 1334 5758 praeceptum
1376 5683 1518 5738 inter
1544 5691 1726 5753 partes
1753 5680 1869 5736 lieri
1897 5721 1913 5746 ,

2003 4746 2115 4803 ficit
2139 4747 2248 4815 jam
2283 4745 2532 4816 rescripti
2564 4745 2833 4802 recitatio.
2878 4747 3227 4817 Aguoverunt
3255 4746 3382 4817 quid
3409 4746 3600 4802 volue-

2003 4841 2074 4896 rit
2095 4840 2255 4913 301
2287 4839 2430 4896 inter
2456 4853 2556 4894 nos
2583 4837 2782 4894 discuti
2804 4838 3263 4896 clementissimus
3284 4839 3600 4910 imperator.

2005 4933 2408 4989 Removeantur
2433 4929 2709 5002 superﬂua
2735 4974 2752 5000 ,
2780 4930 2847 4987 ad
2873 4947 3091 4987 causam
3123 4931 3430 4988 veniamus.
3461 4930 3607 4989 Cou-

2006 5024 2352 5082 sideraudum
2378 5033 2461 5080 est
2492 5023 2636 5080 enim
2665 5023 2795 5096 quid
2821 5034 2945 5096 agat
2974 5038 3101 5094 pars
3127 5023 3374 5092 diversa;
3413 5025 3607 5083 videli-

2010 5127 2100 5176 cet
2121 5162 2136 5188 ,
2168 5117 2624 5197 quemadmodum
2659 5117 2840 5189 priore
2862 5116 3068 5190 judicio
3099 5117 3436 5191 longitudine
3468 5134 3610 5188 prae-

2014 5211 2296 5267 teritorum
2332 5219 2606 5280 gestorum
2637 5207 2925 5281 praetendit
2949 5207 3262 5265 dilationem
3287 5251 3304 5277 ,
3344 5209 3415 5264 ita
3443 5209 3608 5266 etiam

2016 5303 2176 5361 hodie
2203 5303 2478 5360 desiderat
2505 5303 2792 5374 superﬂuis
2820 5303 3038 5359 codices
3075 5318 3306 5360 onerare
3330 5346 3346 5372 ,
3390 5313 3446 5359 ut
3482 5305 3610 5361 item

2016 5406 2309 5454 causentur
2348 5397 2417 5454 de
2449 5412 2598 5453 mora
2627 5396 3108 5453 describendorum
3155 5396 3238 5453 vel
3278 5397 3613 5456 edendorum

2019 5501 2314 5564 gestorum.
2367 5491 2436 5547 Et
2461 5493 2566 5546 alia
2588 5507 2762 5546 manu.
2815 5490 3146 5561 Recognovi.
3182 5490 3460 5548 Montanus
3506 5493 3618 5566 epi-

2020 5603 2207 5655 scopus
2246 5587 2399 5643 dixit.
2441 5585 2521 5643 Tu
2553 5599 2734 5642 moras
2775 5585 3007 5642 inuectis
3033 5627 3048 5651 ,
3095 5601 3215 5642 cum
3265 5605 3371 5644 non
3410 5588 3624 5660 profers

2022 5677 2168 5751 quod
2194 5694 2295 5736 nos
2331 5694 2364 5736 a
2407 5688 2460 5736 te
2486 5677 2813 5750 ﬂagitamus.
2856 5675 2926 5733 Et
2965 5677 3072 5733 alia
3112 5696 3290 5735 manu.
3341 5680 3628 5739 Montanus

389 5814 474 5884 (1)
503 5813 699 5882 Agaga.
732 5806 938 5884 Plinius
967 5803 1060 5858 lib.
1097 5815 1285 5867 χχχιιι,
1316 5813 1367 5854 c.
1411 5798 1480 5884 ξ,
1525 5796 1598 5884 de
1643 5795 1816 5884 modis
1865 5795 1980 5851 auri
2031 5794 2307 5868 quaerendi
2354 5808 2518 5867 agens
2543 5835 2559 5862 ,
2607 5793 2806 5867 Agogas
2853 5793 3034 5851 vocari
3075 5793 3150 5851 ait
3193 5795 3364 5856 fossas
3405 5815 3530 5872 qua:
3571 5801 3626 5869 in

319 5869 484 5960 plani)
513 5869 794 5950 cavantur,
828 5879 882 5935 in
914 5889 1048 5950 quas
1089 5887 1278 5931 aurum
1313 5869 1561 5943 proﬂuat.
1585 5883 1861 5927 BALUZIUS.
