3996 6332
517 315 655 372 15ἷ9

1499 311 1728 370 GESTA
1765 311 2220 376 COLLATIONIS
2257 315 2875 377 CARTHAGINENSIS.

3597 327 3701 386 1380

514 438 803 507 cpiscopus
857 432 1293 504 prosecutioncm
1345 445 1525 488 meam
1579 431 1910 504 recognovi,
1964 432 2114 488 salvo
2141 442 2305 502 Atro
2332 435 2433 491 hoc
2457 433 2701 491 interfari
2724 434 2939 503 dignata
2964 431 3123 488 fuerit
3150 436 3428 504 prastantia
3449 446 3539 494 tua.
3558 440 3702 498 Elatia

517 529 915 602 provocationis
942 526 1157 584 eﬂ‘ectu.

589 621 680 678 89.
715 620 1010 680 Petilianus
1051 619 1322 692 episcOpus
1351 619 1503 674 dixit.
1536 617 1790 675 Proxime
1838 619 2115 690 praeterita

516 714 828 789 cognitione
859 727 1022 786 atque
1048 713 1439 781 controversia,
1476 713 1720 783 quamvis
1757 724 1884 769 ante
1932 728 2113 769 causa:

515 795 842 881 principium
889 810 1236 876 ventilatum,
1270 824 1376 864 non
1414 818 1601 864 nostro
1631 807 1766 864 vitio
1803 824 1980 881 neque
2019 826 2116 864 no-

515 914 627 958 stra
659 901 919 975 petitione
940 902 1257 958 dilationem
1290 901 1604 972 provenisse
1633 899 1978 957 manifestum
2007 911 2111 968 est,

515 997 613 1054 sed
664 997 998 1054 humanitate
1029 997 1358 1069 judiciorum
1391 1003 1642 1060 tuorum,
1674 1012 1836 1068 quam
1881 1013 1988 1051 non
2019 1011 2115 1068 po-

518 1099 664 1148 teras
689 1090 993 1162 denegare:
1023 1091 1223 1162 quippe
1249 1104 1370 1146 cum
1416 1098 1734 1160 exceptores
1759 1087 1967 1143 onerati
1995 1088 2114 1142 lon-

514 1183 759 1255 gitudine
799 1185 1187 1241 controversiae
1213 1199 1276 1240 ac
1324 1184 1650 1253 prolixitate,
1704 1180 1757 1236 id
1791 1181 1952 1238 etiam
1990 1197 2116 1254 pro-

517 1275 748 1333 fessione
778 1291 875 1332 sua
893 1275 1289 1347 reSponderint.
1317 1274 1470 1332 Unde
1489 1275 1742 1344 quoniam
1768 1274 1869 1328 ista
1898 1282 2114 1341 peracta

517 1380 664 1436 sunt,
696 1369 793 1426 scd
825 1368 954 1426 fecit
976 1369 1104 1426 inde
1135 1368 1296 1424 hodie
1323 1368 1674 1433 mentionem,
1708 1365 1832 1421 ideo
1861 1364 1976 1422 [13:0
2017 1381 2114 1422 vo-

517 1463 590 1520 lui
623 1464 909 1536 replicare.
938 1467 1008 1520 At
1031 1479 1172 1520 nunc
1191 1463 1411 1520 eosdem
1436 1475 1580 1518 nunc
1610 1476 1788 1516 moras
1812 1461 2112 1526 innectere,

518 1558 740 1614 eosdem
765 1557 816 1613 in
839 1555 1092 1628 praesenti
1108 1557 1320 1612 actione
1350 1553 1651 1611 obtendere
1675 1552 1923 1619 nebulas,
1956 1568 2026 1608 ne
2047 1552 2112 1608 ad

515 1665 703 1706 eorum
733 1649 1016 1706 mendacia
1050 1650 1362 1714 veniamus,
1394 1648 1508 1718 ipsa
1547 1662 1738 1703 eorum
1773 1645 2115 1702 taciturnitas

517 1753 802 1799 monstrnt.
843 1742 1159 1814 Loquuntur
1187 1743 1355 1809 enim;
1378 1755 1500 1796 cum
1533 1747 1732 1807 tacent,
1763 1753 1822 1794 se
1858 1739 2032 1794 vereri
2060 1738 2114 1793 id

2218 543 2398 586 manu.
2441 529 2737 586 Petilianus
2758 528 3046 600 episcopus
3081 529 3352 601 recognovi
3375 531 3535 597 ,salvo
3556 545 3707 594 nostra

2217 624 2593 696 appellationis
2613 621 2830 680 cli'ectu.

2289 716 2378 773 96.
2423 715 2762 773 Marcellinus
2789 717 2864 772 vir
2893 716 3207 772 clarissimus
3231 716 3445 773 tribunus
3471 729 3511 774 et
3535 723 3710 778 notarius

2218 811 2368 867 dixit.
2396 811 2669 868 Sanctitas
2693 821 2891 875 vestra,
2923 811 2968 866 si
3001 824 3096 866 eos
3118 809 3251 866 falso
3276 812 3369 867 hoc
3393 814 3579 870 nomine
3602 831 3712 872 asse-

2218 904 2290 959 rit
2344 914 2713 976 nuncupatos,
2770 902 3043 976 negotium
3095 917 3382 975 proponere
3425 906 3609 964 tandem
3641 908 3712 964 ali-

2217 997 2433 1070 quando
2463 998 2744 1068 dignetur;
2789 1005 3056 1068 quatenus
3096 996 3165 1052 de
3194 1007 3489 1069 praesumpta
3527 1002 3711 1066 nomine,

2217 1089 2265 1144 si
2294 1091 2527 1159 potuerit
2562 1089 2927 1160 comprobari,
2959 1104 3083 1160 pars
3121 1103 3154 1144 e
3180 1088 3382 1145 diverso
3404 1092 3655 1150 consistens
3676 1095 3714 1150 in

2217 1186 2469 1242 omnibus
2505 1185 2838 1244 confutetur.

2289 1281 2379 1336 97.
2423 1277 2686 1334 Emeritus
2709 1283 2980 1351 episc0pus
3001 1278 3153 1334 dixit.
3181 1276 3375 1348 Magnis
3402 1289 3554 1334 actum
3575 1290 3640 1336 est
3653 1295 3715 1336 vo-

2223 1375 2538 1443 luminibus,
2573 1386 2627 1430 et
2667 1374 2997 1445 respondere
3035 1373 3342 1441 noluerunt,
3381 1383 3591 1429 tenentes
3613 1377 3714 1447 apud

2218 1485 2277 1524 se
2315 1469 2548 1541 quodam
2589 1467 2902 1538 prtcjudicio
2932 1467 3284 1532 voluntatem,
3325 1480 3389 1521 ne
3425 1467 3717 1523 satisfacerent

2211 1562 2489 1634 judicatis.
2536 1562 2602 1618 Et
2647 1579 2765 1617 cum
2804 1562 3008 1616 diceret.
3045 1559 3149 1633 (Et
3195 1560 3296 1614 alia
3325 1576 3487 1615 manu.
3515 1561 3716 1616 Emeritus

2218 1660 2526 1730 episc0pus.
2557 1656 2702 1711 salva
2733 1654 3094 1726 appellatione
3122 1651 3456 1725 recognovi.)
3484 1653 3718 1722 Augustinus

2220 1755 2487 1824 episcOpus
2527 1750 2779 1807 Ecclesiw
2799 1749 3066 1805 catholica:
3096 1749 3247 1802 dixit.
3287 1745 3479 1814 Quibus
3506 1744 3719 1816 iudicatis?

513 1838 762 1907 proferre
774 1838 916 1910 quod
939 1837 1364 1894 clementissimo
1390 1833 1704 1905 imperatori
1729 1832 1940 1888 mentiti
1963 1841 2104 1889 sunt.

2219 1845 2287 1900 Et
2327 1845 2433 1900 alia
2457 1861 2635 1900 manu.
2679 1841 3013 1914 Recognovi.
3041 1839 3303 1908 Emeritus
3346 1839 3578 1912 episcopus
3605 1839 3712 1892 dixit.

513 1931 570 1986 Si
602 1931 762 2003 igitur
807 1929 930 1986 freti
955 1940 1080 1987 sunt
1105 1929 1260 1984 bona:
1296 1928 1578 2001 petitionis
1631 1928 2111 1996 voluntatemque

510 2023 723 2091 ordine,
746 2023 874 2096 quid
897 2039 1017 2080 eam
1039 2022 1291 2079 dubitant
1321 2019 1623 2076 ventilare?
1643 2019 1710 2074 Et
1739 2020 1994 2092 quoniam
2021 2034 2114 2089 po-

509 2124 678 2172 testas
730 2128 821 2173 tua
847 2116 1162 2172 meminisse
1203 2115 1458 2185 dignatur
1499 2111 1555 2169 id
1590 2114 1772 2184 priore
1801 2121 2112 2167 controver-

509 2211 588 2265 sia
611 2209 891 2280 agitatum,
913 2218 969 2264 ut
989 2220 1081 2263 aut
1098 2209 1220 2278 jure
1246 2207 1459 2278 publico
1478 2216 1720 2277 agerent,
1744 2214 1835 2260 aut
1861 2205 1994 2276 legis
2015 2203 2111 2259 do-

513 2305 730 2360 minica:
782 2303 1106 2360 auctoritate
1149 2301 1540 2359 descenderent
1584 2301 1896 2372 disputare,
1945 2299 2110 2370 idque

513 2412 615 2453 suo
645 2397 777 2453 mihi
808 2398 1106 2469 promisere
1136 2411 1427 2461 consensu,
1461 2395 1712 2451 nobilitas
1739 2402 1918 2450 autem
1941 2401 2033 2450 tua
2055 2394 2108 2450 id

509 2490 614 2548 sibi
658 2496 967 2562 exceperit,
1002 2505 1030 2546 a
1063 2490 1270 2560 legibus
1299 2489 1416 2544 tolli
1462 2504 1522 2544 se
1555 2487 1781 2544 minime
1828 2497 2107 2558 oportere,

515 2597 726 2644 tuarum
767 2587 998 2660 partium
1029 2597 1134 2656 est,
1166 2587 1247 2641 vir
1294 2584 1512 2653 nobilis,
1547 2583 1600 2639 id
1651 2591 1833 2639 tenere
1859 2581 2001 2653 quod
2032 2579 2112 2636 le-

509 2699 635 2756 gum
675 2694 790 2749 est;
825 2683 1041 2738 illorum
1082 2689 1263 2736 autem
1295 2689 1379 2735 est
1408 2678 1674 2750 promissa
1705 2675 2020 2740 necessitas,
2049 2683 2112 2730 ut

507 2779 628 2850 lege
662 2777 844 2834 divina
874 2777 1107 2833 debeant
1137 2774 1396 2846 experiri.
1428 2772 1486 2828 Si
1518 2773 1676 2843 igitur
1709 2769 1852 2841 apud
1897 2778 1950 2824 te
1977 2767 2110 2842 legi-

512 2869 618 2926 bus
650 2871 881 2941 publicis
907 2870 1106 2940 agitur,
1137 2867 1388 2938 quoniam
1406 2874 1463 2921 tu
1489 2863 1700 2920 hisdem
1729 2862 2023 2935 przcsidere
2057 2872 2110 2916 te

509 2961 785 3035 professus
806 2977 887 3028 es,
920 2960 1075 3032 exige
1106 2959 1250 3030 quod
1281 2958 1428 3029 leges
1450 2955 1672 3012 habent.
1704 2954 1761 3010 Si
1792 2964 1973 3009 autem
1996 2952 2107 3010 dis-

509 3056 717 3127 putatio
746 3054 933 3126 legalis
963 3053 1015 3108 in
1060 3053 1296 3109 medium
1328 3050 1584 3118 mittitur,
1623 3049 1898 3120 interrogo
1939 3056 1989 3102 te
2023 3047 2109 3102 hic

508 3152 600 3222 qui
635 3150 912 3206 desideras
946 3148 1244 3218 disputare,
1277 3144 1404 3216 quid
1450 3143 1696 3215 petieris,
1723 3141 1852 3213 quid
1885 3140 2062 3212 egeris
2083 3181 2099 3207 ,

2217 1937 2315 1994 Vel
2344 1936 2471 1992 illud
2513 1933 2830 1992 reverentia:
2867 1948 2932 1990 ac
2972 1932 3248 2005 patientiae
3298 1930 3588 2002 judiciorum
3616 1944 3713 1998 pue-

2215 2043 2363 2088 stare
2386 2029 2672 2093 dignentur
2698 2027 2778 2102 [ut
2803 2025 3194 2099 respondeant]
3222 2036 3394 2081 utrum
3420 2024 3623 2097 petitoris
3640 2022 3722 2078 loco

2216 2123 2518 2187 adsistant,
2561 2129 2741 2178 utrum
2781 2120 2882 2193 ipsi
2915 2128 3265 2193 proponant,
3288 2125 3459 2173 utrum
3486 2116 3572 2187 ipsi
3594 2131 3669 2170 nos
3689 2115 3725 2167 in

2211 2217 2472 2290 judicium
2509 2224 2746 2283 vocent;
2777 2223 2834 2270 ut
2862 2229 2986 2272 cum
3025 2230 3091 2270 ex
3117 2211 3426 2270 earumdem
3455 2208 3726 2280 responsione

2215 2312 2301 2365 vel
2332 2311 2433 2366 hoc
2455 2311 2727 2381 cognitum
2760 2306 2944 2374 fuerit,
2978 2307 3048 2364 ad
3074 2322 3268 2364 eorum
3307 2304 3653 2377 propositiones
3670 2316 3727 2356 re-

2214 2405 2486 2476 Spondere
2514 2404 2814 2460 valeamus.
2863 2401 2930 2457 Et
2957 2401 3064 2457 alia
3105 2418 3285 2456 manu.
3312 2399 3558 2456 Emeritus
3579 2395 3729 2468 episco-

2215 2516 2339 2574 pus,
2382 2501 2530 2556 salva
2571 2496 2956 2570 appellatione,
3001 2496 3320 2567 recognovi.
3357 2493 3649 2551 Marcellinus
3680 2489 3731 2543 uir

2215 2594 2533 2650 clarissimus
2577 2591 2814 2648 tribunus
2855 2599 2902 2646 et
2932 2590 3166 2647 notarius
3193 2589 3350 2646 dixit.
3395 2582 3732 2658 ReSpondeatur

2214 2691 2463 2761 objectis.

2286 2785 2376 2842 98.
2394 2785 2711 2857 Augustinus
2732 2782 3000 2856 episcOpus
3015 2779 3268 2837 Ecclesia:
3279 2778 3527 2836 catholica:
3539 2775 3658 2832 dixit.
3669 2771 3733 2828 Ec-

2214 2878 2404 2946 clesia,
2432 2877 2576 2948 quod
2600 2875 2788 2931 audire
2815 2889 2922 2930 non
2952 2872 3140 2940 vultis,
3183 2881 3243 2930 et
3271 2886 3484 2928 necesse
3509 2877 3580 2924 est
3602 2864 3734 2921 audia-

2216 2971 2308 3038 tis,
2337 2970 2590 3042 quoniam
2624 2977 2702 3025 tot
2739 2965 3065 3023 testimoniis
3105 2974 3161 3021 et
3193 2965 3389 3022 divinis
3426 2961 3621 3033 eloquiis
3642 2972 3732 3029 pro-

2213 3065 2476 3120 clamatur
2507 3070 2621 3118 tcto
2661 3069 2924 3114 terrarum
2973 3057 3106 3113 orbe
3136 3056 3370 3125 diﬂ‘usa,
3400 3055 3537 3125 cujus
3559 3064 3735 3108 commu-

2213 3158 2427 3214 nionem
2459 3155 2707 3212 videmur
2740 3163 2951 3220 tenere,
2982 3151 3133 3210 falsis
3162 3149 3602 3210 criminationibus
3623 3160 3648 3200 a
3667 3158 3731 3197 vo-

507 3246 636 3319 quid
661 3253 848 3303 contra
879 3259 967 3300 me
995 3242 1234 3298 dixeris:
1265 3256 1430 3312 quem
1471 3239 1517 3294 si
1562 3239 1821 3293 invenero
1850 3251 1976 3292 vera
2021 3234 2103 3289 di-
2133 3253 2180 3318 ρ
2209 3252 2295 3310 ωε
2319 3250 2552 3323 appeti,“
2579 3259 2682 3306 est.
2716 3245 2869 3305 unde
2896 3247 3106 3303 “sum
3135 3257 3319 3302 ves,“
3344 3245 3730 3316 separatum",

502 3343 654 3398 xisse
676 3384 692 3408 ,
724 3352 948 3396 necesse
977 3335 1152 3392 habeo
1178 3336 1294 3406 ejus
1326 3333 1458 3405 legis
1493 3331 1918 3402 disputationem
1956 3343 2106 3384 com-

508 3436 746 3491 mittere.
794 3433 852 3489 Si
895 3441 1078 3487 antem
1119 3443 1426 3501 cognovero
1453 3441 1482 3480 a
1512 3423 1736 3494 perﬁdia
1767 3433 1929 3493 atque
1956 3437 2108 3476 men-

507 3530 667 3587 dacio
683 3538 734 3586 te
749 3527 1006 3599 cmplsse,
1036 3539 1261 3582 necesse
1281 3531 1365 3579 est
1387 3534 1443 3578 ut
1472 3531 1618 3576 tuam
1640 3532 1926 3590 personam
1947 3516 2107 3587 longe

505 3641 728 3698 prorsus
773 3624 990 3680 evitem.
1042 3621 1182 3691 Quid
1237 3618 1382 3675 enim
1451 3615 1583 3672 mihi
1641 3613 1861 3686 prodest
1908 3611 2106 3668 docere

501 3718 853 3778 mendacem?
879 3718 1014 3788 Quid
1037 3716 1169 3772 mihi
1200 3713 1421 3787 prodest
1449 3708 1764 3775 refragatori
1785 3723 1848 3763 ac
1868 3706 2107 3778 refraga-

501 3823 624 3871 turo
644 3814 871 3871 reddere
891 3810 1179 3868 rationem?
1197 3807 1261 3863 Et
1279 3808 1385 3862 alia
1398 3823 1568 3861 manu.
1587 3802 1878 3861 Petilianus
1893 3802 2106 3872 episco-

498 3924 599 3981 pus
627 3909 745 3964 sine
778 3904 1090 3979 prrejudicio
1135 3900 1512 3975 appellationis
1556 3897 1756 3954 nostrae
1791 3893 2101 3965 recognovi.

571 4001 662 4059 90.
698 4000 1035 4057 Marcellinus
1063 3981 1135 4054 vir
1170 3996 1496 4052 clarissimus
1523 3993 1760 4047 tribunus
1790 4000 1836 4046 et
1870 3989 2103 4044 notarius

501 4096 652 4150 dixit.
707 4093 1062 4150 Collationem
1093 4107 1123 4146 a
1163 4088 1461 4146 Catholicis
1507 4095 1719 4140 tantum
1767 4082 2097 4154 pbstulatam

499 4191 670 4245 fuisse
701 4189 908 4244 relecta
929 4184 1224 4256 imperialis
1246 4181 1458 4239 sanctio
1488 4178 1810 4236 declaravit.

573 4283 665 4340 91.
695 4281 992 4340 Petilianus
1021 4279 1293 4351 episcopus
1331 4274 1484 4330 dixit.
1514 4271 1823 4329 Catltolicos
1851 4283 1954 4326 nos
1977 4281 2100 4324 esse

497 4388 616 4434 acta
661 4377 994 4434 contineant.
1017 4372 1096 4430 Et
1123 4373 1230 4428 alia
1257 4388 1438 4428 ntanu.
1478 4369 1777 4427 Petilianus
1799 4367 2092 4438 episcopus

504 4471 820 4543 recognovi.

572 4577 664 4636 92.
698 4575 1035 4632 Marcellinus
1061 4576 1137 4631 vir
1161 4571 1480 4630 clarissimus
1524 4568 1760 4626 tribunus
1789 4574 1834 4621 et
1866 4561 2096 4618 notarius

2210 3348 2475 3405 dolemus.
2503 3344 2627 3400 Istae
2669 3341 3076 3401 critninationes
3112 3341 3310 3413 quibus
3349 3329 3728 3396 insecurisoletis

2208 3440 2509 3496 Ecclesiam
2553 3444 2688 3506 toto,
2712 3436 2854 3492 sicut
2893 3434 3159 3504 promissa
3207 3442 3320 3502 est,
3364 3433 3491 3489 orbe
3528 3427 3729 3488 didusam,

2210 3531 2372 3589 hodie
2398 3529 2584 3586 audire
2615 3529 2862 3584 volumus
2883 3535 3062 3581 utrum
3090 3540 3239 3582 verae
3263 3525 3392 3580 sint.
3420 3523 3473 3580 Si
3493 3521 3612 3579 enim
3632 3529 3735 3572 verae

2209 3635 2335 3680 sunt
2366 3624 2480 3678 ista:
2511 3620 2917 3677 criminationes
2942 3631 3076 3690 quas
3107 3616 3373 3675 Ecclesiae
3397 3621 3662 3672 memorata:
3676 3609 3739 3664 ob

2203 3718 2374 3790 jicere
2403 3714 2727 3781 consuestis,
2753 3713 2800 3769 si
2829 3728 2946 3768 eam
2975 3711 3263 3784 pollutam,
3288 3709 3608 3776 maculatam,
3626 3718 3736 3760 even

2209 3828 2347 3877 sam,
2377 3810 2734 3875 destructum,
2782 3816 2835 3862 et
2875 3807 3199 3861 exstinctam
3235 3805 3421 3862 itescio
3457 3802 3625 3874 quibus
3647 3811 3737 3852 nos-

2208 3905 2308 3961 tris
2339 3901 2656 3960 criminibus
2682 3899 3058 3957 demonstrare
3102 3897 3416 3971 pctueritis,
3453 3889 3676 3966 supererit
3695 3894 3737 3940 ut

2203 4013 2514 4072 quaeramus
2544 4006 2728 4054 utrum
2773 3993 2915 4066 apud
2945 4011 3043 4051 vos
3071 3992 3432 4059 remanserit,
3482 4004 3619 4062 quam
3655 3983 3739 4038 ubi-

2206 4108 2309 4165 que
2339 4089 2544 4162 perisse
2564 4087 2830 4145 clamatis.
2864 4086 2921 4144 Si
2949 4093 3130 4142 autem
3152 4086 3244 4141 illa
3273 4084 3452 4156 perire
3476 4097 3572 4138 non
3595 4072 3738 4151 potuit,

2204 4191 2458 4255 superest
2485 4191 2542 4236 ut
2572 4197 2692 4236 eam
2722 4195 2817 4235 vos
2839 4178 3164 4250 agnoscatis,
3197 4185 3256 4232 et
3283 4178 3433 4234 litem
3466 4174 3652 4232 tandem
3673 4167 3742 4224 ali-

2203 4276 2417 4352 quando
2463 4273 2685 4332 finiatis.
2723 4271 2790 4328 Et
2820 4273 2926 4328 alia
2965 4289 3142 4327 manu.
3173 4269 3506 4344 Recognovi.
3537 4259 3740 4321 Marcelli-

2203 4391 2297 4431 nus
2319 4373 2397 4429 vir
2420 4371 2737 4428 clarissimus
2765 4368 2996 4424 tribunus
3028 4378 3075 4423 et
3103 4366 3343 4423 notarius
3370 4365 3514 4419 dixit.
3543 4357 3740 4425 Accepis-

2202 4471 2272 4526 tis
2300 4468 2735 4539 prosecutioncm
2758 4463 2936 4537 partis
2959 4461 3228 4530 adversus,
3258 4462 3348 4517 cui
3373 4453 3666 4530 respondere
3682 4447 3738 4503 di-

2200 4562 2466 4637 gnamini.

495 4672 647 4728 dixit.
700 4669 939 4726 Necesse
986 4679 1069 4726 est
1110 4684 1198 4724 me
1242 4681 1336 4724 eos
1379 4663 1495 4739 [eo]
1535 4661 1756 4721 nomine
1785 4655 2090 4730 appellare,
2117 4655 2170 4716 D
2267 4655 2357 4714 99.
2385 4652 2641 4710 Emeritus
2674 4651 2942 4724 cpiscopus
2973 4647 3738 4719 dixit.Puloimportunumessc

493 4781 602 4840 quo
649 4781 743 4820 eos
770 4761 1033 4835 appellari
1073 4761 1241 4816 voluit
1277 4755 1738 4818 clementissimus
1775 4748 2090 4818 imperator.

562 4860 652 4915 95.
685 4857 978 4914 Petilianus
1007 4857 1273 4929 episwpus
1303 4853 1454 4907 dixit.
1488 4850 1629 4906 Ante
1671 4858 1890 4904 causam
1932 4841 2091 4896 inane

492 4965 692 5008 nomen
717 4960 798 5006 est
822 4951 948 5006 illis.
975 4949 1150 5007 Etiam
1189 4947 1254 5002 de
1283 4944 1400 5014 ipso
1425 4940 1643 4998 nomine
1667 4938 1771 4996 erit
1796 4932 2092 5004 disputatio

493 5043 655 5103 nobis
695 5052 858 5115 atque
904 5039 1198 5098 contentio.
1241 5038 1379 5096 Tum
1420 5035 1637 5092 demum
1677 5029 1945 5090 obtinebit
1984 5025 2092 5084 hoc

490 5156 691 5200 nomen
729 5136 821 5210 qui
849 5137 1010 5194 fuerit
1037 5137 1287 5192 inventus
1333 5147 1455 5190 esse
1487 5129 1850 5190 Christianus.
1883 5124 1952 5185 Et
1988 5124 2094 5182 alia

492 5251 673 5293 manu.
703 5233 1002 5289 Petilianus
1027 5228 1314 5302 episcopus
1342 5223 1654 5295 recognovi.

565 5329 655 5386 94.
684 5325 1024 5383 Marcellinus
1063 5323 1141 5380 vir
1170 5319 1492 5378 clarissimus
1517 5316 1751 5373 tribunus
1777 5322 1825 5373 et
1855 5309 2088 5371 notarius

487 5421 646 5482 dixit.
676 5423 896 5480 Certum
913 5430 995 5478 est
1024 5427 1148 5493 post
1173 5415 1418 5475 habitum
1441 5411 1746 5472 conﬂictum
1774 5422 1868 5466 eos
1883 5406 2059 5464 Catho
2074 5433 2089 5443 -

483 5520 622 5579 lices
665 5515 1075 5588 nuncupandos,
1117 5511 1260 5587 apud
1299 5524 1438 5582 quos
1465 5509 1666 5566 veritas
1700 5502 1861 5563 fuerit
1889 5501 2087 5572 depre-
2156 5565 2160 5572 λ

483 5614 678 5674 hcnsa.
703 5613 818 5684 Ego
841 5619 1021 5668 autem
1037 5607 1279 5668 etiamin
1308 5603 1412 5662 hac
1433 5612 1588 5676 parte
1605 5601 1836 5657 turmam
1858 5606 2083 5650 necesse

483 5710 660 5765 habeo
705 5708 854 5780 sequi
882 5703 1265 5778 praeceptionis
1293 5710 1553 5774 augustae,
1593 5695 1647 5752 in
1693 5707 1796 5767 qua
1845 5688 2086 5746 Catholi-

483 5818 581 5858 cos
611 5817 704 5857 eos
726 5800 998 5871 appellare
1028 5799 1246 5869 dignata
1273 5803 1376 5852 est.

553 5893 647 5950 95.
668 5891 956 5950 Petilianus
977 5892 1248 5965 episcOpus
1275 5888 1426 5946 dixit.
1458 5888 1588 5948 Sine
1609 5880 1928 5959 praejudicio
1950 5893 2075 5939 uos-

2201 4749 2433 4805 alienam
2455 4759 2672 4804 causam
2693 4743 2836 4802 velle
2865 4741 3178 4808 defendere,
3203 4751 3262 4797 et
3293 4741 3347 4796 id
3378 4742 3434 4796 in
3452 4737 3657 4794 medium
3675 4744 3741 4784 ne

2199 4841 2405 4912 gotium
2454 4840 2701 4905 mittere,
2749 4836 2895 4906 quod
2935 4843 3133 4906 praeter
3180 4833 3438 4889 ruborem
3479 4845 3576 4886 non
3613 4827 3744 4897 ροιεει

2199 4934 2571 5005 unusquisque
2601 4930 2718 4988 sine
2747 4927 3000 4985 mandato
3027 4928 3081 4985 in
3113 4925 3319 4996 judicio
3352 4925 3616 4982 ventilare.
3643 4917 3744 4972 Poso

2197 5044 2315 5088 sem
2361 5029 2507 5086 enim
2537 5039 2682 5082 nunc
2710 5039 2956 5080 asserere
2991 5028 3047 5078 et
3089 5020 3329 5080 clamare
3369 5018 3610 5074 adversus
3647 5011 3743 5064 istos

2194 5127 2504 5182 universum
2531 5122 2718 5180 orbem
2766 5117 3044 5186 reluctari,
3077 5115 3260 5174 reniti.
3297 5113 3422 5171 Non
3452 5111 3595 5168 vobis
3632 5117 3742 5162 man-

2195 5219 2316 5274 davi
2341 5261 2356 5284 ,
2386 5216 2454 5272 ab
2484 5215 2643 5286 hujus
2673 5210 3002 5282 cognitionis
3029 5218 3230 5266 eventu
3272 5208 3435 5278 longe
3467 5218 3578 5260 mea
3611 5195 3742 5271 posita

2194 5322 2278 5371 est
2305 5309 2656 5369 conscientia.
2704 5306 2820 5378 Ego
2848 5318 3084 5377 agnosco
3135 5302 3424 5359 victorem.
3467 5297 3740 5367 Quicumque

2193 5408 2354 5482 justis
2401 5387 2764 5478 legitimisque
2811 5415 2879 5458 ex
2907 5396 3087 5456 causis
3113 5394 3462 5451 Christianus
3498 5387 3640 5445 fuerit
3672 5394 3739 5450 ap-

2197 5503 2479 5576 probatus,
2530 5498 2624 5556 ille
2653 5510 2805 5554 meus
2828 5501 2914 5552 est
2959 5489 3282 5555 catholicus,
3332 5488 3411 5545 illi
3443 5485 3541 5541 hoc
3586 5486 3740 5537 nomen

2192 5572 2512 5668 imponitur,
2560 5589 2653 5646 ille
2682 5587 2846 5646 debet
2883 5585 2984 5643 sibi
3015 5585 3156 5642 hanc
3194 5580 3441 5652 regulam
3483 5572 3739 5668 vindicare;

2191 5661 2438 5762 quamvis
2459 5685 2575 5755 ipsa
2600 5679 2876 5738 Catholica
2894 5720 2909 5746 ,
2940 5692 3061 5749 qua:
3087 5687 3226 5732 nunc
3255 5686 3358 5742 pro
3388 5661 3742 5741 praescriptione

2189 5758 2358 5854 partis
2381 5777 2623 5835 adversae
2645 5772 2804 5846 quasi
2832 5773 2886 5830 in
2909 5769 3086 5828 fronte
3111 5764 3344 5842 quadam
3374 5765 3478 5820 rite
3503 5758 3739 5851 adversati!

2188 5888 2288 5935 nos
2316 5867 2605 5945 temperari
2619 5865 2986 5941 cognoscitur,
3017 5861 3257 5923 medium
3281 5874 3410 5919 esse
3439 5855 3589 5915 debet
3608 5867 3619 5906 :
3641 5855 3684 5904 et
3703 5856 3742 5897 tu
