3996 6332
190 386 193 389 ν
260 317 392 374 issi

1221 310 1451 373 casm
1486 306 1940 370 COLLATIONIS
1975 262 2604 370 CAR‘riiAGiNENSlS.

3364 265 3375 272 ’
3422 266 3561 366 rasa

249 429 457 503 judicio
492 427 565 488 ita
607 427 884 499 constitui,
924 439 983 485 ut
1011 422 1116 483 hoc
1158 441 1356 485 nomen
1384 429 1556 485 victor
1601 426 1849 498 accipiat.
1881 425 1936 486 Α
1960 425 2249 496 episcopus
2282 426 2400 483 sine
2428 420 2810 498 appellationis
2837 428 3035 477 nostrae
3065 419 3375 494 prmjudicio
3406 402 3562 478 reco-

256 520 516 595 intelligit
563 520 866 594 praestantia
901 527 990 578 tua
1041 519 1173 577 nihil
1215 520 1369 576 nobis
1412 518 1480 576 de
1528 517 1852 595 peregrinis,

256 613 394 669 nihil
425 614 581 669 nobis
608 613 678 671 de
701 613 861 686 longe
889 612 1078 686 positis
1124 611 1478 683 praeiudicare
1506 625 1688 683 posse,
1732 625 1855 665 cum

258 704 401 762 inter
431 707 588 763 Afros
616 708 720 764 hoc
763 706 1038 778 negotium
1068 705 1388 773 ventiletur;
1423 704 1517 761 sed
1556 705 1726 776 magis
1755 703 1859 760 hoc

256 800 583 870 exspectari,
611 807 668 854 ut
695 798 1022 872 quicumque
1048 813 1114 855 ex
1144 797 1380 854 veridica
1407 795 1717 868 cognitione
1746 794 1860 852 lue-

259 894 331 949 rit
354 904 663 964 superatus,
696 894 741 948 is
773 892 840 950 ab
885 892 1019 950 orbe
1048 891 1295 949 videatur
1322 905 1443 948 esse
1480 889 1734 961 reiectus.
1772 887 1861 945 ln-

258 988 507 1060 tclligaut
539 1003 570 1043 c
595 988 812 1045 diverso
841 986 1121 1043 venientes
1162 983 1623 1059 propositionibus
1659 983 1860 1039 nostris

258 1092 322 1136 se
347 1079 675 1152 respondere
700 1078 934 1146 debere,
967 1088 1022 1135 ut
1054 1072 1333 1135 adstantes
1363 1086 1457 1134 aut
1486 1093 1592 1134 non
1642 1076 1862 1135 adstan-

261 1185 366 1242 tes,
413 1175 539 1247 quid
571 1189 813 1247 personze
838 1184 1031 1247 gerant
1077 1172 1259 1231 dicere
1290 1188 1398 1228 non
1443 1179 1755 1239 morentur,
1800 1180 1863 1228 ut

259 1281 452 1324 corum
498 1267 886 1324 intentionibus
931 1265 1261 1337 respondere
1308 1265 1607 1322 valeamus.
1648 1262 1718 1319 Et
1758 1263 1863 1319 alia

262 1360 737 1432 managEmeritus
752 1351 1058 1432 episcopus,
1076 1360 1224 1416 salvo
1241 1359 1403 1434 302
1423 1354 1615 1417 eliectu
1633 1358 1868 1430 appella-

260 1455 428 1513 tionis
455 1465 676 1524 nostrae,
707 1453 1017 1527 recognovi.
1069 1451 1404 1511 Marcellinus
1444 1452 1523 1508 vir
1548 1452 1866 1509 clarissimus

261 1548 502 1604 tribunus
534 1558 585 1604 ct
616 1548 846 1604 notarius
886 1547 1038 1603 dicit.
1069 1545 1209 1614 Quid
1252 1545 1525 1604 refertur?
1552 1546 1869 1623 Augustinus

265 1644 547 1716 episcopus
574 1641 823 1699 Ecclesia
834 1640 1101 1697 catholica:
1119 1640 1269 1697 dixit.
1293 1639 1560 1697 Personas
1582 1640 1760 1712 primo
1778 1639 1870 1697 die

259 1735 455 1810 iudicii
481 1750 603 1793 esse
630 1737 869 1792 ﬁrmatas
899 1744 954 1792 et
993 1736 1242 1807 sequenti
1270 1735 1435 1791 etiam
1462 1733 1549 1792 die
1576 1734 1870 1791 interlocu—

1959 516 2183 589 gnovi.)
2224 517 2442 590 Alypius
2485 518 2760 590 episcopus
2802 514 3051 571 Ecclesia
3094 513 3363 570 catholica:
3408 515 3559 569 dixit.

1961 610 2069 667 Aut
2094 611 2481 683 iuterloquere,
2510 619 2604 669 aut
2626 598 2758 682 jube
2788 624 2886 667 nos
2908 609 3223 666 satisfacere
3254 607 3558 681 postulatis.

1959 704 2030 761 Et
2050 705 2158 761 alia
2185 724 2361 761 manu.
2394 705 2725 780 Recognovi.
3218 686 3229 692 ⁸

2034 798 2157 857 105.
2189 797 2530 857 Marcellinus
2551 801 2627 855 vir
2648 799 2970 856 clarissimus
2999 796 3237 854 tribunus
3257 806 3305 853 et
3326 796 3563 853 notarius

1961 895 2111 954 dixit.
2152 894 2235 952 Ad
2277 904 2550 953 transacta
2597 894 2911 953 recurritur.
2955 890 3026 948 Et
3052 891 3263 966 adjecit.
3294 888 3566 948 Catholici

1964 990 2203 1048 nominis
2246 988 2508 1049 doceatur
2557 988 2817 1059 assertio,
2871 997 2926 1044 et
2982 987 3114 1043 illud
3168 984 3313 1060 quod
3363 1000 3490 1057 pars
3533 999 3567 1041 e

1963 1083 2182 1141 diverso
2226 1084 2429 1143 sistens
2475 1080 2707 1140 credidit
2754 1079 3226 1155 prosequendum,
3279 1089 3457 1137 utrum
3504 1077 3562 1133 in

1964 1179 2215 1236 omnibus
2237 1179 2488 1253 gentibus
2508 1177 2698 1235 eadem
2720 1174 2991 1233 catholica
3012 1189 3137 1232 esse
3159 1171 3374 1230 ostendi
3390 1169 3565 1247 possit

1965 1266 2235 1326 Ecclesia.

2042 1362 2167 1421 104.
2195 1358 2457 1419 Emeritus
2484 1361 2754 1436 episcopus
2784 1360 2939 1418 dixit.
2971 1357 3027 1417 Si
3056 1357 3331 1433 proponit,
3353 1356 3568 1414 doceat.

1969 1453 2041 1511 Et
2068 1457 2175 1514 alia
2213 1475 2392 1513 manu.
2440 1457 2715 1514 Emeritus
2752 1456 3041 1529 episcopus
3081 1453 3394 1526 recognovi.
3426 1451 3573 1511 Peti-

1970 1551 2140 1607 lianus
2170 1551 2441 1623 episcopus
2471 1549 2623 1606 dixit.
2656 1548 2890 1622 Dignare
2916 1548 3271 1621 pronuntiare
3298 1545 3369 1603 de
3406 1559 3569 1619 supra

1971 1645 2404 1718 Comprehensis.
2448 1643 2519 1700 Et
2548 1645 2655 1700 alia
2688 1660 2867 1701 manu.
2910 1641 3213 1699 Petilianus
3243 1638 3531 1711 episcotuts
3555 1676 3572 1704 ,

1974 1737 2119 1794 salva
2152 1736 2517 1811 appellatione
2549 1746 2767 1803 nostra,
2814 1734 3126 1808 recognovi.
3159 1730 3426 1788 Emeritus
3468 1729 3579 1795 cpi-

262 1832 434 1903 tionis
450 1839 578 1887 tuae.
611 1827 681 1885 Et
705 1846 824 1886 cum
844 1830 1032 1884 diceret
1059 1826 1157 1901 (Et
1176 1827 1284 1883 alia
1302 1845 1481 1883 manu.
1509 1826 1867 1899 Recognovi.)
1900 1816 1946 1881 Β
1972 1846 2161 1901 scapus
2182 1831 2335 1886 dixit.
2367 1829 2424 1886 Si
2452 1829 2740 1904 proponit,
2774 1827 2989 1885 doceat.
3020 1824 3155 1883 Nam
3195 1825 3239 1882 si
3274 1835 3582 1901 proponere

266 1922 610 1980 Marcellinus
637 1923 716 1978 uir
743 1922 1061 1979 clarissimus
1089 1923 1326 1978 tribunus
1355 1932 1403 1977 et
1443 1919 1672 1976 notarius
1711 1919 1863 1976 dixit.

264 2018 429 2076 Aliud
458 2019 742 2092 quaesitum
771 2026 875 2076 est.

345 2116 469 2173 100.
502 2118 816 2189 Augustinus
844 2115 1115 2189 episcopus
1144 2112 1389 2171 Ecclesite
1417 2115 1688 2171 catholicae
1714 2113 1868 2172 dixit.

269 2211 713 2269 lnteriocutionis
752 2220 861 2268 tute
889 2210 1062 2267 forma
1092 2210 1405 2267 declaravit.
1439 2208 1548 2266 Sed
1586 2210 1707 2284 quia
1740 2210 1872 2267 dicit

269 2320 397 2362 cum
428 2305 734 2377 peregrinis
776 2303 1097 2361 Christianis
1134 2320 1244 2360 non
1288 2318 1350 2360 se
1392 2301 1595 2359 habere
1632 2302 1871 2375 aliquam

270 2400 566 2466 rationem,
607 2397 703 2456 sed
732 2397 838 2455 hoc
878 2407 1049 2455 totum
1092 2397 1234 2469 quod
1272 2397 1484 2469 agitur,
1531 2396 1672 2453 inter
1711 2394 1872 2451 Afros

271 2493 362 2565 agi
381 2534 396 2560 ,
426 2492 678 2549 Afrorum
709 2491 1139 2548 Christianorum
1186 2490 1585 2547 Catholicorum
1621 2488 1738 2545 lucc
1766 2504 1874 2544 vox

271 2594 361 2643 est
383 2586 550 2655 :,Nos
577 2587 833 2643 universo
860 2585 981 2644 orbi
1020 2585 1332 2643 Christiano
1362 2586 1744 2643 communione
1782 2600 1874 2642 co-

272 2678 566 2737 haeremus.
620 2678 769 2736 Hauc
821 2679 1124 2737 Ecciesiam
1179 2680 1443 2751 elegimus
1497 2678 1872 2741 retinendam.

271 2789 437 2847 quam
468 2775 522 2830 in
562 2776 640 2833 eis
684 2772 970 2847 scripturis
1006 2775 1337 2832 invenimus.
1378 2773 1470 2850 [Et
1495 2791 1611 2829 cum
1638 2770 1875 2845 diceret.]

271 2866 347 2923 Et
371 2868 516 2940 (alia
539 2886 712 2927 manu.
739 2867 1068 2942 Recognovi.
1099 2867 1401 2940 Emeritus)
1427 2868 1700 2940 episcopus
1720 2867 1875 2922 dixit.

271 2958 365 3017 Sic
385 2974 603 3033 semper
621 2960 823 3033 eligere
844 2969 899 3018 et
921 2971 1131 3019 mutare
1157 2960 1455 3017 consuesti.
1478 2958 1546 3015 Et
1568 2961 1674 3015 alia
1694 2977 1875 3014 manu.

272 3052 550 3111 Emeritus
576 3055 884 3127 episcopus,
911 3055 1061 3111 salva
1091 3055 1479 3127 appellatione,
1508 3053 1820 3124 recognovi.

349 3147 475 3204 101.
513 3148 832 3223 Augustinus
860 3148 1126 3220 episcopus
1151 3146 1402 3202 Ecclesia:
1428 3145 1695 3201 catholica:
1723 3144 1875 3200 dixit.

1962 1926 2249 1993 noluerit,
2301 1924 2757 1998 quemadmodum
2805 1921 3064 1979 docebit?
3117 1918 3185 1975 Et
3235 1920 3341 1975 alia
3397 1932 3577 1972 manu.

1975 2018 2252 2076 Emeritus
2275 2019 2593 2090 cpiscopus,
2618 2018 2769 2074 salvo
2784 2016 2983 2074 cli‘ectu
3005 2011 3387 2087 appellationis
3413 2012 3584 2068 inter-

1972 2117 2166 2189 positae
2184 2158 2198 2185 ,
2230 2114 2549 2188 recognovi.

2047 2212 2175 2269 105.
2222 2208 2516 2265 Petilianus
2545 2206 2822 2281 episcopus
2858 2206 3013 2262 dixit.
3042 2203 3347 2261 Pronuntia
3374 2200 3441 2260 de
3470 2203 3584 2259 sin-

1974 2305 2136 2376 gulis.
2166 2303 2238 2359 Et
2275 2305 2380 2360 alia
2408 2319 2589 2358 manu.
2633 2296 2931 2357 Petilianus
2969 2298 3259 2371 episcopus
3288 2294 3408 2353 sine
3440 2310 3583 2368 pra:-

1971 2400 2180 2472 judicio
2232 2398 2616 2471 appellationis
2669 2405 2872 2452 nostrae
2925 2392 3239 2463 recognovi.
3312 2389 3588 2447 Possidius

1974 2496 2247 2569 cpiscopus
2291 2493 2543 2549 Ecclesia
2574 2491 2844 2548 catholica:
2882 2486 3038 2545 dicit.
3075 2486 3235 2556 Quod
3280 2482 3590 2557 postulave-

1976 2598 2106 2646 runt
2144 2589 2281 2646 doce
2314 2604 2424 2645 me.
2454 2586 2527 2643 Et
2552 2587 2659 2642 alia
2692 2601 2869 2641 manu.
2915 2582 3250 2654 Recognovi.
3295 2579 3590 2636 Perilionus

1976 2682 2252 2755 episcopus
2271 2682 2422 2737 dicit.
2450 2680 2564 2736 Hoc
2591 2679 2751 2736 nobis
2777 2678 2940 2735 debet
2969 2685 3059 2732 tua
3088 2686 3342 2748 persona.
3374 2672 3444 2729 Et
3483 2674 3592 2729 alia

1979 2793 2161 2832 manu.
2191 2776 2492 2833 Potiiianus
2529 2775 2819 2847 episcopus
2847 2771 2967 2829 sine
2999 2767 3319 2843 prtejudicio
3344 2766 3587 2839 appella-

1980 2870 2145 2927 tionis
2174 2877 2379 2927 nostrss
2406 2866 2723 2941 recognovi.

2055 2964 2184 3022 100.
2214 2963 2477 3020 Emerita
2503 2964 2780 3035 episcopus
2803 2959 2956 3018 dicit.
2996 2959 3238 3018 Petimus
3265 2964 3324 3014 ut
3352 2956 3500 3015 nulla
3521 2956 3593 3012 sit

1983 3072 2165 3126 mora,
2216 3067 2277 3113 ut
2323 3066 2418 3113 aut
2459 3056 2815 3129 pmponentis
2860 3064 2956 3110 aut
2998 3052 3382 3123 respondentis
3419 3050 3597 3123 possit

1985 3166 2108 3209 esse
2148 3164 2407 3224 persona.
2434 3150 2603 3223 igitur
2640 3149 2897 3221 quoniam
2940 3146 3349 3219 approbantium
3377 3152 3497 3213 est,
3541 3153 3600 3200 et

273 3238 388 3297 Nos
416 3255 536 3297 eam
566 3240 867 3296 Ecclesium
895 3241 1214 3307 retinemus,
1239 3255 1399 3312 quam
1430 3241 1485 3295 in
1512 3239 1618 3294 illis
1648 3239 1883 3310 scriptu-

2002 3246 2057 3300 ie
2085 3260 2247 3300 causa
2267 3244 2382 3316 jam
2418 3242 2476 3299 in
2500 3241 2708 3320 judicio
2734 3225 3102 3298 ventilandum
3120 3281 3137 3308 ,
3161 3238 3383 3307 edicant
3406 3244 3591 3291 acrum

280 3335 359 3391 ris
380 3335 711 3403 invenimus,
736 3335 790 3390 in
818 3335 1015 3405 quibus
1037 3336 1200 3392 etiam
1219 3331 1878 3407 coguovimusChristum.

277 3428 579 3501 Scriptura
605 3431 803 3503 quippe
829 3441 1051 3498 nostras,
1079 3445 1311 3503 quarum
1340 3427 1646 3486 auctoritati
1669 3431 1885 3501 utrique

280 3521 590 3590 subdimur,
618 3520 891 3579 Christum
922 3534 976 3580 et
1004 3523 1302 3580 Ecciesiam
1334 3532 1605 3594 tamquam
1636 3532 1885 3579 sanctum

283 3614 672 3673 commendant
707 3615 1051 3688 cunjugium,
1098 3615 1373 3673 Christum
1406 3631 1692 3690 sponsum,
1739 3616 1886 3672 illam

285 3722 566 3781 sponsam.
597 3708 702 3767 Ubi
735 3710 885 3766 illum
914 3710 1325 3783 cognoscimus,
1364 3710 1436 3767 ibi
1474 3720 1531 3767 et
1565 3709 1711 3766 illam
1738 3711 1891 3770 iuve-

285 3801 408 3859 nire
451 3802 732 3860 debemus.
783 3802 841 3860 Si
872 3804 1053 3874 itaque
1096 3818 1241 3860 nunc
1284 3804 1460 3860 exorti
1507 3818 1784 3871 essemus,
1834 3813 1892 3861 et

286 3895 656 3968 cogitaremus
699 3897 754 3953 in
781 3896 966 3953 Africa
1012 3898 1099 3954 cui
1141 3898 1515 3957 communioni
1548 3897 1892 3959 Chrisnano-

286 4004 415 4045 rum
461 3989 661 4048 sociari
702 3989 1058 4057 deberemus,
1108 3989 1301 4061 procul
1339 3989 1503 4047 dubio
1538 4006 1658 4047 eam
1707 3999 1895 4047 tenere

289 4086 620 4144 deberemus
639 4128 656 4153 ,
687 4101 849 4158 quam
868 4085 925 4142 in
953 4084 1250 4156 Scripturis
1281 4085 1670 4154 inveniremus,
1700 4094 1755 4141 et
1784 4082 1895 4142 cri-

296 4180 612 4237 minatrices
666 4180 950 4250 opiniones
994 4179 1275 4235 hominum
1305 4178 1629 4249 repudiare,
1681 4177 1749 4237 ad
1780 4176 1896 4233 sola

292 4273 518 4346 eloquia
541 4272 752 4339 divina,
786 4287 908 4345 qua:
947 4271 1166 4329 mentiri
1210 4272 1499 4339 nesciunt,
1543 4286 1642 4327 nos
1685 4277 1894 4326 tenere.

293 4368 416 4425 Hoc
437 4367 679 4424 iecerunt
700 4365 996 4423 Christiani
1019 4362 1157 4433 Afri,
1181 4376 1237 4422 ct
1261 4366 1609 4437 appellantur
1631 4372 1686 4420 et
1704 4366 1900 4423 merito

295 4471 426 4519 sunt
451 4459 725 4529 catholici,
742 4459 855 4532 ipsa
877 4474 975 4516 sua
991 4457 1373 4516 communione
1391 4474 1590 4515 nomen
1614 4467 1897 4514 testantes.

298 4554 568 4613 Catholon
593 4553 738 4611 enim
768 4552 1050 4610 secundum
1088 4561 1250 4608 totum
1281 4550 1497 4607 dicitur.
1528 4549 1630 4620 Qui
1659 4559 1838 4606 autem
1871 4566 1902 4603 a

300 4658 423 4707 toto
449 4660 732 4721 separatus
756 4656 841 4705 est
860 4690 876 4715 ,
917 4638 1234 4719 partemque
1279 4643 1524 4702 defendit
1553 4644 1621 4701 ab
1649 4645 1905 4700 universo

304 4743 592 4816 praecisum
611 4784 627 4811 ,
656 4756 763 4799 non
796 4742 901 4798 sibi
943 4750 1166 4813 usurpet
1209 4740 1314 4797 hoc
1341 4756 1537 4801 nomen
1556 4782 1570 4807 ,
1601 4737 1694 4796 sed
1724 4737 1909 4797 nobis-

303 4853 432 4896 cum
464 4846 643 4894 teneat
668 4837 974 4893 veritatem.
1005 4834 1075 4890 Et
1104 4836 1210 4890 alia
1239 4851 1417 4890 manu.
1442 4833 1776 4909 Recognovi.

386 4931 512 4988 102.
543 4929 865 4988 Gaudentius
887 4930 1153 5003 cpiscopus
1174 4928 1325 4985 dixit.
1349 4929 1690 4986 Catholicum
1713 4943 1911 4985 nomen

310 5032 508 5100 putant
535 5026 601 5083 ad
630 5025 936 5097 provincias
963 5023 1048 5082 vel
1075 5022 1143 5081 ad
1169 5034 1359 5097 gentes
1388 5022 1760 5089 referendum,
1787 5037 1913 5078 cum

312 5119 425 5177 hoc
451 5118 524 5175 sit
546 5117 876 5175 catholicum
899 5133 1098 5175 nomen
1128 5116 1272 5189 quod
1308 5116 1663 5175 sacramentis
1693 5116 1916 5199 plenum

317 5222 431 5282 est,
461 5214 604 5286 quod
654 5211 987 5285 perfectum,
1029 5212 1174 5286 quod
1224 5211 1665 5282 immaculatum,
1710 5226 1818 5268 non
1850 5210 1918 5269 ad

319 5317 532 5382 gentes.
563 5307 697 5365 Nam
721 5306 915 5365 doceat
937 5309 1038 5366 sibi
1064 5322 1254 5365 omnes
1278 5298 1918 5380 gentes'communicare,

322 5411 385 5461 et
408 5403 598 5474 plenus
628 5410 713 5460 est
740 5403 1063 5460 catholicus.
1104 5401 1214 5461 Sed
1242 5403 1390 5475 prius
1421 5413 1506 5461 est
1536 5412 1712 5461 tamen
1740 5411 1800 5459 ut
1826 5402 1925 5458 do-

325 5509 490 5557 ceant
518 5499 649 5572 quid
677 5499 960 5573 petierint,
988 5497 1118 5572 quid
1148 5498 1471 5556 meruerint.
1502 5495 1574 5553 Et
1608 5497 1715 5555 alia
1743 5514 1925 5553 manu.

330 5593 669 5652 Gaudentius
726 5596 1040 5666 episcopus,
1100 5593 1246 5650 salva
1300 5592 1665 5664 appellatione
1718 5603 1927 5662 nostra,

333 5689 651 5762 recognovi.
678 5688 970 5746 Petilianus
994 5689 1267 5760 episcopus
1295 5688 1447 5745 dixit.
1476 5686 1671 5749 Utrum
1698 5686 1933 5745 debeant

336 5780 503 5840 edere
548 5799 667 5857 quae
714 5785 1060 5857 poposeimus
1087 5799 1262 5842 necne
1301 5794 1541 5842 statuere
1585 5783 1843 5858 dignare.
1872 5791 1932 5842 ut

335 5877 563 5939 scilicet.
608 5875 678 5937 Et
708 5894 827 5937 cum
855 5878 1073 5951 diceret,
1119 5875 1228 5952 (Et
1262 5876 1370 5936 alia
1411 5893 1592 5937 ntanu.
1636 5875 1933 5939 Petilianus

392 6058 427 6065 ρο

1988 3347 2183 3410 pelunt
2208 3348 2302 3397 aut
2341 3335 2709 3407 reipondent;
2742 3343 2807 3407 ut,
2844 3350 2969 3392 cum
2999 3347 3186 3391 eorum
3233 3330 3593 3389 intonantem

1990 3433 2045 3491 in
2080 3430 2286 3503 judicio
2320 3430 2530 3499 videro,
2557 3429 2771 3487 valeam
2798 3427 3157 3499 respondere.
3186 3425 3393 3487 Etolia
3417 3436 3598 3480 manu.

1992 3525 2268 3583 Emeritus
2296 3524 2588 3595 episcopus
2616 3522 2768 3580 salva
2802 3519 3171 3593 appellatione
3215 3528 3403 3577 nostra
3438 3532 3603 3577 reco-

1990 3619 2180 3693 gnovi.

2069 3716 2198 3773 107.
2234 3715 2576 3773 Marcellinus
2608 3716 2688 3769 vis
2726 3712 3053 3770 clarissimus
3086 3712 3329 3768 tribunus
3366 3722 3419 3767 et
3460 3721 3610 3765 nta-

1992 3812 2105 3867 rists
2132 3810 2287 3866 dia-it.
2315 3808 2469 3866 Justa
2497 3815 2820 3881 poscuntur,
2848 3807 3112 3867 surditas
3138 3816 3321 3863 vestra
3353 3804 3609 3876 dignetur

1997 3905 2217 3963 edicere
2248 3911 2430 3961 utrum
2478 3902 2734 3976 petitoris
2781 3903 2906 3959 loco
2946 3902 3003 3958 in
3042 3899 3251 3971 judicio
3284 3898 3506 3956 adstare
3532 3898 3615 3953 vi-

1994 3999 2212 4059 deatur.

2074 4092 2200 4150 108.
2231 4092 2555 4166 Augustinus
2576 4092 2855 4163 episcopus
2878 4086 3130 4145 Ecclesiae
3155 4086 3432 4143 catholica
3448 4086 3610 4141 dixit.

2003 4186 2139 4245 Tuae
2172 4185 2523 4245 sublimitatis
2545 4192 2632 4241 est
2665 4184 2949 4256 judicare,
2982 4196 3083 4238 nos
3109 4178 3181 4237 ad
3204 4191 3395 4238 eorum
3426 4176 3614 4235 crimi-

2002 4267 2251 4338 nationes
2290 4279 2621 4338 refellendas
2663 4278 2896 4351 ingressi
2936 4279 3146 4334 sumus.
3192 4275 3382 4333 Solent
3419 4274 3618 4331 Eccle-

2003 4377 2141 4434 siasu
2167 4390 2329 4447 quam
2366 4385 2621 4433 tenemus
2655 4373 2888 4432 crimine
2923 4370 3236 4429 traditionis
3262 4384 3516 4444 arguere.
3546 4366 3619 4424 Et

2004 4472 2113 4526 alia
2131 4486 2309 4526 tam.
2333 4468 2668 4540 Rccognovi.

2085 4562 2212 4619 109.
2244 4561 2509 4618 Eata-itus
2527 4562 2799 4632 episcopus
2814 4560 2966 4616 dixit.
2995 4554 3137 4629 Quis
3155 4573 3249 4616 me
3272 4559 3331 4615 in
3351 4558 3620 4630 judicium
3714 4594 3717 4597 ν

2009 4655 2261 4712 vocavit?
2311 4654 2396 4710 Ad
2435 4652 2593 4725 cujus
2634 4652 3041 4724 suggestionem
3086 4653 3399 4713 conﬂictum
3444 4650 3622 4709 voluit

2011 4748 2129 4807 ﬁeri
2160 4746 2491 4819 imperator?
2534 4745 2605 4801 Et
2644 4745 2754 4802 alia
2778 4761 2957 4802 manu.
2992 4745 3271 4805 Emeritus
3307 4746 3620 4818 episcopus,

2012 4842 2169 4898 salvo
2193 4841 2389 4899 enecta
2413 4839 2828 4912 appellationis,
2868 4840 3181 4911 recognovi.

2090 4936 2215 4994 110.
2246 4935 2567 5009 Augustinus
2593 4936 2868 5009 episcopus
2892 4934 3145 4992 Ecclesia!
3168 4934 3441 4993 “tholis!
3464 4936 3621 4995 dicit.

2016 5028 2210 5089 Solent
2249 5028 2512 5087 Ecclesiae
2545 5043 2710 5101 quam
2759 5039 3007 5085 tenemus
3046 5028 3275 5085 crimina
3321 5030 3625 5087 traditionis
3714 5092 3720 5097 ,

2019 5124 2288 5195 obiicere,
2317 5132 2376 5180 et
2400 5124 2585 5181 nescio
2609 5138 2841 5195 quorum
2872 5123 3112 5192 peccatis
3140 5138 3263 5180 eam
3291 5123 3627 5181 contendere

2020 5231 2147 5274 esse
2166 5218 2501 5275 destructam
2525 5226 2583 5274 et
2621 5219 2969 5275 exstinctam.
2999 5216 3069 5272 Et
3106 5218 3213 5273 alia
3242 5233 3416 5273 nianu.
3452 5216 3628 5275 Reco-

2021 5311 2205 5385 gnovi.
2234 5310 2496 5367 Emerita
2521 5311 2794 5384 cpiscopus
2817 5310 2974 5366 dicit.
3019 5308 3136 5364 Non
3164 5308 3271 5365 hoc
3307 5323 3341 5363 θ
3372 5319 3429 5365 te
3474 5312 3628 5381 petii.
3710 5308 3732 5331 ⁸

2028 5406 2142 5464 Fac
2163 5406 2297 5463 satis
2314 5406 2593 5479 iudicatis.
2624 5405 2695 5461 Et
2718 5405 2829 5461 alia
2842 5418 3022 5460 mrsu.
3046 5403 3323 5461 Emeritus
3340 5408 3632 5479 cpiscopus
3668 5478 3673 5483 ι

2030 5502 2185 5558 asin
2206 5499 2403 5558 eiecta
2424 5498 2803 5571 appellationis
2829 5497 3146 5569 recognovi.
3174 5498 3502 5571 Augustinus
3525 5500 3637 5573 epi-

2031 5610 2225 5667 scopus
2247 5593 2495 5651 Ecclesia
2535 5590 2809 5648 catholica,r
2843 5589 2996 5646 diuit.
3034 5593 3214 5663 Atqu
3255 5590 3341 5647 his
3380 5592 3641 5650 «itaista-

2032 5688 2273 5747 tionibus
2298 5685 2490 5743 faiiere
2515 5684 2682 5741 corda
2711 5682 3041 5756 simplicium
3058 5723 3075 5752 ,
3106 5684 3176 5741 de
3201 5698 3434 5755 quam
3456 5685 3639 5743 salute

2036 5781 2353 5855 satagimus.
2384 5779 2482 5838 His
2508 5792 2610 5836 nos
2638 5777 2873 5851 permoti
2895 5818 2911 5846 ,
2940 5776 3297 5837 convenimus
3323 5792 3422 5836 eos
3444 5786 3507 5835 ut
3531 5794 3635 5836 no-

2038 5875 2246 5939 biscum
2273 5873 2605 5949 conferrent,
2631 5881 2690 5935 et
2711 5872 2858 5950 quod
2886 5872 3177 5936 intendunt
3201 5883 3380 5936 utrum
3401 5876 3636 5950 probare
