3996 6332
484 291 625 351 1585

1436 282 1666 342 GESTA
1702 276 2160 340 COLLATIONIS
2197 275 2820 337 CAR'I'HAGINENSIS.

3643 283 3790 341 1581

484 413 708 480 possent
757 404 809 461 in
865 400 1161 459 Ecclesiam
1212 399 1297 457 cui
1353 399 1641 456 intendunt
1706 398 2073 455 ostenderent.
2107 398 2156 457 Α
2185 396 2293 448 rius
2330 394 2482 449 dixit.
2523 392 2716 449 Edicat
2744 406 2869 465 pars
2890 390 3157 450 catholica
3186 400 3366 450 utrum
3393 408 3427 452 e
3458 394 3674 453 diverso
3706 398 3795 454 si—

485 501 659 568 Quam
684 499 1097 555 conventionem
1122 503 1361 549 nostram
1386 492 1638 563 quoniam
1672 507 1860 547 recusa
1872 500 2081 554 verant,

489 608 611 650 cum
640 607 809 662 nuper
836 590 888 645 in
918 588 1231 645 comitatum
1262 586 1539 641 venissent
1577 584 1796 655 quidam
1843 584 2078 651 illorum,

486 684 627 756 apud
658 694 774 739 acta
803 682 966 738 etiam
999 679 1337 752 praefectoria
1369 677 1623 733 dixerunt
1650 676 1824 732 audiri
1857 691 1916 731 se
1946 675 2085 731 velle

487 787 541 832 et
566 776 761 831 discuti
790 775 957 842 velle,
983 774 1374 843 amplectentes
1398 784 1529 835 nos,
1569 768 1857 841 aliquando
1897 784 2084 824 eorum

487 870 556 926 de
595 870 883 926 collatione
927 882 1254 925 consensum
1300 863 1591 937 petendum
1640 863 1707 920 ab
1757 864 2086 932 imperatore

489 963 849 1030 credidimus,
881 971 937 1016 ut
982 960 1199 1015 collatio
1238 957 1306 1013 ad
1347 958 1449 1012 hoc
1479 956 1635 1011 ﬁeret
1677 966 1735 1011 ut
1764 972 1825 1011 ea
1858 954 2085 1010 crimina

489 1073 609 1129 quae
651 1056 827 1111 solent
855 1054 1039 1110 dicere
1069 1053 1122 1109 in
1152 1053 1455 1108 universam
1497 1049 1795 1105 Ecclesiam
1827 1056 1920 1103 aut
1962 1062 2088 1117 pro-

488 1151 684 1208 barent
704 1192 719 1216 ,
750 1159 809 1206 ut
834 1150 1038 1206 veritas
1062 1156 1382 1221 appareret,
1416 1155 1508 1201 aut
1535 1160 1641 1201 non
1673 1143 2000 1215 probarent,
2030 1151 2088 1198 ut

493 1245 845 1300 nihilominus
867 1242 1067 1299 veritas
1093 1248 1395 1313 appareret.
1430 1239 1555 1294 Hznc
1580 1238 1805 1294 crimina
1828 1236 1872 1292 si
1901 1236 2088 1291 volunt

493 1346 584 1392 aut
601 1344 829 1407 possunt
852 1335 1144 1392 ostendere
1170 1334 1513 1405 proferantur
1532 1342 1587 1388 et
1614 1331 2084 1387 demonstrentur.

490 1432 549 1489 Si
576 1443 758 1488 autem
793 1445 899 1487 non
938 1436 1162 1502 possunt
1199 1441 1291 1483 aut
1323 1429 1544 1493 nolunt,
1569 1427 1678 1499 jam
1707 1438 1810 1482 tua:
1842 1426 2088 1483 sublimi-

487 1528 613 1582 tatis
636 1536 721 1583 est
750 1525 817 1582 de
846 1541 905 1582 re
934 1535 1066 1592 tota,
1093 1523 1232 1578 sicut
1259 1523 1398 1578 ratio
1426 1522 1539 1594 ipsa
1568 1520 1788 1588 indicat,
1816 1519 2084 1591 judicare.

490 1621 561 1680 Et
590 1624 695 1679 alia
722 1640 895 1679 manu.
934 1620 1261 1694 Recognovi.

564 1717 687 1773 111.
717 1716 1058 1772 Marcellinus
1080 1716 1156 1771 vir
1181 1713 1502 1769 clarissimus
1524 1710 1759 1766 tribunus
1786 1720 1831 1764 et
1853 1707 2088 1764 notarius

2187 485 2457 543 stentibus
2486 486 2688 557 aliquid
2718 486 3083 556 objiciendum
3106 486 3298 543 credit.

2260 578 2385 635 116.
2418 578 2739 651 Augustinus
2760 579 3029 650 episcopus
3056 578 3306 636 Ecclesite
3332 581 3603 638 catholica:
3628 582 3789 639 dixit.

2184 668 2296 727 Nos
2339 671 2687 727 collationem
2726 673 3072 742 poposcimus
3099 673 3190 729 ubi
3216 674 3427 746 objecta
3467 675 3748 733 diluamus
3771 718 3791 745 ,

2185 777 2294 818 non
2314 764 2403 818 ubi
2430 764 2753 833 objiciamus
2776 764 3063 831 diluenda;
3088 765 3528 837 quandoquidem
3556 784 3683 824 cum
3710 768 3792 824 illi

2187 861 2402 931 objecta
2429 861 2661 931 probare
2692 875 2798 916 non
2830 862 3268 933 potuerint,quid
3302 864 3431 929 sint,
3459 864 3586 934 quid
3609 881 3798 921 rema-

2186 969 2371 1023 neant,
2405 958 2560 1015 nobis
2606 975 2711 1015 non
2743 959 3051 1015 dicentibus
3098 958 3439 1016 manifestum
3467 962 3573 1017 erit
3611 964 3796 1015 omni-

2187 1051 2369 1119 nibus,
2399 1061 2455 1107 et
2479 1068 2509 1107 a
2537 1061 2624 1106 tua
2648 1052 2979 1106 sublimitate
2995 1050 3342 1122 judicabitur.
3369 1052 3527 1109 Nunc
3555 1054 3793 1124 ingrcssi

2190 1157 2383 1199 sumus
2411 1142 2621 1199 diluere
2647 1143 3055 1198 criminationes
3076 1158 3286 1210 eorum,
3318 1160 3450 1214 quas
3474 1145 3655 1201 solent
3688 1146 3799 1201 Ec-

2186 1238 2366 1293 clesia:
2412 1253 2573 1308 quam
2626 1248 2872 1293 tenemus
2900 1237 3178 1308 objicere:
3217 1239 3529 1294 mandatum
3570 1255 3797 1312 qquue

2187 1332 2428 1403 ipsorum
2462 1330 2566 1387 hoc
2587 1332 2848 1387 continet.
2883 1331 3138 1387 Adversus
3169 1333 3441 1387 traditores
3470 1345 3521 1388 et
3548 1352 3798 1404 persecu-

2187 1433 2324 1480 tores
2360 1434 2585 1479 nostros.
2618 1424 2901 1493 Quondam
2942 1433 3122 1479 autem
3154 1424 3491 1493 Pritnianus,
3525 1428 3569 1481 si
3600 1427 3797 1499 digna-

2188 1529 2296 1589 tur,
2325 1519 2494 1579 frater
2522 1530 2707 1577 noster
2733 1532 3030 1577 conventus
3053 1537 3149 1592 pro
3194 1523 3309 1591 ipsa
3359 1523 3659 1579 collatione
3707 1541 3797 1579 rc-

2188 1613 2427 1685 spondit.
2484 1613 2766 1686 ]ndignum
2812 1626 2886 1670 est
2931 1616 3069 1668 utin
3117 1632 3274 1670 unum
3327 1617 3635 1671 conveniant
3696 1619 3797 1685 ﬁlii

2187 1718 2474 1780 martyrum
2502 1718 2549 1763 et
2600 1710 2867 1779 progenies
2902 1708 3230 1764 traditarum.
3279 1708 3406 1765 Haac
3437 1711 3672 1766 crimina
3714 1712 3797 1767 di-

489 1813 642 1869 dixit.
686 1811 984 1883 Accepistis
1029 1809 1468 1881 prosecutionem
1515 1805 1685 1877 partis
1730 1804 1993 1861 adversas.
2030 1803 2087 1860 Si
2118 1800 2166 1862 Β
2195 1799 2391 1856 luenda
2444 1803 2805 1872 suscepimus,
2846 1812 2902 1856 ut
2934 1802 3049 1856 lucc
3077 1803 3303 1859 crimina
3332 1803 3609 1860 diluantur
3634 1806 3792 1862 istam

488 1906 616 1978 quid
644 1904 901 1977 objicitis,
921 1904 1033 1976 jam
1061 1904 1282 1975 jamque
1308 1901 1618 1972 proponite.

560 2022 684 2077 “2.
719 2020 1004 2076 Petilianus
1051 2020 1320 2090 episcopus
1361 2017 1513 2071 dixit.
1562 2014 1908 2070 Pronuntiet'
1933 2011 2084 2085 prius

485 2114 738 2172 nobilitas
790 2126 878 2169 tua
926 2121 1105 2167 utrum
1158 2118 1309 2166 recte
1360 2120 1610 2181 petamus
1656 2122 1778 2179 qua:
1827 2107 2083 2177 petimus,

484 2222 688 2273 necne;
728 2216 839 2262 tum
873 2206 1093 2261 demum
1133 2203 1215 2259 eis
1258 2202 1326 2257 ad
1356 2202 1566 2271 singula
1610 2198 2084 2270 respondebimus.

484 2300 556 2356 Et
594 2301 701 2357 alia
738 2316 913 2354 manu.
950 2297 1247 2355 Petilianus
1276 2296 1564 2367 episcopus
1607 2293 1726 2350 sine
1772 2292 2086 2365 praejudicio

485 2392 864 2466 appellationis
904 2402 1103 2447 nostra:
1133 2390 1446 2462 recognovi.

560 2510 686 2566 H5.
720 2508 1055 2564 Marcellinus
1096 2506 1159 2561 γ.
1200 2504 1260 2560 C.
1295 2504 1531 2560 tribunus
1568 2512 1616 2559 et
1656 2502 1888 2559 notarius
1928 2500 2081 2556 dixit.

484 2604 653 2661 Recte
682 2618 781 2658 vos
808 2611 994 2673 petere
1024 2598 1422 2671 prosecutionis
1450 2606 1648 2653 vestra:
1690 2604 1874 2652 textus
1901 2605 2086 2650 osten-

483 2697 566 2755 dit
583 2739 598 2763 ,
630 2706 686 2754 et
710 2704 858 2753 recte
894 2694 1241 2766 respondisse
1268 2700 1474 2763 partem
1502 2706 1531 2745 e
1557 2690 1774 2745 diverso
1801 2691 2082 2743 sistentem

481 2806 673 2849 eorum
700 2788 951 2845 similiter
980 2784 1449 2858 prosecutionibus
1476 2780 1808 2837 declaratum
1835 2788 1939 2835 est.
1974 2778 2085 2833 Ad-

483 2892 690 2939 sertum
740 2890 824 2936 est
872 2880 1018 2935 enim
1076 2876 1219 2949 quod
1274 2874 1595 2931 criminibus
1643 2872 1831 2929 nescio
1888 2869 2084 2941 quibus

482 2973 783 3033 Ecclesiam
810 2987 971 3044 quam
1002 2977 1225 3037 tenent,
1273 2984 1302 3022 a
1333 2968 1487 3024 vobis
1517 2965 1789 3037 hodieque
1828 2963 2086 3019 adserant

483 3068 758 3135 infestari;
790 3082 911 3139 qua:
931 3107 947 3131 ,
974 3066 1018 3121 si
1046 3078 1151 3136 qua
1178 3072 1326 3128 sunt,
1358 3058 1569 3117 debetis
1594 3059 1833 3115 edicere.
1866 3057 1921 3113 Si
1951 3070 2084 3112 vero

483 3180 590 3222 non
630 3170 787 3229 sunt,
814 3169 901 3218 est
934 3173 1161 3217 necesse
1189 3169 1246 3213 ut
1274 3156 1341 3212 ad
1379 3156 1497 3212 haec
1525 3152 1860 3225 respondere
1889 3150 2077 3223 digne-

554 3370 1113 3446 303114.Emeritus
1134 3369 1403 3440 episcopus
1420 3365 1571 3421 dixit.
1588 3363 1679 3422 Sic
1698 3362 1873 3434 agitur
1891 3374 2078 3424 causa,

482 3470 600 3525 haec
624 3467 824 3539 ljudicii
868 3465 1040 3521 forma
1093 3472 1177 3519 est
1201 3502 1217 3526 ,
1262 3461 1341 3517 sic
1368 3460 1567 3515 veritas
1604 3456 1895 3528 inquiritur
1926 3462 1985 3509 ut
2012 3453 2081 3509 de

482 3575 716 3632 persona
747 3567 1013 3615 taceatur.
1052 3554 1187 3611 Dicit
1224 3568 1314 3609 me
1356 3553 1544 3608 nescio
1569 3565 1677 3621 quo
1714 3558 1939 3605 auctore
1967 3546 2079 3601 cri-

482 3654 628 3709 mina
669 3652 724 3708 iu
756 3650 1055 3707 Ecclesiam
1087 3646 1355 3703 ventilare
1380 3687 1395 3713 ,
1442 3657 1495 3700 et
1541 3643 1695 3713 quasi
1740 3656 1835 3712 per
1882 3639 2079 3694 famam

481 3745 770 3818 quamdam
834 3743 1099 3800 honorem
1150 3755 1306 3798 suum
1353 3739 1717 3809 meritumque
1772 3734 2077 3791 destruere.

480 3837 751 3912 Quidquid
795 3837 963 3905 velit,
994 3847 1104 3906 quo
1133 3833 1352 3890 nomine
1376 3831 1543 3899 velit,
1577 3844 1686 3901 quo
1719 3836 1895 3900 potest
1922 3841 2081 3897 argu—

481 3944 667 3991 mento
698 3933 823 3990 huic
847 3932 951 4004 ipsi
981 3946 1161 3988 causa:
1188 3943 1385 3984 nomen
1430 3926 1673 3996 imponat
1704 3938 1929 3979 necesse
1959 3930 2076 3988 est,

483 4038 543 4085 ut
561 4029 685 4101 quia
718 4028 916 4085 iterum
940 4033 1222 4098 provocat,
1255 4023 1451 4095 petitor
1481 4020 1731 4076 adsistat.
1764 4017 1956 4075 Utrum
1979 4032 2080 4087 ego

484 4123 714 4180 dixerim
740 4137 938 4186 necne,
965 4128 1143 4175 utrum
1186 4131 1317 4173 vere
1346 4114 1600 4179 dixerim,
1628 4124 1769 4166 anne
1798 4108 2080 4165 conﬁnxe-

485 4214 612 4281 rim,
638 4228 761 4269 cum
794 4212 964 4283 ipsius
989 4207 1356 4280 propositione
1370 4217 1707 4275 cognovero;
1732 4216 1854 4256 cum
1876 4215 1937 4255 ea
1959 4214 2080 4271 qua:

488 4307 622 4364 mihi
653 4306 840 4376 objicit
866 4317 993 4359 vera
1024 4315 1181 4368 esse,
1213 4310 1268 4355 et
1291 4313 1357 4355 ex
1390 4313 1477 4354 me
1506 4295 1715 4367 prolata
1748 4292 2077 4357 constiterit,

487 4408 615 4455 tunc
637 4397 854 4454 demum
884 4408 1111 4451 necesse
1136 4402 1217 4447 est
1237 4388 1553 4447 eorutndem
1576 4403 1662 4443 me
1688 4385 2080 4443 intentionibus

485 4492 833 4565 respondere.
867 4490 1029 4546 Videt
1078 4502 1208 4559 ergo
1260 4484 1570 4556 praestantia
1611 4492 1697 4537 tua
1740 4482 1859 4537 sine
1883 4493 2080 4552 provo-

2190 1896 2539 1953 collationem
2566 1898 2934 1967 poposcimus.
2965 1896 3235 1954 Concessa
3261 1907 3363 1954 est.
3406 1902 3517 1955 Aut
3556 1902 3796 1971 proben-

2191 1998 2300 2056 tur,
2324 1999 2415 2045 aut
2441 2001 2764 2060 purgentur.
2798 1990 2861 2044 Et
2888 1991 2993 2045 alia
3030 2009 3204 2045 inanu.
3238 1991 3571 2064 Recognovi.

2263 2084 2389 2138 117.
2437 2083 2773 2139 Marcellinus
2798 2085 2874 2138 vir
2896 2085 3215 2140 clarissimus
3236 2085 3470 2141 tribunus
3491 2096 3539 2141 et
3560 2090 3795 2143 notarius

2190 2175 2339 2229 dixit.
2377 2174 2609 2229 Mandati
2656 2176 2827 2231 series
2860 2175 3180 2232 traditornm
3231 2186 3437 2247 partem
3483 2196 3515 2235 e
3567 2181 3793 2237 diverso

2190 2268 2473 2324 sistentem
2507 2283 2629 2324 esse
2661 2268 2972 2339 prolitetnr.
3013 2269 3368 2327 Collationem
3406 2287 3575 2341 vero,
3619 2276 3666 2328 si
3716 2284 3791 2329 ta-

2190 2377 2312 2417 men
2343 2363 2650 2432 prosecutio
2673 2361 2954 2417 catholica:
2981 2363 3147 2433 partis
3172 2363 3403 2421 veritate
3427 2365 3663 2422 subnixa
3687 2377 3790 2431 est,

2190 2455 2258 2510 ab
2292 2456 2537 2527 utrisque
2570 2455 2813 2526 partibus
2858 2464 3071 2512 constat
3096 2472 3219 2513 esse
3252 2460 3602 2530 postulatam.
3640 2461 3791 2518 Unde

2188 2564 2332 2603 nunc
2363 2548 2414 2603 id
2446 2547 2587 2619 quod
2616 2548 2870 2605 mandato
2893 2548 3109 2605 videtur
3147 2565 3463 2620 expressum
3482 2594 3498 2615 ,
3526 2557 3790 2610 sanctitas

2186 2649 2366 2695 vestra
2426 2639 2839 2710 probationibus
2894 2639 3085 2697 fulcire
3136 2641 3407 2713 dignetur.
3484 2644 3790 2717 Accepistis

2187 2735 2331 2790 enim
2359 2748 2422 2789 ex
2451 2748 2639 2789 eorum
2675 2735 3150 2804 prosecutionibus
3172 2738 3345 2808 magis
3367 2753 3399 2791 a
3427 2738 3587 2794 vobis
3608 2742 3787 2809 aliqua

2187 2826 2372 2897 objici,
2405 2835 2461 2882 et
2488 2841 2550 2883 ea
2578 2826 2788 2897 objecta
2819 2843 2879 2885 se
2906 2828 3045 2883 velle
3072 2829 3297 2887 diluere.

2259 2921 2387 2978 118.
2432 2920 2724 2978 Petilianus
2765 2924 3032 2993 episcopus
3079 2924 3237 2979 dixit.
3292 2925 3659 2984 Pronuntiare
3710 2930 3788 2986 tli-

2188 3030 2357 3086 gnare
2384 3015 2453 3071 de
2502 3031 2756 3087 persona.
2797 3015 2949 3071 Tunc
2997 3017 3103 3073 itur
3156 3016 3212 3071 in
3260 3033 3503 3073 causam.
3562 3020 3633 3075 Et
3692 3026 3789 3078 alia

2185 3125 2362 3163 manu.
2400 3108 2696 3164 Petilianus
2721 3108 3010 3180 episcOpus
3052 3109 3170 3165 sine
3201 3112 3519 3181 pratjudicio
3553 3117 3788 3185 appella-

2104 3197 2151 3262 C
2183 3201 2345 3257 tionis
2374 3210 2572 3258 nostrae
2598 3203 2910 3274 recognovi.

2261 3296 2386 3353 119.
2410 3297 2628 3369 Alypius
2647 3298 2916 3368 episcopus
2937 3295 3185 3353 Ecclesiae
3205 3299 3475 3355 catliolictc
3498 3303 3645 3357 dixit.
3663 3303 3778 3359 lam

2190 3407 2299 3446 non
2328 3398 2412 3447 est
2439 3398 2746 3445 nostrarum
2790 3390 3025 3460 partium
3053 3390 3121 3445 de
3148 3390 3250 3447 hoc
3278 3392 3484 3463 aliquid
3517 3396 3782 3466 superﬂuo

2192 3482 2547 3555 respondere.
2581 3481 2644 3536 Et
2674 3483 2779 3536 alia
2809 3499 2986 3539 manu.
3016 3482 3348 3554 Recognovi.
3382 3484 3657 3543 Possidius
3685 3489 3787 3558 epi-

2184 3594 2370 3649 sc0pus
2400 3576 2651 3632 Ecclesia:
2669 3578 2937 3632 catholica:
2966 3578 3115 3633 dixit.
3149 3579 3609 3638 lntcrlocutiones
3630 3600 3787 3655 supe.

2185 3672 2357 3727 riores
2391 3669 2743 3726 sublimitatis
2768 3679 2871 3724 tute
2896 3672 3213 3737 recitentnr,
3237 3681 3294 3727 et
3325 3688 3633 3745 agnoscant
3665 3678 3783 3748 quid

2185 3763 2485 3835 postulant.
2514 3762 2580 3816 Et
2604 3763 2710 3819 alia
2741 3779 2915 3818 manu.
2951 3763 3283 3834 Recognovi.

2261 3856 2389 3913 120.
2434 3854 2773 3911 Marcellinus
2803 3857 2879 3911 vir
2917 3858 3238 3913 clarissimus
3268 3861 3507 3917 tribunus
3550 3875 3600 3918 et
3647 3876 3782 3920 nota-

2186 3952 2293 4005 rius
2312 3950 2465 4006 dixit.
2485 3948 2541 4007 Si
2558 3950 2906 4006 collationem
2934 3950 3002 4006 ab
3026 3953 3273 4024 utrisque
3302 3955 3553 4025 partibus
3580 3971 3782 4015 constat

2186 4059 2307 4101 esse
2338 4044 2686 4114 postulatam,
2714 4052 2929 4100 constat
2956 4059 3079 4100 enm
3109 4060 3230 4103 esse
3261 4048 3551 4118 petitorem
3577 4054 3666 4122 qui
3687 4054 3783 4109 cri-

2186 4154 2309 4195 men
2344 4138 2595 4194 intendit.

2258 4231 2386 4287 121.
2432 4231 2691 4287 Emeritus
2719 4234 2991 4304 episwpus
3027 4234 3179 4291 dixit.
3216 4236 3420 4293 Doceat
3446 4239 3519 4295 ab
3546 4242 3777 4313 utrisque

2186 4327 2427 4397 partibus
2456 4326 2805 4383 collationem
2853 4344 2974 4384 esse
3026 4330 3078 4384 in
3130 4329 3337 4401 judicio
3367 4331 3685 4405 ﬂagitatam.
3718 4337 3776 4390 Et

2184 4421 2293 4475 alia
2324 4436 2502 4474 manu.
2538 4419 2811 4476 Emeritus
2833 4421 3120 4493 episc0pus
3148 4427 3461 4496 recognovi.

2259 4513 2383 4569 122.
2429 4513 2649 4585 Alypius
2700 4516 2973 4587 episcopus
3021 4516 3266 4593 Ecclesiae
3309 4518 3596 4579 Catholica'
3635 4527 3769 4579 dixit.

483 4594 641 4642 ωῐὶῐθ
694 4582 1070 4684 respondenti?
1102 4577 1591 4684 .superau?m_esse
1631 4586 2077 4684 Ρίξτδίξηδωιζῗξίξ
2103 4604 2158 4665 D
2186 4612 2469 4667 Docemus.
2525 4608 2595 4663 Et
2624 4610 2731 4664 alia
2759 4577 2936 4665 manu.
2963 4580 3296 4684 Recognovi.
3342 4577 3775 4675 Marcellinusﬁrir

482 4696 645 4754 posse
664 4693 986 4751 quemquam
1010 4674 1115 4732 dici
1143 4672 1563 4745 reSpondcntem
1592 4670 1692 4724 nisi
1716 4669 1892 4739 primo
1913 4665 2079 4721 fuerit

483 4782 829 4847 provocator.
862 4770 1004 4840 Ergo
1034 4768 1078 4823 si
1108 4764 1478 4838 provocatoris
1506 4763 1652 4827 loco,
1679 4761 1781 4815 hoc
1805 4768 1910 4827 est,
1935 4759 2078 4829 quod

484 4868 683 4923 dicitur
709 4862 979 4936 petitoris,
1005 4858 1236 4924 adsistit,
1267 4858 1511 4912 instituat
1535 4854 1828 4921 actionem,
1856 4850 1943 4907 cui
1991 4866 2080 4906 rc-

486 4958 757 5030 spondere
776 4957 1025 5013 debeam.
1046 4950 1363 5023 Saepissime
1383 4952 1528 5006 enim
1559 4949 1748 5005 dicunt
1768 4964 1866 5004 nos
1887 4962 2081 5015 super-

486 5050 610 5107 ﬂuis
636 5049 945 5104 moratoriis
973 5047 1071 5109 uti,
1113 5060 1183 5101 ne
1224 5042 1291 5099 ad
1322 5042 1601 5113 negotium
1628 5042 1898 5098 veniatur.
1938 5040 2079 5110 Ergo

487 5158 613 5201 cum
642 5142 744 5196 iste
768 5137 934 5195 cardo
962 5138 1033 5192 sit
1057 5150 1259 5202 causae,
1290 5144 1347 5189 ut
1380 5134 1425 5188 is
1455 5133 1546 5202 qui
1588 5133 1819 5189 alterum
1851 5133 1905 5187 in
1930 5133 2078 5202 judi-

491 5237 634 5293 cium
661 5241 838 5300 vocat,
870 5229 1153 5286 instituere
1180 5228 1449 5282 actionem
1469 5225 1685 5290 debeat,
1709 5237 1762 5282 et
1785 5240 2081 5296 provocare

491 5332 559 5388 ad
597 5329 1038 5402 responsionem,
1082 5323 1327 5379 advertat
1373 5322 1687 5392 praestantia
1714 5329 1803 5376 tua
1830 5337 1927 5377 eos
1959 5337 2083 5392 pro-

490 5425 645 5499 sequi
674 5423 907 5491 debere,
939 5431 1117 5477 utrum
1165 5417 1320 5473 nobis
1360 5417 1443 5471 vel
1475 5431 1633 5485 quam
1665 5414 1950 5472 instituant
1981 5432 2071 5472 ac-

489 5524 731 5588 tionem,
780 5507 842 5574 ut
887 5515 1221 5588 respondere
1274 5511 1567 5585 possimus.
1621 5508 1689 5563 Et
1737 5510 1843 5565 alia
1893 5529 2071 5567 manu.

487 5616 764 5675 Emeritus
788 5612 1099 5682 episcopus,
1123 5609 1273 5666 salvo
1294 5606 1491 5663 ell‘ectu
1530 5605 1912 5676 appellationis
1946 5621 2074 5663 nos-

483 5718 584 5766 tra
612 5704 930 5778 recognovi.

560 5820 683 5875 115.
727 5815 1058 5874 Marcellinus
1100 5816 1173 5870 vir
1218 5813 1535 5869 clarissimus
1581 5814 1818 5870 tribunus
1846 5823 1895 5869 et
1922 5824 2071 5873 nota-

2182 4703 2501 4759 clarissimus
2531 4699 2767 4757 tribunus
2794 4711 2840 4757 et
2872 4706 3106 4759 notarius
3135 4705 3288 4760 dixit.
3314 4706 3429 4765 Hoc
3456 4725 3587 4780 pars
3606 4714 3776 4767 Catho-

2184 4796 2283 4852 lica
2315 4795 2516 4850 docere
2543 4793 2782 4851 debebit.

2257 4892 2383 4949 125.
2426 4892 2721 4947 Adeodatus
2742 4892 3011 4963 episcopus
3034 4892 3186 4949 dixit.
3210 4892 3527 4954 Catholicos
3552 4914 3650 4955 nos
3666 4915 3776 4956 esse

2186 4982 2446 5054 scriptum
2487 4985 2576 5039 sit.
2620 4983 2690 5040 Et
2741 4988 2847 5042 alia
2895 5005 3075 5043 manu.
3131 4989 3446 5047 Adeodatus
3498 4994 3777 5063 episcopus

2188 5077 2624 5147 prosecutionem
2655 5094 2830 5135 meam
2871 5081 3024 5137 salvo
3053 5082 3432 5153 appellationis
3461 5084 3661 5141 eﬂ‘ectu
3702 5102 3778 5139 re-

2186 5168 2437 5240 cognovi.
2474 5167 2891 5227 Fortunatianus
2915 5174 3188 5245 episwpus
3221 5173 3475 5232 Ecclesia:
3519 5178 3778 5233 catholica

2186 5261 2337 5316 dixit.
2374 5261 2685 5317 Donatistas
2714 5279 2812 5320 vos
2847 5279 2971 5321 esse
3007 5280 3073 5321 ex
3116 5265 3373 5323 Primiani
3402 5269 3664 5326 mandato
3693 5271 3776 5325 do-

2186 5371 2396 5412 cemus.
2432 5355 2497 5410 Et
2520 5356 2625 5410 alia
2654 5375 2830 5414 manu.
2865 5358 3194 5432 Recognovi.
3245 5360 3551 5419 Adeodatus
3583 5366 3775 5435 episco-

2185 5468 2280 5522 pus
2302 5450 2455 5505 dixit.
2485 5447 2875 5507 Caacilianistas
2898 5468 2995 5510 vos
3024 5470 3146 5511 esse
3177 5457 3438 5529 scriptum
3468 5458 3561 5512 sit.
3598 5459 3665 5513 Et
3685 5458 3775 5512 alia

2182 5560 2361 5599 manu.
2404 5543 2715 5601 Adeodatus
2753 5547 3044 5620 episcopus
3091 5550 3532 5620 prosecutionem
3573 5567 3770 5613 meam,

2180 5639 2330 5727 salva
2356 5638 2757 5710 appellatione,
2787 5643 3102 5715 recognovi.

2255 5729 2382 5787 124.
2423 5729 2839 5790 Fortunatianus
2914 5737 3182 5808 episcopus
3236 5736 3484 5794 Ecclesia!
3522 5737 3770 5795 catholica

2184 5822 2340 5878 dixit.
2374 5824 2428 5881 Si
2473 5825 2747 5898 praecipis,
2787 5838 2937 5900 gesta
2968 5830 3262 5889 recitatnus
3290 5835 3343 5888 in
3368 5832 3576 5904 judicio
3602 5831 3764 5889 habita
