3996 6332
283 266 429 331 I585

1222 277 1449 334 GESTA
1488 273 1944 334 COLLATIONIS
1979 275 2601 338 CARTHAGINENSIS.
2630 345 2634 351 λ

3446 287 3585 344 1586

283 392 656 464 przefeeturte;
689 394 780 450 ubi
825 408 885 450 se
933 407 1059 465 pars
1106 393 1332 450 adversa
1363 394 1540 449 audiri
1599 376 1882 466 tantopere
1909 394 1959 454 Α
1989 395 2098 448 rius
2128 395 2278 451 dixit.
2325 397 2403 451 Ad
2428 413 2489 452 ea
2517 413 2585 453 ex
2628 396 2821 467 quibus
2855 404 3069 452 constat
3105 411 3228 455 esse
3260 401 3582 470 transitum,

279 487 565 559 ﬂagitavit.
605 489 670 542 Et
699 488 846 555 ideo,
886 489 930 543 si
962 489 1231 558 pra-cipis.
1263 487 1331 543 Et
1358 489 1464 543 alia
1493 505 1668 542 manu.
1702 488 1880 543 Reco-

278 585 464 654 gnovi.
495 582 832 639 Marcellinus
857 584 934 638 uir
957 584 1274 638 clarissimus
1301 583 1532 639 tribunus
1560 594 1606 637 et
1631 582 1883 637 Notarius

279 676 434 733 dixit.
469 677 634 734 Gesta
681 677 863 732 habita
907 677 960 732 in
997 676 1204 747 judicio
1232 677 1525 733 illustrium
1552 685 1878 747 potestatum

278 778 535 839 suscepta
565 769 636 825 ab
661 767 841 824 officio
867 769 1184 824 recitentur.

351 862 478 920 125.
513 864 803 935 Petilianus
832 851 1102 938 episcopus
1132 864 1286 919 dixit.
1330 862 1532 918 Contra
1565 862 1682 918 lure
1723 877 1878 918 serva

272 971 397 1028 qua:
423 966 758 1027 competunt.
804 955 874 1011 Et
901 956 1007 1010 alia
1033 973 1209 1011 manu.
1253 955 1549 1011 Petilianus
1589 955 1878 1026 episc0pus

271 1049 397 1106 sine
466 1049 786 1121 praeiudicio
841 1049 1224 1120 appellationis
1287 1033 1489 1104 nostra:
1559 1049 1873 1119 reCOgnovi.

271 1141 617 1200 Marcellinus
647 1147 722 1197 vir
749 1142 1063 1198 clarissimus
1095 1142 1329 1196 tribunus
1371 1151 1417 1196 et
1454 1142 1688 1196 notarius
1719 1141 1873 1195 dixit.

270 1232 433 1289 Salva
476 1246 658 1290 erunt.
697 1233 984 1289 Petilianus
1027 1235 1304 1305 episcopus
1345 1235 1501 1289 dixit.
1537 1234 1611 1288 De
1641 1249 1872 1302 persona

271 1327 585 1398 pronuntia.
616 1326 755 1396 Quid
786 1327 1062 1397 petierint,
1089 1326 1219 1397 quid
1241 1327 1611 1396 suggesserim
1634 1327 1873 1382 clemen—

270 1418 486 1476 tissimo
521 1419 862 1491 imperatori,
909 1419 1106 1491 quidve
1134 1421 1344 1476 mentiti
1386 1419 1512 1484 sint,
1547 1420 1650 1474 hoc
1679 1420 1876 1490 proda-

271 1522 380 1569 tur.
440 1513 540 1569 llic
594 1514 890 1570 Pronuntia
947 1523 1123 1569 utrum
1185 1513 1234 1568 id
1294 1513 1563 1583 superﬂue
1593 1512 1869 1585 ﬂagitem,

269 1625 467 1666 necne.
499 1607 639 1665 Tum
676 1609 893 1666 demum
937 1609 1042 1666 itur
1070 1609 1124 1663 in
1161 1623 1400 1663 causam.
1434 1607 1503 1662 Et
1550 1607 1656 1662 alia
1688 1625 1864 1662 manu.

267 1701 570 1758 Petilianus
599 1703 909 1774 episcopus,
939 1702 1090 1757 salvo
1118 1701 1314 1757 merito
1337 1700 1721 1771 appellationis
1748 1715 1873 1756 uos-

269 1803 395 1862 Irae,
429 1797 742 1868 recognovi.

346 1889 474 1946 126.
499 1888 839 1944 Marcellinus
859 1890 934 1944 vir
963 1889 1278 1944 clarissimus
1309 1889 1541 1943 tribunus
1557 1897 1606 1942 et
1634 1888 1871 1942 notarius

267 1981 424 2038 dixit.
475 1983 829 2039 Collationem
877 1984 1041 2039 fuisse
1085 1983 1411 2054 postulatam
1466 1982 1648 2036 missis
1681 1981 1870 2052 legatis

263 2091 450 2134 sermo
479 2077 718 2134 cmlestis
749 2077 1016 2144 ostendit,
1054 2077 1195 2132 banc
1233 2078 1348 2132 fieri
1415 2077 1696 2132 evidenter
1742 2092 1868 2130 san-

268 2170 454 2228 ctione
494 2171 783 2243 przecepit:
815 2171 898 2227 cui
950 2187 1036 2226 me
1077 2170 1316 2242 judicent
1366 2169 1612 2226 residere
1662 2169 1871 2239 pariter

265 2265 632 2320 constitutum
677 2273 781 2319 est.
804 2263 1096 2327 .Excedere
1142 2278 1230 2318 me
1285 2261 1446 2332 huius
1490 2262 1870 2331 praeceptionis

264 2358 500 2413 formam
551 2359 718 2414 etiam
761 2357 1021 2412 sanctitas
1050 2363 1234 2413 vestra
1272 2356 1495 2411 omnino
1540 2367 1647 2408 non
1707 2366 1868 2436 pesse

263 2466 490 2514 mecum
527 2451 719 2508 melius
742 2451 1109 2522 recognoscit.

341 2545 466 2600 127.
517 2543 814 2600 Petilianus
861 2545 1133 2617 episcopus
1183 2543 1333 2598 dixit.
1413 2541 1769 2597 Pronuntiare
1817 2548 1869 2594 te

263 2648 585 2697 constanter
615 2639 890 2703 convenit,
914 2637 997 2693 vir
1042 2636 1240 2692 nobilis
1265 2679 1280 2704 ,
1302 2644 1481 2692 utrum
1511 2634 1743 2706 proferri
1770 2635 1866 2690 de-

266 2732 435 2789 beant
457 2731 551 2787 illa
582 2747 703 2802 qua:
728 2733 973 2787 clanculo
998 2730 1287 2798 habentur,
1325 2745 1450 2801 quae
1477 2730 1676 2786 rubore
1715 2743 1864 2784 com-

266 2841 460 2898 pressa
485 2835 612 2881 sunt
637 2825 1016 2881 mentientium
1050 2842 1062 2877 :
1093 2831 1187 2878 aut
1224 2832 1372 2879 certe
1397 2823 1442 2877 si
1469 2821 1749 2892 superﬂue
1776 2837 1868 2892 pe-

261 2918 430 2976 timus
461 2961 476 2986 ,
530 2918 632 2974 hoc
688 2917 997 2988 pronuntia.
1055 2915 1126 2971 Et
1169 2916 1275 2970 alia
1323 2932 1501 2972 manu.
1535 2915 1870 2988 [Petilianus

260 3011 591 3086 episcopus]
637 3012 757 3068 sine
786 3008 1104 3084 prtejudieio
1147 3010 1529 3083 appellationis
1558 3015 1757 3065 nostrae
1784 3023 1868 3062 re-

265 3107 519 3180 cognovi.

1986 503 2296 558 regres.~um
2348 489 2463 544 ﬁeri
2518 489 2740 545 minime
2793 499 3055 559 oportere
3099 502 3183 545 sat
3235 493 3446 549 clarum
3479 507 3580 550 est.

1989 577 2142 633 Unde
2172 589 2230 634 ut
2259 581 2540 638 evidenter
2569 583 2813 652 petitoris
2842 599 3075 652 persona
3127 595 3484 654 monstretur,
3517 589 3581 644 il-

1985 669 2235 726 lustrium
2269 681 2592 740 potestatum
2618 683 2768 744 gesta
2800 675 3136 746 relegantur.

2059 763 2182 818 151.
2227 762 2518 819 Petilianus
2565 767 2833 836 episcopus
2893 767 3046 822 dixit.
3093 767 3298 824 Nebula
3345 782 3429 826 est.
3478 770 3578 828 ista

1983 870 2106 926 quae
2133 859 2472 914 obtenditur.
2520 860 2652 915 Nam
2706 862 2772 916 ab
2803 863 2957 918 initio
2985 863 3130 934 ipsos
3161 880 3284 921 esse
3320 868 3578 937 petitores

1983 958 2134 1005 certo
2163 949 2284 1006 loco
2335 953 2804 1022 monstrabimus,
2859 970 2982 1011 cum
3014 957 3326 1030 dignaberis
3381 961 3447 1016 de
3494 963 3579 1018 bis

1981 1056 2102 1112 qum
2143 1043 2460 1112 jamdudum
2518 1047 2806 1117 petivimus
2854 1059 3015 1119 atque
3065 1051 3297 1121 petimus
3342 1069 3580 1123 pronun-

1981 1135 2133 1190 tiare.
2183 1135 2251 1190 Et
2280 1138 2388 1192 alia
2413 1157 2590 1194 mmm.
2629 1141 2924 1196 Petilianus
2962 1135 3250 1216 episcopus
3277 1147 3394 1202 sine
3433 1163 3572 1219 prte-

1974 1226 2181 1298 judicio
2207 1232 2588 1300 appellationis
2621 1245 2821 1289 nostra:
2847 1238 3155 1306 raeoguovi.

2053 1321 2178 1375 152.
2206 1322 2544 1379 Marcellinus
2571 1327 2646 1380 vir
2658 1329 2983 1382 clarissimus
3008 1331 3242 1384 tribunus
3259 1343 3306 1385 et
3333 1331 3573 1388 notarius

1978 1411 2130 1466 dixit.
2167 1412 2343 1469 Etiam
2372 1418 2633 1473 sanctitas
2667 1432 2841 1476 vestra
2871 1439 2992 1493 qua:
3029 1424 3188 1480 offert
3213 1441 3306 1495 per
3325 1429 3573 1484 ordinem

1977 1503 2306 1574 relegenter.
2366 1508 2435 1562 Et
2479 1511 2689 1580 adjecit.
2734 1513 2983 1570 Patimini
3016 1533 3159 1572 nunc
3208 1519 3423 1576 interim
3454 1538 3576 1592 qua:

1975 1600 2245 1669 postulata
2283 1611 2405 1657 sunt
2432 1603 2500 1657 ab
2525 1604 2708 1661 officio
2737 1610 2971 1664 recitari.

2049 1692 2172 1748 155.
2224 1691 2516 1750 Petilianus
2554 1699 2823 1770 episcopus
2852 1701 3005 1755 dixit.
3038 1703 3335 1761 Pronuntia
3359 1749 3373 1773 ,
3402 1717 3458 1764 et
3481 1725 3578 1780 pa-

1901 1795 1950 1856 Β
1981 1784 2085 1839 tior
2130 1787 2369 1842 recitari.
2427 1788 2496 1842 Et
2544 1791 2651 1845 alia
2703 1809 2881 1847 manu.
2937 1794 3238 1853 Petilianus
3284 1802 3575 1872 episcopus

1974 1879 2124 1935 salvo
2149 1883 2343 1936 merito
2367 1884 2744 1954 appellationis
2774 1897 2976 1943 nostrae
3005 1894 3320 1962 recognovi.

2049 1973 2170 2030 154.
2203 1975 2541 2031 Marcellinus
2568 1978 2644 2032 vir
2671 1980 2991 2038 clarissimus
3017 1985 3252 2040 tribunus
3275 1996 3317 2040 et
3341 1989 3577 2043 notarius

1973 2065 2125 2122 dixit.
2156 2067 2413 2124 l’etitoris
2444 2085 2676 2140 persona
2721 2085 2846 2130 tunc
2882 2088 3070 2145 aperte
3117 2081 3317 2148 poterit
3345 2082 3570 2138 demon-

1973 2160 2166 2228 strari,
2197 2177 2320 2217 cum
2353 2163 2455 2219 boc
2501 2165 2669 2235 gestis
2714 2168 3136 2228 evidentissimis
3181 2173 3344 2230 fuerit
3378 2192 3576 2248 appro—

1973 2250 2178 2307 batum.

2045 2345 2171 2400 155.
2211 2343 2502 2402 Petilianus
2532 2352 2803 2423 episcOpus
2824 2354 2977 2410 dixit.
3001 2357 3294 2414 l‘rnnuntia
3318 2377 3405 2416 tne
3427 2374 3576 2420 recte

1973 2453 2040 2493 an
2069 2454 2178 2494 non
2210 2452 2358 2496 recte
2378 2443 2582 2513 petisse
2608 2446 2750 2514 quod
2778 2447 2980 2504 diutius
3006 2450 3261 2521 ﬂagitavi.
3294 2455 3403 2509 Res
3429 2457 3574 2512 enim

1973 2529 2132 2586 nobis
2159 2545 2282 2586 cum
2328 2535 2530 2604 pOpulo
2559 2545 2662 2591 est.
2698 2537 2778 2592 Tu
2824 2556 3040 2610 quoque
3078 2559 3199 2597 cum
3253 2549 3453 2614 pepulo
3482 2563 3575 2600 vo—

1972 2620 2122 2678 luiSIi
2172 2621 2376 2680 habere
2408 2625 2698 2693 rationem,
2728 2629 2823 2700 qui
2850 2631 2916 2685 de
2958 2632 3164 2702 judicio
3205 2644 3299 2689 tuo
3351 2638 3572 2693 voluisti

1966 2712 2225 2784 judicari.
2275 2715 2344 2771 Et
2393 2718 2501 2773 alia
2549 2737 2726 2775 manu.
2771 2722 3070 2781 Petilianus
3117 2730 3407 2800 episcopus
3454 2733 3573 2788 sine

1973 2809 2291 2880 prtejudicio
2310 2812 2692 2882 appellationis
2727 2827 2926 2872 nostra:
2950 2822 3258 2891 recognovi.

2044 2902 2168 2958 156.
2217 2903 2436 2975 Alypius
2478 2907 2750 2980 episcopus
2798 2909 3046 2968 Ecclesia:
3103 2915 3375 2970 catholica:
3422 2916 3572 2972 dixit.

1973 2993 2250 3066 Legaotur
2270 3010 2442 3067 gesta.
2477 2999 2546 3053 Et
2577 3003 2682 3056 alia
2713 3020 2893 3060 manu.
2923 3004 3258 3078 Recognovi.
3403 3067 3406 3071 ,

2047 3089 2168 3145 157.
2199 3090 2540 3148 Marcellinus
2567 3097 2645 3149 vir
2669 3097 2991 3154 clarissimus
3013 3102 3248 3157 tribunus
3268 3114 3316 3159 et
3345 3107 3578 3160 notarius
3639 3125 3644 3135 ‘

338 3201 466 3258 128.
524 3199 938 3256 Fortunatianus
983 3200 1254 3272 episcOpus
1306 3197 1550 3253 Ecclesia;
1599 3195 1866 3251 catholica;
1894 3191 1938 3255 C
1972 3180 2124 3236 dixit.
2156 3183 2517 3243 Pronuntiare
2548 3201 2634 3242 me
2660 3191 2896 3259 postulat
2921 3194 3182 3250 sanctitas
3208 3207 3319 3263 tua,
3352 3213 3473 3253 cum
3503 3201 3571 3255 ab

260 3297 416 3352 dixit.
454 3296 510 3354 Si
541 3296 670 3368 quid
700 3307 785 3353 est
811 3295 954 3366 quod
978 3304 1168 3350 contra
1197 3309 1320 3362 nos,
1343 3294 1432 3348 ubi
1465 3294 1720 3348 mentitos
1742 3307 1865 3347 esse

258 3405 389 3462 pars
419 3389 646 3446 adversa
677 3389 960 3461 designat,
995 3388 1240 3459 proferre
1272 3387 1502 3458 poterit,
1544 3386 1654 3456 jam
1687 3384 1866 3456 profe-

261 3493 388 3549 rat;
417 3498 486 3539 ne
507 3481 796 3554 superﬂuis
817 3496 916 3538 nos
942 3480 1378 3537 accusationibus
1398 3494 1566 3549 agens
1583 3519 1599 3546 ,
1635 3477 1865 3548 populus

261 3575 443 3632 adhuc
471 3592 663 3649 usque,
688 3575 776 3632 cui
799 3574 1088 3632 consulere
1117 3573 1392 3637 volumus,
1424 3572 1751 3642 decipiatur.
1798 3570 1865 3624 Et

260 3668 388 3726 ideo
413 3710 428 3736 ,
462 3669 507 3724 si
535 3668 792 3725 nobilitas
824 3678 911 3724 tua
955 3667 1234 3737 prmeepit,
1281 3665 1423 3736 apud
1481 3663 1860 3734 praefecturam

263 3771 421 3834 gesta
449 3761 634 3816 habita
663 3761 976 3818 recitantur.
1012 3759 1080 3813 Et
1109 3760 1216 3815 alia
1245 3776 1418 3814 manu.
1450 3757 1784 3829 Recoguovi.

338 3853 462 3908 1’29.
501 3852 794 3908 Petilianus
829 3853 1098 3925 cpiscopus
1125 3851 1278 3906 dixit.
1310 3849 1514 3906 Ordine
1539 3865 1638 3904 suo
1669 3857 1860 3903 cuncta

257 3944 526 4016 legantur.
551 3943 821 4016 Legantur
839 3945 1014 4014 primo
1035 3960 1155 4015 qua:
1183 3943 1436 4014 petimus.
1471 3941 1534 3996 Et
1553 3942 1660 3997 alia
1681 3958 1858 3996 manu.

259 4039 560 4096 Petilianus
613 4040 901 4110 episcopus
947 4038 1068 4094 sine
1115 4037 1428 4108 praeiudicio
1479 4035 1863 4108 appellationis

258 4140 467 4187 nostrae
497 4130 810 4202 recognovi.
844 4128 1109 4184 Emerita:
1138 4130 1406 4200 episcopus
1443 4127 1595 4183 dixit.
1639 4128 1750 4184 Hoc
1779 4137 1863 4183 est

257 4226 407 4298 quod
438 4225 751 4281 volebamus
779 4225 831 4279 in
854 4223 1060 4306 judicio
1078 4223 1253 4294 prodi,
1279 4234 1458 4279 utrum
1484 4223 1861 4294 imperialibus

255 4321 480 4376 auribus
511 4319 812 4375 intimarint
848 4334 949 4375 nos
976 4319 1028 4374 in
1051 4318 1255 4389 judicio
1278 4316 1614 4389 praefecturae
1636 4319 1722 4374 vel
1763 4333 1861 4373 vo-

257 4413 524 4469 luntarios
547 4412 846 4481 adstitisse,
875 4411 959 4467 vel
983 4413 1246 4483 qtimsisse
1265 4410 1602 4466 conﬂictum.
1630 4411 1687 4468 Si
1713 4409 1858 4465 enim

256 4505 367 4562 ista
411 4505 665 4571 dixissrs,
699 4519 911 4576 possem
946 4513 995 4559 te
1022 4502 1356 4574 digestorom
1408 4503 1514 4557 fide
1557 4502 1610 4557 in
1652 4500 1859 4573 judicio

1970 3274 2076 3328 alia
2096 3291 2181 3346 par
2197 3284 2248 3331 te
2265 3287 2414 3347 gesta
2441 3284 2751 3338 necessaria
2774 3284 3189 3353 probationibus
3204 3290 3567 3358 publicentur.

1972 3364 2126 3422 Unde
2169 3368 2274 3424 hoc
2303 3369 2421 3427 ﬁeri
2447 3373 2683 3442 patiatur
2707 3376 2966 3432 sanctitas
3009 3385 3120 3434 tua.
3157 3381 3292 3436 Tum
3321 3383 3564 3451 demum,

1971 3473 2152 3517 utrum
2179 3462 2248 3520 de
2276 3473 2428 3534 parte
2476 3469 2678 3538 negotii
2732 3473 3073 3539 pronuntiari
3127 3475 3356 3545 debeat,
3385 3478 3570 3534 existi-
3605 3521 3613 3531 .

1970 3555 2151 3611 mabo.

2043 3649 2166 3704 158.
2229 3650 2517 3708 Petilianus
2558 3656 2828 3726 episcopus
2868 3657 3020 3713 dixit.
3070 3660 3232 3717 Aliud
3289 3665 3564 3732 ostendit,

1967 3755 2090 3798 cum
2125 3743 2270 3799 aliud
2301 3746 2591 3816 postulem.
2621 3747 2972 3807 Conscientia
3007 3753 3121 3823 ipsa
3151 3756 3365 3825 publica
3398 3766 3566 3823 tenet,

1967 3850 2067 3890 nec
2123 3836 2312 3892 tacebo
2362 3838 2590 3895 ulterius
2618 3881 2632 3907 ,
2675 3856 2776 3897 nec
2823 3842 3096 3908 differam,
3122 3847 3204 3901 vir
3242 3849 3438 3904 nobilis
3465 3892 3478 3914 ,
3516 3859 3566 3906 te

1967 3926 2143 3997 ipsum
2185 3929 2382 4000 populo
2421 3930 2590 3988 fuisse
2615 3933 2810 3990 edictis
2837 3934 3207 4007 frequentibus
3244 3941 3564 4010 pollicitum,

1967 4023 2227 4096 quidquid
2264 4023 2549 4080 auditurus
2577 4039 2750 4093 esses,
2804 4027 2945 4084 inter
2966 4029 3334 4101 disceptantes
3360 4038 3568 4094 scilicet

1969 4127 2173 4190 partes,
2193 4127 2243 4175 te
2266 4134 2483 4175 rursum
2502 4118 2698 4176 edictis
2721 4121 3180 4193 subsequentibus
3202 4127 3563 4197 prolaturum.

1968 4210 2050 4267 Tu
2080 4210 2183 4266 boc
2211 4210 2437 4281 videris,
2469 4221 2573 4267 tua:
2603 4213 3024 4270 existimationis
3050 4225 3134 4272 est
3166 4232 3350 4285 causa,
3385 4230 3563 4278 utrum

1967 4313 2077 4359 tam
2131 4303 2295 4360 facile
2344 4320 2433 4360 me
2464 4319 2660 4376 cogere
2689 4305 2891 4362 debeas
2917 4306 2984 4364 de
3011 4322 3189 4364 causae
3221 4313 3430 4368 meritis
3455 4316 3565 4370 dis-

1967 4409 2198 4471 putare,
2244 4415 2366 4456 cum
2412 4400 2467 4454 id
2511 4400 2646 4456 mihi
2695 4401 3040 4459 adversarius
3088 4420 3243 4464 meus
3287 4413 3567 4481 negaverit

1965 4493 2108 4565 quod
2149 4509 2250 4564 ego
2284 4508 2614 4565 magnopere
2655 4495 2872 4563 postulo
2899 4511 3020 4552 esse
3052 4499 3415 4567 prodendum.
3445 4505 3563 4574 Ipse

255 4600 562 4656 confutare.
601 4598 658 4655 Si
690 4609 870 4656 autem
896 4613 1004 4654 non
1025 4597 1276 4661 dixisses.
1314 4595 1626 4668 intelligatis
1648 4598 1737 4668 qui
1761 4611 1855 4652 co-

1984 4587 2186 4651 rideris,
2217 4586 2334 4655 ipse
2362 4585 2466 4640 hoc
2489 4585 2765 4656 quomodo
2796 4587 3032 4643 volueris
3053 4591 3314 4650 mstimes.
3346 4595 3462 4666 Ego
3488 4608 3556 4651 ta-

255 4691 439 4764 gnitor
465 4691 623 4747 datus
652 4691 826 4746 estde
853 4690 1107 4747 omnibus
1151 4705 1211 4746 se
1239 4689 1604 4760 imperatoriae
1651 4689 1858 4746 notioni

254 4787 463 4843 referre
493 4794 768 4856 dportere.
793 4784 958 4856 igitur
979 4785 1236 4856 quoniam
1267 4783 1674 4840 evidentissima
1711 4799 1859 4840 como

257 4881 555 4952 probamus
587 4882 720 4936 istos
757 4881 957 4937 docere
1007 4882 1229 4937 minime
1248 4883 1506 4948 valuisse,
1537 4881 1622 4936 vel
1649 4896 1713 4936 ea
1741 4897 1861 4952 quae

255 4974 607 5044 imperatoris
645 4973 868 5028 auribus
901 4973 1183 5028 intimasse
1220 4990 1279 5029 se
1325 4973 1532 5039 dicunt,
1565 4973 1647 5028 vel
1677 4982 1859 5028 utrum

254 5065 443 5133 ierint,
464 5066 546 5122 vel
565 5066 783 5137 quando
806 5066 1089 5132 ierint,»vel
1117 5081 1238 5121 cum
1269 5082 1376 5136 quo
1397 5064 1649 5121 renudato
1672 5064 1854 5132 ierint,

253 5159 365 5215 hoc
396 5161 568 5231 ipsum
603 5167 843 5228 potestas
871 5170 959 5215 tua
974 5159 1224 5232 judicare
1245 5161 1498 5231 dignetur
1520 5177 1533 5226 ;
1559 5157 1795 5231 304m
1812 5159 1859 5214 si

254 5265 759 5329 putantpersonam
792 5263 1032 5310 nostram
1065 5264 1335 5326 tamquam
1360 5254 1648 5326 petitorum
1683 5255 1751 5310 de
1771 5267 1862 5310 ac-

256 5359 442 5404 torum
470 5345 814 5404 confectione
835 5363 954 5418 quae
979 5347 1121 5419 apud
1141 5346 1536 5404 illustrissimas
1560 5355 1857 5417 potestates

253 5451 388 5501 sunt
434 5441 640 5509 babita,
674 5442 727 5497 in
757 5441 962 5512 judicio
984 5442 1377 5512 comprobare,
1407 5455 1529 5496 cum
1561 5457 1627 5496 ex
1657 5441 1858 5496 recita-

255 5537 410 5593 tione
435 5545 710 5607 gestorum
734 5532 895 5590 fuerit
919 5534 1301 5605 approbatum,
1325 5533 1573 5606 judicare
1598 5531 1857 5604 digneris.

258 5627 330 5684 Et
350 5630 455 5684 alia
485 5645 660 5684 manu.
687 5628 964 5685 Emeritos
983 5628 1298 5700 episcopus,
1323 5626 1474 5684 salva
1497 5625 1861 5698 appellatione

260 5733 476 5792 nostra,
501 5722 818 5793 recognovi.

337 5815 459 5874 150.
503 5813 843 5871 Marcellinus
880 5813 954 5868 vir
1005 5812 1320 5870 clarissimus
1366 5813 1600 5870 tribunus
1624 5819 1672 5868 et
1698 5819 1865 5868 nota-

672 5911 942 5974 l’ATttOL.
994 5907 1104 5970 XI.

1964 4697 2088 4736 men
2124 4692 2269 4735 tuam
2298 4679 2551 4735 desidero
2590 4679 2875 4750 providere
2899 4685 3268 4752 praestantiam
3299 4691 3425 4760 quid
3461 4691 3562 4748 hoc

1964 4772 2086 4827 loco
2113 4771 2335 4827 sentias.
2371 4769 2500 4825 Mihi
2532 4769 2634 4825 hoc
2660 4771 2903 4842 expedit,
2950 4774 3078 4830 uolo
3103 4791 3136 4832 a
3172 4780 3370 4849 populo
3391 4781 3561 4838 deno-

1964 4865 2087 4931 tari,
2122 4863 2266 4934 quod
2291 4863 2729 4934 praetermiserim
2762 4863 2838 4930 id,
2864 4875 2916 4920 et
2939 4868 3186 4924 eumdem
3216 4870 3394 4927 locum
3425 4890 3566 4944 prae-

1967 4955 2316 5024 termiserim,
2351 4955 2436 5011 ubi
2468 4956 2683 5014 occulte
2723 4957 2878 5013 video
2911 4959 3017 5029 tegi
3053 4962 3395 5021 mendacium
3419 4971 3562 5040 quod

1965 5049 2166 5107 debeat
2194 5048 2476 5121 publicari.
2503 5048 2740 5105 Proinde
2769 5060 2848 5118 tu,
2874 5051 2958 5105 vir
2979 5054 3304 5128 nobilis,qni
3327 5063 3558 5119 mediam

1965 5152 2124 5201 tenes
2154 5145 2259 5199 boc
2289 5143 2409 5199 loco
2435 5158 2746 5212 personam,
2769 5159 2987 5203 assume
3011 5147 3161 5205 illam
3187 5168 3376 5222 puram
3401 5159 3560 5214 inno-

1967 5250 2289 5310 centemque
2344 5237 2748 5305 constantiam,
2795 5254 2897 5296 nec
2947 5240 3162 5299 dubites
3216 5250 3567 5315 pronuntiare

1969 5332 2116 5406 quod
2162 5333 2306 5388 licet.
2351 5331 2540 5404 Neque
2564 5333 2707 5389 enim
2755 5332 2836 5388 fas
2879 5344 3068 5401 estut,
3101 5351 3224 5392 cum
3249 5340 3568 5402 mihisatis-

1965 5423 2166 5484 factum
2190 5442 2299 5482 non
2321 5427 2504 5492 luerit,
2528 5440 2630 5496 ego
2648 5440 2811 5496 cogar
2833 5425 2900 5481 ad
2923 5426 3114 5484 intima
3137 5445 3318 5488 causae
3337 5434 3566 5495 descen-

1967 5521 2119 5578 dere.
2167 5518 2323 5576 Uude
2361 5519 2580 5591 quidem
2621 5534 2952 5589 magnopere
3004 5537 3303 5595 praesumo;
3359 5530 3456 5586 sed
3503 5549 3566 5590 ea

1968 5633 2090 5690 qua:
2115 5624 2313 5688 expeto
2338 5631 2446 5670 non
2472 5613 2648 5670 debeo
2685 5613 2983 5683 praeterire.
3019 5614 3090 5672 Et
3116 5619 3221 5674 alia
3251 5639 3430 5679 manu.
3465 5627 3566 5684 Pe-

1971 5710 2192 5767 tilianus
2225 5708 2526 5780 EpiscOpus
2551 5706 2701 5762 salvo
2729 5707 2926 5764 merito
2954 5711 3334 5781 appellationis
3365 5711 3568 5780 nostra:

1972 5803 2284 5879 recognovi.

3085 5897 3165 5962 Mt
