3748 6310
22 324 147 380 589

966 325 1193 388 GESTA
1223 317 1679 383 COLLATIONIS
1714 322 2335 391 CARTIIAGINENSIS.

3164 336 3303 399 I390

23 433 266 503 ignetur
293 436 551 494 nobilitas
592 445 685 494 tua
712 438 1067 511 pronuntiare
1104 437 1299 495 faciem
1324 435 1597 495 defensio-
1628 440 1678 501 Λ
1778 438 1903 495 155.
1955 440 2250 501 Petilianus
2320 445 2590 521 episcopus
2636 448 2788 506 dixit.
2837 449 2922 510 Me
2974 450 3031 509 id
3087 456 3293 524 petisse

24 526 80 583 is
108 543 332 586 eorum.
369 531 435 585 Et
466 534 571 587 alia
602 550 778 598 manu.
808 533 1138 607 Recognovi.

65 623 209 681 145.
254 624 547 684 Petilianus
572 630 845 701 episcopus
871 628 1023 698 dixit,
1053 628 1258 687 Ordine
1280 644 1381 685 suo
1405 645 1437 686 a
1456 629 1607 702 prin-

20 714 145 787 ipio
176 730 375 776 cuncta
400 722 718 779 recitantur.
750 722 886 778 Tum
926 721 1146 779 demum
1177 722 1438 781 invenies.
1460 723 1603 791 peti-

17 824 205 868 orem.
241 813 308 869 Et
334 816 442 871 alia
467 833 645 872 manu.
680 816 974 873 Petilianus
1012 817 1305 889 episcopus
1348 831 1607 887 prosecuo

17 905 210 962 ionem
237 923 417 967 meam
444 911 811 982 appellatione
834 910 1094 968 incolumi
1118 910 1428 984 recognovi.
1448 956 1456 963 .

74 1002 151 1058 H
165 999 215 1056 ί.
240 1001 563 1074 Augustinus
582 1004 854 1074 episcopus
877 1002 1129 1059 Ecclesia:
1151 1005 1422 1061 catholica:
1445 1004 1602 1064 dixit.

17 1098 45 1152 ,ἰ
80 1113 114 1151 a
151 1097 428 1168 principio
459 1095 695 1170 [cuncta
727 1095 1007 1153 recitanda
1035 1095 1201 1171 sunt]
1232 1113 1295 1155 ex
1329 1112 1436 1170 quo
1474 1111 1606 1154 cau-

17 1206 113 1247 am
152 1189 223 1248 ad
252 1190 642 1260 imperatorem
672 1189 1091 1248 Constantinum
1122 1191 1391 1251 miserunt
1423 1192 1609 1250 crimi-

17 1298 131 1339 lum
166 1280 450 1341 Caeciliani
491 1281 627 1354 jube
669 1268 911 1341 recitari.
964 1283 1032 1339 Et
1079 1284 1183 1339 alia
1211 1300 1390 1340 manu.
1432 1284 1609 1344 Reco-

17 1375 193 1442 ;novi.
246 1372 665 1433 Fortunatianus
713 1376 982 1449 episcOpus
1029 1374 1278 1433 Ecclesia:
1342 1378 1610 1435 catholica

17 1470 156 1524 limit.
189 1469 328 1538 Quia
359 1469 608 1524 voluistis
638 1469 707 1525 de
759 1469 1030 1538 prioribus
1058 1469 1227 1541 gestis
1273 1471 1608 1531 mentionem

17 1578 206 1620 acere.
242 1561 454 1620 Etcum
480 1564 674 1621 diceret
712 1562 805 1637 (Et
833 1563 944 1619 alia
970 1581 1146 1621 manu.
1169 1563 1534 1639 Recognovi),

76 1658 210 1716 H5.
239 1656 586 1717 Marcellinus
611 1658 687 1713 uir
711 1658 1030 1717 clarissimus
1041 1658 1276 1717 tribunus
1303 1671 1351 1715 et
1376 1659 1610 1719 notarius

1708 531 1883 593 adhuc
1914 537 2148 594 recalent
2173 548 2357 622 gesta,
2392 550 2449 598 ut
2471 557 2534 599 ea
2566 559 2687 617 qua:
2719 546 3033 618 imperatori
3084 551 3303 611 mentiti

1707 636 1834 683 sunt
1866 628 2177 700 proferant,
2205 634 2386 704 legant
2414 652 2533 709 quae
2559 638 2910 711 objecerunt,
2950 651 3140 700 contra
3182 643 3298 703 haec

1672 718 2018 792 .hujusmodi
2069 724 2326 795 nebulas,
2382 737 2441 789 ut
2480 730 2682 788 vellent
2722 744 2843 790 acta
2888 734 3135 807 relegere
3176 753 3301 810 quae

1707 823 1833 910 sunt
1886 815 2070 877 habita
2112 819 2168 875 in
2216 820 2422 892 judicio
2468 825 2835 898 praefecturae,
2882 829 2968 887 his
3013 849 3135 904 quas
3187 852 3290 910 ego

1709 906 1869 979 longe
1918 910 2158 981 praetuli,
2199 913 2528 985 antiquiora.
2580 917 2791 990 Igitur,
2847 923 2928 981 vir
2976 906 3300 1000 nobilispsi

1710 1010 1869 1065 tenor
1890 1018 1951 1063 se
1974 1005 2044 1063 ita
2080 1005 2448 1067 babetcausa:
2484 1012 2716 1075 sicutab
2742 1016 2898 1079 initio
2936 1020 3151 1082 videtur
3179 1040 3307 1083 csse

1714 1095 2011 1168 formatus,
2038 1113 2129 1157 aut
2152 1101 2419 1172 iacturam
2463 1105 2833 1167 cltartularum
2876 1113 3101 1177 istarum
3131 1121 3309 1190 publi.

1711 1208 1897 1248 carum
1916 1192 2136 1264 faciant,
2161 1207 2215 1253 et
2235 1196 2303 1253 ad
2327 1198 2552 1270 legalem
2576 1199 3027 1275 disceptationem
3049 1215 3305 1281 veniant;

1710 1294 1808 1341 aut
1832 1286 1879 1341 si
1918 1284 2007 1344 his
2032 1288 2199 1346 rebus
2226 1289 2303 1347 uti
2333 1290 2680 1360 desiderant.
2711 1296 2912 1355 faciant
2938 1300 3072 1373 legis
3104 1305 3307 1363 divinas

1705 1374 1997 1447 iacturam.
2042 1379 2109 1437 Et
2131 1381 2239 1439 alia
2256 1399 2438 1441 manu.
2472 1383 2772 1445 Petilianus
2794 1389 3087 1465 episcopus
3118 1414 3308 1469 prose.

1709 1471 1986 1531 cntionem
2007 1488 2182 1531 meam
2210 1476 2582 1548 appellatione
2606 1480 2869 1542 incolumi
2885 1493 3199 1561 recognovi.

1788 1562 1911 1621 151.
1944 1564 2286 1626 Marcellinus
2302 1572 2379 1627 air
2407 1573 2729 1631 clarissimus
2748 1576 2986 1635 tribunus
3000 1590 3050 1636 et
3080 1585 3315 1645 notarius

1712 1655 1868 1715 dicit.
1900 1659 2321 1722 Proconsularia
2347 1676 2498 1738 gesta
2544 1676 2601 1724 et
2642 1669 2824 1727 habita
2870 1671 2926 1729 in
2954 1673 3159 1746 judicio
3186 1673 3311 1734 ἰΙιιιι⁵

17 1752 157 1807 limit.
197 1750 330 1808 Hzec
353 1761 506 1823 gesta
535 1766 654 1822 qua.-
676 1750 898 1811 recitari
929 1752 1167 1823 postulat
1202 1753 1461 1809 sanctitas
1490 1768 1612 1810 ves—
1711 1753 1910 1811 striam
1935 1765 2274 1826 potestatum
2297 1800 2313 1827 ,
2340 1760 2579 1818 ofﬁcium
2615 1762 2905 1836 diligenter
2939 1768 3192 1842 inspiciat
3210 1811 3227 1839 ,
3252 1782 3314 1830 ut

17 1860 86 1901 .ra
109 1885 129 1911 ,
190 1844 497 1915 posteriora
550 1852 683 1903 sunt.
732 1842 818 1901 bis
867 1844 1035 1916 gestis
1081 1860 1204 1916 qua:
1244 1844 1445 1901 obtulit
1487 1859 1612 1919 pars
1640 1841 1689 1905 Β
1714 1859 1781 1902 ea
1810 1862 1930 1917 qua:
1951 1849 2134 1920 priora
2157 1861 2317 1920 sunt,
2344 1854 2598 1924 primitus
2625 1858 2946 1919 recitentur.
3028 1902 3031 1915 η

17 1938 276 1996 :atltolica
298 1979 314 2007 ,
343 1954 412 1994 an
439 1938 666 2010 priora?

81 2033 210 2091 116.
245 2033 539 2089 Petilianus
579 2034 856 2103 episcopus
882 2032 1033 2089 dixit.
1082 2031 1202 2089 Non
1232 2040 1318 2090 est
1359 2031 1612 2104 equidem

17 2143 142 2199 pars
184 2127 447 2184 catholica
465 2168 485 2196 ,
515 2125 615 2183 nisi
646 2142 767 2197 qua:
792 2126 957 2197 hujus
984 2125 1405 2185 conﬁictationis
1427 2141 1614 2199 sump-

17 2221 146 2277 serit
166 2220 425 2292 palmam.
452 2220 620 2291 Igitur
648 2220 898 2291 cupimus
931 2219 1153 2276 recitari
1178 2235 1300 2291 quae
1327 2220 1383 2276 in
1405 2220 1613 2292 judicio

17 2316 392 2387 proconsulari
441 2325 497 2374 et
541 2317 758 2373 vicariae
809 2316 1147 2388 praefecturae
1200 2317 1270 2375 ab
1317 2317 1450 2388 ipsis
1486 2325 1615 2374 sunt

18 2422 133 2466 inte
176 2411 396 2483 longius
439 2420 687 2483 prompta
742 2422 905 2483 atque
945 2410 1131 2481 petita.
1188 2409 1258 2467 Et
1285 2411 1391 2467 alia
1429 2427 1609 2467 manu.

17 2504 312 2562 Pctilianus
360 2504 650 2576 episcopus
678 2505 1114 2575 prosecutionem
1147 2519 1322 2561 meam
1369 2505 1615 2577 appella-

17 2599 155 2655 .ione
231 2599 492 2655 incolumi
569 2599 884 2669 recognovi.
984 2597 1263 2654 Possidius
1339 2601 1611 2672 episcomu

17 2690 258 2748 Ecclesiw
277 2692 549 2749 catholica
571 2691 726 2748 dicit.
750 2691 805 2748 Si
829 2691 895 2747 de
920 2705 1086 2749 causa
1118 2708 1481 2763 praesumeres
1500 2735 1514 2757 ,
1540 2693 1610 2750 ad

17 2801 184 2841 :ausae
214 2787 470 2842 meritum
498 2786 736 2842 venires.
772 2785 838 2839 Et
860 2786 968 2840 alia
999 2803 1176 2840 manu.
1209 2786 1535 2858 Rccognovi.

74 2881 202 2936 147.
240 2878 583 2936 Marcellinus
606 2880 683 2937 vir
703 2879 1024 2936 clarissimus
1048 2879 1283 2937 tribunus
1303 2890 1350 2936 et
1376 2881 1612 2936 notarius

17 2972 152 3030 tizit.
215 2974 353 3032 Sine
404 2974 725 3045 praeiudicio
774 2973 1080 3031 catholicos
1145 2974 1305 3042 dico,
1378 2990 1612 3047 sequens

17 3068 467 3139 nuncupationem
520 3068 929 3124 clementissimi
987 3068 1268 3139 principis.
1322 3067 1475 3125 Unde
1546 3084 1608 3125 ea

17 3170 151 3233 gesta
181 3178 306 3234 quae
332 3163 644 3235 antiquiora
682 3154 918 3233 sumpsi
945 3162 1152 3235 placet,
1193 3163 1262 3218 ab
1304 3162 1486 3220 ofﬁcio
1525 3178 1610 3221 rc-

17 3260 259 3313 :ilcntlr.

68 3351 199 3409 118.
236 3349 517 3407 Possidius
559 3349 849 3424 Episwpss
891 3349 1137 3406 Ecclesiae
1164 3349 1431 3405 catholica:
1452 3349 1603 3405 dixit.

17 3444 297 3513 )tl'erimus
337 3444 715 3517 antiquissima
746 3461 867 3513 qua:
895 3445 1131 3515 petimus
1160 3444 1365 3516 suscipi
1391 3444 1460 3500 ab
1487 3444 1607 3501 cill—

17 3539 103 3594 :io.
135 3538 428 3609 Prmcipiat
450 3538 712 3594 nobilitas
741 3548 827 3594 tua
849 3554 913 3594 ea
945 3538 1189 3594 recitari.

71 3631 201 3688 M9.
236 3630 535 3686 Pctilianas
586 3632 860 3704 episwpus
904 3631 1056 3686 dixit.
1104 3630 1162 3688 Si
1193 3631 1296 3688 hoc
1346 3632 1605 3703 potestati

18 3741 105 3782 ure
135 3726 460 3783 mandatum
506 3736 626 3795 est,
658 3728 705 3783 si
753 3743 860 3799 non
894 3736 1244 3784 recesserunt
1273 3726 1342 3782 ab
1368 3726 1455 3784 bis
1485 3742 1606 3800 quas

18 3822 320 3879 amdudnm
347 3823 715 3894 promiserant
743 3838 805 3878 se
830 3823 1077 3893 legaliter
1116 3837 1279 3895 agere
1308 3828 1601 3893 oportere,

17 3916 162 3972 cdde
195 3916 360 3972 nobis
386 3916 535 3971 illam
578 3915 806 3987 primam
857 3917 1222 3987 objectionem
1247 3959 1261 3984 ,
1307 3916 1460 3987 cujus
1501 3917 1603 3973 visi

17 4009 405 4080 prodammodo
442 4025 630 4065 sumus
675 4010 777 4065 sub
808 4010 970 4081 hujus
996 4010 1338 4083 exceptionis
1388 4011 1604 4068 ratione

17 4103 192 4160 scisse
215 4103 513 4176 iacturam.
540 4101 597 4159 Si
629 4102 790 4174 igitur
820 4102 885 4158 ad
932 4104 1103 4175 legem
1130 4117 1193 4159 se
1214 4106 1441 4170 retinet,
1479 4118 1602 4175 per-

17 4194 484 4267 lideLpraestantia
513 4202 601 4249 tua
637 4194 950 4250 nullatenus
972 4208 1071 4249 θος
1098 4194 1293 4250 harum
1321 4195 1602 4252 chartula-

1791 1941 1916 1999 l55.
1945 1943 2263 2017 Augustinus
2285 1949 2556 2021 episcopus
2580 1948 2831 2011 Ecclesia
2857 1954 3129 2015 catholica
3148 1956 3306 2017 dixit.

1714 2035 1798 2095 Ad
1828 2051 1892 2093 ea
1920 2053 2043 2109 quas
2060 2051 2347 2110 prosecuta
2374 2052 2460 2103 est
2483 2046 2649 2103 modo
2690 2063 2819 2120 pars
2842 2050 3056 2110 diversa
3078 2096 3093 2121 ,
3127 2057 3313 2126 paucis

1714 2132 1963 2192 advertat
2009 2135 2313 2194 sublimitas
2352 2146 2469 2195 tua.
2515 2140 2625 2198 Nos
2665 2143 2967 2203 Ecclesiam
2987 2148 3316 2208 catholicam

1716 2229 1995 2298 retinere,
2043 2232 2158 2303 ipsa
2215 2242 2419 2290 nostrae
2475 2236 2878 2296 communionis
2931 2241 3316 2303 testiﬁcatione

1716 2333 2084 2380 monstramus
2101 2366 2118 2392 ,
2137 2341 2304 2396 quam
2322 2327 2621 2385 Ecclesium
2650 2331 2882 2402 probare
2904 2333 3312 2403 descendimus,

1714 2414 1766 2473 si
1831 2415 2175 2486 permittant,
2230 2433 2340 2475 non
2391 2421 2707 2481 rumoribus
2776 2425 3068 2497 humanis,
3137 2446 3317 2503 neque

1714 2510 2026 2569 errantibus
2053 2514 2438 2585 opinionibus,
2480 2516 2578 2574 sed
2619 2518 2824 2576 divinis
2871 2522 3102 2594 eloquiis
3132 2525 3319 2582 declaa

1715 2615 1908 2661 ratam.
1954 2604 2026 2663 Ut
2055 2617 2235 2664 autem
2268 2608 2445 2680 leges,
2494 2611 2584 2666 vel
2621 2620 2796 2682 gesta,
2826 2615 2912 2670 vel
2953 2630 3319 2689 quaecumque

1716 2701 1785 2759 de
1816 2704 2053 2761 arcliivis
2083 2705 2294 2776 prolata
2320 2704 2616 2763 aderamus
2638 2707 2691 2763 in
2720 2707 2823 2765 hac
2849 2710 3148 2769 collatione
3174 2714 3314 2770 reci-

1716 2796 1879 2853 tanda
1903 2839 1917 2863 ,
1949 2797 2055 2869 ipsi
2084 2811 2284 2870 cogunt
2308 2801 2399 2871 qui
2453 2800 2653 2857 talibus
2681 2812 2870 2875 agunt.
2897 2803 3034 2861 Nam
3062 2806 3108 2861 si
3134 2822 3317 2864 remo-

1714 2889 1787 2944 tis
1813 2888 2192 2960 hujuscemodi
2234 2891 2487 2949 omnibus
2515 2892 2721 2950 chartis
2769 2896 2981 2954 nollent
3016 2898 3319 2956 Ecclesiam

1716 2980 1819 3037 nisi
1845 2983 1898 3037 in
1918 2982 2220 3056 Scripturis
2241 2984 2474 3053 adverti,
2498 2986 2632 3042 nihil
2665 2986 2968 3056 vellemus,
3003 2990 3138 3047 nihil
3165 2992 3319 3050 aliud

1716 3084 2055 3145 optaremus.
2083 3075 2327 3134 Crimina
2372 3079 2561 3135 dicunt
2599 3081 2930 3140 traditionis.
2973 3084 3050 3141 Ea
3082 3086 3316 3147 crimina

1719 3169 2028 3225 traditionis
2079 3180 2171 3226 aut
2227 3186 2335 3227 non
2397 3173 2633 3243 probant
2684 3174 2967 3243 arcitivis,
3050 3190 3107 3236 et
3178 3180 3319 3238 nihil

1633 3248 1682 3315 Ω
1711 3262 1937 3331 dicunt;
1963 3274 2056 3320 aut
2086 3266 2351 3336 probant,
2385 3274 2443 3322 et
2466 3267 2703 3324 archivis
2736 3283 2839 3325 nos
2864 3270 3107 3328 vicissim
3150 3288 3314 3346 agere

1708 3356 2069 3427 cornpellunt.
2101 3357 2289 3429 Itaque
2334 3360 2579 3429 pervidet
2631 3363 2946 3432 prwantia
2987 3373 3075 3420 tua
3119 3365 3315 3424 distin—

1710 3448 1955 3520 guendas
1983 3465 2107 3506 esse
2133 3465 2328 3506 causas
2350 3492 2365 3518 ,
2397 3451 2613 3523 quando
2635 3467 2898 3525 cogamur
2927 3455 3158 3526 publicis
3179 3458 3316 3530 legi-

1704 3540 1812 3597 bus
1860 3556 2056 3613 agere;
2097 3543 2317 3613 quando
2340 3551 2523 3601 autem
2555 3545 2788 3603 velimus
2838 3556 2894 3602 et
2930 3558 3183 3620 optemus
3217 3567 3316 3609 ne-

1706 3635 1916 3707 gotium
1946 3634 2206 3691 Ecclesia:
2228 3652 2333 3692 non
2371 3637 2473 3694 nisi
2500 3640 2700 3696 divinis
2740 3640 2974 3714 eloquiis
2998 3647 3310 3704 terminari.

1711 3724 1781 3781 Et
1806 3728 1914 3783 alia
1938 3727 2103 3799 306
2122 3745 2300 3783 manu.
2331 3727 2664 3802 Recognovi.
2696 3730 2991 3791 Petilianus
3034 3738 3312 3810 episcopus

1668 3874 1673 3877 _
1710 3821 2006 3890 dicit.Quid
2018 3821 2243 3892 elegerit
2258 3822 2616 3882 dicat.Ambo
2630 3828 2778 3883 enim
2807 3839 2994 3888 tenere
3017 3848 3122 3889 non
3152 3846 3312 3906 pote-

1712 3924 1836 3971 runt
1868 3912 1955 3969 .Et
1982 3916 2089 3970 alia
2118 3933 2293 3971 manu.
2324 3917 2616 3975 Petitianus
2644 3920 2933 3993 episcopus
2974 3930 3311 3996 prosecutio-

1712 4025 1834 4065 nem
1864 4025 2041 4068 meam
2072 4010 2335 4066 incolumi
2359 4013 2724 4084 appellatione
2756 4020 3080 4089 recognovi.

1742 4094 1749 4099 ’
1782 4103 1909 4160 156.
1942 4103 2283 4161 Marcellinus
2298 4106 2376 4161 vir
2396 4107 2718 4163 clarissimus
2742 4108 2977 4167 tribunus
2993 4123 3040 4168 et
3069 4117 3308 4175 notarius

1709 4197 1862 4253 dixit.
1914 4195 2328 4271 Apertissimam
2361 4202 2803 4270 prosecutin
2844 4206 3016 4275 partis
3058 4190 3310 4267 adversa:

17 4305 115 4343 "um
150 4303 295 4361 quas
342 4288 653 4359 proferunt,
712 4286 891 4344 facere
917 4302 1078 4359 posse
1112 4289 1478 4344 mentionem.
1532 4289 1602 4344 Et
1702 4289 1878 4345 fuisse
1899 4291 2031 4346 satis
2067 4291 2276 4347 clarum
2323 4302 2407 4348 est
2437 4294 2528 4349 :in
2558 4310 2664 4367 qua
2695 4294 2750 4352 id
2784 4296 2999 4355 videtur
3020 4311 3308 4360 ostensum

17 4397 139 4438 tunc
163 4382 333 4438 etiam
364 4390 525 4451 atque
545 4381 708 4437 etiam
740 4380 924 4451 ﬂagito
952 4390 1008 4434 ut
1032 4390 1291 4451 premant
1336 4381 1469 4452 quid
1499 4383 1602 4437 eli-
1708 4390 1769 4436 ut
1793 4382 1841 4437 si
1871 4382 2178 4440 traditionis
2223 4387 2431 4441 crimen
2477 4387 2753 4459 objicitur,
2792 4392 2941 4462 quod
2972 4394 3090 4451 sine
3134 4396 3307 4455 dubio

17 4487 116 4539 :ant
138 4517 155 4544 ,
186 4484 373 4532 utrum
399 4475 603 4533 forensi
630 4476 845 4533 actione
874 4490 1087 4531 mecum
1111 4486 1274 4547 agant
1294 4518 1309 4544 ,
1335 4492 1402 4532 an
1432 4476 1597 4546 legali
1706 4473 1918 4544 legibus
1943 4475 2143 4531 αἰτίηῖὸ
2174 4490 2281 4532 non
2312 4488 2493 4548 Ρθίεὸι
2516 4482 2838 4551 θρρτοὺεινὶ.
2880 4485 2977 4540 sed
3022 4497 3305 4557 gestorum

20 4569 404 4627 encertatione
452 4569 779 4642 disceptent.
814 4570 883 4626 Et
928 4571 1034 4625 alia
1078 4586 1260 4625 maria.
1297 4570 1598 4629 Petilianus
1702 4566 1815 4623 ﬁde
1843 4568 2419 4640 diligentius-inveniri
2443 4612 2459 4640 ,
2492 4582 2606 4629 tum
2636 4574 2857 4631 demum
2878 4579 3048 4648 gestis
3072 4584 3309 4653 publicis

18 4669 289 4741 τρεπορυε
336 4670 778 4741 prosecution“,
822 4684 999 4726 meam
1046 4669 1306 4727 incolumi
1352 4669 1599 4742 appella—
1620 4655 1681 4717 D
1704 4662 1886 4718 omnia
1912 4674 2263 4735 peragantur.
2299 4664 2395 4721 Sin
2420 4680 2551 4721 vero
2578 4683 2739 4724 causa
2766 4669 2893 4727 ﬁdei
2915 4676 3144 4745 coeperit
3191 4679 3302 4750 agi,

17 4762 137 4820 ioue
164 4764 485 4835 recognovi.
1706 4764 1840 4814 tunc
1870 4758 1935 4814 ad
1963 4774 2027 4815 ea
2053 4774 2177 4829 quae
2202 4759 2407 4815 veteris
2432 4770 2488 4817 et
2516 4762 2643 4818 novi
2670 4762 3006 4823 Testamenti
3037 4772 3305 4843 exemplis

62 4857 193 4913 150.
232 4855 575 4912 Marcellinus
601 4856 679 4911 vir
694 4855 1267 4913 clarissimastribunas
1286 4865 1335 4911 et
1360 4858 1594 4912 notarius
1702 4851 1950 4909 docenda
1997 4863 2123 4908 sunt
2169 4853 2442 4909 vestietur.
2490 4853 2649 4913 Unde
2696 4861 2959 4915 sanctitas
3003 4872 3186 4919 vestra
3211 4866 3303 4933 ,si

17 4946 144 5007 lixit.
170 4951 457 5023 Suscipiat
484 4950 722 5008 ofﬁcium
770 4967 893 5025 quae
935 4952 1004 5008 ab
1046 4951 1295 5024 utrisque
1342 4953 1592 5025 partibus
1704 4945 2037 5018 petitionem
2066 4961 2219 5001 suam
2263 4951 2810 5024 prosecutioncmque
2846 4954 3092 5013 adversm
3132 4963 3308 5031 partis

17 5044 319 5111 νσει-ιωωιι,
349 5054 402 5101 ει
432 5045 681 5102 conferat
705 5053 957 5118 tempus,
1006 5054 1064 5101 ut
1103 5058 1224 5117 quae
1260 5046 1444 5116 priora
1472 5060 1598 5104 esse
1703 5040 1818 5095 vult
1863 5039 2288 5110 professionibus
2340 5041 2628 5111 roborari,
2669 5044 2951 5104 evidenter
3008 5040 3299 5125 ostendat,

17 5137 335 5206 :onstiterit,
365 5137 556 5194 eadem
584 5137 904 5195 recitentur.
1695 5144 1885 5192 utrum
1931 5133 2235 5191 traditionis
2266 5137 2474 5195 crimen
2494 5179 2510 5204 ,
2553 5138 2697 5209 quod
2724 5141 2947 5213 probari
2991 5144 3301 5202 nullatenus

66 5232 194 5289 151.
232 5232 529 5288 Petilianns
555 5233 825 5305 episcopus
854 5232 1010 5288 dixit.
1032 5230 1249 5287 Sensim
1293 5232 1349 5287 in
1374 5246 1594 5289 causam
1699 5235 1915 5299 potest,
1938 5226 2046 5283 nisi
2080 5228 2401 5299 quibusdam
2452 5229 2883 5288 evidentissintis
2920 5234 3297 5307 documentis,

18 5322 326 5381 nducimnr.
362 5325 429 5382 Et
454 5326 562 5381 alia
591 5342 768 5380 manu.
806 5324 1105 5382 Petilianus
1148 5324 1439 5398 episcopus
1470 5341 1595 5396 pro-
1703 5324 1787 5395 agi
1813 5323 1870 5379 in
1892 5322 2095 5395 judicio
2125 5324 2433 5392 desideret,
2465 5341 2534 5381 an
2568 5334 2776 5382 tantum
2806 5326 2927 5383 ﬁdei
2956 5342 3176 5386 causam
3205 5346 3303 5388 cu-

17 5420 334 5477 :ecutionem
367 5435 542 5476 meam
565 5420 928 5492 appellatione
950 5419 1206 5476 incolumi
1240 5420 1554 5491 recognovi.
1696 5418 1780 5489 pit
1808 5417 1859 5471 in
1882 5416 2086 5489 judicio
2133 5417 2523 5475 mediocritatis
2550 5432 2685 5473 meae
2725 5415 2953 5490 disquiri
3002 5428 3301 5502 atqueter-

66 5513 196 5569 ³152.
226 5511 501 5569 Possidius
529 5515 800 5586 episcOpus
823 5512 1075 5570 Ecclesia
1104 5513 1374 5569 catholica:
1399 5513 1550 5567 dixit.
1700 5511 1917 5567 minari.

17 5603 149 5672 Quod
176 5606 413 5678 petistis,
452 5606 751 5663 oderimus.
795 5605 913 5663 Non
941 5623 1038 5663 vos
1067 5609 1324 5678 pmnlteat
1367 5608 1589 5678 petisse.
1774 5605 1899 5663 1‘57.
1930 5606 2192 5663 Emeritus
2243 5607 2514 5678 episcopus
2562 5605 2718 5663 dixit.
2776 5608 2913 5678 Qum
2967 5611 3036 5670 ad
3080 5628 3301 5673 causam

17 5697 228 5770 lntiqna
278 5711 430 5773 gesta
483 5702 730 5757 voluistis
773 5703 1014 5758 recitari.
1066 5702 1195 5758 Haec
1234 5702 1594 5759 inmanibus
1694 5701 2003 5771 pertinent,
2055 5699 2256 5770 saepius
2300 5714 2388 5755 me
2434 5698 2712 5769 replicare
2759 5717 2867 5757 non
2912 5704 3100 5774 pudet.
3149 5707 3304 5768 Adeo

18 5792 267 5851 tabemus
292 5836 308 5861 ,
334 5792 521 5864 jnbeat
556 5793 811 5850 nobilitas
854 5804 941 5849 tua
967 5794 1111 5865 quod
1142 5794 1423 5852 offerimus
1450 5794 1596 5851 reci-
1698 5797 1845 5852 enim
1893 5803 1949 5850 et
1992 5795 2045 5848 in
2077 5793 2248 5866 prima
2307 5791 2484 5849 fronte
2526 5795 2731 5865 negotii
2776 5798 3200 5871 postulavimus,
3244 5814 3307 5861 ut

18 5886 126 5941 ari.
162 5886 230 5943 Et
258 5887 559 5943 atiantana.
595 5886 923 5958 Recognwi.
1698 5887 2015 5959 mandatust
2060 5887 2364 5958 legatorum
2398 5900 2632 5945 suorum
2662 5890 2787 5949 luce
2818 5891 3027 5950 clarius
3064 5893 3301 5955 demon-
