3996 6332
447 344 578 401 1ῗ91

1391 339 1621 398 GESTA
1660 337 2117 396 COLLATIONIS
2155 339 2772 401 CARTHAGINENSIS.

3589 344 3735 402 1392

443 473 717 528 strarent;
751 475 817 517 ne
839 475 961 517 cum
989 459 1106 516 haec
1132 459 1183 514 in
1207 457 1470 530 judicium
1503 460 1866 525 mitterentur,
1902 457 2039 514 forte
2068 462 2115 522 Α
2145 460 2287 530 quod
2331 471 2515 516 nostro
2545 463 2796 516 mandato
2827 462 3427 536 sohsoriptionibusque
3470 463 3741 518 firmatum

441 565 754 613 tenuerent.
790 555 1020 609 Possunt
1045 554 1188 608 enim
1222 553 1405 608 dicere
1437 569 1449 604 :
1484 553 1587 606 alia
1628 553 2035 618 mandavimus,

446 664 555 706 non
588 647 776 704 eadem
816 645 1130 703 censuimus
1162 687 1176 711 ,
1233 661 1332 700 nec
1377 645 1606 714 petenda
1665 645 1732 697 ab
1772 644 2039 713 imperiali

442 753 718 815 praecepto
765 741 1158 796 consensimus.
1218 737 1373 794 Sicut
1421 738 1564 793 enim
1620 753 1784 792 nunc.
1835 735 1895 790 Et
1926 752 2042 789 cum

446 835 636 890 diceret
672 833 766 907 (Et
793 835 902 888 alia
951 850 1130 886 manu.
1163 832 1434 887 Emeritos
1451 830 1743 902 episcopus
1771 829 1920 885 salva
1941 844 2041 899 ap-

445 929 738 1000 pellatione
765 927 1099 999 recognovi),

521 1022 645 1078 158.
675 1020 1012 1076 Marcellinus
1035 1023 1110 1074 vir
1130 1019 1450 1075 clarissimus
1477 1021 1716 1074 tribunus
1735 1029 1783 1075 et
1810 1019 2045 1073 notarius

447 1117 599 1172 dixit.
629 1116 751 1170 Haec
780 1116 1155 1170 universorum
1189 1115 1680 1186 subscriptionibus
1715 1121 1930 1168 constat
1961 1127 2045 1167 cs-

449 1223 512 1264 se
539 1207 811 1262 mandata.

521 1289 649 1345 159.
685 1285 943 1342 Emeritus
969 1289 1244 1358 episcopus
1290 1287 1440 1342 dixit.
1493 1287 1758 1356 Quoniam
1789 1285 1895 1341 duo
1921 1296 2049 1342 sunt

447 1385 663 1455 negotia
685 1423 701 1449 ,
731 1383 838 1437 duo
877 1382 1078 1438 debent
1105 1398 1226 1438 esse
1250 1381 1524 1436 mandata.
1568 1380 1876 1435 Mandatum
1901 1381 2045 1453 quod

447 1478 505 1532 in
555 1477 773 1548 negotio
820 1477 1071 1546 pra-senti
1119 1477 1399 1530 recitatum
1423 1518 1438 1542 ,
1467 1475 1604 1531 actis
1635 1477 1896 1530 insertum
1922 1484 2045 1541 est;

449 1569 763 1624 mandatum
795 1583 928 1623 vero
957 1567 1105 1639 quod
1138 1568 1331 1640 legatis
1350 1568 1560 1624 videtur
1587 1568 1866 1630 traditum,
1900 1568 2048 1623 nullo

449 1660 506 1716 in
552 1661 713 1717 modo
767 1644 1050 1717 recitatum
1104 1671 1208 1717 est.
1265 1663 1530 1718 Debemus
1585 1679 1714 1733 ergo
1767 1664 2050 1718 advertere

448 1764 630 1810 utrum
661 1763 717 1809 et
741 1753 844 1809 hoc
873 1766 999 1810 ante
1021 1797 1036 1820 ,
1090 1764 1151 1810 ut
1179 1756 1552 1824 imperialibus
1605 1757 1826 1811 auribus
1869 1757 2051 1812 defer-

2144 564 2247 607 cst.
2279 552 2346 606 Et
2367 556 2472 608 alia
2502 572 2679 610 manu.
2738 555 3072 626 ReCognovi.

2220 647 2342 702 165.
2377 647 2673 703 Adcodatus
2691 651 2964 719 episcopus
2989 650 3142 705 dixit.
3167 651 3281 706 Non
3305 661 3538 724 possunt
3565 653 3618 706 in
3643 666 3748 706 uno

2147 742 2400 798 mandato
2441 744 2654 798 diversa
2688 745 2933 800 mandari
2987 746 3223 816 negotia.
3267 747 3374 802 Sed
3415 748 3460 802 si
3518 746 3746 801 forsitan

2147 835 2337 891 eadem
2369 852 2486 906 qua?
2517 836 2780 892 adversus
2824 853 2920 891 nos
2953 839 3450 903 mandastis,etiam
3479 838 3744 894 adversus

2148 927 2282 982 alias
2309 930 2616 999 provincias
2647 930 2931 987 mandasse
2960 942 3009 986 te
3032 941 3284 998 constat,
3311 933 3450 988 bene
3482 931 3620 986 facis
3648 950 3755 986 non

2148 1022 2402 1093 prodere.
2434 1023 2550 1077 Non
2605 1033 2656 1078 te
2713 1039 2843 1096 ergo
2900 1026 2950 1079 in
3004 1025 3243 1080 medium
3294 1026 3561 1096 proferas.
3608 1029 3756 1092 Quo-

2152 1118 2296 1172 niam
2341 1133 2426 1172 me
2459 1118 2691 1187 primum
2717 1120 2930 1190 insequi
2959 1119 3267 1189 desideras,
3292 1136 3478 1176 servas
3501 1120 3605 1176 hoc
3638 1122 3758 1176 aliis

2155 1212 2468 1282 provinciis.
2513 1211 2814 1269 Ostendisti
2865 1215 2992 1285 quid
3027 1213 3240 1282 fecisti,
3293 1215 3581 1271 ostendisti
3629 1217 3756 1286 quid

2150 1305 2317 1359 celes.
2369 1303 2555 1362 Teneo
2593 1316 2743 1361 tuum
2798 1307 3182 1374 mendacium,
3231 1317 3391 1364 teneo
3439 1291 3752 1364 falsitatem.

2153 1397 2220 1451 Et
2249 1399 2358 1453 alia
2386 1417 2560 1454 manu.
2598 1401 2911 1457 Adeodatus
2937 1404 3228 1474 episcopus
3257 1403 3405 1458 salva
3431 1404 3758 1475 appellatio-

2153 1509 2220 1550 ne
2251 1496 2566 1564 recognovi.

2228 1587 2348 1642 161.
2383 1585 2720 1642 Marcellinus
2744 1587 2820 1641 vir
2847 1588 3168 1644 clarissimus
3187 1590 3428 1645 tribunus
3451 1599 3499 1644 et
3524 1591 3758 1644 notarius

2153 1679 2306 1734 dia-it.
2341 1679 2730 1734 Prosecutione
2760 1694 2888 1746 sua,
2915 1681 2998 1735 vir
3029 1681 3356 1736 venerabilis
3376 1725 3390 1746 ,
3431 1683 3475 1736 si
3505 1683 3760 1754 dignatur

2154 1773 2412 1828 sanctitas
2444 1782 2532 1827 tua
2563 1772 2856 1844 diligenter
2885 1773 3168 1829 advertere
3195 1817 3210 1839 ,
3242 1790 3347 1830 non
3381 1774 3670 1830 adversum
3704 1785 3758 1831 te

446 1858 598 1905 retur
623 1891 637 1914 ,
667 1849 736 1904 ab
767 1847 958 1904 iisdem
998 1849 1211 1905 videtur
1247 1865 1369 1906 esse
1399 1852 1800 1920 COHSCI‘ipllNIl;
1836 1863 1894 1906 υῑ
1919 1867 2041 1908 cum
2076 1865 2122 1924 Β
2149 1865 2352 1935 aliquid
2383 1879 2441 1919 se
2473 1864 2792 1933 mandasse,
2836 1866 2929 1922 sed
2981 1881 3043 1921 ea
3079 1881 3202 1936 qum
3232 1865 3297 1920 ad
3334 1877 3385 1922 ιε
3432 1881 3543 1920 nan
3583 1868 3751 1938 peni.

448 1951 675 2011 utraque
702 1941 951 1997 mandata
999 1943 1052 1996 in
1077 1942 1282 2011 judicio
1324 1942 1527 1998 fuerint
1556 1946 1776 2000 recitata
1799 1989 1813 2012 ,
1864 1953 2045 2001 utrum

448 2051 612 2092 unam
642 2036 930 2090 habuerint
968 2036 1334 2100 voluntatem,
1377 2035 1620 2104 judicare
1667 2037 1927 2102 digneris.
1977 2038 2048 2092 Et

447 2130 554 2184 alia
582 2147 760 2185 manu.
815 2128 1086 2184 Emeritus
1113 2130 1401 2200 episcopus
1446 2131 1598 2184 salvo
1633 2130 1830 2186 eﬂ'ectu
1859 2132 2047 2203 appel-

449 2223 500 2278 la
509 2224 672 2280 tionis
703 2223 1018 2290 t‘eCOgnovi.

520 2316 643 2373 160.
677 2315 995 2385 Augustinus
1024 2315 1298 2386 episc0pus
1324 2313 1572 2370 Ecclesia
1597 2316 1868 2370 catholica
1890 2315 2040 2371 dixit.

448 2409 568 2464 Jarn
614 2409 775 2463 toties
812 2409 1290 2463 conclamavimus.
1322 2408 1633 2464 Mandatum
1677 2409 1818 2480 quod
1869 2409 2048 2480 injun-

445 2512 592 2558 ctum
620 2512 703 2556 est
729 2501 920 2571 legatis
946 2501 1325 2572 episcoporum
1355 2543 1368 2562 ,
1403 2502 1471 2556 ab
1500 2502 1775 2572 episcopis
1803 2502 2046 2571 ﬂagitant

443 2596 544 2652 sibi
578 2596 816 2652 recitari.
870 2596 982 2650 Hoc
1011 2605 1096 2651 est
1146 2595 1320 2650 aliena
1376 2597 1657 2668 requirere
1706 2596 1774 2650 ad
1824 2611 2042 2651 causam

444 2705 554 2745 non
585 2691 928 2760 pertinentia.
960 2689 1268 2744 Mandatum
1317 2689 1458 2758 quod
1493 2690 1650 2744 nobis
1679 2697 1901 2759 propter
1927 2688 2041 2743 col-

442 2784 702 2840 lationem
724 2799 846 2838 cum
872 2782 955 2838 his
986 2782 1284 2838 faciendam
1310 2783 1606 2853 injunctum
1635 2793 1749 2846 est,
1778 2781 1878 2836 hoc
1906 2780 2046 2836 reci-

445 2888 616 2934 talum
661 2886 746 2932 est
769 2919 782 2942 ,
819 2877 922 2932 hoc
941 2876 1022 2931 eis
1051 2876 1302 2931 sufficiat.
1331 2876 1468 2944 Quid
1497 2877 1539 2930 si
1571 2877 1714 2931 enim
1761 2875 1938 2945 aliqua
1969 2874 2044 2929 Ie—

443 2974 582 3042 gatis
625 2969 876 3025 mandata
907 2980 1066 3032 sunt,
1098 2969 1164 3024 ad
1196 2984 1414 3024 causam
1460 2969 1678 3039 quidem
1727 2968 1885 3022 istam
1935 2981 2041 3020 non

444 3065 771 3136 pertinentia
797 3106 810 3130 ,
846 3063 940 3119 sed
972 3079 1090 3134 quae
1118 3064 1265 3133 ipsos
1309 3063 1451 3118 scire
1484 3061 1779 3117 nolumus?
1831 3060 2045 3116 Sufticit

445 3157 590 3228 quod
619 3159 919 3226 imperator
941 3156 1285 3212 collationem
1311 3171 1410 3210 nos
1439 3157 1640 3225 petisse
1667 3169 1766 3208 suo
1799 3157 2040 3210 testimoo

2151 1969 2314 2014 neant
2362 1960 2579 2031 propria
2632 1963 3014 2031 prosecutione
3062 1960 3314 2031 signavit.
3364 1961 3501 2016 Illud
3549 1971 3754 2017 tantum

2151 2052 2434 2108 evidenter
2453 2053 2737 2110 confessus
2758 2065 2870 2120 est,
2897 2054 3242 2110 collationem
3270 2070 3330 2110 se
3350 2055 3611 2109 omnibus
3642 2072 3758 2111 mo-

2150 2147 2233 2204 dis
2284 2148 2624 2220 postulasse,
2673 2158 2728 2204 et
2781 2147 2920 2204 hanc
2970 2147 3135 2203 fuisse
3180 2164 3520 2204 concessam.
3605 2148 3758 2205 Unde

2150 2241 2296 2296 illius
2352 2241 2624 2305 mandati,
2670 2257 2739 2295 ne
2796 2239 3064 2296 excedere
3111 2241 3390 2295 videamur
3452 2239 3755 2310 imperialis

2150 2336 2404 2404 praecepti
2431 2334 2682 2398 formam,
2705 2334 3037 2387 mentionem
3075 2333 3186 2387 ﬁeri
3216 2331 3376 2387 video
3404 2347 3509 2385 non
3529 2331 3747 2387 dobere.

2147 2427 2488 2498 Quapropter
2534 2426 2600 2481 ad
2649 2443 2708 2480 ea
2763 2440 2884 2495 quae
2934 2425 3227 2495 quaesivit,
3273 2425 3535 2478 sanctitas
3573 2433 3750 2479 vestra

2147 2521 2483 2589 respondere
2503 2519 2775 2585 dignetur,
2803 2529 2981 2573 utrum
3007 2519 3315 2573 traditionis
3335 2518 3544 2572 crimen
3573 2561 3588 2582 ,
3610 2519 3751 2587 quod

2146 2614 2385 2667 archivis
2427 2612 2656 2681 publicis
2701 2612 2900 2681 poterit
2951 2611 3278 2675 monstrari,
3321 2609 3406 2680 agi
3448 2611 3501 2664 in
3543 2609 3752 2680 judicio

2146 2705 2326 2761 velitis
2346 2748 2360 2773 ,
2386 2722 2450 2759 an
2485 2705 2749 2762 Ecclesia:
2779 2713 2833 2760 et
2860 2705 2985 2761 fidei
3021 2713 3230 2760 tantum
3276 2719 3496 2760 causam
3519 2704 3749 2775 cupiatis

2146 2799 2367 2868 inquiri.

2219 2892 2342 2946 165.
2396 2891 2684 2946 l’etilianus
2735 2891 3026 2962 Episcopus
3074 2891 3231 2946 dixit.
3305 2889 3526 2947 Urbane
3592 2889 3746 2943 nobis

2143 2983 2403 3047 illuditur,
2436 2994 2490 3036 nt
2520 2998 2643 3038 cum
2673 2983 2771 3052 ipsi
2803 2985 2908 3038 sint
2937 2984 3197 3053 petitores
3218 3025 3233 3048 ,
3263 2997 3593 3052 semperque
3623 2996 3746 3036 nos-

2145 3084 2282 3130 tram
2331 3092 2516 3146 pacem
2565 3076 2989 3146 lnquietaverint
3027 3085 3191 3147 atque
3236 3077 3619 3143 turbaverint,
3653 3090 3743 3130 nos

2145 3170 2266 3226 loco
2299 3178 2585 3240 petitorum
2619 3172 3037 3237 constituamur,
3070 3187 3192 3226 cum
3226 3173 3373 3241 pacis
3409 3183 3462 3226 et
3488 3171 3742 3226 Ecclesia:

444 3251 538 3306 nio
569 3251 884 3305 declaravit.
914 3250 1039 3305 Haec
1067 3264 1328 3305 concessa
1351 3259 1466 3314 est,
1501 3249 1567 3302 ad
1598 3247 1737 3301 hanc
1764 3249 2033 3313 venimus,
2064 3257 2108 3318 C
2145 3265 2236 3319 Dei
2273 3280 2620 3334 νοεεεςδοηε
2657 3281 2873 3336 semper
2900 3265 3164 3320 fuerimus
3188 3279 3250 3319 ac
3277 3265 3466 3318 simus.
3495 3263 3627 3318 pem
3657 3262 3744 3332 ἱεί-

439 3345 560 3402 hzec
605 3346 896 3416 aliquando
942 3356 1152 3416 agatur,
1199 3345 1412 3401 veritati
1455 3361 1616 3400 aures
1646 3344 1922 3398 hominum
1948 3358 2040 3414 pa-

439 3448 576 3496 teut.
610 3439 676 3494 Et
707 3441 812 3495 alia
841 3458 1017 3495 manu.
1059 3441 1387 3511 Recognovi.

515 3532 642 3588 161.
668 3531 964 3586 Adeodatus
990 3533 1264 3603 episcopus
1313 3531 1463 3586 dixit.
1496 3529 1796 3586 Confessus
1831 3545 1890 3584 cs
1918 3545 2039 3600 qua:

440 3624 570 3681 olim
604 3625 836 3680 tacuisti.
869 3625 1162 3680 Ostendisti
1194 3635 1244 3680 te
1269 3629 1433 3679 multa
1467 3624 1731 3680 adversus
1761 3639 1860 3678 nos
1884 3639 2038 3678 man-

440 3718 634 3784 dasse,
659 3733 780 3786 qua)
805 3717 950 3772 scire
992 3735 1097 3772 non
1129 3717 1286 3773 facile
1315 3717 1632 3773 debeamus.
1665 3716 1819 3773 Unde
1843 3716 2034 3772 adver-

441 3814 506 3870 tit
539 3813 843 3870 sublimitas
871 3823 990 3877 tua,
1018 3812 1144 3884 quid
1177 3829 1243 3868 ex
1283 3813 1404 3883 ejus
1435 3812 1812 3884 prosecutione
1837 3810 2039 3866 debea-

441 3921 563 3963 mus
593 3907 902 3972 advertere,
925 3905 1053 3977 quid
1080 3905 1206 3960 illud
1234 3905 1542 3961 mandatum
1591 3906 1866 3971 continet,
1895 3904 2040 3975 quod

440 4009 631 4054 contra
688 4015 788 4055 nos
840 3998 1153 4054 mandatum
1184 3999 1324 4054 scire
1370 4014 1475 4054 non
1527 3999 1683 4054 facile
1722 3999 2036 4053 debeamus.

442 4089 511 4145 Et
549 4093 656 4148 alia
700 4109 877 4147 manu.
928 4092 1242 4149 Adeodatus
1283 4093 1570 4162 episcOpus
1602 4091 2040 4161 prosecutionem

439 4204 617 4244 meam
649 4190 794 4243 salva
826 4187 1192 4256 appellatione
1216 4187 1534 4257 recitgnovi.

516 4279 642 4334 162.
676 4279 992 4350 Augustinus
1023 4280 1295 4351 episcopus
1323 4278 1570 4335 Ecclesia
1594 4280 1865 4336 catholica
1884 4281 2036 4335 dixit.

443 4370 560 4427 Non
595 4370 697 4426 hoc
729 4372 876 4438 dixi,
912 4386 1019 4426 non
1049 4371 1328 4426 advertisti
1357 4413 1372 4438 ,
1403 4382 1494 4426 aut
1537 4371 1843 4428 dissimulas
1868 4384 1918 4428 te
1945 4389 2040 4428 au-

441 4464 589 4520 disse
629 4464 772 4534 quod
821 4464 956 4520 dixi.
1010 4465 1179 4532 Audi,
1229 4466 1440 4536 planius
1493 4464 1596 4520 hoc
1650 4465 1912 4532 dicimus,
1971 4481 2039 4521 ne

440 4557 586 4614 forte
613 4559 766 4629 culpa
799 4575 916 4615 mea
950 4574 1058 4615 non
1111 4559 1443 4616 intellexeris
1466 4601 1481 4626 ,
1513 4559 1640 4614 dum
1667 4558 1718 4614 id
1755 4559 2039 4615 obscurius

2142 3367 2228 3412 tur
2253 3359 2585 3413 nobilitatem
2618 3367 2762 3413 tuam
2783 3370 2839 3412 ut
2869 3357 3011 3413 hunc
3038 3357 3286 3413 ordinem
3310 3371 3518 3412 serves.
3554 3356 3742 3411 Osteno

2142 3450 2273 3506 dant
2303 3451 2428 3521 quid
2461 3453 2714 3522 egerint,
2768 3453 2838 3506 tbi
2892 3453 3137 3507 invenies
3185 3453 3470 3522 petitores.
3536 3450 3600 3505 Et
3647 3450 3742 3503 alio

2140 3560 2316 3598 manu.
2349 3544 2648 3600 Petiliantts
2677 3545 2968 3615 episcopus
3007 3544 3155 3599 salva
3198 3544 3570 3614 appellatione
3598 3558 3740 3598 reco-

2141 3639 2326 3708 gnovL

2216 3719 2340 3774 166.
2375 3717 2712 3774 Marcellinus
2733 3721 2810 3774 uir
2830 3719 3149 3774 clarissimus
3171 3718 3408 3774 tribunus
3441 3730 3490 3773 et
3518 3719 3739 3773 notarius

2143 3811 2296 3867 dixit.
2325 3812 2381 3868 Si
2405 3815 2667 3869 sanctitas
2720 3821 2808 3868 tua
2844 3813 3184 3882 permitteret
3215 3854 3230 3879 ,
3281 3812 3371 3867 vel
3412 3812 3740 3884 permisisset

2141 3914 2291 3976 gesta
2317 3905 2532 3960 recitari
2557 3947 2571 3971 ,
2593 3906 2702 3975 jam
2729 3906 2857 3960 olim
2881 3906 2968 3976 qui
3004 3906 3253 3976 petitoris
3281 3905 3403 3960 loco
3425 3905 3732 3965 adsisteret,

2145 4000 2409 4068 potuisset
2432 3998 2666 4054 ostendi.
2716 3999 2870 4056 Unde
2892 4000 2975 4054 vel
3001 4015 3142 4054 nunc
3185 3999 3534 4070 antiquiora,
3582 3999 3736 4053 utin-

2145 4095 2371 4149 terfatus
2398 4109 2514 4148 sum
2538 4136 2553 4161 ,
2582 4104 2736 4164 gesta
2767 4099 3080 4149 recitentur.
3119 4093 3413 4148 Petilianus
3458 4092 3734 4162 Episcopus

2143 4189 2296 4244 dixit.
2329 4187 2590 4244 Ordinem
2623 4202 2780 4244 serva
2815 4197 3118 4259 gestorum.
3151 4185 3219 4240 Et
3250 4187 3358 4241 alia
3382 4203 3562 4240 nianu.
3603 4185 3733 4240 Peti-

2141 4282 2316 4338 lianus
2343 4283 2631 4353 episcopus
2677 4282 3110 4353 prosecutionem
3159 4295 3335 4335 meam
3380 4279 3733 4350 appellatione

2143 4377 2401 4434 incolumi
2443 4377 2756 4447 rec0gnovi.

2217 4469 2341 4523 167.
2373 4467 2709 4524 Marcellinus
2730 4469 2805 4523 vir
2835 4469 3155 4524 clarissimus
3183 4467 3418 4522 tribunus
3447 4478 3495 4523 et
3519 4469 3732 4523 notarius

2142 4563 2294 4618 dixit.
2325 4563 2526 4617 Eorum
2556 4570 2836 4632 gestorum
2878 4578 3001 4634 qua:
3053 4578 3080 4614 a
3122 4561 3366 4632 partibus
3404 4560 3729 4641 offeruntur,
3787 4576 3792 4580 δ

441 4657 775 4729 aliquantum
823 4659 932 4714 dixi
967 4657 1150 4715 studio
1193 4659 1477 4714 brevitatis
1503 4700 1518 4722 ,
1569 4657 1711 4728 quod
1756 4657 2036 4726 percipere
2063 4644 2118 4704 D
2147 4657 2198 4713 id
2220 4665 2305 4714 est
2333 4659 2800 4727 proconsularium
2831 4667 2887 4713 et
2915 4657 3301 4713 illustrissimus
3329 4657 3478 4711 sedis
3498 4698 3516 4724 ,
3541 4667 3732 4726 tempo-

440 4753 773 4824 nequiveris.
799 4751 997 4807 Notum
1029 4752 1380 4808 estomnibus
1394 4751 1590 4806 multas
1618 4765 1808 4805 causas
1839 4749 2039 4806 habere

440 4847 743 4904 Ecclesium
761 4887 776 4912 ,
811 4854 866 4902 et
882 4859 1034 4900 suam
1060 4886 1074 4910 ,
1099 4855 1154 4900 et
1171 4846 1498 4915 privatarum
1530 4859 1884 4914 personarum
1909 4843 2040 4898 sibi-

442 4948 557 4994 met
585 4942 1028 5004 commissarum;
1070 4949 1124 4991 et
1169 4945 1346 5005 potest
1397 4937 1514 4992 ﬁeri
1545 4946 1602 4991 ut
1645 4937 1713 4992 ad
1749 4939 2039 5008 episc0po-

440 5045 564 5088 rum
597 5031 1039 5086 intercessionem
1067 5032 1234 5085 multa
1280 5031 1604 5100 pertineant.
1639 5030 1859 5086 Secreta
1884 5031 2040 5087 nobis

441 5121 854 5177 committuntur
893 5121 1228 5190 negotiorum
1274 5130 1330 5176 et
1374 5135 1658 5176 causarum
1703 5123 2034 5190 alienarum,

444 5213 718 5284 inquibus
762 5218 946 5266 nostra
991 5211 1316 5265 interventio
1361 5227 1508 5280 sape
1541 5214 1860 5280 postulatur,
1907 5229 2032 5284 pro-

444 5319 562 5378 pter
583 5324 704 5379 qua:
731 5306 992 5362 auxilium
1041 5303 1109 5359 ab
1148 5305 1388 5359 Ecclesia
1418 5305 1675 5374 poscitur.
1730 5306 1856 5362 llzec
1908 5323 2036 5378 pro.

439 5401 616 5457 denda
675 5418 780 5456 non
833 5409 992 5466 sunt,
1025 5415 1093 5454 ne
1142 5399 1445 5469 proditores
1491 5399 1844 5454 inveniamur.
1878 5401 2039 5456 Safti-

441 5494 516 5549 cit
541 5494 634 5548 tibi
667 5494 809 5565 quod
849 5491 1199 5548 collationem
1252 5507 1337 5545 nic
1387 5491 1586 5561 petisse
1644 5491 1696 5545 in
1743 5507 1901 5546 causa
1945 5505 2032 5547 tua

436 5587 554 5656 ipse
587 5587 740 5641 teStis
770 5597 850 5640 est
885 5583 1346 5641 clementissimus
1374 5585 1685 5653 imperator.
1718 5582 1858 5652 Nihil
1891 5584 2032 5640 ultra

441 5695 688 5750 quaeras.
730 5679 774 5733 si
808 5681 1017 5749 negotia
1045 5680 1221 5734 aliena
1260 5693 1367 5733 non
1415 5679 1633 5747 quarris.
1685 5676 1910 5747 Negotia
1942 5689 2032 5734 tuo

445 5773 650 5828 sufﬁcit
673 5773 816 5842 quod
841 5773 908 5828 de
937 5774 1050 5844 ipsa
1076 5772 1420 5844 imperatoris
1451 5772 1568 5844 lege
1598 5771 1878 5827 recitatum
1909 5779 1992 5827 est
2012 5812 2028 5837 ,

2145 4767 2202 4807 ra
2227 4751 2543 4808 recitentur.

2221 4845 2345 4900 168.
2383 4844 2648 4900 Possidius
2690 4845 2961 4914 episcOpus
3005 4843 3252 4900 Ecclesia
3301 4846 3574 4900 catholica:
3595 4847 3731 4899 dixit.

2147 4937 2436 4992 Oll'erimus
2466 4938 2682 4992 chartas
2706 4937 3043 5006 antiquiores
3088 4939 3289 4992 nostris
3334 4937 3735 4994 deﬁnitionibus

2146 5029 2473 5100 profuturas.
2511 5027 2575 5083 Et
2601 5030 2706 5084 alia
2734 5046 2908 5084 nmnu.
2940 5030 3268 5100 Recognovi.
3325 5029 3609 5086 Montanus
3633 5030 3736 5102 epi-

2144 5143 2331 5196 scopus
2370 5126 2522 5181 dixit.
2556 5126 2610 5183 Si
2631 5127 2791 5196 jnbes
2815 5169 2830 5195 ,
2853 5127 2924 5184 de
2953 5129 3142 5184 codice
3172 5127 3313 5198 lego.
3336 5127 3404 5182 Et
3429 5131 3539 5183 alia
3565 5145 3738 5182 manu.

2144 5219 2430 5274 Montanus
2462 5219 2748 5290 episcopus
2798 5222 3242 5292 prosecutionem
3285 5237 3461 5277 meam
3507 5223 3738 5294 appella-

2146 5311 2291 5364 tione
2320 5311 2574 5365 incolumi
2603 5314 2918 5382 recognovi.

2223 5402 2338 5458 169.
2376 5402 2716 5458 Marcellinus
2736 5406 2814 5459 vir
2839 5405 3157 5459 clarissimus
3187 5405 3426 5462 tribunus
3445 5417 3493 5461 et
3517 5407 3741 5462 notarius

2146 5495 2297 5551 dixit.
2322 5493 2472 5549 Sicut
2503 5497 2697 5562 statui,
2727 5497 2795 5552 ab
2835 5496 3019 5553 olficio
3051 5499 3331 5554 recitetur.
3365 5498 3626 5572 Navigius
3653 5499 3742 5553 ad-

2131 5590 2282 5660 jutor
2332 5604 2661 5643 numerorum
2707 5589 2956 5644 recitavit.
2994 5591 3122 5646 Post
3159 5594 3504 5647 consulatum
3558 5593 3620 5648 D.
3676 5588 3736 5646 Ν.

2141 5679 2435 5736 Theodosii
2477 5680 2705 5751 Augusti
2758 5681 2872 5755 (1),
2930 5683 3110 5740 idibus
3140 5684 3477 5756 Septembris
3519 5684 3737 5742 Cartha-

2138 5775 2282 5843 gine.
2315 5773 2382 5828 Et
2409 5792 2524 5830 cum
2554 5777 2815 5840 recitaret,

431 5905 446 5919 ι
513 5882 593 5951 (1)
641 5882 948 5952 Legendum
994 5882 1064 5938 D.
1101 5883 1174 5938 Ν.
1206 5882 1495 5940 Theodosio
1540 5882 1661 5940 PP.
1705 5883 1939 5953 Augusto
1967 5895 2017 5940 et
2062 5883 2348 5944 Rumorido
2374 5905 2422 5944 υ.
2455 5908 2501 5946 c.
2533 5906 2689 5959 coss.,
2722 5901 2774 5945 ut
2806 5891 2944 5963 infra
2970 5935 2985 5964 ,
3026 5910 3196 5950 annus
3224 5905 3298 5950 est
3324 5895 3450 5962 405,
