  <div class='ocr_page' id='page_1' title='image "/cluster/home/n/w/nwhite01/storage/ocr_20150623/11/hvd.32044015471287/702.png"; bbox 0 0 3996 6332; ppageno 0'>
   <div class='ocr_carea' id='block_1_1' title="bbox 305 258 443 318">
    <p class='ocr_par' dir='ltr' id='par_1_1' title="bbox 305 258 443 318">
     <span class='ocr_line' id='line_1_1' title="bbox 305 258 443 318; baseline -0.029 0"><span class='ocrx_word' id='word_1_1' title='bbox 305 258 443 318; x_wconf 77' lang='lat'><strong><em>1395</em></strong></span> 
     </span>
    </p>
   </div>
   <div class='ocr_carea' id='block_1_2' title="bbox 301 468 1898 541">
    <p class='ocr_par' dir='ltr' id='par_1_2' title="bbox 301 468 1898 541">
     <span class='ocr_line' id='line_1_2' title="bbox 301 468 1898 541; baseline -0.003 -15"><span class='ocrx_word' id='word_1_2' title='bbox 301 473 401 526; x_wconf 82' lang='lat' dir='ltr'><strong><em>xit.</em></strong></span> <span class='ocrx_word' id='word_1_3' title='bbox 427 471 740 541; x_wconf 81' lang='lat' dir='ltr'><strong><em>Antiquiora</em></strong></span> <span class='ocrx_word' id='word_1_4' title='bbox 769 469 1109 540; x_wconf 72' lang='lat' dir='ltr'><strong><em>proferimus.</em></strong></span> <span class='ocrx_word' id='word_1_5' title='bbox 1137 468 1203 523; x_wconf 81' lang='lat' dir='ltr'><strong><em>Et</em></strong></span> <span class='ocrx_word' id='word_1_6' title='bbox 1224 469 1329 522; x_wconf 88' lang='lat' dir='ltr'><strong><em>alia</em></strong></span> <span class='ocrx_word' id='word_1_7' title='bbox 1360 486 1534 523; x_wconf 90' lang='lat' dir='ltr'><strong><em>manu.</em></strong></span> <span class='ocrx_word' id='word_1_8' title='bbox 1566 469 1898 540; x_wconf 69' lang='lat' dir='ltr'><strong><em>lter-ognovi.</em></strong></span> 
     </span>
    </p>
   </div>
   <div class='ocr_carea' id='block_1_3' title="bbox 302 563 1898 619">
    <p class='ocr_par' dir='ltr' id='par_1_3' title="bbox 302 563 1898 619">
     <span class='ocr_line' id='line_1_3' title="bbox 302 563 1898 619; baseline -0.002 0"><span class='ocrx_word' id='word_1_9' title='bbox 302 564 642 619; x_wconf 76' lang='lat' dir='ltr'><strong><em>Marcellinus</em></strong></span> <span class='ocrx_word' id='word_1_10' title='bbox 679 565 751 617; x_wconf 87' lang='lat' dir='ltr'><strong><em>vir</em></strong></span> <span class='ocrx_word' id='word_1_11' title='bbox 789 564 1103 618; x_wconf 84' lang='lat' dir='ltr'><strong><em>clarissimus</em></strong></span> <span class='ocrx_word' id='word_1_12' title='bbox 1135 564 1367 616; x_wconf 91' lang='lat' dir='ltr'><strong><em>tribunus</em></strong></span> <span class='ocrx_word' id='word_1_13' title='bbox 1411 573 1457 616; x_wconf 85' lang='lat' dir='ltr'><strong><em>et</em></strong></span> <span class='ocrx_word' id='word_1_14' title='bbox 1485 564 1717 617; x_wconf 88' lang='lat' dir='ltr'><strong><em>notarius</em></strong></span> <span class='ocrx_word' id='word_1_15' title='bbox 1747 563 1898 617; x_wconf 90' lang='lat' dir='ltr'><strong><em>dixit.</em></strong></span> 
     </span>
    </p>
   </div>
   <div class='ocr_carea' id='block_1_4' title="bbox 296 655 1895 728">
    <p class='ocr_par' dir='ltr' id='par_1_4' title="bbox 296 655 1895 728">
     <span class='ocr_line' id='line_1_4' title="bbox 296 655 1895 728; baseline -0.003 -14"><span class='ocrx_word' id='word_1_16' title='bbox 296 659 518 714; x_wconf 89' lang='lat' dir='ltr'><strong><em>Interim</em></strong></span> <span class='ocrx_word' id='word_1_17' title='bbox 549 659 649 712; x_wconf 91' lang='lat' dir='ltr'><strong><em>ista</em></strong></span> <span class='ocrx_word' id='word_1_18' title='bbox 683 673 802 728; x_wconf 70' lang='lat' dir='ltr'><strong><em>qua:</em></strong></span> <span class='ocrx_word' id='word_1_19' title='bbox 828 659 1132 727; x_wconf 81' lang='lat' dir='ltr'><strong><em>antiquiora</em></strong></span> <span class='ocrx_word' id='word_1_20' title='bbox 1161 666 1288 710; x_wconf 90' lang='lat' dir='ltr'><strong><em>sunt</em></strong></span> <span class='ocrx_word' id='word_1_21' title='bbox 1315 665 1467 728; x_wconf 68' lang='lat' dir='ltr'><strong><em>gesta</em></strong></span> <span class='ocrx_word' id='word_1_22' title='bbox 1487 657 1552 722; x_wconf 85' lang='lat' dir='ltr'><strong><em>in</em></strong></span> <span class='ocrx_word' id='word_1_23' title='bbox 1583 655 1712 711; x_wconf 89' lang='lat' dir='ltr'><strong><em>sede</em></strong></span> <span class='ocrx_word' id='word_1_24' title='bbox 1744 656 1895 710; x_wconf 87' lang='lat' dir='ltr'><strong><em>illus-</em></strong></span> 
     </span>
    </p>
   </div>
   <div class='ocr_carea' id='block_1_5' title="bbox 295 746 1898 821">
    <p class='ocr_par' dir='ltr' id='par_1_5' title="bbox 295 746 1898 821">
     <span class='ocr_line' id='line_1_5' title="bbox 295 746 1898 821; baseline -0.004 -14"><span class='ocrx_word' id='word_1_25' title='bbox 295 753 457 806; x_wconf 89' lang='lat' dir='ltr'><strong><em>trimn</em></strong></span> <span class='ocrx_word' id='word_1_26' title='bbox 493 750 671 804; x_wconf 87' lang='lat' dir='ltr'><strong><em>habita</em></strong></span> <span class='ocrx_word' id='word_1_27' title='bbox 704 757 1067 821; x_wconf 70' lang='lat' dir='ltr'><strong><em>potestatum,</em></strong></span> <span class='ocrx_word' id='word_1_28' title='bbox 1108 749 1348 819; x_wconf 80' lang='lat' dir='ltr'><strong><em>patimini</em></strong></span> <span class='ocrx_word' id='word_1_29' title='bbox 1402 749 1736 817; x_wconf 81' lang='lat' dir='ltr'><strong><em>relegantur.</em></strong></span> <span class='ocrx_word' id='word_1_30' title='bbox 1777 746 1898 802; x_wconf 86' lang='lat' dir='ltr'><strong><em>Na-</em></strong></span> 
     </span>
    </p>
   </div>
   <div class='ocr_carea' id='block_1_6' title="bbox 294 842 1901 919">
    <p class='ocr_par' dir='ltr' id='par_1_6' title="bbox 294 842 1901 919">
     <span class='ocr_line' id='line_1_6' title="bbox 294 842 1901 919; baseline -0.001 -18"><span class='ocrx_word' id='word_1_31' title='bbox 294 847 460 919; x_wconf 73' lang='lat' dir='ltr'><strong><em>vigius</em></strong></span> <span class='ocrx_word' id='word_1_32' title='bbox 500 847 707 918; x_wconf 88' lang='lat' dir='ltr'><strong><em>adjutor</em></strong></span> <span class='ocrx_word' id='word_1_33' title='bbox 757 861 1087 898; x_wconf 87' lang='lat' dir='ltr'><strong><em>numerorum</em></strong></span> <span class='ocrx_word' id='word_1_34' title='bbox 1137 843 1388 897; x_wconf 73' lang='lat' dir='ltr'><strong><em>recftavit.</em></strong></span> <span class='ocrx_word' id='word_1_35' title='bbox 1438 847 1499 896; x_wconf 87' lang='lat' dir='ltr'><strong><em>l).</em></strong></span> <span class='ocrx_word' id='word_1_36' title='bbox 1548 842 1609 896; x_wconf 85' lang='lat' dir='ltr'><strong><em>N.</em></strong></span> <span class='ocrx_word' id='word_1_37' title='bbox 1663 843 1901 898; x_wconf 84' lang='lat' dir='ltr'><strong><em>Arcadio</em></strong></span> 
     </span>
    </p>
   </div>
   <div class='ocr_carea' id='block_1_7' title="bbox 294 936 1893 1011">
    <p class='ocr_par' dir='ltr' id='par_1_7' title="bbox 294 936 1893 1011">
     <span class='ocr_line' id='line_1_7' title="bbox 294 936 1893 1011; baseline -0.003 -16"><span class='ocrx_word' id='word_1_38' title='bbox 294 943 541 1011; x_wconf 77' lang='lat' dir='ltr'><strong><em>Augusto</em></strong></span> <span class='ocrx_word' id='word_1_39' title='bbox 568 955 619 993; x_wconf 81' lang='lat' dir='ltr'><strong><em>v1</em></strong></span> <span class='ocrx_word' id='word_1_40' title='bbox 649 950 703 993; x_wconf 88' lang='lat' dir='ltr'><strong><em>et</em></strong></span> <span class='ocrx_word' id='word_1_41' title='bbox 736 939 916 994; x_wconf 89' lang='lat' dir='ltr'><strong><em>Probo</em></strong></span> <span class='ocrx_word' id='word_1_42' title='bbox 944 939 1060 992; x_wconf 89' lang='lat' dir='ltr'><strong><em>viro</em></strong></span> <span class='ocrx_word' id='word_1_43' title='bbox 1089 937 1396 992; x_wconf 80' lang='lat' dir='ltr'><strong><em>clariSsimo</em></strong></span> <span class='ocrx_word' id='word_1_44' title='bbox 1425 936 1746 992; x_wconf 83' lang='lat' dir='ltr'><strong><em>consulibus</em></strong></span> <span class='ocrx_word' id='word_1_45' title='bbox 1771 936 1893 1008; x_wconf 85' lang='lat' dir='ltr'><strong><em>(An.</em></strong></span> 
     </span>
    </p>
   </div>
   <div class='ocr_carea' id='block_1_8' title="bbox 295 1035 984 1107">
    <p class='ocr_par' dir='ltr' id='par_1_8' title="bbox 295 1035 984 1107">
     <span class='ocr_line' id='line_1_8' title="bbox 295 1035 984 1107; baseline -0.006 -17"><span class='ocrx_word' id='word_1_46' title='bbox 295 1035 450 1107; x_wconf 77' lang='grc' dir='ltr'><strong><em>⁸1οὺ).</em></strong></span> <span class='ocrx_word' id='word_1_47' title='bbox 484 1035 551 1090; x_wconf 82' lang='lat' dir='ltr'><strong><em>Et</em></strong></span> <span class='ocrx_word' id='word_1_48' title='bbox 577 1051 692 1088; x_wconf 90' lang='lat' dir='ltr'><strong><em>cum</em></strong></span> <span class='ocrx_word' id='word_1_49' title='bbox 727 1035 984 1098; x_wconf 89' lang='lat' dir='ltr'><strong><em>recitaret,</em></strong></span> 
     </span>
    </p>
   </div>
   <div class='ocr_carea' id='block_1_9' title="bbox 372 1123 1898 1184">
    <p class='ocr_par' dir='ltr' id='par_1_9' title="bbox 372 1123 1898 1184">
     <span class='ocr_line' id='line_1_9' title="bbox 372 1123 1898 1184; baseline -0.004 0"><span class='ocrx_word' id='word_1_50' title='bbox 372 1129 495 1184; x_wconf 86' lang='lat'><strong><em>171.</em></strong></span> <span class='ocrx_word' id='word_1_51' title='bbox 532 1127 869 1183; x_wconf 86' lang='lat' dir='ltr'><strong><em>Marcellinus</em></strong></span> <span class='ocrx_word' id='word_1_52' title='bbox 897 1128 974 1181; x_wconf 83' lang='lat' dir='ltr'><strong><em>uir</em></strong></span> <span class='ocrx_word' id='word_1_53' title='bbox 1011 1125 1326 1181; x_wconf 82' lang='lat' dir='ltr'><strong><em>clarissimus</em></strong></span> <span class='ocrx_word' id='word_1_54' title='bbox 1370 1126 1602 1180; x_wconf 74' lang='lat' dir='ltr'><strong><em>tribunus</em></strong></span> <span class='ocrx_word' id='word_1_55' title='bbox 1646 1135 1692 1179; x_wconf 89' lang='lat' dir='ltr'><strong><em>et</em></strong></span> <span class='ocrx_word' id='word_1_56' title='bbox 1727 1123 1898 1179; x_wconf 86' lang='lat' dir='ltr'><strong><em>Nota-</em></strong></span> 
     </span>
    </p>
   </div>
   <div class='ocr_carea' id='block_1_10' title="bbox 295 1219 1891 1292">
    <p class='ocr_par' dir='ltr' id='par_1_10' title="bbox 295 1219 1891 1292">
     <span class='ocr_line' id='line_1_10' title="bbox 295 1219 1891 1292; baseline -0.003 -16"><span class='ocrx_word' id='word_1_57' title='bbox 295 1224 404 1278; x_wconf 87' lang='lat' dir='ltr'><strong><em>rius</em></strong></span> <span class='ocrx_word' id='word_1_58' title='bbox 452 1223 602 1277; x_wconf 83' lang='lat' dir='ltr'><strong><em>dixit.</em></strong></span> <span class='ocrx_word' id='word_1_59' title='bbox 643 1222 773 1290; x_wconf 64' lang='lat' dir='ltr'><strong><em>Quae</em></strong></span> <span class='ocrx_word' id='word_1_60' title='bbox 814 1221 992 1292; x_wconf 86' lang='lat' dir='ltr'><strong><em>priora</em></strong></span> <span class='ocrx_word' id='word_1_61' title='bbox 1030 1230 1174 1285; x_wconf 86' lang='lat' dir='ltr'><strong><em>sunt,</em></strong></span> <span class='ocrx_word' id='word_1_62' title='bbox 1209 1221 1274 1272; x_wconf 89' lang='lat' dir='ltr'><strong><em>ab</em></strong></span> <span class='ocrx_word' id='word_1_63' title='bbox 1305 1219 1484 1275; x_wconf 91' lang='lat' dir='ltr'><strong><em>ofticio</em></strong></span> <span class='ocrx_word' id='word_1_64' title='bbox 1516 1229 1891 1290; x_wconf 68' lang='lat' dir='ltr'><strong><em>suggerantur.</em></strong></span> 
     </span>
    </p>
   </div>
   <div class='ocr_carea' id='block_1_11' title="bbox 373 1311 1894 1384">
    <p class='ocr_par' dir='ltr' id='par_1_11' title="bbox 373 1311 1894 1384">
     <span class='ocr_line' id='line_1_11' title="bbox 373 1311 1894 1384; baseline -0.001 -16"><span class='ocrx_word' id='word_1_65' title='bbox 373 1314 494 1368; x_wconf 70' lang='grc'><strong>172.</strong></span> <span class='ocrx_word' id='word_1_66' title='bbox 535 1314 849 1384; x_wconf 80' lang='lat' dir='ltr'><strong><em>Ruﬁnianus</em></strong></span> <span class='ocrx_word' id='word_1_67' title='bbox 871 1311 1040 1366; x_wconf 85' lang='lat' dir='ltr'><strong><em>scriba</em></strong></span> <span class='ocrx_word' id='word_1_68' title='bbox 1059 1313 1152 1368; x_wconf 81' lang='lat' dir='ltr'><strong><em>viri</em></strong></span> <span class='ocrx_word' id='word_1_69' title='bbox 1175 1311 1446 1366; x_wconf 79' lang='lat' dir='ltr'><strong><em>clarissimi</em></strong></span> <span class='ocrx_word' id='word_1_70' title='bbox 1468 1315 1720 1367; x_wconf 77' lang='lat' dir='ltr'><strong><em>curatoris</em></strong></span> <span class='ocrx_word' id='word_1_71' title='bbox 1742 1312 1894 1366; x_wconf 87' lang='lat' dir='ltr'><strong><em>dixit.</em></strong></span> 
     </span>
    </p>
   </div>
   <div class='ocr_carea' id='block_1_12' title="bbox 294 1402 1894 1476">
    <p class='ocr_par' dir='ltr' id='par_1_12' title="bbox 294 1402 1894 1476">
     <span class='ocr_line' id='line_1_12' title="bbox 294 1402 1894 1476; baseline -0.003 -15"><span class='ocrx_word' id='word_1_72' title='bbox 294 1406 370 1461; x_wconf 83' lang='lat' dir='ltr'><strong><em>Ea</em></strong></span> <span class='ocrx_word' id='word_1_73' title='bbox 402 1413 526 1460; x_wconf 88' lang='lat' dir='ltr'><strong><em>sunt</em></strong></span> <span class='ocrx_word' id='word_1_74' title='bbox 574 1404 754 1476; x_wconf 82' lang='lat' dir='ltr'><strong><em>priora</em></strong></span> <span class='ocrx_word' id='word_1_75' title='bbox 807 1420 928 1476; x_wconf 69' lang='lat' dir='ltr'><strong><em>quae</em></strong></span> <span class='ocrx_word' id='word_1_76' title='bbox 955 1406 1008 1459; x_wconf 90' lang='lat' dir='ltr'><strong><em>in</em></strong></span> <span class='ocrx_word' id='word_1_77' title='bbox 1039 1404 1225 1460; x_wconf 90' lang='lat' dir='ltr'><strong><em>codice</em></strong></span> <span class='ocrx_word' id='word_1_78' title='bbox 1262 1403 1444 1459; x_wconf 87' lang='lat' dir='ltr'><strong><em>oblato</em></strong></span> <span class='ocrx_word' id='word_1_79' title='bbox 1495 1404 1557 1476; x_wconf 81' lang='grc' dir='ltr'><strong><em>(α</em></strong></span> <span class='ocrx_word' id='word_1_80' title='bbox 1586 1402 1894 1474; x_wconf 77' lang='lat' dir='ltr'><strong><em>Donatistis)</em></strong></span> 
     </span>
    </p>
   </div>
   <div class='ocr_carea' id='block_1_13' title="bbox 293 1501 668 1556">
    <p class='ocr_par' dir='ltr' id='par_1_13' title="bbox 293 1501 668 1556">
     <span class='ocr_line' id='line_1_13' title="bbox 293 1501 668 1556; baseline -0.005 -2"><span class='ocrx_word' id='word_1_81' title='bbox 293 1501 668 1556; x_wconf 81' lang='lat' dir='ltr'><strong><em>continentur.</em></strong></span> 
     </span>
    </p>
   </div>
   <div class='ocr_carea' id='block_1_14' title="bbox 368 1589 1889 1665">
    <p class='ocr_par' dir='ltr' id='par_1_14' title="bbox 368 1589 1889 1665">
     <span class='ocr_line' id='line_1_14' title="bbox 368 1589 1889 1665; baseline -0.004 -15"><span class='ocrx_word' id='word_1_82' title='bbox 368 1595 492 1650; x_wconf 77' lang='lat'><strong><em>115.</em></strong></span> <span class='ocrx_word' id='word_1_83' title='bbox 545 1593 768 1665; x_wconf 78' lang='lat' dir='ltr'><strong><em>Alypius</em></strong></span> <span class='ocrx_word' id='word_1_84' title='bbox 825 1593 1092 1664; x_wconf 80' lang='lat' dir='ltr'><strong><em>episcopus</em></strong></span> <span class='ocrx_word' id='word_1_85' title='bbox 1133 1591 1381 1645; x_wconf 78' lang='lat' dir='ltr'><strong><em>Ecclesia!</em></strong></span> <span class='ocrx_word' id='word_1_86' title='bbox 1428 1589 1693 1645; x_wconf 74' lang='lat' dir='ltr'><strong><em>catholica:</em></strong></span> <span class='ocrx_word' id='word_1_87' title='bbox 1738 1590 1889 1644; x_wconf 89' lang='lat' dir='ltr'><strong><em>dixit.</em></strong></span> 
     </span>
    </p>
   </div>
   <div class='ocr_carea' id='block_1_15' title="bbox 295 1683 1890 1756">
    <p class='ocr_par' dir='ltr' id='par_1_15' title="bbox 295 1683 1890 1756">
     <span class='ocr_line' id='line_1_15' title="bbox 295 1683 1890 1756; baseline -0.001 -15"><span class='ocrx_word' id='word_1_88' title='bbox 295 1687 435 1741; x_wconf 80' lang='lat' dir='ltr'><strong><em>Ecce</em></strong></span> <span class='ocrx_word' id='word_1_89' title='bbox 477 1687 783 1756; x_wconf 76' lang='lat' dir='ltr'><strong><em>antiquiora</em></strong></span> <span class='ocrx_word' id='word_1_90' title='bbox 835 1684 1179 1756; x_wconf 80' lang='lat' dir='ltr'><strong><em>proferimus.</em></strong></span> <span class='ocrx_word' id='word_1_91' title='bbox 1232 1683 1297 1737; x_wconf 84' lang='lat' dir='ltr'><strong><em>Et</em></strong></span> <span class='ocrx_word' id='word_1_92' title='bbox 1338 1684 1445 1738; x_wconf 90' lang='lat' dir='ltr'><strong><em>alia</em></strong></span> <span class='ocrx_word' id='word_1_93' title='bbox 1485 1700 1659 1737; x_wconf 89' lang='lat' dir='ltr'><strong><em>ntanu.</em></strong></span> <span class='ocrx_word' id='word_1_94' title='bbox 1713 1683 1890 1739; x_wconf 82' lang='lat' dir='ltr'><strong><em>Reco-</em></strong></span> 
     </span>
    </p>
   </div>
   <div class='ocr_carea' id='block_1_16' title="bbox 287 1775 1964 1852">
    <p class='ocr_par' dir='ltr' id='par_1_16' title="bbox 287 1775 1964 1852">
     <span class='ocr_line' id='line_1_16' title="bbox 287 1775 1964 1852; baseline 0.001 -18"><span class='ocrx_word' id='word_1_95' title='bbox 287 1781 470 1852; x_wconf 88' lang='lat' dir='ltr'><strong><em>gnovi.</em></strong></span> <span class='ocrx_word' id='word_1_96' title='bbox 503 1780 814 1850; x_wconf 80' lang='lat' dir='ltr'><strong><em>Ruﬁnianus</em></strong></span> <span class='ocrx_word' id='word_1_97' title='bbox 837 1779 1004 1834; x_wconf 89' lang='lat' dir='ltr'><strong><em>scriba</em></strong></span> <span class='ocrx_word' id='word_1_98' title='bbox 1043 1780 1139 1833; x_wconf 80' lang='lat' dir='ltr'><strong><em>viri</em></strong></span> <span class='ocrx_word' id='word_1_99' title='bbox 1165 1779 1440 1833; x_wconf 79' lang='lat' dir='ltr'><strong><em>clarissimi</em></strong></span> <span class='ocrx_word' id='word_1_100' title='bbox 1465 1781 1716 1834; x_wconf 84' lang='lat' dir='ltr'><strong><em>curatoris</em></strong></span> <span class='ocrx_word' id='word_1_101' title='bbox 1733 1779 1882 1834; x_wconf 87' lang='lat' dir='ltr'><strong><em>dixit.</em></strong></span> <span class='ocrx_word' id='word_1_102' title='bbox 1920 1775 1964 1836; x_wconf 85' lang='grc' dir='ltr'><strong>Β</strong></span> 
     </span>
    </p>
   </div>
   <div class='ocr_carea' id='block_1_17' title="bbox 289 1865 1892 1942">
    <p class='ocr_par' dir='ltr' id='par_1_17' title="bbox 289 1865 1892 1942">
     <span class='ocr_line' id='line_1_17' title="bbox 289 1865 1892 1942; baseline -0.001 -14"><span class='ocrx_word' id='word_1_103' title='bbox 289 1872 610 1942; x_wconf 79' lang='lat' dir='ltr'><strong><em>Siquidem,</em></strong></span> <span class='ocrx_word' id='word_1_104' title='bbox 663 1874 804 1926; x_wconf 88' lang='lat' dir='ltr'><strong><em>sicut</em></strong></span> <span class='ocrx_word' id='word_1_105' title='bbox 859 1865 1264 1942; x_wconf 64' lang='lat' dir='ltr'><strong><em>suggessimus,</em></strong></span> <span class='ocrx_word' id='word_1_106' title='bbox 1317 1872 1656 1926; x_wconf 75' lang='lat' dir='ltr'><strong><em>consulatum</em></strong></span> <span class='ocrx_word' id='word_1_107' title='bbox 1714 1873 1892 1926; x_wconf 90' lang='lat' dir='ltr'><strong><em>couti-</em></strong></span> 
     </span>
    </p>
   </div>
   <div class='ocr_carea' id='block_1_18' title="bbox 288 1965 1890 2037">
    <p class='ocr_par' dir='ltr' id='par_1_18' title="bbox 288 1965 1890 2037">
     <span class='ocr_line' id='line_1_18' title="bbox 288 1965 1890 2037; baseline -0.001 -16"><span class='ocrx_word' id='word_1_108' title='bbox 288 1977 453 2021; x_wconf 87' lang='lat' dir='ltr'><strong><em>neant</em></strong></span> <span class='ocrx_word' id='word_1_109' title='bbox 485 1966 774 2021; x_wconf 77' lang='lat' dir='ltr'><strong><em>Theodosii</em></strong></span> <span class='ocrx_word' id='word_1_110' title='bbox 798 1966 1022 2037; x_wconf 77' lang='lat' dir='ltr'><strong><em>Augusti</em></strong></span> <span class='ocrx_word' id='word_1_111' title='bbox 1051 1975 1105 2019; x_wconf 89' lang='lat' dir='ltr'><strong><em>et</em></strong></span> <span class='ocrx_word' id='word_1_112' title='bbox 1128 1965 1407 2020; x_wconf 86' lang='lat' dir='ltr'><strong><em>Rumoridi</em></strong></span> <span class='ocrx_word' id='word_1_113' title='bbox 1436 1965 1534 2019; x_wconf 77' lang='lat' dir='ltr'><strong><em>viri</em></strong></span> <span class='ocrx_word' id='word_1_114' title='bbox 1562 1966 1852 2021; x_wconf 77' lang='lat' dir='ltr'><strong><em>clarissimi</em></strong></span> <span class='ocrx_word' id='word_1_115' title='bbox 1875 2008 1890 2030; x_wconf 86' lang='lat'><strong><em>,</em></strong></span> 
     </span>
    </p>
   </div>
   <div class='ocr_carea' id='block_1_19' title="bbox 285 2059 1892 2117">
    <p class='ocr_par' dir='ltr' id='par_1_19' title="bbox 285 2059 1892 2117">
     <span class='ocr_line' id='line_1_19' title="bbox 285 2059 1892 2117; baseline 0.001 -2"><span class='ocrx_word' id='word_1_116' title='bbox 285 2063 392 2116; x_wconf 88' lang='lat' dir='ltr'><strong><em>alia</em></strong></span> <span class='ocrx_word' id='word_1_117' title='bbox 423 2078 551 2117; x_wconf 89' lang='lat' dir='ltr'><strong><em>vero</em></strong></span> <span class='ocrx_word' id='word_1_118' title='bbox 581 2062 923 2117; x_wconf 81' lang='lat' dir='ltr'><strong><em>consulatum</em></strong></span> <span class='ocrx_word' id='word_1_119' title='bbox 953 2061 1272 2117; x_wconf 86' lang='lat' dir='ltr'><strong><em>contineant</em></strong></span> <span class='ocrx_word' id='word_1_120' title='bbox 1299 2060 1362 2114; x_wconf 86' lang='grc' dir='ltr'><strong>Ι).</strong></span> <span class='ocrx_word' id='word_1_121' title='bbox 1412 2059 1476 2116; x_wconf 88' lang='grc' dir='ltr'><strong>Ν.</strong></span> <span class='ocrx_word' id='word_1_122' title='bbox 1509 2059 1734 2116; x_wconf 83' lang='lat' dir='ltr'><strong><em>Arcadii</em></strong></span> <span class='ocrx_word' id='word_1_123' title='bbox 1758 2075 1812 2115; x_wconf 79' lang='lat' dir='ltr'><strong><em>v1</em></strong></span> <span class='ocrx_word' id='word_1_124' title='bbox 1837 2071 1892 2117; x_wconf 90' lang='lat' dir='ltr'><strong><em>et</em></strong></span> 
     </span>
    </p>
   </div>
   <div class='ocr_carea' id='block_1_20' title="bbox 283 2154 927 2210">
    <p class='ocr_par' dir='ltr' id='par_1_20' title="bbox 283 2154 927 2210">
     <span class='ocr_line' id='line_1_20' title="bbox 283 2154 927 2210; baseline -0.002 -2"><span class='ocrx_word' id='word_1_125' title='bbox 283 2154 451 2209; x_wconf 83' lang='lat' dir='ltr'><strong><em>Probi</em></strong></span> <span class='ocrx_word' id='word_1_126' title='bbox 482 2155 580 2210; x_wconf 84' lang='lat' dir='ltr'><strong><em>viri</em></strong></span> <span class='ocrx_word' id='word_1_127' title='bbox 612 2155 927 2210; x_wconf 89' lang='lat' dir='ltr'><strong><em>clarissimi.</em></strong></span> 
     </span>
    </p>
   </div>
   <div class='ocr_carea' id='block_1_21' title="bbox 365 2246 1890 2303">
    <p class='ocr_par' dir='ltr' id='par_1_21' title="bbox 365 2246 1890 2303">
     <span class='ocr_line' id='line_1_21' title="bbox 365 2246 1890 2303; baseline 0.001 -1"><span class='ocrx_word' id='word_1_128' title='bbox 365 2247 490 2302; x_wconf 69' lang='grc'><strong>174.</strong></span> <span class='ocrx_word' id='word_1_129' title='bbox 526 2246 863 2302; x_wconf 84' lang='lat' dir='ltr'><strong><em>Marcellinus</em></strong></span> <span class='ocrx_word' id='word_1_130' title='bbox 910 2248 988 2302; x_wconf 82' lang='lat' dir='ltr'><strong><em>vir</em></strong></span> <span class='ocrx_word' id='word_1_131' title='bbox 1028 2248 1348 2302; x_wconf 87' lang='lat' dir='ltr'><strong><em>clarissimus</em></strong></span> <span class='ocrx_word' id='word_1_132' title='bbox 1388 2247 1622 2302; x_wconf 82' lang='lat' dir='ltr'><strong><em>tribunus</em></strong></span> <span class='ocrx_word' id='word_1_133' title='bbox 1650 2258 1698 2302; x_wconf 87' lang='lat' dir='ltr'><strong><em>et</em></strong></span> <span class='ocrx_word' id='word_1_134' title='bbox 1745 2259 1890 2303; x_wconf 92' lang='lat' dir='ltr'><strong><em>nota-</em></strong></span> 
     </span>
    </p>
   </div>
   <div class='ocr_carea' id='block_1_22' title="bbox 282 2341 1890 2413">
    <p class='ocr_par' dir='ltr' id='par_1_22' title="bbox 282 2341 1890 2413">
     <span class='ocr_line' id='line_1_22' title="bbox 282 2341 1890 2413; baseline 0 -17"><span class='ocrx_word' id='word_1_135' title='bbox 282 2343 393 2397; x_wconf 86' lang='lat' dir='ltr'><strong><em>rius</em></strong></span> <span class='ocrx_word' id='word_1_136' title='bbox 420 2343 570 2396; x_wconf 90' lang='lat' dir='ltr'><strong><em>dixit.</em></strong></span> <span class='ocrx_word' id='word_1_137' title='bbox 605 2345 678 2396; x_wconf 72' lang='lat' dir='ltr'><strong><em>lia</em></strong></span> <span class='ocrx_word' id='word_1_138' title='bbox 706 2359 824 2412; x_wconf 77' lang='lat' dir='ltr'><strong><em>qua:</em></strong></span> <span class='ocrx_word' id='word_1_139' title='bbox 858 2343 1158 2413; x_wconf 74' lang='lat' dir='ltr'><strong><em>antiquiora</em></strong></span> <span class='ocrx_word' id='word_1_140' title='bbox 1195 2350 1323 2397; x_wconf 78' lang='lat' dir='ltr'><strong><em>sunt</em></strong></span> <span class='ocrx_word' id='word_1_141' title='bbox 1356 2343 1677 2398; x_wconf 86' lang='lat' dir='ltr'><strong><em>recitenlur.</em></strong></span> <span class='ocrx_word' id='word_1_142' title='bbox 1725 2341 1890 2396; x_wconf 85' lang='lat' dir='ltr'><strong><em>Navi-</em></strong></span> 
     </span>
    </p>
   </div>
   <div class='ocr_carea' id='block_1_23' title="bbox 281 2436 1884 2508">
    <p class='ocr_par' dir='ltr' id='par_1_23' title="bbox 281 2436 1884 2508">
     <span class='ocr_line' id='line_1_23' title="bbox 281 2436 1884 2508; baseline 0.001 -19"><span class='ocrx_word' id='word_1_143' title='bbox 281 2437 401 2508; x_wconf 85' lang='lat' dir='ltr'><strong><em>gius</em></strong></span> <span class='ocrx_word' id='word_1_144' title='bbox 455 2437 664 2507; x_wconf 85' lang='lat' dir='ltr'><strong><em>adjutor</em></strong></span> <span class='ocrx_word' id='word_1_145' title='bbox 695 2452 1025 2490; x_wconf 83' lang='lat' dir='ltr'><strong><em>numerarunt</em></strong></span> <span class='ocrx_word' id='word_1_146' title='bbox 1054 2436 1217 2506; x_wconf 72' lang='lat' dir='ltr'><strong><em>ofﬁcii</em></strong></span> <span class='ocrx_word' id='word_1_147' title='bbox 1256 2437 1350 2490; x_wconf 83' lang='lat' dir='ltr'><strong><em>viri</em></strong></span> <span class='ocrx_word' id='word_1_148' title='bbox 1382 2436 1656 2490; x_wconf 86' lang='lat' dir='ltr'><strong><em>clarissimi</em></strong></span> <span class='ocrx_word' id='word_1_149' title='bbox 1688 2447 1733 2490; x_wconf 91' lang='lat' dir='ltr'><strong><em>et</em></strong></span> <span class='ocrx_word' id='word_1_150' title='bbox 1766 2452 1884 2505; x_wconf 82' lang='lat' dir='ltr'><strong><em>spe-</em></strong></span> 
     </span>
    </p>
   </div>
   <div class='ocr_carea' id='block_1_24' title="bbox 286 2532 1883 2602">
    <p class='ocr_par' dir='ltr' id='par_1_24' title="bbox 286 2532 1883 2602">
     <span class='ocr_line' id='line_1_24' title="bbox 286 2532 1883 2602; baseline 0 -15"><span class='ocrx_word' id='word_1_151' title='bbox 286 2533 490 2587; x_wconf 89' lang='lat' dir='ltr'><strong><em>ctabilis</em></strong></span> <span class='ocrx_word' id='word_1_152' title='bbox 538 2533 730 2598; x_wconf 78' lang='lat' dir='ltr'><strong><em>vicarii</em></strong></span> <span class='ocrx_word' id='word_1_153' title='bbox 767 2533 1019 2587; x_wconf 81' lang='lat' dir='ltr'><strong><em>recitavit.</em></strong></span> <span class='ocrx_word' id='word_1_154' title='bbox 1067 2532 1394 2602; x_wconf 68' lang='lat' dir='ltr'><strong><em>Aiquitatem</em></strong></span> <span class='ocrx_word' id='word_1_155' title='bbox 1442 2540 1584 2586; x_wconf 88' lang='lat' dir='ltr'><strong><em>tuam</em></strong></span> <span class='ocrx_word' id='word_1_156' title='bbox 1617 2532 1883 2602; x_wconf 85' lang='lat' dir='ltr'><strong><em>petimus,</em></strong></span> 
     </span>
    </p>
   </div>
   <div class='ocr_carea' id='block_1_25' title="bbox 281 2625 1886 2696">
    <p class='ocr_par' dir='ltr' id='par_1_25' title="bbox 281 2625 1886 2696">
     <span class='ocr_line' id='line_1_25' title="bbox 281 2625 1886 2696; baseline -0.001 -15"><span class='ocrx_word' id='word_1_157' title='bbox 281 2625 584 2696; x_wconf 80' lang='lat' dir='ltr'><strong><em>Septimine</em></strong></span> <span class='ocrx_word' id='word_1_158' title='bbox 610 2626 692 2680; x_wconf 92' lang='lat' dir='ltr'><strong><em>vir</em></strong></span> <span class='ocrx_word' id='word_1_159' title='bbox 719 2626 1040 2694; x_wconf 84' lang='lat' dir='ltr'><strong><em>clarissime,</em></strong></span> <span class='ocrx_word' id='word_1_160' title='bbox 1073 2625 1458 2696; x_wconf 85' lang='lat' dir='ltr'><strong><em>proconsulum</em></strong></span> <span class='ocrx_word' id='word_1_161' title='bbox 1484 2641 1691 2680; x_wconf 90' lang='lat' dir='ltr'><strong><em>summe</em></strong></span> <span class='ocrx_word' id='word_1_162' title='bbox 1717 2625 1886 2680; x_wconf 90' lang='lat' dir='ltr'><strong><em>subli-</em></strong></span> 
     </span>
    </p>
   </div>
   <div class='ocr_carea' id='block_1_26' title="bbox 282 2716 1885 2788">
    <p class='ocr_par' dir='ltr' id='par_1_26' title="bbox 282 2716 1885 2788">
     <span class='ocr_line' id='line_1_26' title="bbox 282 2716 1885 2788; baseline -0.001 -14"><span class='ocrx_word' id='word_1_163' title='bbox 282 2719 408 2774; x_wconf 83' lang='lat' dir='ltr'><strong><em>mis.</em></strong></span> <span class='ocrx_word' id='word_1_164' title='bbox 437 2719 600 2773; x_wconf 79' lang='lat' dir='ltr'><strong><em>Multa</em></strong></span> <span class='ocrx_word' id='word_1_165' title='bbox 625 2727 808 2773; x_wconf 87' lang='lat' dir='ltr'><strong><em>contra</em></strong></span> <span class='ocrx_word' id='word_1_166' title='bbox 838 2718 1068 2783; x_wconf 88' lang='lat' dir='ltr'><strong><em>divinas,</em></strong></span> <span class='ocrx_word' id='word_1_167' title='bbox 1106 2717 1474 2788; x_wconf 74' lang='lat' dir='ltr'><strong><em>humanasque</em></strong></span> <span class='ocrx_word' id='word_1_168' title='bbox 1503 2717 1652 2786; x_wconf 82' lang='lat' dir='ltr'><strong><em>leges</em></strong></span> <span class='ocrx_word' id='word_1_169' title='bbox 1679 2717 1748 2771; x_wconf 91' lang='lat' dir='ltr'><strong><em>ab</em></strong></span> <span class='ocrx_word' id='word_1_170' title='bbox 1776 2716 1885 2772; x_wconf 70' lang='lat' dir='ltr'><strong><em>ha:-</em></strong></span> 
     </span>
    </p>
   </div>
   <div class='ocr_carea' id='block_1_27' title="bbox 280 2810 1881 2882">
    <p class='ocr_par' dir='ltr' id='par_1_27' title="bbox 280 2810 1881 2882">
     <span class='ocr_line' id='line_1_27' title="bbox 280 2810 1881 2882; baseline -0.002 -15"><span class='ocrx_word' id='word_1_171' title='bbox 280 2814 464 2867; x_wconf 80' lang='lat' dir='ltr'><strong><em>reticis</em></strong></span> <span class='ocrx_word' id='word_1_172' title='bbox 509 2811 576 2867; x_wconf 89' lang='lat' dir='ltr'><strong><em>de</em></strong></span> <span class='ocrx_word' id='word_1_173' title='bbox 627 2821 776 2882; x_wconf 86' lang='lat' dir='ltr'><strong><em>parte</em></strong></span> <span class='ocrx_word' id='word_1_174' title='bbox 822 2811 1014 2866; x_wconf 90' lang='lat' dir='ltr'><strong><em>Donati</em></strong></span> <span class='ocrx_word' id='word_1_175' title='bbox 1048 2811 1287 2866; x_wconf 83' lang='lat' dir='ltr'><strong><em>Ecclesia</em></strong></span> <span class='ocrx_word' id='word_1_176' title='bbox 1335 2810 1598 2865; x_wconf 88' lang='lat' dir='ltr'><strong><em>catholica</em></strong></span> <span class='ocrx_word' id='word_1_177' title='bbox 1630 2811 1881 2876; x_wconf 84' lang='lat' dir='ltr'><strong><em>Sustinet,</em></strong></span> 
     </span>
    </p>
   </div>
   <div class='ocr_carea' id='block_1_28' title="bbox 277 2906 1884 2978">
    <p class='ocr_par' dir='ltr' id='par_1_28' title="bbox 277 2906 1884 2978">
     <span class='ocr_line' id='line_1_28' title="bbox 277 2906 1884 2978; baseline -0.001 -18"><span class='ocrx_word' id='word_1_178' title='bbox 277 2923 404 2978; x_wconf 66' lang='lat' dir='ltr'><strong><em>qua:</em></strong></span> <span class='ocrx_word' id='word_1_179' title='bbox 430 2907 476 2962; x_wconf 88' lang='lat' dir='ltr'><strong><em>si</em></strong></span> <span class='ocrx_word' id='word_1_180' title='bbox 508 2907 591 2963; x_wconf 88' lang='lat' dir='ltr'><strong><em>vel</em></strong></span> <span class='ocrx_word' id='word_1_181' title='bbox 638 2906 998 2963; x_wconf 89' lang='lat' dir='ltr'><strong><em>anterioribus</em></strong></span> <span class='ocrx_word' id='word_1_182' title='bbox 1029 2909 1110 2961; x_wconf 95' lang='lat' dir='ltr'><strong><em>vel</em></strong></span> <span class='ocrx_word' id='word_1_183' title='bbox 1155 2907 1549 2962; x_wconf 84' lang='lat' dir='ltr'><strong><em>recentioribus</em></strong></span> <span class='ocrx_word' id='word_1_184' title='bbox 1591 2906 1884 2977; x_wconf 87' lang='lat' dir='ltr'><strong><em>imperiali-</em></strong></span> 
     </span>
    </p>
   </div>
   <div class='ocr_carea' id='block_1_29' title="bbox 276 3001 1930 3073">
    <p class='ocr_par' dir='ltr' id='par_1_29' title="bbox 276 3001 1930 3073">
     <span class='ocr_line' id='line_1_29' title="bbox 276 3001 1930 3073; baseline 0 -17"><span class='ocrx_word' id='word_1_185' title='bbox 276 3001 382 3056; x_wconf 93' lang='lat' dir='ltr'><strong><em>bus</em></strong></span> <span class='ocrx_word' id='word_1_186' title='bbox 412 3001 582 3071; x_wconf 84' lang='lat' dir='ltr'><strong><em>jussis</em></strong></span> <span class='ocrx_word' id='word_1_187' title='bbox 626 3002 958 3073; x_wconf 89' lang='lat' dir='ltr'><strong><em>prohibenda</em></strong></span> <span class='ocrx_word' id='word_1_188' title='bbox 1007 3012 1061 3057; x_wconf 92' lang='lat' dir='ltr'><strong><em>et</em></strong></span> <span class='ocrx_word' id='word_1_189' title='bbox 1102 3002 1336 3058; x_wconf 88' lang='lat' dir='ltr'><strong><em>tollenda</em></strong></span> <span class='ocrx_word' id='word_1_190' title='bbox 1371 3003 1686 3073; x_wconf 88' lang='lat' dir='ltr'><strong><em>postulanda</em></strong></span> <span class='ocrx_word' id='word_1_191' title='bbox 1719 3002 1883 3057; x_wconf 88' lang='lat' dir='ltr'><strong><em>velle-</em></strong></span> <span class='ocrx_word' id='word_1_192' title='bbox 1923 3018 1930 3028; x_wconf 83' lang='lat'>‘</span> 
     </span>
    </p>
   </div>
   <div class='ocr_carea' id='block_1_30' title="bbox 275 3095 1879 3166">
    <p class='ocr_par' dir='ltr' id='par_1_30' title="bbox 275 3095 1879 3166">
     <span class='ocr_line' id='line_1_30' title="bbox 275 3095 1879 3166; baseline 0.002 -17"><span class='ocrx_word' id='word_1_193' title='bbox 275 3111 400 3150; x_wconf 85' lang='lat' dir='ltr'><strong><em>tuus</em></strong></span> <span class='ocrx_word' id='word_1_194' title='bbox 422 3139 436 3162; x_wconf 90' lang='lat'><strong><em>,</em></strong></span> <span class='ocrx_word' id='word_1_195' title='bbox 474 3111 812 3166; x_wconf 80' lang='lat' dir='ltr'><strong><em>nequaquam</em></strong></span> <span class='ocrx_word' id='word_1_196' title='bbox 845 3095 1047 3151; x_wconf 88' lang='lat' dir='ltr'><strong><em>audere</em></strong></span> <span class='ocrx_word' id='word_1_197' title='bbox 1084 3095 1347 3152; x_wconf 88' lang='lat' dir='ltr'><strong><em>deberent</em></strong></span> <span class='ocrx_word' id='word_1_198' title='bbox 1379 3098 1444 3152; x_wconf 89' lang='lat' dir='ltr'><strong><em>de</em></strong></span> <span class='ocrx_word' id='word_1_199' title='bbox 1482 3097 1684 3152; x_wconf 83' lang='lat' dir='ltr'><strong><em>nostris</em></strong></span> <span class='ocrx_word' id='word_1_200' title='bbox 1711 3097 1879 3152; x_wconf 88' lang='lat' dir='ltr'><strong><em>actio-</em></strong></span> 
     </span>
    </p>
   </div>
   <div class='ocr_carea' id='block_1_31' title="bbox 1257 257 2644 334">
    <p class='ocr_par' dir='ltr' id='par_1_31' title="bbox 1257 257 2644 334">
     <span class='ocr_line' id='line_1_31' title="bbox 1257 257 2644 334; baseline 0.006 -17"><span class='ocrx_word' id='word_1_201' title='bbox 1257 257 1485 317; x_wconf 83' lang='lat' dir='ltr'><strong><em>GESTA</em></strong></span> <span class='ocrx_word' id='word_1_202' title='bbox 1523 257 1980 334; x_wconf 77' lang='lat' dir='ltr'><strong><em>COLLATIONIS</em></strong></span> <span class='ocrx_word' id='word_1_203' title='bbox 2020 259 2644 326; x_wconf 71' lang='lat' dir='ltr'><strong><em>CARTHAGINENSIS.</em></strong></span> 
     </span>
    </p>
   </div>
   <div class='ocr_carea' id='block_1_32' title="bbox 374 373 1989 448">
    <p class='ocr_par' dir='ltr' id='par_1_32' title="bbox 374 373 1989 448">
     <span class='ocr_line' id='line_1_32' title="bbox 374 373 1989 448; baseline -0.004 -15"><span class='ocrx_word' id='word_1_204' title='bbox 374 375 540 448; x_wconf 82' lang='lat'><strong><em>307</em></strong></span> <span class='ocrx_word' id='word_1_205' title='bbox 574 373 700 430; x_wconf 80' lang='lat'><strong><em>1&#39;70.</em></strong></span> <span class='ocrx_word' id='word_1_206' title='bbox 735 373 954 446; x_wconf 78' lang='lat' dir='ltr'><strong><em>Alypius</em></strong></span> <span class='ocrx_word' id='word_1_207' title='bbox 978 375 1245 446; x_wconf 83' lang='lat' dir='ltr'><strong><em>cpiscopus</em></strong></span> <span class='ocrx_word' id='word_1_208' title='bbox 1265 373 1514 430; x_wconf 74' lang='lat' dir='ltr'><strong><em>Ecclesia:</em></strong></span> <span class='ocrx_word' id='word_1_209' title='bbox 1540 375 1808 431; x_wconf 75' lang='lat' dir='ltr'><strong><em>catholica:</em></strong></span> <span class='ocrx_word' id='word_1_210' title='bbox 1823 375 1904 430; x_wconf 86' lang='lat' dir='ltr'><strong><em>di-</em></strong></span> <span class='ocrx_word' id='word_1_211' title='bbox 1933 379 1989 440; x_wconf 82' lang='grc' dir='ltr'><strong>Α</strong></span> 
     </span>
    </p>
   </div>
   <div class='ocr_carea' id='block_1_33' title="bbox 3461 278 3602 336">
    <p class='ocr_par' dir='ltr' id='par_1_33' title="bbox 3461 278 3602 336">
     <span class='ocr_line' id='line_1_33' title="bbox 3461 278 3602 336; baseline -0.021 0"><span class='ocrx_word' id='word_1_212' title='bbox 3461 278 3602 336; x_wconf 69' lang='grc'><strong>1591»</strong></span> 
     </span>
    </p>
   </div>
   <div class='ocr_carea' id='block_1_34' title="bbox 2086 379 3602 468">
    <p class='ocr_par' dir='ltr' id='par_1_34' title="bbox 2086 379 3602 468">
     <span class='ocr_line' id='line_1_34' title="bbox 2086 379 3602 468; baseline 0.013 -36"><span class='ocrx_word' id='word_1_213' title='bbox 2086 379 2208 436; x_wconf 85' lang='grc'><strong>175.</strong></span> <span class='ocrx_word' id='word_1_214' title='bbox 2242 379 2529 438; x_wconf 86' lang='lat' dir='ltr'><strong><em>Petilianus</em></strong></span> <span class='ocrx_word' id='word_1_215' title='bbox 2559 387 2829 459; x_wconf 81' lang='lat' dir='ltr'><strong><em>episcopus</em></strong></span> <span class='ocrx_word' id='word_1_216' title='bbox 2858 389 3012 446; x_wconf 87' lang='lat' dir='ltr'><strong><em>dixit.</em></strong></span> <span class='ocrx_word' id='word_1_217' title='bbox 3046 389 3251 447; x_wconf 89' lang='lat' dir='ltr'><strong><em>Petitur</em></strong></span> <span class='ocrx_word' id='word_1_218' title='bbox 3276 403 3356 450; x_wconf 88' lang='lat' dir='ltr'><strong><em>est</em></strong></span> <span class='ocrx_word' id='word_1_219' title='bbox 3387 395 3474 466; x_wconf 87' lang='lat' dir='ltr'><strong><em>qtti</em></strong></span> <span class='ocrx_word' id='word_1_220' title='bbox 3508 412 3602 468; x_wconf 85' lang='lat' dir='ltr'><strong><em>pe-</em></strong></span> 
     </span>
    </p>
   </div>
   <div class='ocr_carea' id='block_1_35' title="bbox 2008 475 3602 546">
    <p class='ocr_par' dir='ltr' id='par_1_35' title="bbox 2008 475 3602 546">
     <span class='ocr_line' id='line_1_35' title="bbox 2008 475 3602 546; baseline 0.014 -22"><span class='ocrx_word' id='word_1_221' title='bbox 2008 475 2110 538; x_wconf 89' lang='lat' dir='ltr'><strong><em>tit,</em></strong></span> <span class='ocrx_word' id='word_1_222' title='bbox 2156 487 2224 526; x_wconf 87' lang='lat' dir='ltr'><strong><em>au</em></strong></span> <span class='ocrx_word' id='word_1_223' title='bbox 2275 475 2401 545; x_wconf 88' lang='lat' dir='ltr'><strong><em>quid</em></strong></span> <span class='ocrx_word' id='word_1_224' title='bbox 2457 479 2785 534; x_wconf 84' lang='lat' dir='ltr'><strong><em>vocabitur?</em></strong></span> <span class='ocrx_word' id='word_1_225' title='bbox 2817 479 2886 534; x_wconf 91' lang='lat' dir='ltr'><strong><em>Et</em></strong></span> <span class='ocrx_word' id='word_1_226' title='bbox 2929 483 3032 536; x_wconf 89' lang='lat' dir='ltr'><strong><em>alia</em></strong></span> <span class='ocrx_word' id='word_1_227' title='bbox 3083 500 3263 540; x_wconf 90' lang='lat' dir='ltr'><strong><em>manu.</em></strong></span> <span class='ocrx_word' id='word_1_228' title='bbox 3306 486 3602 546; x_wconf 89' lang='lat' dir='ltr'><strong><em>Petilianus</em></strong></span> 
     </span>
    </p>
   </div>
   <div class='ocr_carea' id='block_1_36' title="bbox 2005 566 3604 649">
    <p class='ocr_par' dir='ltr' id='par_1_36' title="bbox 2005 566 3604 649">
     <span class='ocr_line' id='line_1_36' title="bbox 2005 566 3604 649; baseline 0.012 -29"><span class='ocrx_word' id='word_1_229' title='bbox 2005 566 2292 636; x_wconf 64' lang='lat' dir='ltr'><strong><em>epis-cupas</em></strong></span> <span class='ocrx_word' id='word_1_230' title='bbox 2349 573 2782 638; x_wconf 83' lang='lat' dir='ltr'><strong><em>prosecutionem</em></strong></span> <span class='ocrx_word' id='word_1_231' title='bbox 2821 590 2997 632; x_wconf 88' lang='lat' dir='ltr'><strong><em>meam</em></strong></span> <span class='ocrx_word' id='word_1_232' title='bbox 3041 579 3408 649; x_wconf 85' lang='lat' dir='ltr'><strong><em>appellatione</em></strong></span> <span class='ocrx_word' id='word_1_233' title='bbox 3453 584 3604 639; x_wconf 88' lang='lat' dir='ltr'><strong><em>inco-</em></strong></span> 
     </span>
    </p>
   </div>
   <div class='ocr_carea' id='block_1_37' title="bbox 2004 657 2476 732">
    <p class='ocr_par' dir='ltr' id='par_1_37' title="bbox 2004 657 2476 732">
     <span class='ocr_line' id='line_1_37' title="bbox 2004 657 2476 732; baseline 0.015 -20"><span class='ocrx_word' id='word_1_234' title='bbox 2004 657 2130 714; x_wconf 92' lang='lat' dir='ltr'><strong><em>lumi</em></strong></span> <span class='ocrx_word' id='word_1_235' title='bbox 2162 664 2476 732; x_wconf 81' lang='lat' dir='ltr'><strong><em>reCognovi.</em></strong></span> 
     </span>
    </p>
   </div>
   <div class='ocr_carea' id='block_1_38' title="bbox 2076 753 3588 832">
    <p class='ocr_par' dir='ltr' id='par_1_38' title="bbox 2076 753 3588 832">
     <span class='ocr_line' id='line_1_38' title="bbox 2076 753 3588 832; baseline 0.013 -24"><span class='ocrx_word' id='word_1_236' title='bbox 2076 753 2200 808; x_wconf 86' lang='lat'><strong><em>176.</em></strong></span> <span class='ocrx_word' id='word_1_237' title='bbox 2236 756 2546 827; x_wconf 86' lang='lat' dir='ltr'><strong><em>Augustinus</em></strong></span> <span class='ocrx_word' id='word_1_238' title='bbox 2577 762 2847 832; x_wconf 85' lang='lat' dir='ltr'><strong><em>episcopus</em></strong></span> <span class='ocrx_word' id='word_1_239' title='bbox 2874 762 3122 821; x_wconf 77' lang='lat' dir='ltr'><strong><em>Ecclesia:</em></strong></span> <span class='ocrx_word' id='word_1_240' title='bbox 3141 768 3411 825; x_wconf 75' lang='lat' dir='ltr'><strong><em>catholica:</em></strong></span> <span class='ocrx_word' id='word_1_241' title='bbox 3435 771 3588 827; x_wconf 89' lang='lat' dir='ltr'><strong><em>dixit.</em></strong></span> 
     </span>
    </p>
   </div>
   <div class='ocr_carea' id='block_1_39' title="bbox 2002 843 3599 922">
    <p class='ocr_par' dir='ltr' id='par_1_39' title="bbox 2002 843 3599 922">
     <span class='ocr_line' id='line_1_39' title="bbox 2002 843 3599 922; baseline 0.014 -25"><span class='ocrx_word' id='word_1_242' title='bbox 2002 843 2128 900; x_wconf 71' lang='lat' dir='ltr'><strong><em>Haec</em></strong></span> <span class='ocrx_word' id='word_1_243' title='bbox 2171 848 2555 916; x_wconf 88' lang='lat' dir='ltr'><strong><em>postulavimus</em></strong></span> <span class='ocrx_word' id='word_1_244' title='bbox 2581 894 2596 918; x_wconf 93' lang='lat'><strong><em>,</em></strong></span> <span class='ocrx_word' id='word_1_245' title='bbox 2643 853 2735 907; x_wconf 91' lang='lat' dir='ltr'><strong><em>sed</em></strong></span> <span class='ocrx_word' id='word_1_246' title='bbox 2779 856 3212 922; x_wconf 67' lang='lat' dir='ltr'><strong><em>praecedentibus</em></strong></span> <span class='ocrx_word' id='word_1_247' title='bbox 3246 862 3445 918; x_wconf 85' lang='lat' dir='ltr'><strong><em>vestris</em></strong></span> <span class='ocrx_word' id='word_1_248' title='bbox 3491 865 3599 920; x_wconf 88' lang='lat' dir='ltr'><strong><em>cri—</em></strong></span> 
     </span>
    </p>
   </div>
   <div class='ocr_carea' id='block_1_40' title="bbox 2003 940 3601 1022">
    <p class='ocr_par' dir='ltr' id='par_1_40' title="bbox 2003 940 3601 1022">
     <span class='ocr_line' id='line_1_40' title="bbox 2003 940 3601 1022; baseline 0.015 -33"><span class='ocrx_word' id='word_1_249' title='bbox 2003 940 2390 995; x_wconf 88' lang='lat' dir='ltr'><strong><em>minationibus</em></strong></span> <span class='ocrx_word' id='word_1_250' title='bbox 2416 951 2471 997; x_wconf 90' lang='lat' dir='ltr'><strong><em>et</em></strong></span> <span class='ocrx_word' id='word_1_251' title='bbox 2493 945 2950 1002; x_wconf 79' lang='lat' dir='ltr'><strong><em>accusationibus.</em></strong></span> <span class='ocrx_word' id='word_1_252' title='bbox 2979 948 3113 1004; x_wconf 85' lang='lat' dir='ltr'><strong><em>Nam</em></strong></span> <span class='ocrx_word' id='word_1_253' title='bbox 3152 953 3476 1022; x_wconf 78' lang='lat' dir='ltr'><strong><em>proferimus</em></strong></span> <span class='ocrx_word' id='word_1_254' title='bbox 3504 972 3601 1013; x_wconf 87' lang='lat' dir='ltr'><strong><em>an-</em></strong></span> 
     </span>
    </p>
   </div>
   <div class='ocr_carea' id='block_1_41' title="bbox 2003 1033 3598 1112">
    <p class='ocr_par' dir='ltr' id='par_1_41' title="bbox 2003 1033 3598 1112">
     <span class='ocr_line' id='line_1_41' title="bbox 2003 1033 3598 1112; baseline 0.013 -27"><span class='ocrx_word' id='word_1_255' title='bbox 2003 1033 2295 1102; x_wconf 81' lang='lat' dir='ltr'><strong><em>tiquissima</em></strong></span> <span class='ocrx_word' id='word_1_256' title='bbox 2327 1046 2476 1105; x_wconf 84' lang='lat' dir='ltr'><strong><em>gesta</em></strong></span> <span class='ocrx_word' id='word_1_257' title='bbox 2499 1078 2514 1101; x_wconf 90' lang='lat'><strong><em>,</em></strong></span> <span class='ocrx_word' id='word_1_258' title='bbox 2542 1038 2738 1104; x_wconf 87' lang='lat' dir='ltr'><strong><em>quibus</em></strong></span> <span class='ocrx_word' id='word_1_259' title='bbox 2765 1041 2928 1096; x_wconf 83' lang='lat' dir='ltr'><strong><em>veSIri</em></strong></span> <span class='ocrx_word' id='word_1_260' title='bbox 2962 1043 3196 1112; x_wconf 84' lang='lat' dir='ltr'><strong><em>majores</em></strong></span> <span class='ocrx_word' id='word_1_261' title='bbox 3226 1054 3354 1102; x_wconf 91' lang='lat' dir='ltr'><strong><em>tunc</em></strong></span> <span class='ocrx_word' id='word_1_262' title='bbox 3379 1048 3431 1102; x_wconf 93' lang='lat' dir='ltr'><strong><em>in</em></strong></span> <span class='ocrx_word' id='word_1_263' title='bbox 3462 1059 3598 1104; x_wconf 90' lang='lat' dir='ltr'><strong><em>tem-</em></strong></span> 
     </span>
    </p>
   </div>
   <div class='ocr_carea' id='block_1_42' title="bbox 2001 1125 3596 1203">
    <p class='ocr_par' dir='ltr' id='par_1_42' title="bbox 2001 1125 3596 1203">
     <span class='ocr_line' id='line_1_42' title="bbox 2001 1125 3596 1203; baseline 0.013 -27"><span class='ocrx_word' id='word_1_264' title='bbox 2001 1141 2131 1195; x_wconf 87' lang='lat' dir='ltr'><strong><em>pore</em></strong></span> <span class='ocrx_word' id='word_1_265' title='bbox 2176 1125 2243 1182; x_wconf 90' lang='lat' dir='ltr'><strong><em>ad</em></strong></span> <span class='ocrx_word' id='word_1_266' title='bbox 2295 1127 2585 1183; x_wconf 87' lang='lat' dir='ltr'><strong><em>Anuliuutn</em></strong></span> <span class='ocrx_word' id='word_1_267' title='bbox 2638 1140 2901 1186; x_wconf 89' lang='lat' dir='ltr'><strong><em>venerunt</em></strong></span> <span class='ocrx_word' id='word_1_268' title='bbox 2945 1137 3325 1202; x_wconf 84' lang='lat' dir='ltr'><strong><em>proconsulem</em></strong></span> <span class='ocrx_word' id='word_1_269' title='bbox 3356 1180 3370 1203; x_wconf 86' lang='lat'><strong><em>,</em></strong></span> <span class='ocrx_word' id='word_1_270' title='bbox 3413 1149 3465 1194; x_wconf 90' lang='lat' dir='ltr'><strong><em>et</em></strong></span> <span class='ocrx_word' id='word_1_271' title='bbox 3514 1139 3596 1196; x_wconf 92' lang='lat' dir='ltr'><strong><em>illi</em></strong></span> 
     </span>
    </p>
   </div>
   <div class='ocr_carea' id='block_1_43' title="bbox 1997 1216 3598 1294">
    <p class='ocr_par' dir='ltr' id='par_1_43' title="bbox 1997 1216 3598 1294">
     <span class='ocr_line' id='line_1_43' title="bbox 1997 1216 3598 1294; baseline 0.011 -24"><span class='ocrx_word' id='word_1_272' title='bbox 1997 1216 2215 1272; x_wconf 87' lang='lat' dir='ltr'><strong><em>chartas</em></strong></span> <span class='ocrx_word' id='word_1_273' title='bbox 2261 1218 2312 1272; x_wconf 92' lang='lat' dir='ltr'><strong><em>in</em></strong></span> <span class='ocrx_word' id='word_1_274' title='bbox 2348 1220 2541 1288; x_wconf 90' lang='lat' dir='ltr'><strong><em>quibus</em></strong></span> <span class='ocrx_word' id='word_1_275' title='bbox 2569 1220 2814 1276; x_wconf 91' lang='lat' dir='ltr'><strong><em>dicerent</em></strong></span> <span class='ocrx_word' id='word_1_276' title='bbox 2847 1223 3109 1294; x_wconf 86' lang='lat' dir='ltr'><strong><em>majorum</em></strong></span> <span class='ocrx_word' id='word_1_277' title='bbox 3151 1237 3459 1285; x_wconf 89' lang='lat' dir='ltr'><strong><em>nostrorum</em></strong></span> <span class='ocrx_word' id='word_1_278' title='bbox 3489 1233 3598 1288; x_wconf 82' lang='lat' dir='ltr'><strong><em>cri-</em></strong></span> 
     </span>
    </p>
   </div>
   <div class='ocr_carea' id='block_1_44' title="bbox 1999 1307 3599 1390">
    <p class='ocr_par' dir='ltr' id='par_1_44' title="bbox 1999 1307 3599 1390">
     <span class='ocr_line' id='line_1_44' title="bbox 1999 1307 3599 1390; baseline 0.013 -31"><span class='ocrx_word' id='word_1_279' title='bbox 1999 1307 2141 1360; x_wconf 89' lang='lat' dir='ltr'><strong><em>mina</em></strong></span> <span class='ocrx_word' id='word_1_280' title='bbox 2185 1324 2306 1363; x_wconf 88' lang='lat' dir='ltr'><strong><em>esse</em></strong></span> <span class='ocrx_word' id='word_1_281' title='bbox 2347 1314 2652 1381; x_wconf 77' lang='lat' dir='ltr'><strong><em>cumeripta</em></strong></span> <span class='ocrx_word' id='word_1_282' title='bbox 2683 1313 3033 1382; x_wconf 86' lang='lat' dir='ltr'><strong><em>obtulerunt,</em></strong></span> <span class='ocrx_word' id='word_1_283' title='bbox 3068 1328 3121 1372; x_wconf 92' lang='lat' dir='ltr'><strong><em>et</em></strong></span> <span class='ocrx_word' id='word_1_284' title='bbox 3168 1331 3493 1390; x_wconf 82' lang='lat' dir='ltr'><strong><em>rogaverunt</em></strong></span> <span class='ocrx_word' id='word_1_285' title='bbox 3541 1335 3599 1381; x_wconf 87' lang='lat' dir='ltr'><strong><em>ut</em></strong></span> 
     </span>
    </p>
   </div>
   <div class='ocr_carea' id='block_1_45' title="bbox 1995 1399 3596 1479">
    <p class='ocr_par' dir='ltr' id='par_1_45' title="bbox 1995 1399 3596 1479">
     <span class='ocr_line' id='line_1_45' title="bbox 1995 1399 3596 1479; baseline 0.012 -24"><span class='ocrx_word' id='word_1_286' title='bbox 1995 1399 2215 1456; x_wconf 89' lang='lat' dir='ltr'><strong><em>easdem</em></strong></span> <span class='ocrx_word' id='word_1_287' title='bbox 2239 1402 2303 1457; x_wconf 88' lang='lat' dir='ltr'><strong><em>ad</em></strong></span> <span class='ocrx_word' id='word_1_288' title='bbox 2331 1401 2744 1460; x_wconf 88' lang='lat' dir='ltr'><strong><em>Constantinum</em></strong></span> <span class='ocrx_word' id='word_1_289' title='bbox 2776 1407 3161 1479; x_wconf 85' lang='lat' dir='ltr'><strong><em>imperatorem</em></strong></span> <span class='ocrx_word' id='word_1_290' title='bbox 3195 1414 3455 1470; x_wconf 89' lang='lat' dir='ltr'><strong><em>misisset.</em></strong></span> <span class='ocrx_word' id='word_1_291' title='bbox 3489 1416 3596 1473; x_wconf 84' lang='lat' dir='ltr'><strong><em>Has</em></strong></span> 
     </span>
    </p>
   </div>
   <div class='ocr_carea' id='block_1_46' title="bbox 1995 1493 3594 1565">
    <p class='ocr_par' dir='ltr' id='par_1_46' title="bbox 1995 1493 3594 1565">
     <span class='ocr_line' id='line_1_46' title="bbox 1995 1493 3594 1565; baseline 0.011 -18"><span class='ocrx_word' id='word_1_292' title='bbox 1995 1493 2312 1561; x_wconf 77' lang='lat' dir='ltr'><strong><em>offerimus,</em></strong></span> <span class='ocrx_word' id='word_1_293' title='bbox 2345 1505 2399 1549; x_wconf 90' lang='lat' dir='ltr'><strong><em>et</em></strong></span> <span class='ocrx_word' id='word_1_294' title='bbox 2440 1497 2673 1565; x_wconf 86' lang='lat' dir='ltr'><strong><em>petimus</em></strong></span> <span class='ocrx_word' id='word_1_295' title='bbox 2706 1499 3044 1555; x_wconf 85' lang='lat' dir='ltr'><strong><em>nobilitatem</em></strong></span> <span class='ocrx_word' id='word_1_296' title='bbox 3076 1511 3221 1558; x_wconf 91' lang='lat' dir='ltr'><strong><em>tuam</em></strong></span> <span class='ocrx_word' id='word_1_297' title='bbox 3259 1515 3318 1559; x_wconf 91' lang='lat' dir='ltr'><strong><em>ut</em></strong></span> <span class='ocrx_word' id='word_1_298' title='bbox 3351 1521 3446 1561; x_wconf 90' lang='lat' dir='ltr'><strong><em>eas</em></strong></span> <span class='ocrx_word' id='word_1_299' title='bbox 3475 1523 3594 1564; x_wconf 86' lang='lat' dir='ltr'><strong><em>sus-</em></strong></span> 
     </span>
    </p>
   </div>
   <div class='ocr_carea' id='block_1_47' title="bbox 1993 1584 3596 1670">
    <p class='ocr_par' dir='ltr' id='par_1_47' title="bbox 1993 1584 3596 1670">
     <span class='ocr_line' id='line_1_47' title="bbox 1993 1584 3596 1670; baseline 0.011 -33"><span class='ocrx_word' id='word_1_300' title='bbox 1993 1584 2100 1654; x_wconf 89' lang='lat' dir='ltr'><strong><em>cipi</em></strong></span> <span class='ocrx_word' id='word_1_301' title='bbox 2142 1586 2211 1639; x_wconf 90' lang='lat' dir='ltr'><strong><em>ab</em></strong></span> <span class='ocrx_word' id='word_1_302' title='bbox 2255 1587 2436 1641; x_wconf 82' lang='lat' dir='ltr'><strong><em>ofﬁcio</em></strong></span> <span class='ocrx_word' id='word_1_303' title='bbox 2462 1596 2532 1643; x_wconf 86' lang='lat' dir='ltr'><strong><em>&#39;et</em></strong></span> <span class='ocrx_word' id='word_1_304' title='bbox 2578 1603 2642 1644; x_wconf 79' lang='lat' dir='ltr'><strong><em>ex</em></strong></span> <span class='ocrx_word' id='word_1_305' title='bbox 2687 1590 2878 1646; x_wconf 90' lang='lat' dir='ltr'><strong><em>ordine</em></strong></span> <span class='ocrx_word' id='word_1_306' title='bbox 2926 1594 3141 1648; x_wconf 86' lang='lat' dir='ltr'><strong><em>recitari</em></strong></span> <span class='ocrx_word' id='word_1_307' title='bbox 3185 1596 3492 1670; x_wconf 64' lang='lat' dir='ltr'><strong><em>praacipias.</em></strong></span> <span class='ocrx_word' id='word_1_308' title='bbox 3524 1599 3596 1656; x_wconf 81' lang='lat' dir='ltr'><strong><em>Et</em></strong></span> 
     </span>
    </p>
   </div>
   <div class='ocr_carea' id='block_1_48' title="bbox 1993 1680 2670 1754">
    <p class='ocr_par' dir='ltr' id='par_1_48' title="bbox 1993 1680 2670 1754">
     <span class='ocr_line' id='line_1_48' title="bbox 1993 1680 2670 1754; baseline 0.013 -23"><span class='ocrx_word' id='word_1_309' title='bbox 1993 1680 2101 1734; x_wconf 90' lang='lat' dir='ltr'><strong><em>alia</em></strong></span> <span class='ocrx_word' id='word_1_310' title='bbox 2130 1697 2309 1736; x_wconf 89' lang='lat' dir='ltr'><strong><em>manu.</em></strong></span> <span class='ocrx_word' id='word_1_311' title='bbox 2345 1683 2670 1754; x_wconf 71' lang='lat' dir='ltr'><strong><em>liceognovi.</em></strong></span> 
     </span>
    </p>
   </div>
   <div class='ocr_carea' id='block_1_49' title="bbox 2068 1773 3594 1842">
    <p class='ocr_par' dir='ltr' id='par_1_49' title="bbox 2068 1773 3594 1842">
     <span class='ocr_line' id='line_1_49' title="bbox 2068 1773 3594 1842; baseline 0.008 -14"><span class='ocrx_word' id='word_1_312' title='bbox 2068 1774 2192 1830; x_wconf 85' lang='lat'><strong><em>177.</em></strong></span> <span class='ocrx_word' id='word_1_313' title='bbox 2225 1773 2562 1832; x_wconf 78' lang='lat' dir='ltr'><strong><em>Marcellinus</em></strong></span> <span class='ocrx_word' id='word_1_314' title='bbox 2581 1778 2661 1832; x_wconf 85' lang='lat' dir='ltr'><strong><em>vir</em></strong></span> <span class='ocrx_word' id='word_1_315' title='bbox 2683 1779 3001 1835; x_wconf 86' lang='lat' dir='ltr'><strong><em>clarissimus</em></strong></span> <span class='ocrx_word' id='word_1_316' title='bbox 3028 1783 3259 1838; x_wconf 87' lang='lat' dir='ltr'><strong><em>tribunus</em></strong></span> <span class='ocrx_word' id='word_1_317' title='bbox 3288 1795 3336 1839; x_wconf 87' lang='lat' dir='ltr'><strong><em>et</em></strong></span> <span class='ocrx_word' id='word_1_318' title='bbox 3360 1789 3594 1842; x_wconf 83' lang='lat' dir='ltr'><strong><em>notarius</em></strong></span> 
     </span>
    </p>
   </div>
   <div class='ocr_carea' id='block_1_50' title="bbox 2001 1869 3596 1938">
    <p class='ocr_par' dir='ltr' id='par_1_50' title="bbox 2001 1869 3596 1938">
     <span class='ocr_line' id='line_1_50' title="bbox 2001 1869 3596 1938; baseline 0.011 -18"><span class='ocrx_word' id='word_1_319' title='bbox 2001 1869 2156 1924; x_wconf 83' lang='lat' dir='ltr'><strong><em>dixit.</em></strong></span> <span class='ocrx_word' id='word_1_320' title='bbox 2187 1870 2427 1926; x_wconf 88' lang='lat' dir='ltr'><strong><em>Libellus</em></strong></span> <span class='ocrx_word' id='word_1_321' title='bbox 2453 1872 2612 1927; x_wconf 86' lang='lat' dir='ltr'><strong><em>datus</em></strong></span> <span class='ocrx_word' id='word_1_322' title='bbox 2632 1888 2661 1927; x_wconf 89' lang='lat' dir='ltr'><strong><em>a</em></strong></span> <span class='ocrx_word' id='word_1_323' title='bbox 2690 1874 2841 1928; x_wconf 83' lang='lat' dir='ltr'><strong><em>vobis</em></strong></span> <span class='ocrx_word' id='word_1_324' title='bbox 2869 1876 3146 1932; x_wconf 76' lang='lat' dir='ltr'><strong><em>evidenter</em></strong></span> <span class='ocrx_word' id='word_1_325' title='bbox 3165 1879 3404 1935; x_wconf 89' lang='lat' dir='ltr'><strong><em>ostendit</em></strong></span> <span class='ocrx_word' id='word_1_326' title='bbox 3423 1880 3596 1938; x_wconf 88' lang='lat' dir='ltr'><strong><em>schis-</em></strong></span> 
     </span>
    </p>
   </div>
   <div class='ocr_carea' id='block_1_51' title="bbox 1998 1965 3599 2045">
    <p class='ocr_par' dir='ltr' id='par_1_51' title="bbox 1998 1965 3599 2045">
     <span class='ocr_line' id='line_1_51' title="bbox 1998 1965 3599 2045; baseline 0.009 -26"><span class='ocrx_word' id='word_1_327' title='bbox 1998 1965 2160 2020; x_wconf 88' lang='lat' dir='ltr'><strong><em>matis</em></strong></span> <span class='ocrx_word' id='word_1_328' title='bbox 2187 1975 2240 2019; x_wconf 89' lang='lat' dir='ltr'><strong><em>et</em></strong></span> <span class='ocrx_word' id='word_1_329' title='bbox 2283 1965 2558 2022; x_wconf 76' lang='lat' dir='ltr'><strong><em>lia-roseos</em></strong></span> <span class='ocrx_word' id='word_1_330' title='bbox 2597 1969 2804 2024; x_wconf 90' lang='lat' dir='ltr'><strong><em>crimen</em></strong></span> <span class='ocrx_word' id='word_1_331' title='bbox 2836 1970 3108 2041; x_wconf 87' lang='lat' dir='ltr'><strong><em>objectum</em></strong></span> <span class='ocrx_word' id='word_1_332' title='bbox 3137 1988 3152 2038; x_wconf 91' lang='lat'>;</span> <span class='ocrx_word' id='word_1_333' title='bbox 3182 1973 3325 2044; x_wconf 87' lang='lat' dir='ltr'><strong><em>quod</em></strong></span> <span class='ocrx_word' id='word_1_334' title='bbox 3362 1974 3599 2045; x_wconf 87' lang='lat' dir='ltr'><strong><em>probare</em></strong></span> 
     </span>
    </p>
   </div>
   <div class='ocr_carea' id='block_1_52' title="bbox 1996 2059 2395 2114">
    <p class='ocr_par' dir='ltr' id='par_1_52' title="bbox 1996 2059 2395 2114">
     <span class='ocr_line' id='line_1_52' title="bbox 1996 2059 2395 2114; baseline 0.003 -1"><span class='ocrx_word' id='word_1_335' title='bbox 1996 2073 2094 2113; x_wconf 79' lang='lat' dir='ltr'><strong><em>Vos</em></strong></span> <span class='ocrx_word' id='word_1_336' title='bbox 2120 2059 2395 2114; x_wconf 84' lang='lat' dir='ltr'><strong><em>convenit.</em></strong></span> 
     </span>
    </p>
   </div>
   <div class='ocr_carea' id='block_1_53' title="bbox 2070 2149 3590 2226">
    <p class='ocr_par' dir='ltr' id='par_1_53' title="bbox 2070 2149 3590 2226">
     <span class='ocr_line' id='line_1_53' title="bbox 2070 2149 3590 2226; baseline 0.012 -24"><span class='ocrx_word' id='word_1_337' title='bbox 2070 2149 2192 2204; x_wconf 91' lang='lat'><strong><em>178.</em></strong></span> <span class='ocrx_word' id='word_1_338' title='bbox 2230 2149 2503 2206; x_wconf 73' lang='lat' dir='ltr'><strong><em>Possidius</em></strong></span> <span class='ocrx_word' id='word_1_339' title='bbox 2532 2154 2798 2226; x_wconf 84' lang='lat' dir='ltr'><strong><em>cpiscopus</em></strong></span> <span class='ocrx_word' id='word_1_340' title='bbox 2841 2155 3090 2212; x_wconf 68' lang='lat' dir='ltr'><strong><em>Ecclesia:</em></strong></span> <span class='ocrx_word' id='word_1_341' title='bbox 3137 2159 3403 2215; x_wconf 73' lang='lat' dir='ltr'><strong><em>catholica:</em></strong></span> <span class='ocrx_word' id='word_1_342' title='bbox 3436 2161 3590 2220; x_wconf 89' lang='lat' dir='ltr'><strong><em>dixit.</em></strong></span> 
     </span>
    </p>
   </div>
   <div class='ocr_carea' id='block_1_54' title="bbox 1995 2240 3592 2324">
    <p class='ocr_par' dir='ltr' id='par_1_54' title="bbox 1995 2240 3592 2324">
     <span class='ocr_line' id='line_1_54' title="bbox 1995 2240 3592 2324; baseline 0.008 -27"><span class='ocrx_word' id='word_1_343' title='bbox 1995 2240 2184 2297; x_wconf 84' lang='lat' dir='ltr'><strong><em>Omnia</em></strong></span> <span class='ocrx_word' id='word_1_344' title='bbox 2218 2244 2591 2312; x_wconf 87' lang='lat' dir='ltr'><strong><em>probabuntur</em></strong></span> <span class='ocrx_word' id='word_1_345' title='bbox 2610 2287 2624 2311; x_wconf 92' lang='lat'><strong><em>,</em></strong></span> <span class='ocrx_word' id='word_1_346' title='bbox 2660 2247 2702 2300; x_wconf 91' lang='lat' dir='ltr'><strong><em>si</em></strong></span> <span class='ocrx_word' id='word_1_347' title='bbox 2733 2262 2794 2302; x_wconf 88' lang='lat' dir='ltr'><strong><em>ea</em></strong></span> <span class='ocrx_word' id='word_1_348' title='bbox 2818 2263 2938 2317; x_wconf 78' lang='lat' dir='ltr'><strong><em>quae</em></strong></span> <span class='ocrx_word' id='word_1_349' title='bbox 2963 2250 3288 2318; x_wconf 87' lang='lat' dir='ltr'><strong><em>obtulimus,</em></strong></span> <span class='ocrx_word' id='word_1_350' title='bbox 3316 2263 3368 2308; x_wconf 89' lang='lat' dir='ltr'><strong><em>et</em></strong></span> <span class='ocrx_word' id='word_1_351' title='bbox 3390 2254 3592 2324; x_wconf 88' lang='lat' dir='ltr'><strong><em>suscipi</em></strong></span> 
     </span>
    </p>
   </div>
   <div class='ocr_carea' id='block_1_55' title="bbox 1992 2342 3584 2422">
    <p class='ocr_par' dir='ltr' id='par_1_55' title="bbox 1992 2342 3584 2422">
     <span class='ocr_line' id='line_1_55' title="bbox 1992 2342 3584 2422; baseline 0.006 -26"><span class='ocrx_word' id='word_1_352' title='bbox 1992 2351 2048 2396; x_wconf 90' lang='lat' dir='ltr'><strong><em>et</em></strong></span> <span class='ocrx_word' id='word_1_353' title='bbox 2086 2342 2155 2396; x_wconf 85' lang='lat' dir='ltr'><strong><em>ab</em></strong></span> <span class='ocrx_word' id='word_1_354' title='bbox 2199 2342 2376 2398; x_wconf 88' lang='lat' dir='ltr'><strong><em>officio</em></strong></span> <span class='ocrx_word' id='word_1_355' title='bbox 2405 2344 2619 2398; x_wconf 89' lang='lat' dir='ltr'><strong><em>recitari</em></strong></span> <span class='ocrx_word' id='word_1_356' title='bbox 2662 2348 2957 2417; x_wconf 64' lang='lat' dir='ltr'><strong><em>praecipere</em></strong></span> <span class='ocrx_word' id='word_1_357' title='bbox 2999 2347 3166 2404; x_wconf 90' lang='lat' dir='ltr'><strong><em>fueris</em></strong></span> <span class='ocrx_word' id='word_1_358' title='bbox 3206 2349 3477 2422; x_wconf 89' lang='lat' dir='ltr'><strong><em>dignatus.</em></strong></span> <span class='ocrx_word' id='word_1_359' title='bbox 3516 2350 3584 2405; x_wconf 89' lang='lat' dir='ltr'><strong><em>Et</em></strong></span> 
     </span>
    </p>
   </div>
   <div class='ocr_carea' id='block_1_56' title="bbox 1992 2434 2664 2507">
    <p class='ocr_par' dir='ltr' id='par_1_56' title="bbox 1992 2434 2664 2507">
     <span class='ocr_line' id='line_1_56' title="bbox 1992 2434 2664 2507; baseline 0.007 -20"><span class='ocrx_word' id='word_1_360' title='bbox 1992 2434 2098 2488; x_wconf 91' lang='lat' dir='ltr'><strong><em>alia</em></strong></span> <span class='ocrx_word' id='word_1_361' title='bbox 2125 2451 2300 2488; x_wconf 85' lang='lat' dir='ltr'><strong><em>manu.</em></strong></span> <span class='ocrx_word' id='word_1_362' title='bbox 2339 2435 2664 2507; x_wconf 78' lang='lat' dir='ltr'><strong><em>ReCOgnovi.</em></strong></span> 
     </span>
    </p>
   </div>
   <div class='ocr_carea' id='block_1_57' title="bbox 2065 2527 3586 2592">
    <p class='ocr_par' dir='ltr' id='par_1_57' title="bbox 2065 2527 3586 2592">
     <span class='ocr_line' id='line_1_57' title="bbox 2065 2527 3586 2592; baseline 0.007 -10"><span class='ocrx_word' id='word_1_363' title='bbox 2065 2527 2187 2582; x_wconf 85' lang='lat'><strong><em>179.</em></strong></span> <span class='ocrx_word' id='word_1_364' title='bbox 2236 2527 2573 2584; x_wconf 80' lang='lat' dir='ltr'><strong><em>Marcellinus</em></strong></span> <span class='ocrx_word' id='word_1_365' title='bbox 2611 2529 2671 2584; x_wconf 85' lang='lat' dir='ltr'><strong><em>V.</em></strong></span> <span class='ocrx_word' id='word_1_366' title='bbox 2708 2530 2769 2586; x_wconf 87' lang='lat' dir='ltr'><strong><em>C.</em></strong></span> <span class='ocrx_word' id='word_1_367' title='bbox 2811 2533 3043 2588; x_wconf 89' lang='lat' dir='ltr'><strong><em>tribunus</em></strong></span> <span class='ocrx_word' id='word_1_368' title='bbox 3073 2543 3121 2589; x_wconf 90' lang='lat' dir='ltr'><strong><em>et</em></strong></span> <span class='ocrx_word' id='word_1_369' title='bbox 3159 2536 3396 2591; x_wconf 90' lang='lat' dir='ltr'><strong><em>notarius</em></strong></span> <span class='ocrx_word' id='word_1_370' title='bbox 3434 2537 3586 2592; x_wconf 87' lang='lat' dir='ltr'><strong><em>dixit.</em></strong></span> 
     </span>
    </p>
   </div>
   <div class='ocr_carea' id='block_1_58' title="bbox 1990 2621 3001 2692">
    <p class='ocr_par' dir='ltr' id='par_1_58' title="bbox 1990 2621 3001 2692">
     <span class='ocr_line' id='line_1_58' title="bbox 1990 2621 3001 2692; baseline 0.003 -13"><span class='ocrx_word' id='word_1_371' title='bbox 1990 2621 2254 2680; x_wconf 84' lang='lat' dir='ltr'><strong><em>Universa</em></strong></span> <span class='ocrx_word' id='word_1_372' title='bbox 2284 2639 2380 2692; x_wconf 87' lang='lat' dir='ltr'><strong><em>per</em></strong></span> <span class='ocrx_word' id='word_1_373' title='bbox 2413 2625 2656 2679; x_wconf 91' lang='lat' dir='ltr'><strong><em>ordinem</em></strong></span> <span class='ocrx_word' id='word_1_374' title='bbox 2688 2627 3001 2681; x_wconf 89' lang='lat' dir='ltr'><strong><em>recitentnr.</em></strong></span> 
     </span>
    </p>
   </div>
   <div class='ocr_carea' id='block_1_59' title="bbox 2065 2714 3594 2793">
    <p class='ocr_par' dir='ltr' id='par_1_59' title="bbox 2065 2714 3594 2793">
     <span class='ocr_line' id='line_1_59' title="bbox 2065 2714 3594 2793; baseline 0.006 -24"><span class='ocrx_word' id='word_1_375' title='bbox 2065 2715 2187 2770; x_wconf 88' lang='lat'><strong><em>180.</em></strong></span> <span class='ocrx_word' id='word_1_376' title='bbox 2224 2714 2478 2770; x_wconf 83' lang='lat' dir='ltr'><strong><em>Emeritus</em></strong></span> <span class='ocrx_word' id='word_1_377' title='bbox 2507 2717 2774 2790; x_wconf 86' lang='lat' dir='ltr'><strong><em>episcopus</em></strong></span> <span class='ocrx_word' id='word_1_378' title='bbox 2799 2719 2952 2773; x_wconf 88' lang='lat' dir='ltr'><strong><em>dixit.</em></strong></span> <span class='ocrx_word' id='word_1_379' title='bbox 2979 2719 3118 2790; x_wconf 85' lang='lat' dir='ltr'><strong><em>Ergo</em></strong></span> <span class='ocrx_word' id='word_1_380' title='bbox 3147 2720 3265 2775; x_wconf 90' lang='lat' dir='ltr'><strong><em>loco</em></strong></span> <span class='ocrx_word' id='word_1_381' title='bbox 3285 2730 3368 2777; x_wconf 91' lang='lat' dir='ltr'><strong><em>est</em></strong></span> <span class='ocrx_word' id='word_1_382' title='bbox 3395 2722 3594 2793; x_wconf 87' lang='lat' dir='ltr'><strong><em>petito-</em></strong></span> 
     </span>
    </p>
   </div>
   <div class='ocr_carea' id='block_1_60' title="bbox 1989 2796 3585 2888">
    <p class='ocr_par' dir='ltr' id='par_1_60' title="bbox 1989 2796 3585 2888">
     <span class='ocr_line' id='line_1_60' title="bbox 1989 2796 3585 2888; baseline 0.006 -24"><span class='ocrx_word' id='word_1_383' title='bbox 1989 2810 2082 2864; x_wconf 91' lang='lat' dir='ltr'><strong><em>ris.</em></strong></span> <span class='ocrx_word' id='word_1_384' title='bbox 2137 2809 2202 2864; x_wconf 82' lang='lat' dir='ltr'><strong><em>Et</em></strong></span> <span class='ocrx_word' id='word_1_385' title='bbox 2223 2812 2328 2865; x_wconf 85' lang='lat' dir='ltr'><strong><em>alia</em></strong></span> <span class='ocrx_word' id='word_1_386' title='bbox 2377 2796 2550 2866; x_wconf 81' lang='lat' dir='ltr'><strong><em>manu.</em></strong></span> <span class='ocrx_word' id='word_1_387' title='bbox 2606 2812 2881 2869; x_wconf 84' lang='lat' dir='ltr'><strong><em>Emeritos</em></strong></span> <span class='ocrx_word' id='word_1_388' title='bbox 2933 2813 3220 2886; x_wconf 80' lang='lat' dir='ltr'><strong><em>episcopus</em></strong></span> <span class='ocrx_word' id='word_1_389' title='bbox 3270 2817 3585 2888; x_wconf 79' lang='lat' dir='ltr'><strong><em>recognovi.</em></strong></span> 
     </span>
    </p>
   </div>
   <div class='ocr_carea' id='block_1_61' title="bbox 1990 2903 3587 2978">
    <p class='ocr_par' dir='ltr' id='par_1_61' title="bbox 1990 2903 3587 2978">
     <span class='ocr_line' id='line_1_61' title="bbox 1990 2903 3587 2978; baseline 0.006 -19"><span class='ocrx_word' id='word_1_390' title='bbox 1990 2903 2265 2960; x_wconf 82' lang='lat' dir='ltr'><strong><em>Possidius</em></strong></span> <span class='ocrx_word' id='word_1_391' title='bbox 2322 2907 2592 2978; x_wconf 86' lang='lat' dir='ltr'><strong><em>episcopus</em></strong></span> <span class='ocrx_word' id='word_1_392' title='bbox 2648 2907 2893 2964; x_wconf 63' lang='lat' dir='ltr'><strong><em>Ecclesia:</em></strong></span> <span class='ocrx_word' id='word_1_393' title='bbox 2941 2911 3206 2965; x_wconf 67' lang='lat' dir='ltr'><strong><em>catholica:</em></strong></span> <span class='ocrx_word' id='word_1_394' title='bbox 3253 2911 3399 2966; x_wconf 86' lang='lat' dir='ltr'><strong><em>dixit.</em></strong></span> <span class='ocrx_word' id='word_1_395' title='bbox 3451 2911 3587 2968; x_wconf 90' lang='lat' dir='ltr'><strong><em>Cum</em></strong></span> 
     </span>
    </p>
   </div>
   <div class='ocr_carea' id='block_1_62' title="bbox 1985 3001 3584 3074">
    <p class='ocr_par' dir='ltr' id='par_1_62' title="bbox 1985 3001 3584 3074">
     <span class='ocr_line' id='line_1_62' title="bbox 1985 3001 3584 3074; baseline 0.004 -19"><span class='ocrx_word' id='word_1_396' title='bbox 1985 3001 2188 3056; x_wconf 73' lang='lat' dir='ltr'><strong><em>charta:</em></strong></span> <span class='ocrx_word' id='word_1_397' title='bbox 2234 3001 2436 3057; x_wconf 89' lang='lat' dir='ltr'><strong><em>fuerint</em></strong></span> <span class='ocrx_word' id='word_1_398' title='bbox 2483 3005 2753 3069; x_wconf 72' lang='lat' dir='ltr'><strong><em>recitatte,</em></strong></span> <span class='ocrx_word' id='word_1_399' title='bbox 2786 3005 2985 3074; x_wconf 87' lang='lat' dir='ltr'><strong><em>petitur</em></strong></span> <span class='ocrx_word' id='word_1_400' title='bbox 3016 3004 3224 3060; x_wconf 81' lang='lat' dir='ltr'><strong><em>faciiius</em></strong></span> <span class='ocrx_word' id='word_1_401' title='bbox 3261 3006 3584 3062; x_wconf 84' lang='lat' dir='ltr'><strong><em>invenietur.</em></strong></span> 
     </span>
    </p>
   </div>
   <div class='ocr_carea' id='block_1_63' title="bbox 1986 3096 3586 3168">
    <p class='ocr_par' dir='ltr' id='par_1_63' title="bbox 1986 3096 3586 3168">
     <span class='ocr_line' id='line_1_63' title="bbox 1986 3096 3586 3168; baseline 0.003 -18"><span class='ocrx_word' id='word_1_402' title='bbox 1986 3096 2053 3150; x_wconf 90' lang='lat' dir='ltr'><strong><em>Et</em></strong></span> <span class='ocrx_word' id='word_1_403' title='bbox 2079 3098 2186 3152; x_wconf 90' lang='lat' dir='ltr'><strong><em>alia</em></strong></span> <span class='ocrx_word' id='word_1_404' title='bbox 2221 3115 2398 3154; x_wconf 87' lang='lat' dir='ltr'><strong><em>manu.</em></strong></span> <span class='ocrx_word' id='word_1_405' title='bbox 2437 3099 2768 3168; x_wconf 74' lang='lat' dir='ltr'><strong><em>llecognovi.</em></strong></span> <span class='ocrx_word' id='word_1_406' title='bbox 2801 3100 3139 3156; x_wconf 81' lang='lat' dir='ltr'><strong><em>Marcellinus</em></strong></span> <span class='ocrx_word' id='word_1_407' title='bbox 3164 3102 3240 3156; x_wconf 89' lang='lat' dir='ltr'><strong><em>vir</em></strong></span> <span class='ocrx_word' id='word_1_408' title='bbox 3265 3103 3586 3157; x_wconf 86' lang='lat' dir='ltr'><strong><em>clarissimus</em></strong></span> 
     </span>
    </p>
   </div>
   <div class='ocr_carea' id='block_1_64' title="bbox 279 3176 3587 3264">
    <p class='ocr_par' dir='ltr' id='par_1_64' title="bbox 279 3176 3587 3264">
     <span class='ocr_line' id='line_1_64' title="bbox 279 3176 3587 3264; baseline 0 -17"><span class='ocrx_word' id='word_1_409' title='bbox 279 3193 441 3247; x_wconf 87' lang='lat' dir='ltr'><strong><em>nibus</em></strong></span> <span class='ocrx_word' id='word_1_410' title='bbox 471 3193 765 3263; x_wconf 89' lang='lat' dir='ltr'><strong><em>conqueri,</em></strong></span> <span class='ocrx_word' id='word_1_411' title='bbox 797 3192 1034 3247; x_wconf 86' lang='lat' dir='ltr'><strong><em>scientes</em></strong></span> <span class='ocrx_word' id='word_1_412' title='bbox 1059 3206 1150 3257; x_wconf 84' lang='lat' dir='ltr'><strong><em>se,</em></strong></span> <span class='ocrx_word' id='word_1_413' title='bbox 1179 3207 1300 3246; x_wconf 91' lang='lat' dir='ltr'><strong><em>cum</em></strong></span> <span class='ocrx_word' id='word_1_414' title='bbox 1332 3191 1476 3246; x_wconf 88' lang='lat' dir='ltr'><strong><em>nulla</em></strong></span> <span class='ocrx_word' id='word_1_415' title='bbox 1509 3191 1596 3246; x_wconf 85' lang='lat' dir='ltr'><strong><em>tali</em></strong></span> <span class='ocrx_word' id='word_1_416' title='bbox 1631 3193 1748 3263; x_wconf 84' lang='lat' dir='ltr'><strong><em>lege</em></strong></span> <span class='ocrx_word' id='word_1_417' title='bbox 1785 3193 1881 3247; x_wconf 88' lang='lat' dir='ltr'><strong><em>ad-</em></strong></span> <span class='ocrx_word' id='word_1_418' title='bbox 1905 3176 1952 3239; x_wconf 65' lang='grc' dir='ltr'><strong>(ἶ</strong></span> <span class='ocrx_word' id='word_1_419' title='bbox 1986 3189 2223 3244; x_wconf 80' lang='lat' dir='ltr'><strong><em>tribunus</em></strong></span> <span class='ocrx_word' id='word_1_420' title='bbox 2251 3199 2302 3244; x_wconf 87' lang='lat' dir='ltr'><strong><em>et</em></strong></span> <span class='ocrx_word' id='word_1_421' title='bbox 2331 3191 2563 3246; x_wconf 87' lang='lat' dir='ltr'><strong><em>notarius</em></strong></span> <span class='ocrx_word' id='word_1_422' title='bbox 2591 3191 2742 3246; x_wconf 83' lang='lat' dir='ltr'><strong><em>dixit.</em></strong></span> <span class='ocrx_word' id='word_1_423' title='bbox 2779 3191 2930 3247; x_wconf 86' lang='lat' dir='ltr'><strong><em>Licet</em></strong></span> <span class='ocrx_word' id='word_1_424' title='bbox 2956 3208 3020 3248; x_wconf 81' lang='lat' dir='ltr'><strong><em>ex</em></strong></span> <span class='ocrx_word' id='word_1_425' title='bbox 3057 3193 3140 3247; x_wconf 86' lang='lat' dir='ltr'><strong><em>bis</em></strong></span> <span class='ocrx_word' id='word_1_426' title='bbox 3181 3194 3352 3263; x_wconf 83' lang='lat' dir='ltr'><strong><em>gestis</em></strong></span> <span class='ocrx_word' id='word_1_427' title='bbox 3391 3193 3587 3264; x_wconf 83' lang='lat' dir='ltr'><strong><em>petito-</em></strong></span> 
     </span>
    </p>
   </div>
   <div class='ocr_carea' id='block_1_65' title="bbox 269 3284 1882 3355">
    <p class='ocr_par' dir='ltr' id='par_1_65' title="bbox 269 3284 1882 3355">
     <span class='ocr_line' id='line_1_65' title="bbox 269 3284 1882 3355; baseline 0.001 -16"><span class='ocrx_word' id='word_1_428' title='bbox 269 3284 626 3355; x_wconf 89' lang='lat' dir='ltr'><strong><em>juvarentur,</em></strong></span> <span class='ocrx_word' id='word_1_429' title='bbox 660 3285 1042 3341; x_wconf 89' lang='lat' dir='ltr'><strong><em>schismaticos</em></strong></span> <span class='ocrx_word' id='word_1_430' title='bbox 1083 3293 1261 3339; x_wconf 83' lang='lat' dir='ltr'><strong><em>tamen</em></strong></span> <span class='ocrx_word' id='word_1_431' title='bbox 1303 3299 1430 3338; x_wconf 90' lang='lat' dir='ltr'><strong><em>suos</em></strong></span> <span class='ocrx_word' id='word_1_432' title='bbox 1457 3285 1882 3340; x_wconf 80' lang='lat' dir='ltr'><strong><em>Maximianistas</em></strong></span> 
     </span>
    </p>
   </div>
   <div class='ocr_carea' id='block_1_66' title="bbox 276 3377 1880 3448">
    <p class='ocr_par' dir='ltr' id='par_1_66' title="bbox 276 3377 1880 3448">
     <span class='ocr_line' id='line_1_66' title="bbox 276 3377 1880 3448; baseline 0.001 -16"><span class='ocrx_word' id='word_1_433' title='bbox 276 3393 375 3448; x_wconf 90' lang='lat' dir='ltr'><strong><em>per</em></strong></span> <span class='ocrx_word' id='word_1_434' title='bbox 400 3377 642 3448; x_wconf 90' lang='lat' dir='ltr'><strong><em>judicum</em></strong></span> <span class='ocrx_word' id='word_1_435' title='bbox 669 3378 819 3448; x_wconf 88' lang='lat' dir='ltr'><strong><em>jussa</em></strong></span> <span class='ocrx_word' id='word_1_436' title='bbox 852 3377 988 3434; x_wconf 88' lang='lat' dir='ltr'><strong><em>locis</em></strong></span> <span class='ocrx_word' id='word_1_437' title='bbox 1017 3392 1079 3432; x_wconf 85' lang='lat' dir='ltr'><strong><em>ac</em></strong></span> <span class='ocrx_word' id='word_1_438' title='bbox 1119 3377 1339 3432; x_wconf 90' lang='lat' dir='ltr'><strong><em>sedibus</em></strong></span> <span class='ocrx_word' id='word_1_439' title='bbox 1371 3393 1562 3432; x_wconf 85' lang='lat' dir='ltr'><strong><em>eorum</em></strong></span> <span class='ocrx_word' id='word_1_440' title='bbox 1602 3378 1880 3448; x_wconf 88' lang='lat' dir='ltr'><strong><em>pellendos</em></strong></span> 
     </span>
    </p>
   </div>
   <div class='ocr_carea' id='block_1_67' title="bbox 273 3467 1875 3539">
    <p class='ocr_par' dir='ltr' id='par_1_67' title="bbox 273 3467 1875 3539">
     <span class='ocr_line' id='line_1_67' title="bbox 273 3467 1875 3539; baseline 0 -15"><span class='ocrx_word' id='word_1_441' title='bbox 273 3469 760 3539; x_wconf 74' lang='lat' dir='ltr'><strong><em>exturbandosque</em></strong></span> <span class='ocrx_word' id='word_1_442' title='bbox 817 3485 1061 3524; x_wconf 89' lang='lat' dir='ltr'><strong><em>curasse.</em></strong></span> <span class='ocrx_word' id='word_1_443' title='bbox 1118 3467 1505 3524; x_wconf 79' lang='lat' dir='ltr'><strong><em>Verumtamen</em></strong></span> <span class='ocrx_word' id='word_1_444' title='bbox 1561 3484 1659 3524; x_wconf 90' lang='lat' dir='ltr'><strong><em>nos</em></strong></span> <span class='ocrx_word' id='word_1_445' title='bbox 1714 3469 1875 3524; x_wconf 89' lang='lat' dir='ltr'><strong><em>saluti</em></strong></span> 
     </span>
    </p>
   </div>
   <div class='ocr_carea' id='block_1_68' title="bbox 269 3563 1876 3634">
    <p class='ocr_par' dir='ltr' id='par_1_68' title="bbox 269 3563 1876 3634">
     <span class='ocr_line' id='line_1_68' title="bbox 269 3563 1876 3634; baseline 0.001 -16"><span class='ocrx_word' id='word_1_446' title='bbox 269 3579 466 3619; x_wconf 85' lang='lat' dir='ltr'><strong><em>eorum</em></strong></span> <span class='ocrx_word' id='word_1_447' title='bbox 508 3572 564 3620; x_wconf 88' lang='lat' dir='ltr'><strong><em>et</em></strong></span> <span class='ocrx_word' id='word_1_448' title='bbox 592 3575 790 3618; x_wconf 82' lang='lat' dir='ltr'><strong><em>nostrae</em></strong></span> <span class='ocrx_word' id='word_1_449' title='bbox 819 3563 1205 3619; x_wconf 82' lang='lat' dir='ltr'><strong><em>existimationi</em></strong></span> <span class='ocrx_word' id='word_1_450' title='bbox 1240 3563 1463 3634; x_wconf 80' lang='lat' dir='ltr'><strong><em>pacilice</em></strong></span> <span class='ocrx_word' id='word_1_451' title='bbox 1487 3563 1840 3620; x_wconf 88' lang='lat' dir='ltr'><strong><em>consulentes</em></strong></span> <span class='ocrx_word' id='word_1_452' title='bbox 1861 3606 1876 3632; x_wconf 90' lang='lat'><strong><em>,</em></strong></span> 
     </span>
    </p>
   </div>
   <div class='ocr_carea' id='block_1_69' title="bbox 277 3657 1879 3729">
    <p class='ocr_par' dir='ltr' id='par_1_69' title="bbox 277 3657 1879 3729">
     <span class='ocr_line' id='line_1_69' title="bbox 277 3657 1879 3729; baseline 0.001 -19"><span class='ocrx_word' id='word_1_453' title='bbox 277 3669 502 3729; x_wconf 89' lang='lat' dir='ltr'><strong><em>propter</em></strong></span> <span class='ocrx_word' id='word_1_454' title='bbox 551 3659 871 3713; x_wconf 88' lang='lat' dir='ltr'><strong><em>eharitatem</em></strong></span> <span class='ocrx_word' id='word_1_455' title='bbox 923 3673 1028 3728; x_wconf 89' lang='lat' dir='ltr'><strong><em>qua</em></strong></span> <span class='ocrx_word' id='word_1_456' title='bbox 1073 3657 1365 3712; x_wconf 82' lang='lat' dir='ltr'><strong><em>Christiani</em></strong></span> <span class='ocrx_word' id='word_1_457' title='bbox 1405 3673 1637 3724; x_wconf 90' lang='lat' dir='ltr'><strong><em>sumus,</em></strong></span> <span class='ocrx_word' id='word_1_458' title='bbox 1683 3658 1879 3714; x_wconf 85' lang='lat' dir='ltr'><strong><em>leniter</em></strong></span> 
     </span>
    </p>
   </div>
   <div class='ocr_carea' id='block_1_70' title="bbox 276 3751 1875 3822">
    <p class='ocr_par' dir='ltr' id='par_1_70' title="bbox 276 3751 1875 3822">
     <span class='ocr_line' id='line_1_70' title="bbox 276 3751 1875 3822; baseline 0 -16"><span class='ocrx_word' id='word_1_459' title='bbox 276 3766 374 3806; x_wconf 87' lang='lat' dir='ltr'><strong><em>eos</em></strong></span> <span class='ocrx_word' id='word_1_460' title='bbox 404 3751 652 3806; x_wconf 85' lang='lat' dir='ltr'><strong><em>volumus</em></strong></span> <span class='ocrx_word' id='word_1_461' title='bbox 682 3751 1008 3818; x_wconf 87' lang='lat' dir='ltr'><strong><em>admonere,</em></strong></span> <span class='ocrx_word' id='word_1_462' title='bbox 1041 3764 1096 3806; x_wconf 90' lang='lat' dir='ltr'><strong><em>ut</em></strong></span> <span class='ocrx_word' id='word_1_463' title='bbox 1128 3768 1368 3806; x_wconf 91' lang='lat' dir='ltr'><strong><em>errorem</em></strong></span> <span class='ocrx_word' id='word_1_464' title='bbox 1403 3768 1558 3804; x_wconf 76' lang='lat' dir='ltr'><strong><em>suum</em></strong></span> <span class='ocrx_word' id='word_1_465' title='bbox 1587 3751 1875 3822; x_wconf 81' lang='lat' dir='ltr'><strong><em>cogitando</em></strong></span> 
     </span>
    </p>
   </div>
   <div class='ocr_carea' id='block_1_71' title="bbox 276 3844 1878 3916">
    <p class='ocr_par' dir='ltr' id='par_1_71' title="bbox 276 3844 1878 3916">
     <span class='ocr_line' id='line_1_71' title="bbox 276 3844 1878 3916; baseline -0.001 -17"><span class='ocrx_word' id='word_1_466' title='bbox 276 3855 333 3899; x_wconf 83' lang='lat' dir='ltr'><strong><em>et</em></strong></span> <span class='ocrx_word' id='word_1_467' title='bbox 369 3845 712 3915; x_wconf 80' lang='lat' dir='ltr'><strong><em>agnoscendo</em></strong></span> <span class='ocrx_word' id='word_1_468' title='bbox 752 3861 859 3898; x_wconf 91' lang='lat' dir='ltr'><strong><em>non</em></strong></span> <span class='ocrx_word' id='word_1_469' title='bbox 903 3846 1207 3916; x_wconf 74' lang='lat' dir='ltr'><strong><em>negligant;</em></strong></span> <span class='ocrx_word' id='word_1_470' title='bbox 1253 3851 1344 3896; x_wconf 88' lang='lat' dir='ltr'><strong><em>aut</em></strong></span> <span class='ocrx_word' id='word_1_471' title='bbox 1377 3844 1420 3897; x_wconf 93' lang='lat' dir='ltr'><strong><em>si</em></strong></span> <span class='ocrx_word' id='word_1_472' title='bbox 1469 3852 1656 3913; x_wconf 82' lang='lat' dir='ltr'><strong><em>putant</em></strong></span> <span class='ocrx_word' id='word_1_473' title='bbox 1695 3859 1753 3897; x_wconf 91' lang='lat' dir='ltr'><strong><em>se</em></strong></span> <span class='ocrx_word' id='word_1_474' title='bbox 1784 3845 1878 3897; x_wconf 87' lang='lat' dir='ltr'><strong><em>ha-</em></strong></span> 
     </span>
    </p>
   </div>
   <div class='ocr_carea' id='block_1_72' title="bbox 281 3937 1876 4009">
    <p class='ocr_par' dir='ltr' id='par_1_72' title="bbox 281 3937 1876 4009">
     <span class='ocr_line' id='line_1_72' title="bbox 281 3937 1876 4009; baseline 0.003 -19"><span class='ocrx_word' id='word_1_475' title='bbox 281 3937 409 3993; x_wconf 88' lang='lat' dir='ltr'><strong><em>bere</em></strong></span> <span class='ocrx_word' id='word_1_476' title='bbox 445 3939 643 4009; x_wconf 82' lang='lat' dir='ltr'><strong><em>aliquid</em></strong></span> <span class='ocrx_word' id='word_1_477' title='bbox 674 3937 945 4005; x_wconf 88' lang='lat' dir='ltr'><strong><em>veritatis,</em></strong></span> <span class='ocrx_word' id='word_1_478' title='bbox 988 3955 1092 3994; x_wconf 87' lang='lat' dir='ltr'><strong><em>non</em></strong></span> <span class='ocrx_word' id='word_1_479' title='bbox 1139 3955 1256 3994; x_wconf 87' lang='lat' dir='ltr'><strong><em>eam</em></strong></span> <span class='ocrx_word' id='word_1_480' title='bbox 1300 3939 1516 3994; x_wconf 90' lang='lat' dir='ltr'><strong><em>furiosis</em></strong></span> <span class='ocrx_word' id='word_1_481' title='bbox 1545 3938 1876 3994; x_wconf 87' lang='lat' dir='ltr'><strong><em>Circumcel-</em></strong></span> 
     </span>
    </p>
   </div>
   <div class='ocr_carea' id='block_1_73' title="bbox 276 4032 1874 4104">
    <p class='ocr_par' dir='ltr' id='par_1_73' title="bbox 276 4032 1874 4104">
     <span class='ocr_line' id='line_1_73' title="bbox 276 4032 1874 4104; baseline 0.001 -17"><span class='ocrx_word' id='word_1_482' title='bbox 276 4032 482 4087; x_wconf 90' lang='lat' dir='ltr'><strong><em>liouum</em></strong></span> <span class='ocrx_word' id='word_1_483' title='bbox 537 4033 810 4089; x_wconf 85' lang='lat' dir='ltr'><strong><em>violentiis</em></strong></span> <span class='ocrx_word' id='word_1_484' title='bbox 861 4045 1047 4089; x_wconf 89' lang='lat' dir='ltr'><strong><em>contra</em></strong></span> <span class='ocrx_word' id='word_1_485' title='bbox 1107 4035 1379 4104; x_wconf 86' lang='lat' dir='ltr'><strong><em>publicam</em></strong></span> <span class='ocrx_word' id='word_1_486' title='bbox 1438 4034 1673 4104; x_wconf 83' lang='lat' dir='ltr'><strong><em>quietem</em></strong></span> <span class='ocrx_word' id='word_1_487' title='bbox 1706 4076 1720 4099; x_wconf 92' lang='lat'><strong><em>,</em></strong></span> <span class='ocrx_word' id='word_1_488' title='bbox 1779 4033 1874 4089; x_wconf 91' lang='lat' dir='ltr'><strong><em>sed</em></strong></span> 
     </span>
    </p>
   </div>
   <div class='ocr_carea' id='block_1_74' title="bbox 280 4125 1877 4198">
    <p class='ocr_par' dir='ltr' id='par_1_74' title="bbox 280 4125 1877 4198">
     <span class='ocr_line' id='line_1_74' title="bbox 280 4125 1877 4198; baseline 0.003 -19"><span class='ocrx_word' id='word_1_489' title='bbox 280 4125 566 4196; x_wconf 89' lang='lat' dir='ltr'><strong><em>tranquilla</em></strong></span> <span class='ocrx_word' id='word_1_490' title='bbox 603 4128 832 4181; x_wconf 88' lang='lat' dir='ltr'><strong><em>rationis</em></strong></span> <span class='ocrx_word' id='word_1_491' title='bbox 875 4127 1178 4183; x_wconf 82' lang='lat' dir='ltr'><strong><em>redditione</em></strong></span> <span class='ocrx_word' id='word_1_492' title='bbox 1204 4127 1518 4183; x_wconf 83' lang='lat' dir='ltr'><strong><em>defendant.</em></strong></span> <span class='ocrx_word' id='word_1_493' title='bbox 1545 4127 1699 4184; x_wconf 88' lang='lat' dir='ltr'><strong><em>Unde</em></strong></span> <span class='ocrx_word' id='word_1_494' title='bbox 1741 4129 1877 4198; x_wconf 90' lang='lat' dir='ltr'><strong><em>peti-</em></strong></span> 
     </span>
    </p>
   </div>
   <div class='ocr_carea' id='block_1_75' title="bbox 277 4221 1876 4292">
    <p class='ocr_par' dir='ltr' id='par_1_75' title="bbox 277 4221 1876 4292">
     <span class='ocr_line' id='line_1_75' title="bbox 277 4221 1876 4292; baseline 0.003 -20"><span class='ocrx_word' id='word_1_495' title='bbox 277 4235 399 4272; x_wconf 73' lang='lat' dir='ltr'><strong><em>mus</em></strong></span> <span class='ocrx_word' id='word_1_496' title='bbox 439 4221 820 4275; x_wconf 69' lang='lat' dir='ltr'><strong><em>sublimitatem</em></strong></span> <span class='ocrx_word' id='word_1_497' title='bbox 862 4230 1007 4275; x_wconf 61' lang='lat' dir='ltr'><strong><em>tuan&#39;i</em></strong></span> <span class='ocrx_word' id='word_1_498' title='bbox 1057 4231 1111 4275; x_wconf 91' lang='lat' dir='ltr'><strong><em>ut</em></strong></span> <span class='ocrx_word' id='word_1_499' title='bbox 1150 4238 1272 4276; x_wconf 91' lang='lat' dir='ltr'><strong><em>cum</em></strong></span> <span class='ocrx_word' id='word_1_500' title='bbox 1307 4237 1402 4276; x_wconf 90' lang='lat' dir='ltr'><strong><em>eos</em></strong></span> <span class='ocrx_word' id='word_1_501' title='bbox 1442 4223 1509 4275; x_wconf 87' lang='lat' dir='ltr'><strong><em>de</em></strong></span> <span class='ocrx_word' id='word_1_502' title='bbox 1541 4222 1642 4277; x_wconf 85' lang='lat' dir='ltr'><strong><em>hac</em></strong></span> <span class='ocrx_word' id='word_1_503' title='bbox 1692 4238 1748 4277; x_wconf 89' lang='lat' dir='ltr'><strong><em>re</em></strong></span> <span class='ocrx_word' id='word_1_504' title='bbox 1780 4237 1876 4292; x_wconf 85' lang='lat' dir='ltr'><strong><em>per</em></strong></span> 
     </span>
    </p>
   </div>
   <div class='ocr_carea' id='block_1_76' title="bbox 276 4313 1875 4383">
    <p class='ocr_par' dir='ltr' id='par_1_76' title="bbox 276 4313 1875 4383">
     <span class='ocr_line' id='line_1_76' title="bbox 276 4313 1875 4383; baseline 0.002 -16"><span class='ocrx_word' id='word_1_505' title='bbox 276 4313 630 4382; x_wconf 75' lang='lat' dir='ltr'><strong><em>magistratus</em></strong></span> <span class='ocrx_word' id='word_1_506' title='bbox 659 4315 772 4368; x_wconf 89' lang='lat' dir='ltr'><strong><em>sive</em></strong></span> <span class='ocrx_word' id='word_1_507' title='bbox 803 4315 854 4368; x_wconf 89' lang='lat' dir='ltr'><strong><em>in</em></strong></span> <span class='ocrx_word' id='word_1_508' title='bbox 882 4314 1221 4380; x_wconf 85' lang='lat' dir='ltr'><strong><em>civitatibus,</em></strong></span> <span class='ocrx_word' id='word_1_509' title='bbox 1255 4313 1369 4368; x_wconf 85' lang='lat' dir='ltr'><strong><em>sive</em></strong></span> <span class='ocrx_word' id='word_1_510' title='bbox 1396 4315 1449 4367; x_wconf 93' lang='lat' dir='ltr'><strong><em>in</em></strong></span> <span class='ocrx_word' id='word_1_511' title='bbox 1481 4315 1875 4383; x_wconf 86' lang='lat' dir='ltr'><strong><em>pertinentibus</em></strong></span> 
     </span>
    </p>
   </div>
   <div class='ocr_carea' id='block_1_77' title="bbox 272 4405 1874 4477">
    <p class='ocr_par' dir='ltr' id='par_1_77' title="bbox 272 4405 1874 4477">
     <span class='ocr_line' id='line_1_77' title="bbox 272 4405 1874 4477; baseline 0.002 -18"><span class='ocrx_word' id='word_1_512' title='bbox 272 4405 565 4460; x_wconf 85' lang='lat' dir='ltr'><strong><em>territoriis</em></strong></span> <span class='ocrx_word' id='word_1_513' title='bbox 587 4407 882 4462; x_wconf 86' lang='lat' dir='ltr'><strong><em>admunere</em></strong></span> <span class='ocrx_word' id='word_1_514' title='bbox 915 4406 1246 4462; x_wconf 87' lang='lat' dir='ltr'><strong><em>volnerinms</em></strong></span> <span class='ocrx_word' id='word_1_515' title='bbox 1267 4449 1281 4472; x_wconf 92' lang='lat'><strong><em>,</em></strong></span> <span class='ocrx_word' id='word_1_516' title='bbox 1310 4408 1521 4477; x_wconf 81' lang='lat' dir='ltr'><strong><em>eopiam</em></strong></span> <span class='ocrx_word' id='word_1_517' title='bbox 1557 4408 1711 4461; x_wconf 86' lang='lat' dir='ltr'><strong><em>nobis</em></strong></span> <span class='ocrx_word' id='word_1_518' title='bbox 1737 4423 1874 4476; x_wconf 70' lang='lat' dir='ltr'><strong><em>prte-</em></strong></span> 
     </span>
    </p>
   </div>
   <div class='ocr_carea' id='block_1_78' title="bbox 272 4497 1875 4569">
    <p class='ocr_par' dir='ltr' id='par_1_78' title="bbox 272 4497 1875 4569">
     <span class='ocr_line' id='line_1_78' title="bbox 272 4497 1875 4569; baseline 0 -18"><span class='ocrx_word' id='word_1_519' title='bbox 272 4498 390 4551; x_wconf 86' lang='lat' dir='ltr'><strong><em>beri</em></strong></span> <span class='ocrx_word' id='word_1_520' title='bbox 433 4510 702 4567; x_wconf 74' lang='lat' dir='ltr'><strong><em>geStorum</em></strong></span> <span class='ocrx_word' id='word_1_521' title='bbox 729 4539 742 4562; x_wconf 93' lang='lat'><strong><em>,</em></strong></span> <span class='ocrx_word' id='word_1_522' title='bbox 770 4508 827 4554; x_wconf 90' lang='lat' dir='ltr'><strong><em>et</em></strong></span> <span class='ocrx_word' id='word_1_523' title='bbox 853 4515 949 4554; x_wconf 91' lang='lat' dir='ltr'><strong><em>eos</em></strong></span> <span class='ocrx_word' id='word_1_524' title='bbox 981 4515 1044 4553; x_wconf 85' lang='lat' dir='ltr'><strong><em>ex</em></strong></span> <span class='ocrx_word' id='word_1_525' title='bbox 1078 4497 1396 4569; x_wconf 88' lang='lat' dir='ltr'><strong><em>allegatione</em></strong></span> <span class='ocrx_word' id='word_1_526' title='bbox 1424 4507 1606 4552; x_wconf 84' lang='lat' dir='ltr'><strong><em>nostra</em></strong></span> <span class='ocrx_word' id='word_1_527' title='bbox 1648 4497 1875 4553; x_wconf 85' lang='lat' dir='ltr'><strong><em>honeste</em></strong></span> 
     </span>
    </p>
   </div>
   <div class='ocr_carea' id='block_1_79' title="bbox 1983 3283 3583 3351">
    <p class='ocr_par' dir='ltr' id='par_1_79' title="bbox 1983 3283 3583 3351">
     <span class='ocr_line' id='line_1_79' title="bbox 1983 3283 3583 3351; baseline 0.003 -14"><span class='ocrx_word' id='word_1_528' title='bbox 1983 3299 2101 3338; x_wconf 88' lang='lat' dir='ltr'><strong><em>rum</em></strong></span> <span class='ocrx_word' id='word_1_529' title='bbox 2145 3285 2266 3339; x_wconf 92' lang='lat' dir='ltr'><strong><em>loco</em></strong></span> <span class='ocrx_word' id='word_1_530' title='bbox 2307 3283 2523 3340; x_wconf 85' lang='lat' dir='ltr'><strong><em>adstare</em></strong></span> <span class='ocrx_word' id='word_1_531' title='bbox 2553 3285 2876 3351; x_wconf 89' lang='lat' dir='ltr'><strong><em>videantur,</em></strong></span> <span class='ocrx_word' id='word_1_532' title='bbox 2911 3293 3091 3340; x_wconf 90' lang='lat' dir='ltr'><strong><em>tamen</em></strong></span> <span class='ocrx_word' id='word_1_533' title='bbox 3139 3285 3336 3340; x_wconf 88' lang='lat' dir='ltr'><strong><em>melius</em></strong></span> <span class='ocrx_word' id='word_1_534' title='bbox 3366 3295 3420 3340; x_wconf 87' lang='lat' dir='ltr'><strong><em>et</em></strong></span> <span class='ocrx_word' id='word_1_535' title='bbox 3463 3287 3583 3342; x_wconf 85' lang='lat' dir='ltr'><strong><em>evi-</em></strong></span> 
     </span>
    </p>
   </div>
   <div class='ocr_carea' id='block_1_80' title="bbox 1981 3376 3492 3447">
    <p class='ocr_par' dir='ltr' id='par_1_80' title="bbox 1981 3376 3492 3447">
     <span class='ocr_line' id='line_1_80' title="bbox 1981 3376 3492 3447; baseline 0.001 -17"><span class='ocrx_word' id='word_1_536' title='bbox 1981 3376 2200 3432; x_wconf 88' lang='lat' dir='ltr'><strong><em>dentius</em></strong></span> <span class='ocrx_word' id='word_1_537' title='bbox 2228 3377 2617 3447; x_wconf 83' lang='lat' dir='ltr'><strong><em>approbabitur</em></strong></span> <span class='ocrx_word' id='word_1_538' title='bbox 2646 3393 2766 3432; x_wconf 90' lang='lat' dir='ltr'><strong><em>cum</em></strong></span> <span class='ocrx_word' id='word_1_539' title='bbox 2797 3379 2978 3433; x_wconf 90' lang='lat' dir='ltr'><strong><em>omnia</em></strong></span> <span class='ocrx_word' id='word_1_540' title='bbox 3011 3379 3214 3433; x_wconf 90' lang='lat' dir='ltr'><strong><em>fuerint</em></strong></span> <span class='ocrx_word' id='word_1_541' title='bbox 3243 3377 3492 3433; x_wconf 90' lang='lat' dir='ltr'><strong><em>recitata.</em></strong></span> 
     </span>
    </p>
   </div>
   <div class='ocr_carea' id='block_1_81' title="bbox 2055 3466 3580 3542">
    <p class='ocr_par' dir='ltr' id='par_1_81' title="bbox 2055 3466 3580 3542">
     <span class='ocr_line' id='line_1_81' title="bbox 2055 3466 3580 3542; baseline 0.003 -20"><span class='ocrx_word' id='word_1_542' title='bbox 2055 3468 2178 3524; x_wconf 89' lang='lat'><strong><em>181.</em></strong></span> <span class='ocrx_word' id='word_1_543' title='bbox 2232 3466 2520 3524; x_wconf 81' lang='lat' dir='ltr'><strong><em>Petilianus</em></strong></span> <span class='ocrx_word' id='word_1_544' title='bbox 2565 3471 2832 3542; x_wconf 88' lang='lat' dir='ltr'><strong><em>episcopus</em></strong></span> <span class='ocrx_word' id='word_1_545' title='bbox 2886 3470 3035 3524; x_wconf 84' lang='lat' dir='ltr'><strong><em>dixit.</em></strong></span> <span class='ocrx_word' id='word_1_546' title='bbox 3089 3470 3144 3524; x_wconf 89' lang='lat' dir='ltr'><strong><em>Si</em></strong></span> <span class='ocrx_word' id='word_1_547' title='bbox 3195 3471 3246 3524; x_wconf 91' lang='lat' dir='ltr'><strong><em>in</em></strong></span> <span class='ocrx_word' id='word_1_548' title='bbox 3301 3470 3580 3526; x_wconf 87' lang='lat' dir='ltr'><strong><em>forensem</em></strong></span> 
     </span>
    </p>
   </div>
   <div class='ocr_carea' id='block_1_82' title="bbox 1979 3555 3582 3638">
    <p class='ocr_par' dir='ltr' id='par_1_82' title="bbox 1979 3555 3582 3638">
     <span class='ocr_line' id='line_1_82' title="bbox 1979 3555 3582 3638; baseline 0.004 -20"><span class='ocrx_word' id='word_1_549' title='bbox 1979 3562 2288 3618; x_wconf 86' lang='lat' dir='ltr'><strong><em>conflictum</em></strong></span> <span class='ocrx_word' id='word_1_550' title='bbox 2323 3565 2650 3619; x_wconf 90' lang='lat' dir='ltr'><strong><em>revertimur</em></strong></span> <span class='ocrx_word' id='word_1_551' title='bbox 2674 3606 2690 3631; x_wconf 91' lang='lat'><strong><em>,</em></strong></span> <span class='ocrx_word' id='word_1_552' title='bbox 2723 3555 2938 3620; x_wconf 77' lang='lat' dir='ltr'><strong><em>constat</em></strong></span> <span class='ocrx_word' id='word_1_553' title='bbox 2967 3581 3063 3621; x_wconf 91' lang='lat' dir='ltr'><strong><em>eos</em></strong></span> <span class='ocrx_word' id='word_1_554' title='bbox 3094 3566 3225 3638; x_wconf 88' lang='lat' dir='ltr'><strong><em>legis</em></strong></span> <span class='ocrx_word' id='word_1_555' title='bbox 3261 3567 3459 3622; x_wconf 73' lang='lat' dir='ltr'><strong><em>divinae</em></strong></span> <span class='ocrx_word' id='word_1_556' title='bbox 3501 3569 3582 3624; x_wconf 84' lang='lat' dir='ltr'><strong><em>fe-</em></strong></span> 
     </span>
    </p>
   </div>
   <div class='ocr_carea' id='block_1_83' title="bbox 1979 3655 3579 3731">
    <p class='ocr_par' dir='ltr' id='par_1_83' title="bbox 1979 3655 3579 3731">
     <span class='ocr_line' id='line_1_83' title="bbox 1979 3655 3579 3731; baseline 0.005 -21"><span class='ocrx_word' id='word_1_557' title='bbox 1979 3656 2118 3711; x_wconf 90' lang='lat' dir='ltr'><strong><em>cisse</em></strong></span> <span class='ocrx_word' id='word_1_558' title='bbox 2135 3655 2423 3726; x_wconf 87' lang='lat' dir='ltr'><strong><em>jactnram.</em></strong></span> <span class='ocrx_word' id='word_1_559' title='bbox 2451 3657 2830 3726; x_wconf 73' lang='lat' dir='ltr'><strong><em>Resliondeant</em></strong></span> <span class='ocrx_word' id='word_1_560' title='bbox 2856 3659 3020 3728; x_wconf 88' lang='lat' dir='ltr'><strong><em>igitur</em></strong></span> <span class='ocrx_word' id='word_1_561' title='bbox 3044 3661 3204 3714; x_wconf 90' lang='lat' dir='ltr'><strong><em>etiam</em></strong></span> <span class='ocrx_word' id='word_1_562' title='bbox 3230 3670 3392 3731; x_wconf 85' lang='lat' dir='ltr'><strong><em>atque</em></strong></span> <span class='ocrx_word' id='word_1_563' title='bbox 3414 3661 3579 3718; x_wconf 85' lang='lat' dir='ltr'><strong><em>etiam</em></strong></span> 
     </span>
    </p>
   </div>
   <div class='ocr_carea' id='block_1_84' title="bbox 1977 3746 3577 3825">
    <p class='ocr_par' dir='ltr' id='par_1_84' title="bbox 1977 3746 3577 3825">
     <span class='ocr_line' id='line_1_84' title="bbox 1977 3746 3577 3825; baseline 0.006 -26"><span class='ocrx_word' id='word_1_564' title='bbox 1977 3746 2118 3816; x_wconf 92' lang='lat' dir='ltr'><strong><em>quod</em></strong></span> <span class='ocrx_word' id='word_1_565' title='bbox 2151 3750 2346 3818; x_wconf 84' lang='lat' dir='ltr'><strong><em>exegi,</em></strong></span> <span class='ocrx_word' id='word_1_566' title='bbox 2385 3759 2563 3803; x_wconf 91' lang='lat' dir='ltr'><strong><em>utrum</em></strong></span> <span class='ocrx_word' id='word_1_567' title='bbox 2595 3749 2802 3820; x_wconf 90' lang='lat' dir='ltr'><strong><em>legibus</em></strong></span> <span class='ocrx_word' id='word_1_568' title='bbox 2840 3751 3071 3820; x_wconf 89' lang='lat' dir='ltr'><strong><em>publicis</em></strong></span> <span class='ocrx_word' id='word_1_569' title='bbox 3109 3761 3308 3822; x_wconf 88' lang='lat' dir='ltr'><strong><em>agant,</em></strong></span> <span class='ocrx_word' id='word_1_570' title='bbox 3342 3769 3408 3808; x_wconf 92' lang='lat' dir='ltr'><strong><em>an</em></strong></span> <span class='ocrx_word' id='word_1_571' title='bbox 3441 3753 3577 3825; x_wconf 79' lang='lat' dir='ltr'><strong><em>legis</em></strong></span> 
     </span>
    </p>
   </div>
   <div class='ocr_carea' id='block_1_85' title="bbox 1979 3838 3580 3910">
    <p class='ocr_par' dir='ltr' id='par_1_85' title="bbox 1979 3838 3580 3910">
     <span class='ocr_line' id='line_1_85' title="bbox 1979 3838 3580 3910; baseline 0.006 -16"><span class='ocrx_word' id='word_1_572' title='bbox 1979 3838 2173 3895; x_wconf 70' lang='lat' dir='ltr'><strong><em>divinae</em></strong></span> <span class='ocrx_word' id='word_1_573' title='bbox 2205 3840 2482 3896; x_wconf 82' lang='lat' dir='ltr'><strong><em>conliicm.</em></strong></span> <span class='ocrx_word' id='word_1_574' title='bbox 2516 3842 2733 3910; x_wconf 81' lang='lat' dir='ltr'><strong><em>Eligant</em></strong></span> <span class='ocrx_word' id='word_1_575' title='bbox 2759 3843 2986 3898; x_wconf 89' lang='lat' dir='ltr'><strong><em>alterum</em></strong></span> <span class='ocrx_word' id='word_1_576' title='bbox 3010 3845 3078 3900; x_wconf 92' lang='lat' dir='ltr'><strong><em>de</em></strong></span> <span class='ocrx_word' id='word_1_577' title='bbox 3103 3845 3332 3901; x_wconf 89' lang='lat' dir='ltr'><strong><em>duobus.</em></strong></span> <span class='ocrx_word' id='word_1_578' title='bbox 3357 3847 3580 3902; x_wconf 90' lang='lat' dir='ltr'><strong><em>Utrum-</em></strong></span> 
     </span>
    </p>
   </div>
   <div class='ocr_carea' id='block_1_86' title="bbox 1947 3933 3583 4004">
    <p class='ocr_par' dir='ltr' id='par_1_86' title="bbox 1947 3933 3583 4004">
     <span class='ocr_line' id='line_1_86' title="bbox 1947 3933 3583 4004; baseline 0.007 -20"><span class='ocrx_word' id='word_1_579' title='bbox 1947 3941 2082 4004; x_wconf 79' lang='lat' dir='ltr'><strong><em>‘que</em></strong></span> <span class='ocrx_word' id='word_1_580' title='bbox 2112 3933 2253 3988; x_wconf 90' lang='lat' dir='ltr'><strong><em>enim</em></strong></span> <span class='ocrx_word' id='word_1_581' title='bbox 2282 3942 2469 3989; x_wconf 90' lang='lat' dir='ltr'><strong><em>tenere</em></strong></span> <span class='ocrx_word' id='word_1_582' title='bbox 2495 3950 2602 3989; x_wconf 89' lang='lat' dir='ltr'><strong><em>non</em></strong></span> <span class='ocrx_word' id='word_1_583' title='bbox 2638 3946 2882 4004; x_wconf 75' lang='lat' dir='ltr'><strong><em>possunt.</em></strong></span> <span class='ocrx_word' id='word_1_584' title='bbox 2916 3936 2982 3990; x_wconf 86' lang='lat' dir='ltr'><strong><em>Et</em></strong></span> <span class='ocrx_word' id='word_1_585' title='bbox 3017 3938 3124 3992; x_wconf 86' lang='lat' dir='ltr'><strong><em>alia</em></strong></span> <span class='ocrx_word' id='word_1_586' title='bbox 3157 3956 3328 3993; x_wconf 89' lang='lat' dir='ltr'><strong><em>manu.</em></strong></span> <span class='ocrx_word' id='word_1_587' title='bbox 3362 3940 3583 3996; x_wconf 83' lang='lat' dir='ltr'><strong><em>Petilia-</em></strong></span> 
     </span>
    </p>
   </div>
   <div class='ocr_carea' id='block_1_87' title="bbox 1979 4027 3316 4100">
    <p class='ocr_par' dir='ltr' id='par_1_87' title="bbox 1979 4027 3316 4100">
     <span class='ocr_line' id='line_1_87' title="bbox 1979 4027 3316 4100; baseline 0.005 -20"><span class='ocrx_word' id='word_1_588' title='bbox 1979 4041 2080 4080; x_wconf 89' lang='lat' dir='ltr'><strong><em>nus</em></strong></span> <span class='ocrx_word' id='word_1_589' title='bbox 2114 4027 2405 4097; x_wconf 86' lang='lat' dir='ltr'><strong><em>episcopus</em></strong></span> <span class='ocrx_word' id='word_1_590' title='bbox 2434 4028 2582 4083; x_wconf 87' lang='lat' dir='ltr'><strong><em>salva</em></strong></span> <span class='ocrx_word' id='word_1_591' title='bbox 2615 4031 2976 4099; x_wconf 87' lang='lat' dir='ltr'><strong><em>appellatione</em></strong></span> <span class='ocrx_word' id='word_1_592' title='bbox 3008 4034 3316 4100; x_wconf 69' lang='lat' dir='ltr'><strong><em>rectignovi.</em></strong></span> 
     </span>
    </p>
   </div>
   <div class='ocr_carea' id='block_1_88' title="bbox 2051 4118 3580 4180">
    <p class='ocr_par' dir='ltr' id='par_1_88' title="bbox 2051 4118 3580 4180">
     <span class='ocr_line' id='line_1_88' title="bbox 2051 4118 3580 4180; baseline 0.005 -7"><span class='ocrx_word' id='word_1_593' title='bbox 2051 4119 2175 4174; x_wconf 72' lang='lat'><strong><em>182.</em></strong></span> <span class='ocrx_word' id='word_1_594' title='bbox 2211 4118 2548 4175; x_wconf 82' lang='lat' dir='ltr'><strong><em>Marcellinus</em></strong></span> <span class='ocrx_word' id='word_1_595' title='bbox 2572 4123 2646 4174; x_wconf 85' lang='lat' dir='ltr'><strong><em>vir</em></strong></span> <span class='ocrx_word' id='word_1_596' title='bbox 2673 4121 2986 4178; x_wconf 89' lang='lat' dir='ltr'><strong><em>clarissimus</em></strong></span> <span class='ocrx_word' id='word_1_597' title='bbox 3013 4125 3248 4180; x_wconf 85' lang='lat' dir='ltr'><strong><em>tribunus</em></strong></span> <span class='ocrx_word' id='word_1_598' title='bbox 3274 4135 3322 4180; x_wconf 90' lang='lat' dir='ltr'><strong><em>et</em></strong></span> <span class='ocrx_word' id='word_1_599' title='bbox 3345 4127 3580 4180; x_wconf 88' lang='lat' dir='ltr'><strong><em>notarius</em></strong></span> 
     </span>
    </p>
   </div>
   <div class='ocr_carea' id='block_1_89' title="bbox 1978 4213 3580 4290">
    <p class='ocr_par' dir='ltr' id='par_1_89' title="bbox 1978 4213 3580 4290">
     <span class='ocr_line' id='line_1_89' title="bbox 1978 4213 3580 4290; baseline 0.004 -22"><span class='ocrx_word' id='word_1_600' title='bbox 1978 4214 2130 4270; x_wconf 88' lang='lat' dir='ltr'><strong><em>dixit.</em></strong></span> <span class='ocrx_word' id='word_1_601' title='bbox 2177 4213 2305 4269; x_wconf 72' lang='lat' dir='ltr'><strong><em>Htec</em></strong></span> <span class='ocrx_word' id='word_1_602' title='bbox 2355 4231 2478 4286; x_wconf 66' lang='lat' dir='ltr'><strong><em>qua:</em></strong></span> <span class='ocrx_word' id='word_1_603' title='bbox 2526 4216 2785 4271; x_wconf 83' lang='lat' dir='ltr'><strong><em>sanctitas</em></strong></span> <span class='ocrx_word' id='word_1_604' title='bbox 2830 4226 3004 4272; x_wconf 84' lang='lat' dir='ltr'><strong><em>vestra</em></strong></span> <span class='ocrx_word' id='word_1_605' title='bbox 3049 4218 3243 4272; x_wconf 89' lang='lat' dir='ltr'><strong><em>obtulit</em></strong></span> <span class='ocrx_word' id='word_1_606' title='bbox 3289 4219 3580 4290; x_wconf 90' lang='lat' dir='ltr'><strong><em>relegenda</em></strong></span> 
     </span>
    </p>
   </div>
   <div class='ocr_carea' id='block_1_90' title="bbox 1975 4312 3568 4386">
    <p class='ocr_par' dir='ltr' id='par_1_90' title="bbox 1975 4312 3568 4386">
     <span class='ocr_line' id='line_1_90' title="bbox 1975 4312 3568 4386; baseline 0.003 -22"><span class='ocrx_word' id='word_1_607' title='bbox 1975 4325 2083 4365; x_wconf 89' lang='lat' dir='ltr'><strong><em>non</em></strong></span> <span class='ocrx_word' id='word_1_608' title='bbox 2110 4312 2432 4383; x_wconf 89' lang='lat' dir='ltr'><strong><em>ambigitur,</em></strong></span> <span class='ocrx_word' id='word_1_609' title='bbox 2466 4314 2588 4384; x_wconf 90' lang='lat' dir='ltr'><strong><em>quia</em></strong></span> <span class='ocrx_word' id='word_1_610' title='bbox 2621 4315 2672 4368; x_wconf 91' lang='lat' dir='ltr'><strong><em>in</em></strong></span> <span class='ocrx_word' id='word_1_611' title='bbox 2697 4314 2904 4383; x_wconf 88' lang='lat' dir='ltr'><strong><em>judicio</em></strong></span> <span class='ocrx_word' id='word_1_612' title='bbox 2949 4315 3048 4369; x_wconf 88' lang='lat' dir='ltr'><strong><em>viri</em></strong></span> <span class='ocrx_word' id='word_1_613' title='bbox 3079 4316 3394 4384; x_wconf 87' lang='lat' dir='ltr'><strong><em>spectabilis</em></strong></span> <span class='ocrx_word' id='word_1_614' title='bbox 3443 4331 3568 4386; x_wconf 88' lang='lat' dir='ltr'><strong><em>pro—</em></strong></span> 
     </span>
    </p>
   </div>
   <div class='ocr_carea' id='block_1_91' title="bbox 1977 4404 3579 4478">
    <p class='ocr_par' dir='ltr' id='par_1_91' title="bbox 1977 4404 3579 4478">
     <span class='ocr_line' id='line_1_91' title="bbox 1977 4404 3579 4478; baseline 0.006 -22"><span class='ocrx_word' id='word_1_615' title='bbox 1977 4404 2215 4458; x_wconf 90' lang='lat' dir='ltr'><strong><em>consulis</em></strong></span> <span class='ocrx_word' id='word_1_616' title='bbox 2237 4413 2356 4460; x_wconf 91' lang='lat' dir='ltr'><strong><em>acta</em></strong></span> <span class='ocrx_word' id='word_1_617' title='bbox 2386 4416 2510 4459; x_wconf 89' lang='lat' dir='ltr'><strong><em>sunt</em></strong></span> <span class='ocrx_word' id='word_1_618' title='bbox 2533 4449 2547 4472; x_wconf 93' lang='lat'><strong><em>,</em></strong></span> <span class='ocrx_word' id='word_1_619' title='bbox 2584 4406 2650 4460; x_wconf 90' lang='lat' dir='ltr'><strong><em>ad</em></strong></span> <span class='ocrx_word' id='word_1_620' title='bbox 2677 4407 2948 4462; x_wconf 90' lang='lat' dir='ltr'><strong><em>forensem</em></strong></span> <span class='ocrx_word' id='word_1_621' title='bbox 2976 4409 3427 4478; x_wconf 79' lang='lat' dir='ltr'><strong><em>disceptationem</em></strong></span> <span class='ocrx_word' id='word_1_622' title='bbox 3454 4410 3579 4465; x_wconf 83' lang='lat' dir='ltr'><strong><em>abs-</em></strong></span> 
     </span>
    </p>
   </div>
   <div class='ocr_carea' id='block_1_92' title="bbox 1979 4496 3579 4567">
    <p class='ocr_par' dir='ltr' id='par_1_92' title="bbox 1979 4496 3579 4567">
     <span class='ocr_line' id='line_1_92' title="bbox 1979 4496 3579 4567; baseline 0.006 -19"><span class='ocrx_word' id='word_1_623' title='bbox 1979 4511 2084 4564; x_wconf 90' lang='lat' dir='ltr'><strong><em>que</em></strong></span> <span class='ocrx_word' id='word_1_624' title='bbox 2115 4496 2280 4551; x_wconf 92' lang='lat' dir='ltr'><strong><em>dnbio</em></strong></span> <span class='ocrx_word' id='word_1_625' title='bbox 2307 4499 2599 4564; x_wconf 83' lang='lat' dir='ltr'><strong><em>pertinere.</em></strong></span> <span class='ocrx_word' id='word_1_626' title='bbox 2635 4497 2786 4553; x_wconf 90' lang='lat' dir='ltr'><strong><em>Unde</em></strong></span> <span class='ocrx_word' id='word_1_627' title='bbox 2811 4541 2826 4564; x_wconf 93' lang='lat'><strong><em>,</em></strong></span> <span class='ocrx_word' id='word_1_628' title='bbox 2852 4501 2988 4554; x_wconf 92' lang='lat' dir='ltr'><strong><em>sicut</em></strong></span> <span class='ocrx_word' id='word_1_629' title='bbox 3022 4500 3308 4556; x_wconf 86' lang='lat' dir='ltr'><strong><em>interfatus</em></strong></span> <span class='ocrx_word' id='word_1_630' title='bbox 3338 4518 3455 4557; x_wconf 89' lang='lat' dir='ltr'><strong><em>sum</em></strong></span> <span class='ocrx_word' id='word_1_631' title='bbox 3476 4544 3490 4567; x_wconf 91' lang='lat'><strong><em>,</em></strong></span> <span class='ocrx_word' id='word_1_632' title='bbox 3517 4509 3579 4558; x_wconf 85' lang='lat' dir='ltr'><strong><em>ut</em></strong></span> 
     </span>
    </p>
   </div>
   <div class='ocr_carea' id='block_1_93' title="bbox 268 4567 3575 4664">
    <p class='ocr_par' dir='ltr' id='par_1_93' title="bbox 268 4567 3575 4664">
     <span class='ocr_line' id='line_1_93' title="bbox 268 4567 3575 4664; baseline 0.001 -17"><span class='ocrx_word' id='word_1_633' title='bbox 268 4592 569 4647; x_wconf 82' lang='lat' dir='ltr'><strong><em>convenire</em></strong></span> <span class='ocrx_word' id='word_1_634' title='bbox 608 4593 936 4663; x_wconf 69' lang='lat' dir='ltr'><strong><em>plaDt&#39;ipias:</em></strong></span> <span class='ocrx_word' id='word_1_635' title='bbox 978 4592 1120 4664; x_wconf 89' lang='lat' dir='ltr'><strong><em>quod</em></strong></span> <span class='ocrx_word' id='word_1_636' title='bbox 1151 4591 1470 4657; x_wconf 86' lang='lat' dir='ltr'><strong><em>consecuti,</em></strong></span> <span class='ocrx_word' id='word_1_637' title='bbox 1511 4606 1735 4662; x_wconf 87' lang='lat' dir='ltr'><strong><em>agamus</em></strong></span> <span class='ocrx_word' id='word_1_638' title='bbox 1779 4607 1874 4646; x_wconf 73' lang='grc' dir='ltr'><strong><em>ει·</em></strong></span> <span class='ocrx_word' id='word_1_639' title='bbox 1901 4567 2289 4658; x_wconf 71' lang='lat' dir='ltr'><strong><em>I)diligentius</em></strong></span> <span class='ocrx_word' id='word_1_640' title='bbox 2339 4591 2656 4644; x_wconf 88' lang='lat' dir='ltr'><strong><em>ostendatur</em></strong></span> <span class='ocrx_word' id='word_1_641' title='bbox 2703 4591 2792 4659; x_wconf 90' lang='lat' dir='ltr'><strong><em>qui</em></strong></span> <span class='ocrx_word' id='word_1_642' title='bbox 2848 4591 2967 4646; x_wconf 89' lang='lat' dir='ltr'><strong><em>loco</em></strong></span> <span class='ocrx_word' id='word_1_643' title='bbox 3015 4593 3264 4662; x_wconf 91' lang='lat' dir='ltr'><strong><em>petitoris</em></strong></span> <span class='ocrx_word' id='word_1_644' title='bbox 3312 4593 3575 4660; x_wconf 83' lang='lat' dir='ltr'><strong><em>adsistat,</em></strong></span> 
     </span>
    </p>
   </div>
   <div class='ocr_carea' id='block_1_94' title="bbox 268 4687 1874 4760">
    <p class='ocr_par' dir='ltr' id='par_1_94' title="bbox 268 4687 1874 4760">
     <span class='ocr_line' id='line_1_94' title="bbox 268 4687 1874 4760; baseline -0.001 -16"><span class='ocrx_word' id='word_1_645' title='bbox 268 4690 540 4744; x_wconf 75' lang='lat' dir='ltr'><strong><em>cellentia:</em></strong></span> <span class='ocrx_word' id='word_1_646' title='bbox 583 4701 686 4744; x_wconf 73' lang='lat' dir='ltr'><strong><em>tua:</em></strong></span> <span class='ocrx_word' id='word_1_647' title='bbox 739 4690 880 4759; x_wconf 82' lang='lat' dir='ltr'><strong><em>apud</em></strong></span> <span class='ocrx_word' id='word_1_648' title='bbox 915 4690 1079 4743; x_wconf 88' lang='lat' dir='ltr'><strong><em>Deum</em></strong></span> <span class='ocrx_word' id='word_1_649' title='bbox 1131 4689 1590 4760; x_wconf 5' lang='lat' dir='ltr'><strong><em>uberesqgratias.</em></strong></span> <span class='ocrx_word' id='word_1_650' title='bbox 1625 4687 1757 4742; x_wconf 85' lang='lat' dir='ltr'><strong><em>Data</em></strong></span> <span class='ocrx_word' id='word_1_651' title='bbox 1805 4687 1874 4742; x_wconf 89' lang='lat' dir='ltr'><strong><em>ab</em></strong></span> 
     </span>
    </p>
   </div>
   <div class='ocr_carea' id='block_1_95' title="bbox 271 4781 1873 4856">
    <p class='ocr_par' dir='ltr' id='par_1_95' title="bbox 271 4781 1873 4856">
     <span class='ocr_line' id='line_1_95' title="bbox 271 4781 1873 4856; baseline -0.004 -15"><span class='ocrx_word' id='word_1_652' title='bbox 271 4786 539 4842; x_wconf 84' lang='lat' dir='ltr'><strong><em>universis</em></strong></span> <span class='ocrx_word' id='word_1_653' title='bbox 589 4786 856 4856; x_wconf 84' lang='lat' dir='ltr'><strong><em>episcopis</em></strong></span> <span class='ocrx_word' id='word_1_654' title='bbox 908 4783 1188 4840; x_wconf 84' lang='lat' dir='ltr'><strong><em>catholicis</em></strong></span> <span class='ocrx_word' id='word_1_655' title='bbox 1234 4799 1298 4839; x_wconf 80' lang='lat' dir='ltr'><strong><em>es</em></strong></span> <span class='ocrx_word' id='word_1_656' title='bbox 1373 4782 1604 4838; x_wconf 91' lang='lat' dir='ltr'><strong><em>concilio</em></strong></span> <span class='ocrx_word' id='word_1_657' title='bbox 1647 4781 1873 4839; x_wconf 87' lang='lat' dir='ltr'><strong><em>Cartha-</em></strong></span> 
     </span>
    </p>
   </div>
   <div class='ocr_carea' id='block_1_96' title="bbox 267 4876 1868 4951">
    <p class='ocr_par' dir='ltr' id='par_1_96' title="bbox 267 4876 1868 4951">
     <span class='ocr_line' id='line_1_96' title="bbox 267 4876 1868 4951; baseline 0.001 -20"><span class='ocrx_word' id='word_1_658' title='bbox 267 4881 480 4948; x_wconf 69' lang='lat' dir='ltr'><strong><em>ginensi</em></strong></span> <span class='ocrx_word' id='word_1_659' title='bbox 527 4879 696 4951; x_wconf 79' lang='lat' dir='ltr'><strong><em>(Anni</em></strong></span> <span class='ocrx_word' id='word_1_660' title='bbox 742 4877 908 4948; x_wconf 76' lang='grc'>405),</span> <span class='ocrx_word' id='word_1_661' title='bbox 963 4879 1022 4933; x_wconf 86' lang='grc' dir='ltr'><strong>Ι).</strong></span> <span class='ocrx_word' id='word_1_662' title='bbox 1073 4876 1137 4932; x_wconf 89' lang='grc' dir='ltr'><strong>Ν.</strong></span> <span class='ocrx_word' id='word_1_663' title='bbox 1172 4876 1480 4932; x_wconf 86' lang='lat' dir='ltr'><strong><em>Theodosio</em></strong></span> <span class='ocrx_word' id='word_1_664' title='bbox 1521 4879 1765 4948; x_wconf 83' lang='lat' dir='ltr'><strong><em>Augusto</em></strong></span> <span class='ocrx_word' id='word_1_665' title='bbox 1813 4886 1868 4932; x_wconf 89' lang='lat' dir='ltr'><strong><em>et</em></strong></span> 
     </span>
    </p>
   </div>
   <div class='ocr_carea' id='block_1_97' title="bbox 271 4971 1870 5040">
    <p class='ocr_par' dir='ltr' id='par_1_97' title="bbox 271 4971 1870 5040">
     <span class='ocr_line' id='line_1_97' title="bbox 271 4971 1870 5040; baseline -0.001 -12"><span class='ocrx_word' id='word_1_666' title='bbox 271 4975 572 5030; x_wconf 84' lang='lat' dir='ltr'><strong><em>Rumorido</em></strong></span> <span class='ocrx_word' id='word_1_667' title='bbox 613 4974 731 5029; x_wconf 92' lang='lat' dir='ltr'><strong><em>viro</em></strong></span> <span class='ocrx_word' id='word_1_668' title='bbox 772 4975 1074 5028; x_wconf 85' lang='lat' dir='ltr'><strong><em>clarissimo</em></strong></span> <span class='ocrx_word' id='word_1_669' title='bbox 1117 4972 1435 5028; x_wconf 90' lang='lat' dir='ltr'><strong><em>consulibus</em></strong></span> <span class='ocrx_word' id='word_1_670' title='bbox 1461 5013 1475 5038; x_wconf 90' lang='lat'><strong><em>,</em></strong></span> <span class='ocrx_word' id='word_1_671' title='bbox 1513 4971 1692 5026; x_wconf 88' lang='lat' dir='ltr'><strong><em>idibus</em></strong></span> <span class='ocrx_word' id='word_1_672' title='bbox 1733 4971 1870 5040; x_wconf 90' lang='lat' dir='ltr'><strong><em>Sep-</em></strong></span> 
     </span>
    </p>
   </div>
   <div class='ocr_carea' id='block_1_98' title="bbox 272 5064 1873 5136">
    <p class='ocr_par' dir='ltr' id='par_1_98' title="bbox 272 5064 1873 5136">
     <span class='ocr_line' id='line_1_98' title="bbox 272 5064 1873 5136; baseline -0.002 -15"><span class='ocrx_word' id='word_1_673' title='bbox 272 5068 497 5122; x_wconf 91' lang='lat' dir='ltr'><strong><em>tembris</em></strong></span> <span class='ocrx_word' id='word_1_674' title='bbox 535 5065 885 5136; x_wconf 81' lang='lat' dir='ltr'><strong><em>Carthagine.</em></strong></span> <span class='ocrx_word' id='word_1_675' title='bbox 922 5066 1238 5136; x_wconf 85' lang='lat' dir='ltr'><strong><em>Septiminus</em></strong></span> <span class='ocrx_word' id='word_1_676' title='bbox 1276 5065 1352 5118; x_wconf 85' lang='lat' dir='ltr'><strong><em>vir</em></strong></span> <span class='ocrx_word' id='word_1_677' title='bbox 1390 5064 1710 5118; x_wconf 88' lang='lat' dir='ltr'><strong><em>clarissimus</em></strong></span> <span class='ocrx_word' id='word_1_678' title='bbox 1751 5081 1873 5134; x_wconf 88' lang='lat' dir='ltr'><strong><em>pro-</em></strong></span> 
     </span>
    </p>
   </div>
   <div class='ocr_carea' id='block_1_99' title="bbox 270 5158 1873 5231">
    <p class='ocr_par' dir='ltr' id='par_1_99' title="bbox 270 5158 1873 5231">
     <span class='ocr_line' id='line_1_99' title="bbox 270 5158 1873 5231; baseline 0 -17"><span class='ocrx_word' id='word_1_679' title='bbox 270 5163 455 5215; x_wconf 83' lang='lat' dir='ltr'><strong><em>consul</em></strong></span> <span class='ocrx_word' id='word_1_680' title='bbox 481 5161 634 5215; x_wconf 69' lang='lat' dir='ltr'><strong><em>dixit.</em></strong></span> <span class='ocrx_word' id='word_1_681' title='bbox 670 5161 722 5214; x_wconf 91' lang='lat' dir='ltr'><strong><em>In</em></strong></span> <span class='ocrx_word' id='word_1_682' title='bbox 749 5161 991 5231; x_wconf 91' lang='lat' dir='ltr'><strong><em>quolibet</em></strong></span> <span class='ocrx_word' id='word_1_683' title='bbox 1020 5161 1140 5215; x_wconf 91' lang='lat' dir='ltr'><strong><em>loco</em></strong></span> <span class='ocrx_word' id='word_1_684' title='bbox 1163 5159 1498 5214; x_wconf 85' lang='lat' dir='ltr'><strong><em>antistitibus</em></strong></span> <span class='ocrx_word' id='word_1_685' title='bbox 1535 5158 1668 5226; x_wconf 78' lang='lat' dir='ltr'><strong><em>legis</em></strong></span> <span class='ocrx_word' id='word_1_686' title='bbox 1705 5173 1873 5214; x_wconf 89' lang='lat' dir='ltr'><strong><em>vene-</em></strong></span> 
     </span>
    </p>
   </div>
   <div class='ocr_carea' id='block_1_100' title="bbox 272 5251 1868 5326">
    <p class='ocr_par' dir='ltr' id='par_1_100' title="bbox 272 5251 1868 5326">
     <span class='ocr_line' id='line_1_100' title="bbox 272 5251 1868 5326; baseline -0.001 -17"><span class='ocrx_word' id='word_1_687' title='bbox 272 5256 462 5309; x_wconf 88' lang='lat' dir='ltr'><strong><em>rabilis</em></strong></span> <span class='ocrx_word' id='word_1_688' title='bbox 483 5257 551 5310; x_wconf 91' lang='lat' dir='ltr'><strong><em>ob</em></strong></span> <span class='ocrx_word' id='word_1_689' title='bbox 578 5257 813 5324; x_wconf 81' lang='lat' dir='ltr'><strong><em>quietem</em></strong></span> <span class='ocrx_word' id='word_1_690' title='bbox 853 5253 1066 5326; x_wconf 91' lang='lat' dir='ltr'><strong><em>imperii</em></strong></span> <span class='ocrx_word' id='word_1_691' title='bbox 1096 5262 1372 5324; x_wconf 89' lang='lat' dir='ltr'><strong><em>gestorum</em></strong></span> <span class='ocrx_word' id='word_1_692' title='bbox 1409 5251 1868 5307; x_wconf 87' lang='lat' dir='ltr'><strong><em>conﬁciendorum</em></strong></span> 
     </span>
    </p>
   </div>
   <div class='ocr_carea' id='block_1_101' title="bbox 272 5344 1868 5414">
    <p class='ocr_par' dir='ltr' id='par_1_101' title="bbox 272 5344 1868 5414">
     <span class='ocr_line' id='line_1_101' title="bbox 272 5344 1868 5414; baseline -0.004 -12"><span class='ocrx_word' id='word_1_693' title='bbox 272 5349 528 5402; x_wconf 88' lang='lat' dir='ltr'><strong><em>tribuitur</em></strong></span> <span class='ocrx_word' id='word_1_694' title='bbox 567 5347 831 5412; x_wconf 83' lang='lat' dir='ltr'><strong><em>facultas;</em></strong></span> <span class='ocrx_word' id='word_1_695' title='bbox 869 5347 969 5400; x_wconf 91' lang='lat' dir='ltr'><strong><em>hoc</em></strong></span> <span class='ocrx_word' id='word_1_696' title='bbox 999 5345 1162 5401; x_wconf 87' lang='lat' dir='ltr'><strong><em>etiam</em></strong></span> <span class='ocrx_word' id='word_1_697' title='bbox 1198 5355 1386 5400; x_wconf 89' lang='lat' dir='ltr'><strong><em>tenore</em></strong></span> <span class='ocrx_word' id='word_1_698' title='bbox 1426 5344 1585 5414; x_wconf 90' lang='lat' dir='ltr'><strong><em>hujus</em></strong></span> <span class='ocrx_word' id='word_1_699' title='bbox 1626 5359 1868 5414; x_wconf 65' lang='lat' dir='ltr'><strong><em>praecep-</em></strong></span> 
     </span>
    </p>
   </div>
   <div class='ocr_carea' id='block_1_102' title="bbox 271 5438 1871 5510">
    <p class='ocr_par' dir='ltr' id='par_1_102' title="bbox 271 5438 1871 5510">
     <span class='ocr_line' id='line_1_102' title="bbox 271 5438 1871 5510; baseline -0.003 -12"><span class='ocrx_word' id='word_1_700' title='bbox 271 5443 439 5498; x_wconf 90' lang='lat' dir='ltr'><strong><em>tionis</em></strong></span> <span class='ocrx_word' id='word_1_701' title='bbox 480 5442 711 5498; x_wconf 89' lang='lat' dir='ltr'><strong><em>limitato</em></strong></span> <span class='ocrx_word' id='word_1_702' title='bbox 732 5485 745 5507; x_wconf 90' lang='lat'><strong><em>,</em></strong></span> <span class='ocrx_word' id='word_1_703' title='bbox 776 5451 835 5496; x_wconf 90' lang='lat' dir='ltr'><strong><em>ut</em></strong></span> <span class='ocrx_word' id='word_1_704' title='bbox 862 5441 1161 5510; x_wconf 85' lang='lat' dir='ltr'><strong><em>intelligant</em></strong></span> <span class='ocrx_word' id='word_1_705' title='bbox 1183 5455 1241 5494; x_wconf 87' lang='lat' dir='ltr'><strong><em>se</em></strong></span> <span class='ocrx_word' id='word_1_706' title='bbox 1272 5439 1438 5493; x_wconf 80' lang='lat' dir='ltr'><strong><em>devia-</em></strong></span> <span class='ocrx_word' id='word_1_707' title='bbox 1474 5438 1648 5508; x_wconf 91' lang='lat' dir='ltr'><strong><em>plebis</em></strong></span> <span class='ocrx_word' id='word_1_708' title='bbox 1672 5439 1871 5508; x_wconf 87' lang='lat' dir='ltr'><strong><em>magis-</em></strong></span> 
     </span>
    </p>
   </div>
   <div class='ocr_carea' id='block_1_103' title="bbox 274 5515 1872 5604">
    <p class='ocr_par' dir='ltr' id='par_1_103' title="bbox 274 5515 1872 5604">
     <span class='ocr_line' id='line_1_103' title="bbox 274 5515 1872 5604; baseline -0.004 -13"><span class='ocrx_word' id='word_1_709' title='bbox 274 5538 373 5591; x_wconf 88' lang='lat' dir='ltr'><strong><em>tris</em></strong></span> <span class='ocrx_word' id='word_1_710' title='bbox 427 5537 713 5591; x_wconf 86' lang='lat' dir='ltr'><strong><em>salubriter</em></strong></span> <span class='ocrx_word' id='word_1_711' title='bbox 772 5534 1078 5604; x_wconf 87' lang='lat' dir='ltr'><strong><em>pelentilms</em></strong></span> <span class='ocrx_word' id='word_1_712' title='bbox 1126 5533 1353 5604; x_wconf 77' lang='lat' dir='ltr'><strong><em>propria:</em></strong></span> <span class='ocrx_word' id='word_1_713' title='bbox 1384 5515 1747 5602; x_wconf 61' lang='lat' dir='ltr'><strong><em>persuasionis</em></strong></span> <span class='ocrx_word' id='word_1_714' title='bbox 1787 5547 1872 5584; x_wconf 87' lang='lat' dir='ltr'><strong><em>ra-</em></strong></span> 
     </span>
    </p>
   </div>
   <div class='ocr_carea' id='block_1_104' title="bbox 269 5623 1866 5698">
    <p class='ocr_par' dir='ltr' id='par_1_104' title="bbox 269 5623 1866 5698">
     <span class='ocr_line' id='line_1_104' title="bbox 269 5623 1866 5698; baseline -0.005 -13"><span class='ocrx_word' id='word_1_715' title='bbox 269 5630 490 5685; x_wconf 89' lang='lat' dir='ltr'><strong><em>tiocinia</em></strong></span> <span class='ocrx_word' id='word_1_716' title='bbox 543 5628 891 5698; x_wconf 76' lang='lat' dir='ltr'><strong><em>persolvere,</em></strong></span> <span class='ocrx_word' id='word_1_717' title='bbox 948 5633 1005 5679; x_wconf 92' lang='lat' dir='ltr'><strong><em>ut</em></strong></span> <span class='ocrx_word' id='word_1_718' title='bbox 1058 5626 1218 5679; x_wconf 89' lang='lat' dir='ltr'><strong><em>rebus</em></strong></span> <span class='ocrx_word' id='word_1_719' title='bbox 1270 5626 1320 5679; x_wconf 93' lang='lat' dir='ltr'><strong><em>in</em></strong></span> <span class='ocrx_word' id='word_1_720' title='bbox 1373 5623 1550 5679; x_wconf 88' lang='lat' dir='ltr'><strong><em>medio</em></strong></span> <span class='ocrx_word' id='word_1_721' title='bbox 1606 5624 1866 5692; x_wconf 79' lang='lat' dir='ltr'><strong><em>prolatis,</em></strong></span> 
     </span>
    </p>
   </div>
   <div class='ocr_carea' id='block_1_105' title="bbox 269 5717 1869 5788">
    <p class='ocr_par' dir='ltr' id='par_1_105' title="bbox 269 5717 1869 5788">
     <span class='ocr_line' id='line_1_105' title="bbox 269 5717 1869 5788; baseline -0.004 -10"><span class='ocrx_word' id='word_1_722' title='bbox 269 5721 444 5778; x_wconf 91' lang='lat' dir='ltr'><strong><em>amica</em></strong></span> <span class='ocrx_word' id='word_1_723' title='bbox 483 5721 615 5786; x_wconf 78' lang='lat' dir='ltr'><strong><em>legis</em></strong></span> <span class='ocrx_word' id='word_1_724' title='bbox 647 5719 945 5775; x_wconf 81' lang='lat' dir='ltr'><strong><em>tundetaliu</em></strong></span> <span class='ocrx_word' id='word_1_725' title='bbox 987 5728 1272 5782; x_wconf 87' lang='lat' dir='ltr'><strong><em>servetur,</em></strong></span> <span class='ocrx_word' id='word_1_726' title='bbox 1312 5717 1694 5788; x_wconf 78' lang='lat' dir='ltr'><strong><em>supersutione</em></strong></span> <span class='ocrx_word' id='word_1_727' title='bbox 1739 5730 1869 5787; x_wconf 89' lang='lat' dir='ltr'><strong><em>sup-</em></strong></span> 
     </span>
    </p>
   </div>
   <div class='ocr_carea' id='block_1_106' title="bbox 272 5814 854 5886">
    <p class='ocr_par' dir='ltr' id='par_1_106' title="bbox 272 5814 854 5886">
     <span class='ocr_line' id='line_1_106' title="bbox 272 5814 854 5886; baseline -0.003 -18"><span class='ocrx_word' id='word_1_728' title='bbox 272 5817 447 5886; x_wconf 83' lang='lat' dir='ltr'><strong><em>plosa.</em></strong></span> <span class='ocrx_word' id='word_1_729' title='bbox 478 5814 594 5880; x_wconf 85' lang='lat' dir='ltr'><strong><em>Quo</em></strong></span> <span class='ocrx_word' id='word_1_730' title='bbox 621 5814 854 5880; x_wconf 83' lang='lat' dir='ltr'><strong><em>recitato,</em></strong></span> 
     </span>
    </p>
   </div>
   <div class='ocr_carea' id='block_1_107' title="bbox 1980 4681 2816 4751">
    <p class='ocr_par' dir='ltr' id='par_1_107' title="bbox 1980 4681 2816 4751">
     <span class='ocr_line' id='line_1_107' title="bbox 1980 4681 2816 4751; baseline 0 -15"><span class='ocrx_word' id='word_1_731' title='bbox 1980 4681 2141 4736; x_wconf 87' lang='lat' dir='ltr'><strong><em>etiam</em></strong></span> <span class='ocrx_word' id='word_1_732' title='bbox 2177 4683 2261 4736; x_wconf 84' lang='lat' dir='ltr'><strong><em>illa</em></strong></span> <span class='ocrx_word' id='word_1_733' title='bbox 2301 4682 2545 4751; x_wconf 85' lang='lat' dir='ltr'><strong><em>patimini</em></strong></span> <span class='ocrx_word' id='word_1_734' title='bbox 2580 4683 2816 4738; x_wconf 87' lang='lat' dir='ltr'><strong><em>recitari.</em></strong></span> 
     </span>
    </p>
   </div>
   <div class='ocr_carea' id='block_1_108' title="bbox 2055 4773 3577 4848">
    <p class='ocr_par' dir='ltr' id='par_1_108' title="bbox 2055 4773 3577 4848">
     <span class='ocr_line' id='line_1_108' title="bbox 2055 4773 3577 4848; baseline 0.004 -20"><span class='ocrx_word' id='word_1_735' title='bbox 2055 4775 2175 4830; x_wconf 79' lang='lat'><strong><em>185.</em></strong></span> <span class='ocrx_word' id='word_1_736' title='bbox 2211 4773 2498 4829; x_wconf 83' lang='lat' dir='ltr'><strong><em>Pctilianus</em></strong></span> <span class='ocrx_word' id='word_1_737' title='bbox 2537 4777 2812 4845; x_wconf 79' lang='lat' dir='ltr'><strong><em>episcOpus</em></strong></span> <span class='ocrx_word' id='word_1_738' title='bbox 2874 4777 3024 4831; x_wconf 88' lang='lat' dir='ltr'><strong><em>dixit.</em></strong></span> <span class='ocrx_word' id='word_1_739' title='bbox 3062 4775 3261 4833; x_wconf 87' lang='lat' dir='ltr'><strong><em>Contra</em></strong></span> <span class='ocrx_word' id='word_1_740' title='bbox 3293 4779 3391 4832; x_wconf 76' lang='lat' dir='ltr'><strong><em>ista</em></strong></span> <span class='ocrx_word' id='word_1_741' title='bbox 3439 4793 3577 4848; x_wconf 67' lang='lat' dir='ltr'><strong><em>prte-</em></strong></span> 
     </span>
    </p>
   </div>
   <div class='ocr_carea' id='block_1_109' title="bbox 1980 4869 3575 4944">
    <p class='ocr_par' dir='ltr' id='par_1_109' title="bbox 1980 4869 3575 4944">
     <span class='ocr_line' id='line_1_109' title="bbox 1980 4869 3575 4944; baseline 0.004 -19"><span class='ocrx_word' id='word_1_742' title='bbox 1980 4872 2179 4925; x_wconf 86' lang='lat' dir='ltr'><strong><em>scribo.</em></strong></span> <span class='ocrx_word' id='word_1_743' title='bbox 2210 4870 2264 4924; x_wconf 89' lang='lat' dir='ltr'><strong><em>Si</em></strong></span> <span class='ocrx_word' id='word_1_744' title='bbox 2292 4869 2522 4924; x_wconf 89' lang='lat' dir='ltr'><strong><em>forensis</em></strong></span> <span class='ocrx_word' id='word_1_745' title='bbox 2552 4881 2636 4925; x_wconf 89' lang='lat' dir='ltr'><strong><em>est</em></strong></span> <span class='ocrx_word' id='word_1_746' title='bbox 2657 4873 2833 4932; x_wconf 84' lang='lat' dir='ltr'><strong><em>actio.</em></strong></span> <span class='ocrx_word' id='word_1_747' title='bbox 2868 4873 3029 4942; x_wconf 87' lang='lat' dir='ltr'><strong><em>hujus</em></strong></span> <span class='ocrx_word' id='word_1_748' title='bbox 3069 4873 3326 4944; x_wconf 90' lang='lat' dir='ltr'><strong><em>temporis</em></strong></span> <span class='ocrx_word' id='word_1_749' title='bbox 3355 4890 3575 4932; x_wconf 87' lang='lat' dir='ltr'><strong><em>causam</em></strong></span> 
     </span>
    </p>
   </div>
   <div class='ocr_carea' id='block_1_110' title="bbox 1979 4963 3577 5039">
    <p class='ocr_par' dir='ltr' id='par_1_110' title="bbox 1979 4963 3577 5039">
     <span class='ocr_line' id='line_1_110' title="bbox 1979 4963 3577 5039; baseline 0.006 -21"><span class='ocrx_word' id='word_1_750' title='bbox 1979 4963 2168 5018; x_wconf 89' lang='lat' dir='ltr'><strong><em>audire</em></strong></span> <span class='ocrx_word' id='word_1_751' title='bbox 2201 4975 2502 5033; x_wconf 72' lang='lat' dir='ltr'><strong><em>prteceptus</em></strong></span> <span class='ocrx_word' id='word_1_752' title='bbox 2539 4979 2632 5026; x_wconf 87' lang='lat' dir='ltr'><strong><em>es.</em></strong></span> <span class='ocrx_word' id='word_1_753' title='bbox 2675 4964 2758 5018; x_wconf 91' lang='lat' dir='ltr'><strong><em>vir</em></strong></span> <span class='ocrx_word' id='word_1_754' title='bbox 2805 4966 3018 5021; x_wconf 89' lang='lat' dir='ltr'><strong><em>nobilis.</em></strong></span> <span class='ocrx_word' id='word_1_755' title='bbox 3065 4966 3122 5020; x_wconf 88' lang='lat' dir='ltr'><strong><em>Si</em></strong></span> <span class='ocrx_word' id='word_1_756' title='bbox 3170 4968 3490 5039; x_wconf 88' lang='lat' dir='ltr'><strong><em>simpliciter</em></strong></span> <span class='ocrx_word' id='word_1_757' title='bbox 3519 4981 3577 5028; x_wconf 89' lang='lat' dir='ltr'><strong><em>et</em></strong></span> 
     </span>
    </p>
   </div>
   <div class='ocr_carea' id='block_1_111' title="bbox 1977 5059 3575 5134">
    <p class='ocr_par' dir='ltr' id='par_1_111' title="bbox 1977 5059 3575 5134">
     <span class='ocr_line' id='line_1_111' title="bbox 1977 5059 3575 5134; baseline 0.004 -20"><span class='ocrx_word' id='word_1_758' title='bbox 1977 5059 2347 5114; x_wconf 89' lang='lat' dir='ltr'><strong><em>ecclesiastico</em></strong></span> <span class='ocrx_word' id='word_1_759' title='bbox 2395 5074 2547 5113; x_wconf 91' lang='lat' dir='ltr'><strong><em>more</em></strong></span> <span class='ocrx_word' id='word_1_760' title='bbox 2593 5074 2680 5114; x_wconf 87' lang='lat' dir='ltr'><strong><em>res</em></strong></span> <span class='ocrx_word' id='word_1_761' title='bbox 2728 5059 2972 5131; x_wconf 89' lang='lat' dir='ltr'><strong><em>geritur,</em></strong></span> <span class='ocrx_word' id='word_1_762' title='bbox 3019 5062 3353 5134; x_wconf 86' lang='lat' dir='ltr'><strong><em>acquiescam</em></strong></span> <span class='ocrx_word' id='word_1_763' title='bbox 3404 5065 3454 5119; x_wconf 90' lang='lat' dir='ltr'><strong><em>in</em></strong></span> <span class='ocrx_word' id='word_1_764' title='bbox 3511 5081 3575 5120; x_wconf 88' lang='lat' dir='ltr'><strong><em>ea</em></strong></span> 
     </span>
    </p>
   </div>
   <div class='ocr_carea' id='block_1_112' title="bbox 1979 5152 3576 5225">
    <p class='ocr_par' dir='ltr' id='par_1_112' title="bbox 1979 5152 3576 5225">
     <span class='ocr_line' id='line_1_112' title="bbox 1979 5152 3576 5225; baseline 0.005 -20"><span class='ocrx_word' id='word_1_765' title='bbox 1979 5168 2102 5223; x_wconf 66' lang='lat' dir='ltr'><strong><em>quae</em></strong></span> <span class='ocrx_word' id='word_1_766' title='bbox 2131 5152 2248 5222; x_wconf 88' lang='lat' dir='ltr'><strong><em>lege</em></strong></span> <span class='ocrx_word' id='word_1_767' title='bbox 2275 5152 2453 5206; x_wconf 88' lang='lat' dir='ltr'><strong><em>divina</em></strong></span> <span class='ocrx_word' id='word_1_768' title='bbox 2495 5153 2875 5222; x_wconf 85' lang='lat' dir='ltr'><strong><em>proferuntur.</em></strong></span> <span class='ocrx_word' id='word_1_769' title='bbox 2907 5154 2990 5209; x_wconf 91' lang='lat' dir='ltr'><strong><em>vel</em></strong></span> <span class='ocrx_word' id='word_1_770' title='bbox 3032 5172 3060 5210; x_wconf 87' lang='lat' dir='ltr'><strong><em>a</em></strong></span> <span class='ocrx_word' id='word_1_771' title='bbox 3094 5173 3214 5225; x_wconf 91' lang='lat' dir='ltr'><strong><em>me,</em></strong></span> <span class='ocrx_word' id='word_1_772' title='bbox 3250 5158 3330 5212; x_wconf 89' lang='lat' dir='ltr'><strong><em>vel</em></strong></span> <span class='ocrx_word' id='word_1_773' title='bbox 3361 5173 3388 5209; x_wconf 90' lang='lat' dir='ltr'><strong><em>a</em></strong></span> <span class='ocrx_word' id='word_1_774' title='bbox 3423 5165 3576 5225; x_wconf 87' lang='lat' dir='ltr'><strong><em>parte</em></strong></span> 
     </span>
    </p>
   </div>
   <div class='ocr_carea' id='block_1_113' title="bbox 1977 5242 3578 5319">
    <p class='ocr_par' dir='ltr' id='par_1_113' title="bbox 1977 5242 3578 5319">
     <span class='ocr_line' id='line_1_113' title="bbox 1977 5242 3578 5319; baseline 0.004 -20"><span class='ocrx_word' id='word_1_775' title='bbox 1977 5245 2214 5299; x_wconf 84' lang='lat' dir='ltr'><strong><em>diversa.</em></strong></span> <span class='ocrx_word' id='word_1_776' title='bbox 2262 5242 2317 5300; x_wconf 94' lang='lat' dir='ltr'><strong><em>Si</em></strong></span> <span class='ocrx_word' id='word_1_777' title='bbox 2363 5257 2542 5300; x_wconf 90' lang='lat' dir='ltr'><strong><em>autem</em></strong></span> <span class='ocrx_word' id='word_1_778' title='bbox 2589 5261 2862 5313; x_wconf 74' lang='lat' dir='ltr'><strong><em>annosus,</em></strong></span> <span class='ocrx_word' id='word_1_779' title='bbox 2905 5248 3258 5319; x_wconf 85' lang='lat' dir='ltr'><strong><em>antiquasque</em></strong></span> <span class='ocrx_word' id='word_1_780' title='bbox 3300 5248 3578 5305; x_wconf 87' lang='lat' dir='ltr'><strong><em>chartulas</em></strong></span> 
     </span>
    </p>
   </div>
   <div class='ocr_carea' id='block_1_114' title="bbox 1978 5337 3577 5413">
    <p class='ocr_par' dir='ltr' id='par_1_114' title="bbox 1978 5337 3577 5413">
     <span class='ocr_line' id='line_1_114' title="bbox 1978 5337 3577 5413; baseline 0.004 -21"><span class='ocrx_word' id='word_1_781' title='bbox 1978 5337 2203 5406; x_wconf 90' lang='lat' dir='ltr'><strong><em>cupiunt</em></strong></span> <span class='ocrx_word' id='word_1_782' title='bbox 2233 5339 2461 5394; x_wconf 84' lang='lat' dir='ltr'><strong><em>recitare</em></strong></span> <span class='ocrx_word' id='word_1_783' title='bbox 2481 5380 2494 5404; x_wconf 88' lang='lat'><strong><em>,</em></strong></span> <span class='ocrx_word' id='word_1_784' title='bbox 2530 5339 2704 5394; x_wconf 86' lang='lat' dir='ltr'><strong><em>habeo</em></strong></span> <span class='ocrx_word' id='word_1_785' title='bbox 2735 5357 2832 5411; x_wconf 91' lang='lat' dir='ltr'><strong><em>pro</em></strong></span> <span class='ocrx_word' id='word_1_786' title='bbox 2866 5355 2954 5396; x_wconf 92' lang='lat' dir='ltr'><strong><em>me</em></strong></span> <span class='ocrx_word' id='word_1_787' title='bbox 2981 5341 3180 5394; x_wconf 86' lang='lat' dir='ltr'><strong><em>validas</em></strong></span> <span class='ocrx_word' id='word_1_788' title='bbox 3212 5343 3577 5413; x_wconf 55' lang='lat' dir='ltr'><strong><em>praiscriptio-</em></strong></span> 
     </span>
    </p>
   </div>
   <div class='ocr_carea' id='block_1_115' title="bbox 1983 5431 3576 5505">
    <p class='ocr_par' dir='ltr' id='par_1_115' title="bbox 1983 5431 3576 5505">
     <span class='ocr_line' id='line_1_115' title="bbox 1983 5431 3576 5505; baseline 0.005 -21"><span class='ocrx_word' id='word_1_789' title='bbox 1983 5446 2115 5497; x_wconf 65' lang='lat' dir='ltr'><strong><em>nos,</em></strong></span> <span class='ocrx_word' id='word_1_790' title='bbox 2146 5433 2317 5487; x_wconf 91' lang='lat' dir='ltr'><strong><em>recito</em></strong></span> <span class='ocrx_word' id='word_1_791' title='bbox 2345 5431 2474 5487; x_wconf 91' lang='lat' dir='ltr'><strong><em>illud</em></strong></span> <span class='ocrx_word' id='word_1_792' title='bbox 2501 5445 2713 5500; x_wconf 90' lang='lat' dir='ltr'><strong><em>tempus</em></strong></span> <span class='ocrx_word' id='word_1_793' title='bbox 2750 5432 2906 5502; x_wconf 90' lang='lat' dir='ltr'><strong><em>cujus</em></strong></span> <span class='ocrx_word' id='word_1_794' title='bbox 2933 5435 3326 5489; x_wconf 88' lang='lat' dir='ltr'><strong><em>contestatione</em></strong></span> <span class='ocrx_word' id='word_1_795' title='bbox 3356 5446 3576 5505; x_wconf 64' lang='lat' dir='ltr'><strong><em>praeter-</em></strong></span> 
     </span>
    </p>
   </div>
   <div class='ocr_carea' id='block_1_116' title="bbox 1982 5526 3575 5598">
    <p class='ocr_par' dir='ltr' id='par_1_116' title="bbox 1982 5526 3575 5598">
     <span class='ocr_line' id='line_1_116' title="bbox 1982 5526 3575 5598; baseline 0.004 -18"><span class='ocrx_word' id='word_1_796' title='bbox 1982 5527 2296 5581; x_wconf 89' lang='lat' dir='ltr'><strong><em>missionem</em></strong></span> <span class='ocrx_word' id='word_1_797' title='bbox 2325 5526 2541 5581; x_wconf 86' lang='lat' dir='ltr'><strong><em>interim</em></strong></span> <span class='ocrx_word' id='word_1_798' title='bbox 2572 5526 2694 5580; x_wconf 87' lang='lat' dir='ltr'><strong><em>feci.</em></strong></span> <span class='ocrx_word' id='word_1_799' title='bbox 2725 5527 2960 5598; x_wconf 86' lang='lat' dir='ltr'><strong><em>Lapsum</em></strong></span> <span class='ocrx_word' id='word_1_800' title='bbox 2987 5543 3143 5583; x_wconf 82' lang='lat' dir='ltr'><strong><em>eauSa</em></strong></span> <span class='ocrx_word' id='word_1_801' title='bbox 3177 5531 3430 5596; x_wconf 88' lang='lat' dir='ltr'><strong><em>incurrit,</em></strong></span> <span class='ocrx_word' id='word_1_802' title='bbox 3467 5547 3575 5587; x_wconf 87' lang='lat' dir='ltr'><strong><em>non</em></strong></span> 
     </span>
    </p>
   </div>
   <div class='ocr_carea' id='block_1_117' title="bbox 1977 5617 3572 5695">
    <p class='ocr_par' dir='ltr' id='par_1_117' title="bbox 1977 5617 3572 5695">
     <span class='ocr_line' id='line_1_117' title="bbox 1977 5617 3572 5695; baseline 0.006 -25"><span class='ocrx_word' id='word_1_803' title='bbox 1977 5629 2152 5688; x_wconf 76' lang='lat' dir='ltr'><strong><em>potest</em></strong></span> <span class='ocrx_word' id='word_1_804' title='bbox 2195 5634 2382 5674; x_wconf 90' lang='lat' dir='ltr'><strong><em>rursus</em></strong></span> <span class='ocrx_word' id='word_1_805' title='bbox 2437 5618 2630 5673; x_wconf 89' lang='lat' dir='ltr'><strong><em>audiri.</em></strong></span> <span class='ocrx_word' id='word_1_806' title='bbox 2676 5617 2741 5672; x_wconf 81' lang='lat' dir='ltr'><strong><em>Et</em></strong></span> <span class='ocrx_word' id='word_1_807' title='bbox 2785 5621 2891 5673; x_wconf 88' lang='lat' dir='ltr'><strong><em>alia</em></strong></span> <span class='ocrx_word' id='word_1_808' title='bbox 2921 5637 3099 5675; x_wconf 89' lang='lat' dir='ltr'><strong><em>manu.</em></strong></span> <span class='ocrx_word' id='word_1_809' title='bbox 3131 5622 3424 5678; x_wconf 88' lang='lat' dir='ltr'><strong><em>Petilianus</em></strong></span> <span class='ocrx_word' id='word_1_810' title='bbox 3453 5625 3572 5695; x_wconf 87' lang='lat' dir='ltr'><strong><em>epi-</em></strong></span> 
     </span>
    </p>
   </div>
   <div class='ocr_carea' id='block_1_118' title="bbox 1977 5710 3574 5788">
    <p class='ocr_par' dir='ltr' id='par_1_118' title="bbox 1977 5710 3574 5788">
     <span class='ocr_line' id='line_1_118' title="bbox 1977 5710 3574 5788; baseline 0.002 -20"><span class='ocrx_word' id='word_1_811' title='bbox 1977 5726 2175 5781; x_wconf 86' lang='lat' dir='ltr'><strong><em>seopus</em></strong></span> <span class='ocrx_word' id='word_1_812' title='bbox 2205 5715 2355 5768; x_wconf 85' lang='lat' dir='ltr'><strong><em>salva</em></strong></span> <span class='ocrx_word' id='word_1_813' title='bbox 2387 5710 2748 5785; x_wconf 83' lang='lat' dir='ltr'><strong><em>appellatione</em></strong></span> <span class='ocrx_word' id='word_1_814' title='bbox 2780 5717 3087 5786; x_wconf 89' lang='lat' dir='ltr'><strong><em>recognovi.</em></strong></span> <span class='ocrx_word' id='word_1_815' title='bbox 3121 5718 3433 5788; x_wconf 79' lang='lat' dir='ltr'><strong><em>Augustinus</em></strong></span> <span class='ocrx_word' id='word_1_816' title='bbox 3463 5719 3574 5788; x_wconf 82' lang='lat' dir='ltr'><strong><em>epi-</em></strong></span> 
     </span>
    </p>
   </div>
   <div class='ocr_carea' id='block_1_119' title="bbox 1979 5807 3576 5886">
    <p class='ocr_par' dir='ltr' id='par_1_119' title="bbox 1979 5807 3576 5886">
     <span class='ocr_line' id='line_1_119' title="bbox 1979 5807 3576 5886; baseline 0.004 -26"><span class='ocrx_word' id='word_1_817' title='bbox 1979 5823 2164 5876; x_wconf 83' lang='lat' dir='ltr'><strong><em>scopus</em></strong></span> <span class='ocrx_word' id='word_1_818' title='bbox 2206 5807 2448 5863; x_wconf 70' lang='lat' dir='ltr'><strong><em>Ecclesia!</em></strong></span> <span class='ocrx_word' id='word_1_819' title='bbox 2495 5810 2944 5886; x_wconf 17' lang='lat' dir='ltr'><strong><em>catholicatgdixit.</em></strong></span> <span class='ocrx_word' id='word_1_820' title='bbox 2986 5809 3226 5866; x_wconf 89' lang='lat' dir='ltr'><strong><em>Crimina</em></strong></span> <span class='ocrx_word' id='word_1_821' title='bbox 3273 5811 3576 5869; x_wconf 82' lang='lat' dir='ltr'><strong><em>traditionis</em></strong></span> 
     </span>
    </p>
   </div>
  </div>
