3996 6332
471 269 490 322 1
508 270 609 322 595

1417 267 1642 325 ossrn
1686 265 2143 327 (τοιιΑτιοκιε
2179 247 2802 334 [ἶΑῐίἹΊΙΛϐΙΝΕΝΒῘὸ.

3665 281 3772 341 593

465 386 746 456 objiciunt.
786 383 848 440 Et
879 387 982 440 alio
1027 395 1202 440 mrum.
1253 384 1580 456 Recognovl.
1627 379 1916 441 Petiliunus
1961 389 2071 458 epi-
2095 403 2148 464 Α
2176 401 2336 460 sunt,
2363 391 2652 462 jtttllcandu
2675 406 2758 451 est
2787 394 3032 453 Ecclesia
3065 399 3159 454 Dei
3183 400 3389 470 perisse
3418 420 3431 456 :
3463 397 3558 456 sed
3592 407 3772 460 tamen

471 491 656 550 scapus
681 479 832 533 dixit.
863 477 976 534 Hoc
1004 495 1182 535 causa:
1212 488 1315 533 est.
1347 476 1414 532 Et
1435 479 1539 534 alia
1565 489 1741 533 inanu.
1767 479 2069 535 Petilianus

437 573 760 643 ‘episcopus
805 571 951 626 salva
995 571 1364 642 appellatione
1404 571 1713 642 recognovi.
1755 571 2068 643 Augustinus

474 667 745 736 episcopus
777 663 1024 719 Ecclesia
1045 665 1310 720 catholica:
1340 666 1488 719 dixit.
1525 664 1709 720 Redde
1735 663 1942 730 vicem,
1973 679 2068 718 au-

385 789 390 800 -
472 759 617 815 ditus
638 771 729 827 es,
765 771 887 814 cum
921 759 1362 829 prosequereris,
1392 757 1548 813 nobis
1579 757 1924 827 patientibus.
1952 757 2068 811 Cri-

469 854 612 910 mina
661 851 964 909 traditionis
1016 851 1276 908 Ecclesia:
1320 861 1482 924 quam
1533 857 1785 907 tenemus
1825 851 2067 920 objicere

467 954 887 1002 consueverunt.
923 944 988 999 Et
1034 945 1140 999 alia
1184 959 1362 1000 manu.
1412 944 1741 1015 Rccognovi.
1779 942 2067 998 Petilianus

470 1040 739 1113 episcOpus
775 1033 926 1092 dixit.
961 1037 1232 1108 Legaliler
1257 1038 1400 1108 agit,
1437 1052 1504 1091 an
1542 1050 1694 1091 more
1723 1035 1967 1090 forensi?
1996 1033 2067 1090 Et

467 1133 575 1187 alia
605 1141 778 1186 tuauu.
810 1129 1108 1187 Petilianus
1137 1131 1423 1201 episcopus
1448 1129 1761 1201 recognovi.
1797 1127 2068 1183 Possidius

471 1227 738 1297 episcopus
771 1221 1016 1279 Ecclesiie
1041 1223 1308 1277 catholica:
1350 1223 1503 1276 dixit.
1536 1221 1690 1276 Prior
1719 1221 1931 1276 chartas
1971 1220 2068 1276 ob-

470 1319 663 1374 tulisti.
691 1315 758 1372 Et
788 1318 894 1372 alia
921 1333 1096 1373 manu.
1119 1315 1449 1386 Recognovi.
1484 1313 1768 1371 Petitiauus
1799 1316 2068 1387 episcOpus

474 1415 626 1468 dixit.
674 1411 860 1468 iiedde
906 1413 1033 1466 mihi
1087 1419 1318 1482 tctnpus.
1366 1410 1676 1467 Calculetur
1723 1411 1959 1466 officium
2000 1408 2068 1467 de

477 1509 841 1580 temporibus,
874 1517 1052 1562 utrum
1087 1506 1351 1562 hodierna
1385 1506 1473 1563 die
1503 1521 1663 1563 causa
1694 1506 1920 1562 dicenda
1958 1507 2066 1574 sit,

476 1607 520 1660 si
553 1603 620 1659 ad
658 1603 904 1658 forenses
933 1599 1313 1657 descendimus
1353 1601 1616 1656 actiones.
1651 1593 1718 1654 Et
1747 1600 1853 1654 alia
1894 1615 2072 1654 manu.

479 1697 779 1751 Petilianus
827 1696 1114 1766 episcopus
1163 1694 1528 1764 appellatione
1575 1691 1830 1747 incolumi
1877 1697 2071 1763 ‘recog-

475 1803 622 1844 ﬂOVl.

557 1877 685 1938 184.
719 1879 1052 1937 Marcellinus
1080 1880 1158 1936 uir
1181 1877 1494 1935 clarissimus
1521 1879 1753 1934 tribunus
1773 1888 1818 1934 et
1846 1878 2077 1934 notarius

472 1976 619 2034 dixit.
654 1975 834 2031 Etiam
865 1984 1038 2031 vestra
1081 1973 1342 2030 sanctitas
1389 1974 1440 2028 iu
1489 1974 1590 2029 hac
1634 1983 1792 2045 parte
1829 1973 2076 2044 judicare

475 2071 716 2126 deberet.
745 2069 971 2125 Constat
1012 2069 1156 2124 enim
1188 2083 1255 2123 ex
1283 2081 1550 2122 consensu
1597 2066 1876 2137 utriusque
1906 2068 2076 2137 partis

470 2155 732 2235 judicium
758 2159 924 2218 fuisse
949 2159 1196 2216 dilatum.
1222 2162 1329 2216 Cur
1352 2175 1492 2214 nunc
1514 2159 1789 2230 superfluo
1815 2161 2076 2232 temporis

475 2257 950 2328 praescriptionem
983 2254 1340 2326 objiciendam
1371 2269 1491 2310 esse
1523 2253 1774 2321 creditis,
1799 2269 1920 2310 cum
1951 2269 2072 2310 eam

474 2362 689 2410 constet
714 2367 778 2410 ex
811 2369 1078 2409 consensu
1111 2352 1344 2423 partium
1382 2351 1551 2408 fuisse
1581 2351 1889 2408 seclusam?
1919 2351 2074 2408 Unde

473 2465 616 2506 nunc
661 2465 724 2504 ea
761 2466 883 2521 qua:
909 2449 977 2504 ad
1023 2463 1240 2504 causam
1282 2447 1554 2519 pertinent
1581 2489 1595 2514 ,
1641 2445 1826 2517 peragi
1871 2444 2073 2502 debere

471 2543 820 2600 manifestum
849 2551 954 2601 est.

543 2637 707 2710 308
737 2638 860 2693 185.
897 2635 1186 2692 Pctitiauus
1212 2636 1482 2709 episwpus
1513 2633 1666 2690 dixit.
1697 2633 1830 2703 Quia
1871 2632 1975 2706 ipsi
2012 2649 2072 2690 se

471 2732 539 2788 ad
593 2732 829 2788 forensia
878 2732 1267 2797 contulerunt,
1315 2729 1440 2786 ideo
1489 2727 1726 2787 forensia
1773 2729 2066 2800 postulavi.

433 2837 436 2840 ‘
467 2823 881 2894 Respondeatur
904 2824 1033 2879 mihi
1057 2823 1122 2879 ad
1151 2837 1213 2879 ea
1245 2839 1366 2894 qum
1399 2822 1635 2894 postulo.
1665 2821 1888 2878 Forensi
1919 2833 2072 2878 more
2118 2857 2122 2862 -

472 2917 615 2989 agit,
646 2927 712 2972 an
757 2915 1167 2973 ecclesiastico?
1190 2913 1254 2971 Et
1284 2917 1388 2971 alia
1415 2931 1588 2972 manu.
1644 2915 1936 2974 Petilianus
1959 2918 2075 2989 epi-

472 3024 673 3080 scopus
713 3000 1077 3080 appellatione
1107 3009 1363 3064 incolumi
1398 3009 1704 3079 recognovi.

545 3103 670 3158 186.
706 3097 1045 3157 Marcellinus
1075 3102 1151 3156 vir
1175 3103 1495 3157 clarissimus
1518 3103 1749 3157 tribunus
1778 3112 1822 3157 et
1841 3103 2070 3159 notarius

2175 484 2338 539 etiam
2366 486 2606 555 ipsorum
2633 503 2851 544 causam
2893 498 3165 561 tamquam
3203 493 3429 548 fratrum
3461 503 3774 552 nostrorum

2175 578 2529 648 suscipimus,
2569 590 2622 636 et
2653 583 2697 637 si
2731 583 2883 639 nobis
2916 587 3127 641 ostendi
3156 589 3428 658 potuerint
3457 587 3739 646 criminosi
3761 636 3774 659 ,

2177 670 2340 728 hodie
2381 673 2502 729 illos
2533 677 2979 742 anathemamus;
3021 695 3126 736 non
3175 691 3354 738 tamen
3395 695 3623 755 propter
3661 686 3778 742 illos

2176 761 2476 822 Ecclesiam
2509 784 2537 822 a
2569 769 2678 825 Deo
2697 772 3018 840 promissam
3057 786 3112 829 et
3141 773 3436 831 exhibitam
3469 776 3780 834 deserimus
3829 837 3834 843 ,

2176 867 2266 913 aut
2299 860 2671 932 relinquimus.
2708 861 2814 934 Ipsi
2851 880 2981 936 ergo
3005 866 3206 937 eligant
3231 867 3375 938 quod
3408 869 3626 924 volunt.
3662 868 3780 927 Non

2176 950 2436 1020 objiciunt
2461 953 2689 1010 crimina
2730 955 3037 1013 hominibus
3063 1001 3076 1024 ,
3121 963 3175 1014 et
3219 959 3422 1016 chartae
3459 962 3778 1017 cessabunt.

2174 1043 2300 1100 Sola
2339 1045 2518 1101 divina
2549 1049 2796 1117 loquetur
2821 1051 3149 1118 auctoritas;
3181 1055 3294 1108 sola
3324 1055 3414 1108 Dei
3448 1055 3734 1124 Scriptura
3764 1098 3778 1124 ,

2177 1136 2262 1191 cui
2288 1138 2500 1210 utrique
2530 1138 2840 1207 subdimur,
2868 1145 2918 1198 in
2952 1144 3188 1201 medium
3213 1146 3541 1216 proferetbr.
3573 1147 3642 1202 Et
3673 1151 3782 1204 alia

2177 1246 2354 1284 manu.
2389 1231 2715 1305 Recoguovi.
2745 1236 3082 1295 Marcellinus
3103 1241 3178 1295 vir
3201 1243 3514 1298 clarissimus
3541 1245 3784 1301 tribunus

2177 1331 2225 1376 ct
2253 1325 2484 1380 notarius
2511 1327 2662 1382 dixit.
2697 1328 2833 1399 Quid
2866 1331 3099 1388 refertur
3125 1333 3248 1389 liis?

2254 1416 2374 1472 188.
2410 1415 2672 1474 Emeritus
2712 1424 2985 1494 episcopus
3017 1427 3177 1494 partis
3221 1425 3415 1482 Donati
3454 1429 3608 1484 dixit.
3648 1429 3787 1486 Pro-

2179 1509 2301 1565 lixae
2329 1513 2560 1568 orationi
2591 1517 2923 1588 respondere
2951 1535 3059 1574 non
3097 1534 3337 1590 possum.
3380 1521 3587 1578 Tamen
3631 1540 3786 1580 sum-

2179 1605 2364 1660 matim
2387 1649 2402 1675 ,
2435 1615 2491 1662 ut
2526 1609 2709 1677 valeo,
2758 1627 2877 1683 qua:
2923 1614 3197 1684 superflue
3240 1616 3290 1670 in
3319 1615 3584 1686 judicium
3615 1620 3784 1674 missa

2178 1704 2306 1752 sunt
2327 1699 2617 1768 ventilabo,
2637 1717 2757 1757 cum
2780 1704 3087 1773 aptationes
3110 1721 3138 1760 a
3156 1709 3355 1763 nostris
3381 1709 3628 1780 partibus
3657 1727 3787 1782 pro-

2104 1811 2153 1872 Β
2183 1792 2388 1860 positas
2418 1807 2485 1848 ne
2512 1794 2597 1850 vel
2636 1796 2926 1853 reiectione
2953 1799 3321 1868 confundant,
3362 1809 3422 1856 ut
3461 1815 3642 1874 neque
3681 1821 3779 1861 ve-

2185 1883 2286 1937 lint
2315 1899 2436 1940 esse
2466 1885 2722 1956 petitores
2742 1929 2756 1954 ,
2785 1904 2960 1961 neque
2996 1906 3056 1947 se
3085 1891 3267 1948 dicant
3305 1909 3664 1966 responsores
3687 1897 3786 1952 ad-

2181 1982 2359 2043 stare,
2395 1978 2782 2052 intulerintque
2809 1984 3006 2039 nostris
3030 1986 3272 2054 partibus
3305 1992 3744 2059 prosecutionem
3764 2035 3781 2059 ,

2182 2077 2243 2123 ut
2281 2069 2324 2124 si
2359 2069 2591 2127 forensis
2631 2074 2831 2144 regula:
2859 2075 3108 2132 ordinem
3144 2086 3359 2148 tenent,
3393 2082 3783 2141 cenditionalis

2179 2160 2288 2217 diei
2334 2177 2441 2218 non
2495 2166 2744 2221 omittam
2797 2169 3024 2226 internis
3071 2172 3320 2228 sensibus
3365 2174 3681 2240 notionem;
3735 2178 3783 2233 si

2179 2261 2358 2310 autem
2396 2256 2655 2328 legalibus
2681 2260 2850 2332 magis
2879 2263 3103 2332 cupiunt
3130 2264 3182 2318 in
3205 2263 3408 2335 judicio
3431 2267 3741 2324 c0nluctari
3761 2313 3777 2338 ,

2188 2347 2388 2403 divinis
2416 2349 2712 2421 Scripturis
2754 2363 2854 2409 nos
2899 2353 2981 2410 eis
3022 2371 3246 2412 necesse
3292 2366 3376 2414 est
3420 2362 3779 2431 respondere.

2178 2442 2418 2498 Primum
2463 2453 2546 2500 est
2587 2456 2767 2501 alitem
2808 2448 2950 2519 quod
2995 2449 3046 2504 in
3091 2450 3296 2521 judicio
3336 2454 3679 2524 flagitamus,
3723 2465 3782 2512 ut

2177 2541 2430 2611 quoniam
2460 2542 2526 2598 de
2555 2543 2930 2600 mandatorum
2978 2561 3204 2602 suorum
3241 2549 3566 2621 allegatione
3598 2552 3654 2607 in
3691 2553 3782 2622 ju-

2176 2633 2318 2689 dicio
2347 2636 2640 2703 vacillant,
2679 2639 2880 2708 quippe
2920 2654 3044 2695 cum
3093 2655 3256 2697 unum
3305 2643 3582 2716 legentes,
3629 2646 3778 2702 aliud

2178 2736 2410 2797 negent,
2462 2727 2753 2799 dicantque
2793 2738 2970 2786 tamen
3015 2746 3075 2788 se
3117 2733 3322 2805 legatos
3361 2735 3429 2790 ad
3463 2735 3778 2806 imperiales

2175 2834 2333 2874 aures
2359 2821 2662 2878 destinasse
2697 2832 2852 2880 antea
2874 2866 2889 2891 ,
2922 2833 3277 2898 secutumque
3314 2835 3400 2884 est
3437 2829 3734 2886 identidem
3757 2873 3772 2898 ,

2174 2920 2235 2968 ut
2287 2929 2351 2968 ex
2409 2919 2758 2985 responsione
2814 2925 3089 2988 gestorum
3143 2921 3377 2977 dilucide
3430 2923 3719 2980 claruisset
3750 2968 3767 2992 ,

2175 3014 2354 3061 utrum
2397 3022 2494 3062 nos
2535 3009 2923 3078 inquietatores
2961 3025 3238 3078 essemus,
3276 3016 3658 3087 an‘jnqnietati
3707 3018 3770 3073 ad

2167 3099 2429 3170 judicium
2463 3102 2767 3157 veniremus
2789 3145 2802 3169 ,
2835 3103 2920 3160 his
2946 3113 3023 3160 tot
3053 3107 3513 3177 propositionibus
3543 3127 3769 3184 respou-

471 3197 623 3253 dixit.
675 3195 1089 3268 Respondeatdr
1131 3197 1376 3268 objectis.
1430 3196 1747 3270 Augustinus
1797 3201 2066 3267 episcopus
2093 3213 2138 3275 (ς
2173 3195 2304 3250 dere
2333 3195 2577 3250 nolentes
2600 3238 2614 3262 ,
2644 3197 2708 3251 ad
2740 3198 2841 3252 alia
2875 3214 2934 3253 se
2961 3202 3142 3255 nescio
3169 3217 3270 3272 qua
3299 3208 3769 3275 argumentatione

468 3294 713 3348 Ecclesia:
739 3291 1005 3348 catholica:
1027 3291 1177 3347 dixit.
1211 3291 1268 3347 Si
1300 3294 1594 3362 patiantur,
1623 3292 1876 3348 Ecclesia:
1902 3305 2062 3364 quam

472 3399 714 3445 tenemus
742 3385 906 3461 (sicut
937 3397 1127 3442 omnes
1155 3393 1420 3440 noverunt
1443 3427 1457 3450 ,
1491 3399 1721 3454 quorum
1745 3385 1919 3441 solent
1948 3386 2065 3440 aui-

468 3498 584 3536 mos
633 3484 745 3536 suis
791 3480 1084 3535 sollicitare
1133 3479 1608 3535 criminationibus
1634 3523 1648 3546 ,
1689 3491 1744 3535 et
1783 3482 1944 3535 etiam
1979 3481 2060 3534 sui

468 3565 704 3627 mandati
766 3583 954 3628 tenore
985 3570 1402 3642 declararunt);
1439 3572 1699 3627 Ecclesia:
1725 3612 1739 3638 ,
1799 3573 2013 3642 iuquatu
2044 3615 2059 3640 ,

466 3675 628 3734 quam
658 3674 936 3729 tenemus,
971 3663 1200 3719 crimina
1231 3665 1409 3719 soli-nt
1445 3665 1758 3720 traditionis
1797 3665 2056 3736 objiccre.

469 3755 535 3813 Et
570 3759 674 3812 alia
711 3767 885 3813 manu.
920 3759 1247 3829 liceoguovi.
1280 3757 1568 3815 Petilianus
1597 3761 1865 3832 episcopus
1897 3761 2062 3828 partis

465 3847 658 3906 Donati
689 3849 838 3906 dixit.
875 3850 1235 3906 Profiteantur
1268 3849 1332 3906 ad
1368 3853 1611 3922 quaesita.
1657 3849 2058 3906 Professionem

465 3943 782 4014 petivimus,
817 3958 920 3998 non
951 3943 1283 3999 conflictum.
1324 3942 1388 3998 Et
1418 3943 1522 3998 alia
1553 3958 1727 3997 manu.
1762 3925 2062 3998 Politianus

464 4038 751 4107 episcopus
777 4034 1140 4106 appellatione
1168 4036 1427 4091 incolumi
1453 4037 1766 4106 recognovi.

535 4129 658 4186 187.
693 4131 1007 4203 Augustinus
1038 4132 1308 4200 episwpus
1340 4123 1588 4183 Ecclesia:
1617 4127 1884 4183 catholicw
1905 4128 2054 4184 dixit.

465 4222 521 4278 Si
576 4219 768 4278 horum
817 4223 1104 4277 criminum
1149 4217 1416 4291 jacturam
1457 4219 1701 4288 faciunt,
1749 4221 1816 4277 de
1855 4213 2058 4278 chartis

464 4317 691 4388 publicis
719 4315 851 4373 nihil
884 4315 1228 4388 proferimus.
1259 4315 1313 4373 Si
1341 4325 1521 4371 autem
1564 4317 1614 4370 in
1648 4315 1837 4371 eadem
1867 4315 2056 4372 crimi-

463 4410 684 4465 natione
728 4411 1067 4479 persistuut,
1098 4408 1301 4464 chartis
1343 4408 1572 4480 publicis
1612 4409 1872 4466 docemus
1917 4411 2056 4466 hanc

461 4513 680 4557 causam
718 4503 845 4558 olim
875 4518 996 4558 esse
1034 4501 1272 4571 finitam,
1306 4515 1406 4557 nec
1435 4509 1614 4557 tamen
1643 4517 1738 4558 eos
1767 4503 1834 4558 ab
1865 4501 2056 4573 hujus-

2172 3287 2466 3357 dejiciunt,
2510 3305 2728 3358 quaeso,
2763 3292 2845 3346 vir
2877 3293 3108 3361 nobilis,
3143 3298 3482 3352 constituant
3506 3301 3763 3369 gradum,

2170 3379 2353 3454 dicant
2392 3397 2452 3438 se
2494 3397 2600 3452 quo
2630 3382 2822 3438 ordine
2852 3400 3023 3455 quave
3054 3387 3269 3444 actione
3297 3390 3348 3442 in
3391 3390 3604 3460 judicio
3644 3408 3767 3447 con-

2169 3473 2382 3530 sistant.
2423 3474 2532 3531 Nos
2563 3477 2738 3544 enim,
2774 3478 2865 3548 qui
2909 3478 3124 3534 adducti
3163 3495 3351 3535 sumus
3396 3482 3462 3537 ad
3496 3485 3763 3556 discepta-

2169 3569 2366 3622 tionem
2389 3609 2403 3634 ,
2441 3567 2684 3638 petitoris
2719 3570 2836 3624 loco
2861 3571 3076 3628 adstare
3118 3585 3223 3628 non
3253 3590 3569 3646 poswmus.
3615 3577 3761 3648 ipsus

2169 3677 2394 3718 necesse
2443 3671 2526 3717 est
2575 3677 2917 3754 proponere,
2965 3676 3022 3722 ut
3067 3683 3253 3724 eorum
3304 3673 3760 3742 propositionibus

2166 3769 2287 3824 pars
2316 3765 2497 3810 nostra
2532 3757 2705 3811 valeat
2733 3760 3082 3828 respuudere.
3114 3761 3176 3815 Et
3213 3762 3318 3817 alia
3343 3780 3521 3820 manu.
3562 3768 3760 3823 Emeri-

2167 3858 2250 3903 tus
2281 3849 2572 3919 episcopus
2594 3850 2740 3905 salva
2768 3853 3129 3922 appellatione
3161 3859 3475 3926 recognovi.

2237 3946 2361 4000 189.
2394 3944 2712 4017 Augustinus
2739 3946 3008 4019 episwpus
3039 3947 3282 4004 Ecclesia:
3309 3954 3577 4008 catholica
3603 3956 3749 4011 dixit.

2163 4039 2218 4094 Si
2262 4039 2505 4108 petitoris
2545 4039 2667 4094 loco
2703 4038 2973 4094 adsistunt
3015 4042 3106 4111 qui
3147 4043 3374 4100 crimina
3418 4047 3629 4118 objecta
3661 4050 3752 4103 de-

2159 4127 2424 4192 fendunt,
2477 4137 2582 4184 tua:
2635 4129 2932 4188 nobilitatis
2977 4139 3063 4188 est
3110 4137 3487 4204 pronuntiare.
3543 4139 3609 4193 Et
3653 4143 3751 4194 alia

2159 4235 2336 4273 manu.
2368 4219 2700 4291 Recognovi.
3209 4244 3214 4246 -

2236 4311 2361 4368 190.
2398 4311 2734 4368 Marcellinus
2772 4315 2851 4368 vir
2893 4315 3208 4372 clarissimus
3239 4319 3478 4376 tribunus
3518 4332 3566 4376 et
3607 4335 3748 4378 nota-

2159 4404 2270 4459 rius
2293 4404 2448 4460 dixit.
2481 4405 2652 4461 Etiam
2686 4407 3067 4476 prosecutione
3095 4409 3194 4464 viri
3241 4415 3570 4471 venerabilis
3611 4417 3746 4472 Peli.

2158 4501 2284 4557 liani
2308 4501 2360 4557 id
2397 4509 2612 4557 constat
2643 4501 2810 4559 fuisse
2852 4503 3154 4574 signatum,
3189 4514 3246 4560 ut
3293 4518 3468 4562 utrum
3513 4527 3636 4581 pars
3662 4528 3744 4567 ca-

461 4593 607 4654 modi
655 4595 974 4666 objiciendis
1003 4596 1318 4652 criminibus
1355 4596 1674 4652 cessavisse.
1707 4594 1863 4653 Unde
1906 4613 2050 4653 nunc
2079 4607 2128 4668 D
2158 4596 2355 4651 tltolica
2382 4638 2396 4663 ,
2450 4593 2592 4666 quod
2644 4611 2842 4651 nomen
2894 4598 3012 4653 sine
3060 4598 3376 4669 przejudicio
3428 4601 3614 4660 dicere
3669 4619 3744 4660 me

456 4691 806 4749 collationem
836 4691 990 4744 istam
1023 4691 1396 4760 p0poscimus,
1428 4697 1536 4745 non
1561 4697 1620 4744 ut
1651 4689 1798 4744 illam
1829 4703 2046 4746 causam

458 4785 767 4844 traditionis
797 4797 954 4855 quam
985 4783 1276 4840 Caeciliano
1299 4793 1356 4840 et
1394 4785 1510 4853 ejus
1555 4783 1777 4855 collegis
1822 4784 2048 4855 objicie-

456 4883 586 4938 bant
609 4925 622 4950 ,
652 4875 1013 4951 suscipiamus
1047 4879 1228 4933 denuo
1257 4879 1570 4945 finiendam,
1591 4879 1685 4935 sed
1710 4878 2048 4936 demonstre-

457 4998 578 5036 mus
608 4979 737 5033 olim
766 4995 887 5035 esse
926 4979 1130 5033 finitam
1153 5020 1167 5044 ,
1202 4985 1260 5032 ut
1299 4975 1402 5032 hoc
1444 4986 1834 5048 cognoscentes
1862 4977 2043 5048 populi

454 5072 544 5144 qui
599 5072 882 5135 nesciunt,
937 5079 987 5124 et
1029 5071 1253 5126 istorum
1329 5067 1504 5126 adhuc
1577 5067 2044 5127 eriminatiouibus

455 5170 869 5222 commoventur
890 5204 904 5229 ,
937 5161 1154 5217 tandem
1190 5157 1474 5232 aliquando
1496 5173 1824 5233 cognoscant
1853 5165 1905 5217 in
1937 5177 2040 5234 qua

455 5251 705 5315 Ecclesia
735 5256 1046 5314 christiana)
1086 5256 1276 5310 salutis
1319 5257 1458 5311 viam
1500 5257 1794 5327 requirant.
1831 5259 1884 5316 Si
1917 5273 2046 5330 ergo

451 5355 520 5407 de
552 5343 790 5407 Ecclesia
822 5349 1085 5421 qua-ritur
1107 5363 1224 5419 qua:
1252 5347 1350 5414 sit,
1381 5357 1580 5419 quanta
1605 5349 1704 5417 sit,
1731 5353 1906 5421 qualis
1935 5351 2040 5420 sit,

447 5444 562 5498 sola
593 5442 772 5500 divina
802 5441 1112 5498 testimonia
1143 5439 1209 5496 ad
1233 5456 1351 5497 eam
1381 5435 1859 5498 demonstrandam
1890 5443 2041 5500 suffi-

447 5537 610 5593 cient.
647 5535 701 5592 Si
746 5535 992 5590 homines
1036 5535 1350 5606 appellant,
1389 5535 1432 5589 si
1469 5533 1776 5590 hominibus
1809 5537 2037 5594 crimina

443 5619 733 5683 intendunt
753 5670 767 5695 ,
796 5633 1119 5696 quamquam
1166 5621 1428 5683 Ecclesiae
1469 5641 1628 5683 causa
1659 5622 1726 5682 ab
1758 5625 2037 5684 hominum

445 5725 605 5773 causa
632 5716 1005 5790 distinguenda
1034 5725 1152 5787 est,
1183 5733 1284 5775 nec
1324 5717 1376 5776 in
1418 5715 1727 5775 hominibus
1769 5734 1895 5793 spes
1935 5726 2034 5794 po-

450 5807 624 5872 nenda
654 5823 736 5870 est
779 5807 1072 5888 Ecclesiae,
1127 5814 1173 5875 si
1226 5814 1351 5877 boni
1398 5827 1561 5886 sunt,
1613 5831 1790 5898 neque
1836 5815 1880 5876 si
1912 5818 2039 5882 mall

2160 4690 2346 4744 multis
2379 4689 2890 4744 interlocutionibus
2929 4688 3203 4760 patefeci,
3246 4691 3367 4763 jure
3409 4695 3630 4763 publico
3667 4697 3741 4767 agi

2154 4785 2349 4849 vellet,
2376 4797 2440 4836 an
2468 4792 2614 4839 certe
2641 4783 2840 4838 divinis
2867 4785 3219 4850 testimoniis,
3245 4785 3530 4842 evidenter
3558 4798 3732 4843 osten-

2153 4876 2322 4932 deret.
2372 4875 2478 4931 Scd
2523 4875 2703 4931 denuo
2729 4874 2794 4930 ad
2827 4876 3048 4947 qumsita
3080 4891 3398 4948 reSponsum
3427 4891 3548 4948 est,
3580 4883 3648 4936 ita
3689 4892 3742 4938 ut

2151 4972 2560 5029 evidentissime
2608 4981 3042 5039 monstraretur,
3092 4973 3137 5028 si
3179 4973 3404 5028 crimina
3451 4991 3562 5030 non
3604 4978 3733 5046 obji-

2148 5077 2399 5122 cerentur
2421 5108 2435 5133 ,
2469 5081 2498 5121 a
2527 5061 2865 5121 docutnentis
2898 5065 3128 5136 publicis
3161 5066 3554 5123 discedendum
3582 5112 3597 5136 ,
3625 5085 3736 5142 qua:

2120 5158 2365 5231 "probari
2396 5174 2502 5212 non
2536 5171 2694 5228 posse
2728 5158 2884 5212 aliter
2911 5158 3013 5212 nisi
3049 5157 3383 5228 publicorum
3412 5171 3625 5216 certum
3657 5172 3732 5217 est

2148 5254 2493 5309 attestatione
2519 5262 2793 5324 gestorum
2821 5269 2834 5306 :
2869 5253 2950 5307 sin
2976 5267 3106 5308 vero
3127 5267 3285 5308 causa
3311 5253 3578 5310 Ecclesiae
3607 5266 3734 5311 trac-

2149 5357 2390 5414 taretur,
2426 5347 2620 5418 legalia
2664 5356 2870 5402 tantum
2899 5348 3207 5402 testimonia
3240 5347 3635 5418 proferrentur.
3668 5351 3733 5406 De

2148 5445 2345 5516 quibus
2377 5443 2504 5512 quid
2537 5442 2782 5512 placeat,
2813 5441 3118 5497 evidentius
3145 5442 3482 5513 designetur.

2217 5537 2341 5594 191.
2375 5534 2662 5590 Petillanus
2689 5535 2957 5607 episcopus
2979 5535 3130 5590 dixit.
3159 5535 3274 5591 Duo
3299 5548 3428 5592 sunt
3454 5552 3576 5611 qua
3607 5554 3733 5610 pne-

2146 5637 2226 5686 ter
2253 5638 2449 5686 caitera
2485 5643 2514 5684 a
2541 5628 2645 5685 diei
2681 5628 2838 5698 hujus
2868 5628 3130 5700 principio
3157 5629 3428 5702 carpimus
3454 5633 3726 5689 ventitare.

2145 5723 2316 5783 Unum
2344 5765 2359 5792 ,
2406 5731 2462 5780 ut
2503 5723 2607 5794 ipsi
2655 5723 2912 5796 legissent
2957 5723 3083 5796 quid
3137 5725 3455 5796 imperatori
3491 5728 3728 5786 clemen-

2150 5820 2358 5882 tissime
2390 5819 2796 5900 suggesserim;
2843 5817 3024 5894 aliud,
3066 5829 3247 5882 utrum
3289 5822 3724 5914 disceptationem
