3996 6332
310 267 338 324 1
345 265 449 324 597

1272 258 1500 318 GSTA
1536 259 1993 321 COLLATIONIS
2030 260 2651 324 CABTHAGINENSIS.

3469 269 3610 327 1598

305 382 446 454 legis
482 378 682 436 divina
712 385 899 436 tenere
927 376 1186 450 cupiant,
1224 389 1294 433 an
1331 374 1579 448 publicas
1617 376 1790 449 leges.
1829 377 1907 435 De
1932 378 1987 442 Α
2010 385 2224 435 sentum
2255 380 2738 450 partesjudiciario
2761 384 2942 443 animo
2965 385 3273 442 defensare.
3297 383 3452 442 Nunc
3475 402 3610 457 prte-

304 484 540 547 utroque
585 471 720 529 nihil
770 471 900 528 mihi
943 477 1134 542 aperte
1180 484 1505 542 responsum
1548 477 1656 525 est.
1689 469 1908 552 Etatia
2012 479 2199 528 sentes
2241 482 2388 528 sunt.
2433 473 2540 546 ipsi
2601 475 2732 531 mihi
2776 478 3177 552 respondeant.
3219 479 3322 550 ipsi
3373 478 3611 548 edicam,

305 586 488 627 manu.
538 566 838 625 Petilianus
889 565 1182 639 episcopus
1233 564 1599 638 appellatione
1646 551 1906 622 incolumi

213 703 218 709 ι
303 662 621 736 recognovi.

377 757 505 813 192.
538 752 810 810 Possidius
848 751 1121 825 episcopus
1160 748 1406 806 Ecclesix
1439 750 1707 807 catholica
1749 750 1903 806 dixit.

303 848 391 906 Ad
419 847 605 904 omnia
629 861 752 903 esse
771 859 1094 917 responsum
1121 843 1405 916 superiora
1432 851 1700 902 testantur
1727 853 1902 916 gesta.

303 943 372 999 Et
402 943 510 998 alia
538 959 722 996 manu.
751 938 1084 1011 Recognovi.

377 1037 505 1095 l95.
536 1036 835 1092 Petilianus
860 1034 1134 1105 episcopus
1164 1031 1318 1088 dixit.
1350 1031 1602 1089 Pervidet
1628 1031 1792 1104 igitur
1815 1045 1906 1088 su-

301 1131 541 1188 blimitas
566 1137 657 1186 tua
703 1127 908 1184 sensim
947 1140 1049 1182 nos
1083 1124 1150 1181 ad
1186 1139 1367 1180 causa;
1412 1125 1626 1180 interna
1664 1123 1857 1180 deduci
1888 1141 1904 1179 :

297 1225 546 1299 pervidet
585 1224 675 1280 illa
707 1232 795 1278 tua
831 1221 1144 1293 prazstantia
1181 1228 1343 1292 atque
1369 1218 1630 1275 vivacitas
1663 1233 1863 1276 sensus
1884 1259 1902 1286 ,

300 1320 477 1392 magis
505 1319 638 1374 mihi
684 1315 1202 1374 interlocutionibus
1249 1314 1550 1371 nobilitatis
1591 1322 1698 1370 tua:
1741 1329 1903 1383 quam

298 1412 750 1486 responsionibus
777 1409 1212 1468 adversariorum
1237 1408 1406 1466 fuisse
1434 1423 1776 1480 responsum.
1802 1409 1906 1481 lgi-

299 1518 389 1564 tur
417 1505 724 1562 evidentius
764 1503 967 1575 aliquid
1006 1502 1336 1559 decernatur
1357 1542 1374 1571 ,
1405 1501 1714 1558 evidentius
1765 1517 1902 1558 con-

297 1611 441 1671 stet,
473 1600 718 1658 noverim
747 1598 1126 1672 quid;debeam
1164 1595 1516 1668 respondere.
1550 1595 1676 1652 Mihi
1716 1595 1859 1651 enim
1884 1639 1900 1664 ,

294 1701 438 1755 sicut
470 1707 558 1754 tua
589 1695 840 1754 meminit
885 1694 1176 1761 nobilitas,
1217 1692 1360 1748 idem
1401 1707 1428 1746 a
1477 1691 1720 1763 partibus
1764 1691 1901 1748 meis

2012 563 2116 634 ipsi
2140 564 2208 620 ad
2235 572 2461 637 utraque
2484 582 2612 640 quae
2643 572 2922 641 proposui,
2955 571 3289 645 respondere
3317 587 3427 629 non
3455 573 3610 630 diﬁ‘e-

2009 671 2154 717 rant.
2186 660 2255 715 Et
2277 662 2382 717 alia
2417 666 2595 718 manu.
2633 665 2929 722 Petilianus
2968 668 3259 738 episcopus
3295 668 3608 739 recognovi.

2011 751 2284 809 Possidius
2315 755 2582 828 episcopus
2611 755 2856 814 Ecclesia;
2900 760 3170 815 catholicw
3197 760 3348 817 dixit.
3372 760 3483 817 Nec
3513 776 3602 818 re—

2009 847 2281 919 spondere
2327 861 2425 904 nos
2469 849 2758 920 permittis.
2793 850 3090 908 Petilianus
3137 853 3407 926 episcopus
3455 854 3608 908 dixit.

2010 939 2184 995 Tuum
2256 948 2340 995 est
2398 943 2750 1010 pronuntiare
2797 944 2925 1015 quid
2979 945 3209 1013 audias;
3253 945 3468 1001 illorum
3525 955 3609 1002 est

2008 1049 2170 1106 agere
2192 1050 2409 1090 causam
2433 1035 2525 1107 qui
2551 1036 2814 1094 adversus
2838 1054 2926 1094 me
2949 1039 3070 1095 loco
3097 1040 3361 1112 petitoris.
3396 1039 3464 1094 Et
3496 1057 3610 1095 cum

2009 1127 2197 1182 diceret
2267 1127 2375 1200 (Et
2419 1127 2527 1184 alia
2575 1145 2754 1185 manu.
2807 1130 3105 1188 Petilianus
3144 1131 3429 1204 episcopus
3458 1148 3612 1190 reco-

2005 1219 2166 1292 gnovi
2185 1222 2226 1290 ),

2078 1311 2205 1368 l96.
2250 1311 2589 1369 Marcellinus
2634 1315 2712 1369 vir
2753 1314 3073 1374 clarissimus
3099 1319 3330 1374 tribunus
3359 1328 3407 1374 et
3456 1330 3605 1376 nota-

2004 1407 2115 1462 rius
2144 1406 2297 1462 dixit.
2339 1406 2452 1463 Hoc
2494 1410 2885 1478 pronuntiavit,
2941 1421 3000 1466 ut
3044 1427 3110 1468 ex
3177 1421 3452 1483 gestorum
3529 1414 3608 1470 le-

2013 1503 2195 1558 ctione
2217 1501 2334 1557 hacc
2364 1503 2546 1558 omnia
2579 1503 2792 1575 possint
2809 1504 3104 1576 diligenter
3119 1506 3363 1579 agnosci.
3380 1507 3603 1563 Petilia-

2007 1613 2105 1651 nus
2125 1596 2396 1669 episcopus
2424 1595 2576 1651 dixit.
2609 1595 2715 1668 Ipsi
2748 1597 2954 1664 dicant,
2990 1599 3094 1669 ipsi
3125 1601 3504 1671 proﬁteantur.
3542 1602 3604 1656 lit

2005 1690 2114 1746 alia
2155 1707 2336 1746 manu.
2382 1689 2674 1746 Petilianus
2722 1693 3014 1764 episcOpus
3065 1692 3322 1750 incolumi
3369 1695 3608 1766 appella-

294 1791 612 1848 mandatum
642 1798 762 1858 est,
791 1797 851 1845 ut
886 1786 1115 1858 objectis
1150 1783 1508 1856 respondeam
1530 1826 1546 1853 ,
1576 1799 1683 1840 non
1715 1792 1775 1840 ut
1800 1783 1899 1839 ob-
1928 1779 1976 1840 B
2007 1787 2151 1841 tione
2180 1784 2493 1856 recognovi.

290 1883 479 1955 jiciam
509 1881 737 1955 aliquid.
770 1880 888 1937 Non
916 1880 1061 1936 enim
1098 1879 1219 1934 loco
1247 1877 1498 1950 petitoris
1529 1876 1770 1944 adsisto,
1800 1876 1898 1932 sed

297 1976 640 2047 responsuri.
673 1974 776 2043 Qui
821 1972 1020 2045 saepius
1061 1970 1202 2043 apud
1252 1969 1600 2043 imperatoris
1643 1983 1803 2024 aures
1845 1976 1902 2025 et

293 2084 480 2126 coram
502 2067 653 2124 omni
684 2065 885 2138 popqu
910 2079 1044 2121 sane
1073 2062 1217 2134 apud
1249 2077 1308 2118 se
1337 2062 1670 2130 constituto,
1702 2062 1756 2117 in
1786 2062 1898 2117 cri-

297 2177 425 2218 men
469 2176 570 2217 nos
611 2159 978 2230 invidiamque
1008 2157 1320 2223 deducunt,
1365 2163 1428 2210 ut
1472 2154 1754 2211 haereticos
1800 2169 1900 2211 no-

295 2254 511 2310 minent
531 2295 544 2319 ,
571 2263 632 2309 ut
659 2251 1033 2307 schismaticos
1073 2263 1291 2320 quoque
1332 2247 1642 2319 appellent,
1671 2246 1775 2304 hoc
1802 2247 1900 2304 do-

296 2355 496 2414 ceant,
541 2345 646 2402 hoc
687 2344 874 2411 diluo,
925 2342 1052 2399 huic
1098 2343 1176 2398 rei
1231 2355 1598 2413 responsurus
1645 2355 1807 2411 sum,
1851 2343 1898 2397 si

296 2440 464 2497 modo
487 2455 546 2496 se
571 2439 637 2495 ad
668 2438 865 2510 legalis
891 2445 1217 2494 convertant
1237 2477 1251 2504 ,
1279 2437 1560 2508 ipsiusque
1589 2437 1727 2509 legis
1751 2452 1900 2509 qua:-

303 2544 428 2590 rant
458 2547 724 2606 responsa
766 2540 927 2603 atque
951 2531 1170 2601 judicia.
1203 2530 1297 2586 Sin
1327 2543 1458 2586 vero
1499 2539 1735 2601 utraque
1769 2529 1900 2586 mis-

299 2634 464 2693 cent,
504 2625 808 2681 evidentius
837 2623 1171 2695 designetur.
1216 2622 1468 2679 Noverim
1508 2638 1682 2694 genus
1726 2625 1899 2678 actio-

298 2723 418 2789 nis,
455 2734 617 2777 nemo
646 2735 732 2775 me
764 2718 1130 2790 reprehendat
1169 2718 1220 2772 in
1247 2717 1500 2789 publico,
1547 2732 1709 2774 nemo
1743 2717 1900 2775 honre

297 2830 480 2872 causae
519 2813 795 2870 inﬁrmum
825 2828 948 2870 esse
971 2812 1180 2883 judicet
1217 2811 1561 2868 defensorem
1583 2853 1596 2877 ,
1630 2797 1793 2868 nemo
1812 2813 1902 2883 ju-

296 2909 440 2965 tlicet
478 2907 755 2978 obliquum
778 2947 792 2973 ,
840 2921 1001 2963 nemo
1031 2905 1402 2962 adversarium
1433 2905 1684 2962 dolosum
1715 2922 1779 2962 ac
1830 2908 1899 2963 li-

297 3002 600 3059 centiosum
623 3040 640 3068 ,
667 3001 754 3056 cui
787 3000 970 3056 omnia
996 3000 1420 3070 permittuntur;
1463 3005 1521 3055 ut
1555 3015 1678 3055 cum
1712 3000 1782 3056 de
1811 3000 1899 3057 his

295 3098 440 3170 justa
478 3105 640 3168 atque
670 3095 941 3152 evidentia
986 3093 1369 3165 requirantur,
1413 3093 1582 3150 libeat
1620 3094 1724 3150 illis
1763 3093 1902 3150 deli-

2079 1877 2203 1935 197.
2270 1878 2594 1950 Augustinus
2666 1879 2939 1951 episcOpus
3011 1878 3259 1935 Ecclesiae
3338 1879 3608 1936 catholica:

2005 1970 2156 2026 dixit.
2207 1970 2326 2026 Jam
2373 1970 2610 2026 diximus
2675 1971 2817 2028 unde
2863 1986 3084 2042 agamus
3135 1973 3350 2044 potius,
3398 1973 3451 2028 id
3498 1984 3604 2042 est,

2005 2072 2184 2119 utrum
2229 2063 2460 2135 publicis
2514 2064 2854 2120 documentis
2893 2079 2963 2120 an
3009 2064 3208 2121 divinis
3256 2068 3602 2124 testimoniis.

2005 2155 2063 2212 In
2091 2167 2272 2212 vestra
2308 2165 2396 2214 est
2426 2159 2664 2228 positum
2691 2167 2980 2229 potestate.
3026 2159 3084 2216 Si
3127 2159 3270 2215 enim
3301 2176 3329 2214 a
3357 2161 3605 2217 crimini-

2005 2249 2107 2305 bus
2130 2249 2412 2305 hominum
2445 2251 2676 2306 cessatis
2698 2293 2714 2319 ,
2749 2259 2804 2307 et
2827 2267 2926 2307 nos
2953 2253 3289 2308 cessabimus
3318 2269 3348 2308 a
3382 2254 3610 2325 publicis

2004 2341 2374 2406 documentis,
2400 2353 2456 2399 et
2494 2344 2668 2399 solam
2696 2344 2954 2401 Ecclesiae
2977 2362 3196 2403 causam
3224 2348 3424 2404 divinis
3456 2348 3608 2404 testi-

2004 2437 2206 2492 moniis
2229 2451 2560 2494 asseremns.
2595 2438 2651 2494 Si
2682 2447 2864 2494 autem
2897 2439 2966 2494 ab
2990 2439 3270 2496 hominum
3289 2442 3609 2498 criminibus

2004 2544 2112 2585 non
2139 2529 2420 2596 desistitis,
2452 2544 2676 2586 necesse
2703 2541 2788 2586 est
2816 2545 2917 2586 nos
2945 2541 2995 2586 et
3023 2547 3054 2586 a
3080 2533 3234 2588 vobis
3254 2532 3470 2604 publica
3500 2533 3602 2588 do-

2003 2634 2256 2681 cumenta
2307 2624 2554 2694 ﬂagitare
2579 2666 2594 2690 ,
2623 2632 2677 2680 et
2701 2632 2892 2682 contra
2918 2639 3018 2680 vos
3041 2625 3258 2697 publica
3280 2625 3606 2683 documenta

2004 2718 2271 2789 proferre.
2317 2717 2432 2774 Hoc
2466 2728 2645 2774 autem
2697 2733 2820 2774 cum
2859 2717 3127 2789 cognitori
3169 2717 3602 2786 insinuaremus,

2005 2813 2130 2882 quia
2161 2811 2240 2867 illi
2271 2810 2338 2866 de
2366 2811 2531 2866 corde
2558 2827 2664 2866 non
2707 2819 2790 2866 est
2821 2824 3107 2866 excussum
3132 2809 3522 2882 multiplicibus
3549 2821 3604 2866 et

2007 2903 2297 2976 superﬂuis
2327 2905 2800 2976 prosecutionibus
2841 2904 3056 2970 vestris,
3088 2904 3211 2960 ideo
3241 2904 3396 2960 vobis
3422 2904 3533 2975 jam
3574 2919 3604 2960 a

2006 2997 2162 3052 nobis
2193 2996 2310 3052 haec
2332 3006 2450 3053 acta
2499 3011 2621 3053 esse
2670 2997 2785 3068 ipse
2834 2996 3238 3069 respondebat,
3269 3013 3380 3054 non
3424 3007 3606 3070 partes

2007 3099 2224 3146 nostras
2248 3105 2440 3160 agens,
2483 3090 2578 3146 sed
2609 3105 2757 3158 suas,
2791 3091 2876 3146 cui
2898 3089 3010 3161 jam
3039 3089 3436 3150 insinuavimus
3463 3092 3609 3164 ejus-

297 3200 421 3249 cate
449 3189 726 3262 quomodo
768 3189 1041 3245 voluerint
1080 3187 1308 3243 nebulas
1337 3201 1400 3242 ac
1429 3188 1682 3243 tenebras
1709 3187 1901 3244 obten-
1928 3185 1974 3250 C
2007 3201 2110 3257 que
2137 3185 2287 3240 cordi
2345 3185 2559 3254 penitus
2595 3183 2876 3241 inﬁximus
2926 3185 3056 3257 quid
3102 3185 3364 3243 dicamus.
3395 3185 3464 3241 Et
3500 3188 3607 3244 alia

298 3286 467 3352 dere,
497 3295 555 3340 ut
593 3283 768 3341 veniri
801 3299 905 3339 non
943 3283 1117 3354 possit
1143 3283 1210 3338 ad
1236 3282 1513 3338 cardinem
1538 3282 1800 3338 veritatis.
1836 3282 1901 3338 Et

300 3381 409 3435 alia
438 3396 617 3434 manu.
649 3379 948 3437 Petilianus
977 3378 1268 3450 episcopus
1294 3377 1660 3450 appellatione
1690 3377 1900 3434 incolu-

302 3474 377 3528 mi
407 3472 720 3544 recognovi.

380 3566 504 3621 194.
541 3565 876 3621 Marcellinus
899 3566 977 3620 vir
1003 3565 1317 3621 clarissimus
1339 3565 1574 3620 tribunus
1601 3575 1648 3620 et
1668 3565 1902 3622 notarius

302 3658 458 3712 dixit.
507 3657 621 3712 Duo
663 3664 792 3713 sunt
836 3669 958 3727 qua)
1004 3655 1264 3711 sanctitas
1305 3664 1394 3711 tua
1436 3655 1666 3712 credidit
1710 3665 1902 3727 postu-

302 3752 499 3819 landa;
541 3765 706 3808 unum
734 3793 748 3819 ,
791 3760 851 3806 ut
892 3749 1210 3806 mandatum
1263 3750 1315 3805 in
1362 3765 1471 3821 quo
1517 3750 1676 3820 legati
1703 3749 1902 3806 delecti

303 3854 432 3900 sunt
460 3860 491 3900 a
531 3855 686 3915 parte
714 3861 746 3900 e
787 3843 1004 3900 diverso
1034 3841 1262 3898 sistente
1298 3842 1680 3912 relegeretnr;
1712 3841 1856 3896 aliud
1881 3881 1899 3910 ,

303 3946 488 3992 utrum
524 3951 554 3990 a
596 3935 794 3991 divinis
834 3935 1045 4005 legibus
1085 3933 1445 4002 recederent,
1491 3933 1902 3990 evidentissime

303 4031 760 4087 dembnstrarent.
808 4027 1103 4084 Petilianus
1134 4029 1408 4102 episwpus
1448 4027 1600 4083 dixit.
1654 4027 1901 4097 Respon-

304 4125 469 4181 deant
508 4123 745 4180 breviter
771 4123 839 4178 ad
881 4133 1194 4193 utrumque.
1238 4121 1308 4177 Et
1336 4122 1442 4176 alia
1468 4138 1650 4176 manu.
1685 4120 1905 4177 Petilia-

304 4234 410 4275 nus
435 4219 722 4290 episcopus
751 4216 1060 4288 recognovi.
1096 4216 1434 4271 Marcellinus
1459 4217 1536 4271 vir
1581 4215 1904 4274 clarissimus

305 4314 538 4368 tribunus
579 4322 627 4368 et
667 4311 902 4367 notarius
931 4311 1082 4366 dixit.
1120 4308 1218 4366 Uni
1253 4308 1348 4374 rei,
1382 4307 1636 4378 quoniam
1664 4323 1783 4364 mea
1819 4309 1900 4363 in-

305 4417 542 4476 tererat,
575 4408 689 4479 ipse
717 4405 994 4476 respondi.
1030 4403 1140 4460 Nec
1183 4402 1326 4458 enim
1353 4403 1419 4457 de
1451 4401 1534 4456 his
1578 4401 1772 4472 legatis
1803 4416 1902 4471 po-

304 4511 476 4557 teram
501 4499 781 4567 dubitare,
811 4498 880 4554 de
909 4513 1138 4568 quorum
1171 4495 1438 4566 legatione
1463 4497 1906 4564 pronuntiaverat

301 4593 763 4652 clementissimus
791 4592 1120 4662 imperator,
1153 4605 1220 4644 ne
1251 4589 1304 4643 in
1348 4587 1466 4658 ejus
1508 4586 1762 4658 injuriam
1814 4603 1903 4643 re-
1930 4591 1983 4651 D

303 4689 482 4745 l‘ricarl
526 4688 692 4760 309
731 4685 932 4756 aliquid
982 4683 1280 4740 videretur.
1332 4681 1491 4738 Aliud
1537 4697 1666 4738 vero
1710 4697 1896 4738 eorum

300 4791 516 4841 constat
559 4780 1031 4853 prosecutionibus
1072 4777 1352 4859 deﬁnitum
1380 4818 1396 4844 ,
1447 4776 1646 4848 quibus
1682 4775 1735 4832 id
1781 4777 1896 4833 cvi-

300 4879 495 4935 tlenter
519 4887 802 4933 ostensum
831 4882 917 4931 est
938 4913 954 4941 ,
981 4874 1123 4930 velle
1161 4888 1219 4928 se
1249 4887 1278 4927 a
1306 4871 1521 4941 publico
1547 4871 1666 4942 jure
1695 4872 1797 4928 sub
1833 4887 1896 4927 ea

300 4971 617 5029 conditione
655 4969 971 5036 discedere,
1003 4968 1048 5023 si
1084 4966 1152 5022 de
1195 4979 1548 5036 personarum
1579 4965 1899 5020 criminibus

303 5065 579 5120 taceretis.
606 5061 762 5119 Unde
785 5060 1042 5132 quoniam
1082 5059 1211 5115 hinc
1255 5057 1541 5113 conﬂictus
1583 5059 1790 5112 tantum
1819 5072 1905 5114 re-

305 5157 572 5212 mansisse
599 5155 980 5226 c0gnoscitur,
1013 5151 1192 5224 utqui
1229 5149 1476 5222 petitoris
1517 5151 1638 5205 loco
1677 5149 1906 5205 adsistat

304 5248 711 5306 evidentissime
734 5247 1138 5302 demonstretur
1154 5283 1169 5310 ,
1203 5244 1458 5314 quoniam
1489 5251 1637 5314 gesta
1663 5256 1694 5297 a
1719 5251 1903 5304 vestra

307 5352 459 5414 parte
502 5342 682 5398 oblata
731 5340 954 5397 recitata
997 5347 1163 5405 sunt,
1217 5337 1463 5407 patimini
1510 5336 1692 5393 denuo
1738 5337 1903 5394 etiam

306 5450 367 5490 ea
397 5450 518 5506 quae
560 5450 590 5489 a
632 5433 845 5488 diversa
889 5441 1041 5504 parte
1077 5429 1408 5496 oll‘erentur,
1451 5428 1520 5485 ab
1555 5428 1733 5484 ofﬁcio
1762 5430 1904 5484 rcci-

307 5530 435 5584 tari.
624 5523 627 5526 ’

383 5621 508 5678 195.
555 5619 844 5675 Petilianus
890 5618 1157 5688 episcopus
1208 5617 1358 5672 dixit.
1391 5616 1562 5687 Cujus
1589 5623 1738 5685 gesta
1779 5624 1908 5672 sunt

310 5730 433 5785 qua:
464 5730 493 5768 a
525 5712 768 5785 partibus
797 5711 935 5766 meis
973 5709 1196 5764 recitata
1238 5709 1406 5764 sunt?
1431 5708 1487 5765 Si
1525 5707 1779 5763 absentes
1819 5723 1906 5764 es-

311 5817 434 5878 sent
472 5822 505 5867 e
566 5806 785 5878 diverso
820 5803 1110 5882 sistentcs,
1133 5801 1283 5870 licuit
1315 5801 1431 5871 tibi,
1459 5801 1541 5858 vir
1565 5800 1784 5869 nobilis,
1811 5801 1907 5862 ab.

2006 3293 2186 3332 manu.
2216 3278 2547 3348 Recognovi.

2082 3372 2206 3429 198.
2251 3373 2548 3429 Adeodatus
2575 3375 2846 3446 episcOpus
2890 3373 3038 3429 dixit.
3074 3374 3193 3443 Quo
3221 3373 3411 3430 ordine
3444 3388 3606 3446 agere

2003 3465 2299 3522 debeamus
2372 3466 2427 3522 in
2487 3479 2670 3524 nostra
2723 3483 2829 3523 non
2885 3475 2971 3524 est
3024 3469 3255 3538 positum
3309 3477 3598 3540 potestate,

2006 3575 2127 3616 cum
2154 3562 2330 3632 ipsum
2372 3562 2561 3620 venire
2586 3562 2641 3618 in
2664 3571 2853 3618 nostra
2881 3572 3149 3634 pmestate
3177 3577 3285 3618 non
3320 3562 3505 3620 fuerit.
3535 3563 3603 3622 Et

2004 3656 2114 3710 alia
2149 3673 2326 3712 manu.
2373 3657 2682 3714 Adeodatus
2719 3658 3009 3729 episcopus
3055 3659 3200 3715 salva
3239 3659 3605 3732 appellatione

2005 3750 2320 3818 recognovi.

2080 3841 2208 3899 199.
2283 3844 2602 3916 Augustinus
2693 3847 2962 3919 episcopus
3031 3845 3280 3902 Ecclesia
3337 3846 3605 3903 catholica?

2006 3934 2158 3990 dixit.
2196 3936 2336 4007 Ergo
2367 3936 2434 3991 ad
2483 3937 2811 4008 interrogata
2870 3937 3219 4007 respondete.
3257 3937 3531 3995 Receditis
3569 3955 3604 3996 a

2006 4027 2324 4082 criminibus
2357 4028 2701 4084 traditionis?
2734 4028 3119 4100 Respondcant
3145 4029 3213 4085 ad
3242 4030 3405 4087 breve
3434 4033 3605 4089 inter—-

2006 4129 2254 4192 rogatum
2301 4129 2570 4176 nostrum.
2617 4120 2818 4177 Facitis
2850 4121 3121 4193 jacturam
3148 4123 3435 4179 criminum
3481 4140 3602 4196 quae

2007 4213 2196 4270 soletis
2223 4213 2462 4283 objicere
2483 4214 2774 4271 Cteciliano
2807 4223 2862 4271 et
2888 4214 3113 4286 collegis
3140 4214 3280 4286 ejus,
3312 4231 3382 4271 an
3429 4216 3483 4272 in
3513 4232 3603 4272 ea-

2007 4306 2130 4362 dem
2175 4306 2554 4364 criminatione
2603 4308 2892 4378 persistitis
2916 4309 2939 4362 ‘l
2967 4306 3039 4362 Et
3067 4309 3172 4363 alia
3219 4324 3396 4363 manu.
3431 4309 3606 4367 Reco-

2005 4403 2189 4472 gnovi.
2223 4401 2560 4457 Marcellinus
2605 4404 2684 4458 vir
2722 4404 3042 4460 clarissimus
3093 4406 3329 4463 tribunus
3363 4416 3412 4462 et
3457 4417 3606 4465 nola-

2008 4497 2117 4550 rius
2147 4495 2298 4549 dixit.
2332 4494 2414 4550 Ad
2445 4495 2673 4566 quaesita
2706 4497 3054 4567 respondete.

2080 4587 2207 4642 200.
2253 4585 2513 4641 Emeritus
2564 4589 2837 4660 episcopus
2890 4589 3040 4644 dixit.
3085 4590 3256 4649 Breve
3281 4607 3438 4650 suum
3469 4595 3606 4652 dicit

2010 4693 2132 4734 esse
2169 4679 2517 4750 postulatum,
2561 4679 2726 4736 breve
2764 4690 3012 4750 nostrum
3042 4683 3202 4741 debet
3227 4700 3351 4743 esse
3377 4702 3602 4759 reSpon-

2009 4788 2151 4829 sum.
2186 4773 2374 4829 Omnis
2395 4773 2539 4830 actio
2562 4774 2699 4832 duas
2720 4777 2858 4832 solet
2884 4779 3161 4850 suscipere
3193 4796 3475 4850 personas,
3508 4798 3603 4853 pe-

2009 4868 2186 4924 titoris
2237 4878 2292 4923 et
2335 4884 2366 4923 e
2407 4868 2625 4925 diverso
2672 4873 3070 4942 respondentis.
3114 4873 3249 4928 Cum
3298 4874 3414 4931 haec
3442 4891 3607 4934 causa

2007 4977 2165 5017 suum
2188 4962 2434 5018 ordinem
2464 4973 2663 5032 teneat,
2696 4965 3118 5036 conﬂictumque
3145 4966 3441 5036 desideret,
3475 4970 3605 5040 quid

2009 5063 2096 5112 est
2121 5056 2263 5126 quod
2287 5064 2414 5112 ante
2444 5058 2703 5128 principia
2742 5058 2968 5129 negotii,
3001 5061 3158 5130 quasi
3189 5062 3437 5132 quaedam
3469 5062 3603 5118 mihi

2009 5147 2207 5204 electio
2228 5164 2296 5204 ex
2317 5148 2543 5204 adversa
2571 5163 2721 5220 parte
2745 5154 3084 5222 proponitur,
3115 5163 3172 5208 ut
3197 5153 3397 5219 dicam,
3423 5162 3606 5210 utrum

2009 5241 2326 5297 criminibus
2383 5242 2663 5299 intentatis
2716 5244 2988 5302 Caeciliani
3039 5244 3297 5316 refrager,
3331 5254 3493 5318 atque
3529 5247 3605 5304 ab

2014 5332 2204 5388 iisdem
2229 5349 2349 5404 quae
2375 5335 2682 5406 objeceram
2720 5339 2909 5392 sileam
2934 5377 2948 5403 ,
2976 5352 3044 5392 an
3078 5337 3292 5407 objecta
3317 5338 3370 5393 in
3396 5339 3605 5409 judicio

2012 5425 2219 5482 valeam
2241 5429 2610 5484 conﬁrmare?
2635 5429 2906 5486 Memento
2924 5430 3166 5500 judicum
3199 5449 3432 5501 summe,
3462 5435 3609 5492 sicut

2011 5519 2246 5588 adsoles,
2279 5523 2369 5590 qui
2405 5523 2475 5577 sit
2509 5522 2643 5578 ordo
2672 5520 2906 5580 dicendi.
2944 5525 3112 5581 Nemo
3140 5527 3283 5582 enim
3314 5527 3604 5587 adversum

2010 5628 2070 5670 se
2114 5616 2346 5672 adstanti
2385 5615 2516 5671 dicit
2548 5633 2560 5671 :
2595 5616 2742 5688 Elige
2761 5618 2857 5672 tibi
2896 5627 3071 5674 utrum
3100 5635 3187 5675 me
3215 5635 3438 5676 accusas
3480 5637 3609 5678 nec-

2014 5726 2103 5764 ne.
2160 5709 2330 5766 Nemo
2371 5709 2505 5765 dicit
2539 5728 2550 5764 :
2585 5709 2956 5768 lntentalurus
2987 5728 3047 5768 es
3082 5713 3310 5780 crimen,
3355 5729 3422 5769 an
3473 5714 3610 5772 nihil

2017 5803 2152 5864 mihi
2213 5804 2266 5860 in
2335 5803 2540 5876 judicio
2594 5805 2874 5866 oblaturus
2924 5821 3016 5876 es,
3101 5816 3156 5866 et
3220 5808 3610 5872 intentionibus
