3996 6332
422 294 562 350 1509

1354 289 1582 348 GESTA
1621 291 2085 373 COI.LA'I'IONIS
2124 292 2745 350 (IARTIIAGINENSIS.

3573 297 3706 355 tino

415 414 520 469 tuis
553 422 760 470 mutum
791 413 1062 484 quoddam
1094 410 1366 467 silentium
1401 411 1705 480 imponens,
1738 409 1916 465 inanis
1944 423 2006 464 ac
2037 414 2088 471 Α
2116 425 2220 465 non
2269 426 2482 477 recuso,
2508 413 2551 466 si
2587 412 2689 465 hoc
2720 419 2899 482 potest
2947 427 3067 468 esse
3123 415 3488 472 retinendum.
3541 415 3704 473 Serva

415 509 534 564 sine
585 512 796 564 ratione
822 508 887 564 de
921 519 1027 562 tant
1078 508 1386 578 longinquis
1431 505 1738 577 regionibus
1803 505 2015 560 venisse

414 601 645 669 dicaris,
687 617 808 658 cum
855 601 920 656 ad
975 602 1075 656 boc
1114 617 1214 672 ego
1255 601 1546 662 adsidam,
1581 609 1637 655 ut
1681 600 1725 653 si
1780 613 1866 652 me
1896 597 2012 667 ipse

415 695 613 749 dixerit
664 695 752 749 illa
801 695 1006 751 dixisse
1045 711 1165 766 ane
1196 695 1435 766 graviter
1475 694 1614 748 ferre
1637 704 1729 748 aut
1761 691 2013 762 imperia-

414 789 556 843 libns
584 789 840 856 auribus,
881 800 971 843 aut
1004 789 1054 842 in
1091 803 1189 843 suo
1221 788 1474 842 mandato
1508 786 1864 857 subscripsit,
1901 797 2012 840 tum

415 881 632 937 demutn
685 883 876 952 eligam
927 893 1087 953 atque
1142 883 1544 949 respondeam,
1602 889 1780 934 utrum
1851 877 2012 934 velim

415 975 804 1030 intentionibus
847 977 1088 1046 ejusdem
1134 977 1430 1032 secundum
1467 975 1859 1044 prosccutionis
1900 989 2013 1029 sua:

417 1076 662 1124 tenorem
697 1069 868 1138 legum
899 1068 1313 1123 ennlirmatione
1338 1068 1586 1122 robustus
1617 1067 1876 1121 accedere
1897 1109 1911 1132 ,
1943 1081 2009 1118 an

415 1176 501 1215 me
532 1163 599 1215 ab
631 1161 972 1217 ltaeactionc
1017 1176 1316 1216 removere.
1353 1159 1510 1214 Videt
1557 1161 1863 1230 praestantia
1922 1169 2008 1213 tua

415 1271 500 1308 me
541 1256 870 1326 re~pondere
914 1271 1020 1309 non
1068 1271 1262 1326 posse,
1314 1271 1434 1308 cum
1489 1255 1754 1309 incertum
1789 1253 2007 1320 dixerit,

414 1365 536 1403 cum
570 1349 701 1403 nihil
737 1349 843 1403 tale
874 1350 1214 1418 proposuerit
1240 1349 1322 1402 cui
1357 1347 1581 1403 debeam
1617 1362 1874 1402 revocare
1921 1363 2009 1402 re-

415 1457 692 1511 Spnnsnm.
730 1443 857 1496 Dico
885 1442 1028 1496 enim
1059 1457 1182 1498 eum
1232 1451 1408 1496 utrum
1465 1442 1662 1510 petitor
1685 1456 1750 1493 an
1783 1454 2011 1510 respon-

415 1550 506 1589 sor
537 1545 657 1588 stet.
689 1536 782 1589 [lle
812 1535 940 1589 mihi
969 1533 1095 1589 dicit
1130 1553 1143 1588 :
1177 1534 1231 1588 Si
1259 1533 1531 1588 Caeciliani
1580 1547 1796 1585 causam
1839 1532 2010 1585 inter-

414 1629 658 1690 miseris,
701 1637 826 1681 tunc
871 1627 1066 1698 petitor
1097 1641 1248 1691 sum;
1278 1626 1320 1679 si
1354 1632 1533 1679 autent
1569 1637 1673 1678 non
1707 1623 2013 1694 praetermi-

412 1721 546 1775 seris
568 1761 584 1786 ,
619 1735 841 1776 necesse
873 1729 956 1774 est
986 1736 1072 1774 me
1111 1717 1442 1787 respondere
1476 1716 1542 1771 ad
1573 1733 1633 1770 ea
1663 1731 1783 1786 qua:
1822 1715 2011 1771 viden-

2120 504 2248 558 milti
2300 503 2548 574 primitus
2605 515 2841 572 tempora
2882 505 3059 577 legum
3086 549 3100 573 ,
3135 517 3403 563 statuatur
3429 510 3572 565 dies.
3608 511 3706 565 Re-

2119 594 2383 666 spondeat
2430 596 2667 650 olﬁciutn
2711 595 2779 651 de
2818 597 2906 651 die
2938 613 3117 653 causte
3141 610 3504 670 cognoscatur
3535 601 3708 667 lapsus

2117 686 2303 742 fuisse.
2359 687 2489 742 llinc
2537 688 2708 756 iudica
2739 730 2754 754 ,
2794 688 2920 745 hinc
2948 689 3116 746 debes
3167 692 3310 748 ferre
3359 695 3703 750 sententiam.

2117 779 2393 851 Siquidem
2435 792 2621 836 contra
2653 799 2738 838 me
2763 786 3087 838 srntentiam
3119 785 3292 841 ferres
3313 829 3326 853 ,
3354 790 3399 841 si
3445 789 3587 843 forte
3613 790 3706 845 de-

2073 865 2088 877 ’
2118 872 2360 928 luissem.
2397 874 2461 928 Et
2501 876 2606 930 alia
2647 893 2822 930 manu.
2881 877 3178 933 Petiliantts
3223 879 3516 950 episcopus
3567 882 3707 938 salva

2115 968 2480 1037 appellatione
2508 971 2825 1040 recognovi.

2186 1061 2314 1116 204.
2354 1061 2672 1129 Augustinus
2699 1063 2969 1131 episcopus
2995 1063 3241 1119 Ecclesia:
3260 1065 3538 1122 catholicae
3557 1068 3706 1124 dixit.

2114 1157 2168 1210 Si
2201 1157 2290 1214 die
2310 1159 2523 1215 decimo
2551 1163 2737 1230 quinto
2762 1174 3052 1229 venerunt,
3090 1174 3146 1217 nt
3193 1164 3260 1217 ad
3309 1163 3714 1235 quartumdeci-

2117 1268 2260 1306 mum
2319 1263 2706 1322 occurrerent,
2737 1270 2904 1324 quare
2937 1265 3134 1312 octavo
3166 1255 3430 1312 kalendas
3451 1257 3714 1314 constite—

2116 1346 2278 1400 runt?
2305 1344 2370 1399 Et
2397 1347 2502 1399 alia
2532 1363 2708 1400 manu.
2747 1347 3078 1418 Recognovi.‘

2186 1438 2313 1492 205.
2365 1438 2652 1493 Petilianns
2694 1441 2964 1511 episc0pns
3008 1442 3158 1496 dixit.
3209 1441 3326 1497 Non
3378 1442 3712 1512 inquietasti,

2115 1530 2249 1584 scivi
2275 1531 2441 1604 310
2469 1541 2521 1587 te
2545 1533 2776 1602 lapsum,
2806 1534 3080 1603 superflue
3115 1535 3394 1604 ingressus
3424 1551 3546 1591 sum
3572 1536 3716 1605 judi-

2116 1622 2284 1688 cium,
2311 1623 2401 1693 qui
2431 1624 2641 1678 intrare
2668 1641 2771 1679 non
2803 1625 2962 1679 debui
2997 1636 3118 1695 post
3146 1626 3290 1681 diem
3323 1627 3464 1696 lapsi
3492 1629 3712 1698 negotii.

2119 1713 2185 1768 Et
2216 1715 2322 1770 alia
2353 1733 2528 1770 manu.
2552 1716 2850 1772 Petilianus
2882 1719 3191 1790 episc0pns,
3225 1721 3596 1790 appellatione
3633 1726 3715 1776 in-

417 1825 504 1869 tttr
543 1813 775 1884 objecra.
811 1815 866 1869 Si
899 1815 1058 1868 times
1101 1813 1370 1868 Caecdiani
1413 1810 1629 1867 causam
1657 1851 1671 1874 ,
1707 1813 2010 1882 metuisque
2045 1816 2092 1875 B
2117 1809 2319 1865 columi
2347 1812 2658 1880 recognovi.

416 1908 506 1963 tibi
554 1909 753 1980 aliquid
808 1909 1100 1978 objectnm,
1156 1918 1208 1962 tn
1243 1921 1562 1977 proponere,
1627 1916 1681 1959 tu
1737 1906 2015 1960 instituere

413 2004 681 2060 actionem
696 2005 748 2058 in
759 2003 966 2074 judicio
978 2002 1221 2058 debebis.
1240 2001 1477 2056 Adtrabe
1494 2015 1579 2056 me
1600 2010 1656 2054 et
1677 1999 1728 2053 in
1745 1998 2012 2069 publicum

413 2097 643 2151 colloca.
682 2097 773 2151 Dic
808 2112 894 2150 me
933 2094 1150 2164 aliquod
1182 2093 1278 2148 tibi
1311 2094 1525 2148 crimen
1551 2091 1694 2163 quod
1737 2090 1804 2146 ad
1855 2105 2015 2145 aures

412 2189 795 2259 imperatorias
825 2188 1104 2255 detulisti,
1165 2202 1260 2257 per
1313 2186 1582 2258 publicam
1626 2183 2012 2240 conscientiam

412 2283 851 2338 commendasse.
904 2282 1038 2338 Cum
1095 2295 1196 2352 ego
1247 2289 1426 2334 autem
1457 2280 1526 2335 de
1553 2291 1601 2335 te
1631 2279 1803 2350 magis
1845 2294 2012 2349 expc-

415 2388 525 2432 tam
576 2377 701 2446 quid
756 2376 1013 2440 audieris,
1059 2373 1185 2446 quid
1233 2388 1321 2429 me
1348 2371 1740 2441 dixisse,quid
1773 2386 1859 2425 me
1884 2370 2013 2425 insi-

415 2485 614 2526 nnasse
670 2469 888 2540 judiciis
931 2468 1179 2532 intimes,
1233 2482 1331 2523 cur
1384 2468 1609 2530 metuis,
1665 2481 1762 2520 cur
1809 2465 2016 2520 vereris

412 2564 680 2619 actionem
708 2565 862 2618 istam
887 2564 939 2618 in
961 2562 1166 2632 judicio
1199 2561 1451 2616 ﬁrmare?
1481 2559 1748 2614 Nimirum
1775 2559 1905 2614 illttd
1934 2569 2016 2613 at-

418 2657 615 2724 lendis,
649 2674 718 2714 ne
750 2658 996 2728 petitoris
1046 2656 1350 2726 suscipiens
1401 2669 1687 2725 personam
1718 2697 1733 2720 ,
1758 2669 1932 2724 eaque
1960 2655 2013 2710 in

411 2752 674 2822 judicium
699 2753 887 2816 mittis,
922 2761 1015 2806 aut
1040 2760 1284 2821 accepta,
1313 2757 1407 2805 aut
1428 2748 1594 2815 dicta,
1618 2757 1710 2803 aut
1737 2747 1804 2803 ab
1832 2749 2013 2818 aliquo

417 2848 751 2918 promulgata
785 2847 987 2902 docere
1024 2845 1076 2900 in
1097 2844 1306 2915 judicio
1348 2842 1712 2912 compellaris.
1753 2840 2010 2909 Attende,

414 2940 496 2992 vir
522 2940 737 2999 nobilis.
773 2940 824 2994 in
855 2953 965 3009 quo
990 2948 1136 2994 statu
1167 2938 1234 2992 sit
1259 2939 1360 2992 ista
1383 2951 1540 2991 causa
1563 2977 1578 3002 ,
1610 2951 1733 2990 cum
1773 2951 1892 3004 ego,
1920 2934 2011 3005 qui

413 3034 620 3104 pulsor,
649 3033 964 3104 petitionem
1015 3033 1233 3087 illorum
1285 3032 1456 3103 promi
1497 3031 1549 3085 in
1591 3030 1855 3100 judicium
1915 3047 2010 3102 pe-

413 3136 548 3192 tam,
580 3141 784 3198 eosque
805 3141 907 3196 qua
938 3141 1156 3196 possum
1185 3125 1554 3198 postulatione
1575 3123 1842 3196 deprecor
1867 3141 2013 3202 sem-

2189 1902 2316 1956 206.
2362 1901 2676 1974 Augustinus
2696 1904 2968 1976 episcopus
3001 1904 3245 1961 Erclcsia:
3263 1908 3538 1963 catholica
3564 1909 3713 1964 dixit.

2119 1996 2296 2064 Quare
2338 1997 2403 2050 ad
2445 1996 2702 2052 kalendas
2745 2014 2806 2052 se
2837 1999 3084 2069 promisit
3111 2000 3428 2056 adiuturum
3455 2017 3580 2058 esse
3602 2002 3717 2057 Pri-

2120 2089 2369 2143 tnianns?
2396 2088 2464 2142 Et
2490 2091 2596 2144 alia
2624 2109 2800 2145 unum.
2830 2092 3160 2163 Recognovi.
3192 2095 3414 2166 Alypius
3442 2100 3718 2168 episcopus

2121 2183 2372 2239 Ecclesia:
2394 2185 2662 2240 catholica:
2709 2186 2861 2242 dixit.
2888 2187 3001 2243 Hoc
3023 2189 3152 2258 jube
3182 2190 3423 2247 recitari.
3456 2193 3719 2260 Quamvis

2120 2277 2220 2332 ista
2277 2288 2548 2333 transacta
2602 2283 2742 2346 sint,
2768 2282 3014 2352 quamvis
3051 2281 3117 2336 ad
3149 2283 3459 2340 illusionem
3492 2287 3720 2356 p0pnlo-

2120 2385 2236 2424 rum
2263 2369 2360 2423 has
2385 2370 2611 2426 nebulas
2637 2371 2844 2442 injiciat
2893 2388 3017 2443 pars
3039 2373 3250 2431 diversa
3273 2418 3289 2444 ,
3346 2389 3525 2432 tamen
3552 2379 3717 2434 etiam

2120 2463 2223 2518 boc
2255 2465 2489 2534 petimus
2510 2505 2525 2528 ,
2575 2465 2862 2536 prxcipias
2893 2468 3142 2532 recitari,
3177 2481 3235 2523 ut
3264 2469 3346 2525 sic
3395 2473 3592 2526 saltem
3621 2487 3718 2526 co-

2117 2567 2416 2627 gnoscant,
2469 2572 2630 2629 quam
2683 2559 3032 2629 impudenter
3076 2561 3194 2617 brec
3241 2562 3438 2618 iterum
3470 2572 3722 2635 repetant

2117 2666 2238 2721 qua:
2265 2651 2374 2721 jam
2407 2660 2532 2708 ante
2562 2655 2876 2710 transmissa
2907 2663 3054 2711 sunt.
3085 2654 3151 2709 Et
3180 2657 3286 2712 alia
3324 2675 3504 2713 manu.
3540 2659 3716 2717 Reco-

2115 2745 2300 2815 gnovL

2189 2839 2318 2894 207.
2343 2839 2632 2896 Petilianus
2650 2844 2921 2914 episcopus
2947 2844 3102 2900 dixit.
3139 2846 3273 2901 Dum
3324 2862 3431 2902 non
3459 2850 3542 2903 vis
3563 2848 3716 2905 desi-

2118 2951 2285 3006 gnare
2338 2937 2570 2993 alterum
2602 2938 2670 2994 de
2725 2938 2969 3007 duobus,
2996 2942 3156 2996 ambo
3183 2951 3374 2997 tenens
3396 2984 3411 3007 ,
3446 2943 3581 2999 facis
3629 2960 3716 3000 me

2117 3030 2311 3087 eadem
2343 3041 2610 3103 repetere.
2649 3030 2714 3084 Et
2745 3033 2853 3086 alia
2878 3049 3053 3087 manu.
3103 3033 3398 3091 Petilianus
3427 3037 3716 3108 episcopus

2117 3121 2477 3192 appellatione
2504 3123 2765 3179 incolumi
2797 3126 3109 3196 recognovi.

411 3235 512 3291 per
541 3236 606 3275 ne
633 3220 943 3275 moratoriis
972 3219 1039 3274 ad
1087 3218 1285 3289 negotii
1338 3217 1616 3273 cardinem
1662 3218 1849 3272 venire
1908 3216 2006 3270 mi-
2033 3216 2079 3280 C
2182 3214 2368 3271 208.17
2370 3218 2661 3271 ortunatins
2681 3219 2957 3290 episc0pns
2985 3218 3235 3275 Ecclesia:
3257 3222 3533 3277 catholica:
3558 3223 3713 3278 dixit.

412 3312 558 3368 nime
581 3312 976 3383 permittamnr.
999 3310 1114 3366 Non
1146 3326 1274 3381 ergo
1295 3326 1360 3365 ex
1391 3319 1573 3364 nostra
1601 3318 1750 3378 parte
1764 3320 1842 3364 est
1865 3307 2008 3378 quod

410 3405 588 3461 adhuc
618 3420 786 3475 usque
817 3403 948 3459 nihil
980 3401 1050 3458 de
1088 3403 1304 3473 negotio
1351 3414 1561 3472 gestum
1629 3412 1748 3466 est,
1794 3415 1917 3456 cum
1964 3400 2008 3455 si

413 3513 698 3570 personam
750 3513 903 3552 suam
945 3496 1166 3567 judiciis
1211 3495 1490 3551 adstruere
1533 3494 1855 3560 voluissent,
1908 3509 2006 3548 ne-

411 3606 565 3647 cesse
602 3605 700 3644 nos
741 3601 858 3645 erat
902 3589 1132 3660 objectis
1188 3590 1332 3644 illico
1383 3588 1733 3658 reSpondere.
1792 3585 1858 3640 Et
1901 3585 2009 3641 alia

415 3701 596 3739 manu.
626 3684 902 3740 Emeritus
939 3684 1226 3754 episcopus
1269 3682 1414 3737 salva
1460 3679 1823 3753 appellatione
1863 3695 2009 3735 reco-

413 3777 595 3850 gnovL

480 3871 606 3927 20!.
651 3872 970 3944 Augustinus
999 3870 1268 3940 episcopus
1300 3868 1540 3924 Ecclesia:
1563 3868 1832 3923 catholica:
1853 3865 2004 3920 dixit.

407 3963 452 4021 Ο
477 3965 642 4020 breve
672 3966 1036 4035 responsum!
1068 3962 1240 4031 Quam
1281 3961 1506 4018 multum
1539 3960 1754 4023 dicitur,
1789 3958 1876 4012 ubi
1920 3958 2004 4011 in-

406 4060 580 4115 veniri
623 4074 728 4113 non
775 4067 951 4128 potest
999 4057 1126 4129 quid
1176 4057 1418 4111 dicatur!
1469 4055 1713 4109 Breviter
1751 4051 2004 4120 l'eSptmdl

406 4170 508 4226 ego
537 4153 995 4223 postulationibus
1023 4152 1148 4206 tuis.
1181 4150 1408 4204 Voluisti
1439 4165 1502 4203 ex
1529 4163 1614 4202 me
1636 4148 1799 4213 seire,
1827 4155 2005 4214 utrum

407 4249 669 4319 legalibus
697 4247 1021 4301 teSIimoniis
1043 4245 1240 4300 divinis
1266 4260 1444 4316 agam,
1470 4260 1535 4298 an
1559 4244 1790 4314 publicis
1814 4243 2002 4312 gestis.

405 4339 686 4408 Respondi
722 4358 735 4393 :
765 4340 820 4394 Si
853 4339 1062 4394 recedis
1094 4355 1121 4391 a
1157 4337 1473 4392 criminibus
1495 4353 1613 4408 quae
1645 4353 1752 4392 non
1781 4345 2008 4407 possunt

408 4433 510 4489 nisi
540 4431 710 4502 gestis
737 4431 963 4503 publicis
998 4431 1299 4495 declarari,
1343 4429 1537 4485 recedo
1567 4445 1598 4485 a
1630 4430 1860 4499 publicis
1913 4444 2005 4500 ge-

407 4529 543 4594 stis,
588 4535 643 4581 et
687 4527 820 4582 solis
872 4525 1070 4581 divinis
1116 4524 1442 4581 testimoniis
1472 4540 1713 4580 asseram
1780 4539 2000 4580 causam

2115 3309 2304 3364 Sciunt
2329 3325 2389 3365 se
2415 3311 2466 3364 in
2491 3325 2651 3364 causa
2682 3310 2939 3367 Ecclesia:
2962 3312 3092 3367 nihil
3119 3297 3342 3369 habere.
3374 3313 3503 3370 ideo
3533 3331 3713 3371 mora-

2114 3403 2266 3458 toriis
2296 3410 2481 3473 agunt.
2505 3402 2848 3474 Quapropter
2869 3407 3124 3474 quoniam
3160 3406 3248 3461 illa
3295 3407 3409 3478 jam
3439 3419 3713 3466 transacta

2113 3504 2271 3562 sunt,
2300 3505 2360 3551 ut
2405 3507 2764 3568 cognoscatur
2819 3499 2910 3568 qui
2953 3500 3023 3555 sit
3064 3502 3284 3570 petitor,
3311 3502 3445 3573 jube
3496 3505 3716 3578 antiqua

2113 3599 2259 3662 gesta
2293 3591 2532 3646 recitari.
2564 3589 2632 3644 Et
2660 3591 2766 3646 alia
2795 3607 2971 3646 manu.
3019 3592 3349 3664 Recognovi.

2185 3683 2310 3740 209.
2342 3683 2634 3740 Petilianus
2662 3685 2932 3757 episcopus
2955 3685 3110 3740 dixit.
3135 3686 3194 3743 Si
3235 3687 3449 3758 legibus
3481 3689 3716 3760 publicis

2111 3781 2184 3834 uti
2220 3781 2330 3847 vis,
2361 3779 2653 3850 praescribo
2679 3795 2746 3834 ne
2775 3781 2940 3850 legas.
2969 3779 3036 3834 Et
3067 3781 3173 3841 alia
3200 3799 3378 3839 manu.
3413 3784 3716 3843 Petilianus

2112 3875 2400 3945 episc0pns
2427 3873 2790 3943 appellatione
2821 3874 3076 3929 incolumi
3109 3876 3422 3947 recognovi,

2183 3970 2309 4024 210.
2344 3967 2683 4022 Marcellinus
2708 3968 2786 4021 vir
2809 3967 3130 4023 clarissimus
3155 3968 3395 4024 tribunus
3416 3980 3464 4025 et
3487 3971 3717 4025 notarius

2112 4062 2262 4114 dixit.
2297 4058 2494 4114 Contra
2518 4074 2817 4116 consensus
2846 4060 3095 4131 proprios
3121 4060 3269 4130 quod
3310 4061 3522 4130 legibus
3570 4062 3715 4118 inhi-

2112 4154 2290 4218 betur,
2321 4155 2506 4209 venire
2535 4153 2835 4210 desideras.
2871 4155 2948 4210 Ex
2993 4169 3270 4210 consensu
3299 4155 3447 4212 enim
3477 4158 3714 4229 partium

2111 4256 2324 4304 constat
2350 4247 2580 4318 primum
2605 4247 2829 4303 dilatum
2858 4247 3024 4304 fuisse
3049 4249 3312 4318 judicium
3337 4291 3354 4317 ,
3387 4260 3446 4304 ut
3470 4251 3583 4306 alio
3603 4251 3712 4315 die,

2110 4345 2195 4400 vel
2224 4345 2417 4408 tertio,
2450 4345 2537 4398 vel
2567 4353 2716 4399 certe
2745 4355 2863 4414 post
2893 4344 3186 4400 editionem
3213 4355 3518 4415 gestorum,
3553 4362 3717 4418 nego-

2111 4439 2242 4492 tium
2279 4445 2622 4493 tractaretur.
2657 4437 2846 4504 Unde,
2878 4447 2936 4494 ut
2961 4440 3082 4508 quis
3135 4439 3259 4494 loco
3297 4441 3552 4509 petitoris
3574 4441 3718 4497 adsi-

2110 4542 2217 4588 stat
2243 4532 2557 4601 diligentius
2583 4532 2916 4600 declaretur,
2955 4545 3104 4604 geSIa
3132 4539 3460 4590 recitentur.

404 4619 665 4677 Ecclesia:
698 4635 858 4692 quam
896 4619 1151 4676 defendo.
1181 4619 1235 4676 Si
1263 4628 1443 4674 autem
1481 4629 1534 4672 ιιι
1577 4620 1644 4672 ab
1675 4618 1779 4672 illis
1817 4618 2000 4673 crimi-
2031 4629 2086 4689 D
2180 4627 2308 4682 211,
2344 4625 2636 4681 Petilianus
2681 4627 2956 4695 episcopus
2979 4627 3132 4682 dixit,
3165 4627 3457 4683 Servarem
3481 4643 3718 4685 consen.

401 4716 714 4772 nationibus
767 4730 874 4770 non
918 4715 1001 4770 vis
1050 4713 1336 4780 recedere,
1370 4727 1470 4768 nec
1503 4728 1606 4783 ego
1645 4712 1900 4767 recedam
1931 4712 1998 4766 ab

403 4811 483 4866 eis
509 4809 848 4866 documentis
874 4808 1068 4879 quibus
1099 4816 1149 4862 te
1170 4806 1464 4863 ostendam‘
1492 4806 1623 4861 falsa
1651 4806 1881 4861 crimina
1915 4805 1997 4860 vel

402 4904 558 4957 nobis
583 4905 667 4958 vel
709 4904 809 4973 ipsi
870 4900 1131 4958 Ecclesia:
1167 4916 1328 4971 quam
1377 4900 1674 4956 retinemus
1733 4898 1992 4970 objicerc.

403 4991 471 5046 Et
501 4993 601 5046 alia
627 5010 804 5048 manu.
835 4994 1167 5065 Recognovi.

467 5083 592 5140 202.
621 5083 955 5139 Marcellinus
974 5088 1052 5140 vir
1079 5085 1654 5158 clm'issimustribunus
1683 5096 1730 5140 et
1757 5086 1996 5140 notarius

399 5176 548 5231 dixit.
583 5175 665 5231 Ad
693 5174 808 5230 haec
838 5175 998 5245 plene
1024 5186 1238 5232 conSIat
1295 5191 1417 5232 esse
1464 5194 1810 5247 responsum.
1859 5180 1993 5248 Qua:

396 5277 575 5322 autem
609 5282 736 5338 pars
763 5269 884 5323 loco
922 5268 1169 5336 petitoris
1206 5268 1432 5324 adsistat
1470 5269 1596 5324 sciri
1630 5272 1854 5325 omnino
1882 5288 1989 5326 non

395 5359 612 5428 peterit,
644 5359 745 5413 nisi
775 5375 840 5416 ex
882 5361 1198 5416 recitatione
1235 5369 1548 5430 gestorum;
1581 5379 1725 5431 quae,
1773 5373 1830 5418 ut
1879 5373 1990 5418 sta-

397 5452 492 5516 tui,
533 5450 786 5520 quoniam
836 5468 865 5506 a
909 5461 1061 5522 parte
1115 5462 1289 5507 vestra
1327 5467 1448 5522 qua:
1478 5453 1659 5508 oblata
1688 5466 1833 5522 sunt,
1859 5469 1990 5512 con-

393 5552 499 5597 stat
531 5558 653 5597 esse
675 5546 917 5610 recitata,
951 5546 1166 5602 tandem
1196 5547 1485 5617 aliquando
1509 5547 1878 5619 perlegantur.

464 5635 592 5690 205.
637 5635 925 5691 Petiliauus
965 5640 1232 5710 episc0pns
1263 5640 1417 5695 dixit.
1462 5640 1633 5696 Nemo
1683 5641 1790 5695 duo
1841 5643 1990 5714 eligit

391 5725 462 5780 de
483 5729 709 5783 duobus.
737 5727 870 5782 Cum
891 5745 1021 5800 ergo
1053 5733 1426 5803 proposaerim
1454 5743 1510 5788 ut
1535 5733 1766 5788 alterum
1793 5733 1987 5803 elegis-

384 5829 489 5886 set,
525 5821 614 5874 ille
643 5823 742 5877 sibi
769 5823 929 5878 ambo
959 5823 1269 5882 evidentius
1295 5825 1609 5883 vindicavit.
1639 5828 1753 5885 Non
1786 5829 1974 5895 timeo,

2107 4734 2258 4784 sum,
2292 4719 2338 4773 si
2380 4730 2432 4775 et
2475 4718 2578 4790 ipsi
2607 4727 2910 4774 servarent.
2940 4718 3008 4774 Et
3039 4719 3143 4773 alia
3184 4737 3363 4774 manu.
3412 4721 3716 4778 l‘etilianus

2107 4812 2393 4882 episcopus
2420 4811 2786 4881 appellatione
2814 4811 3073 4867 incolumi
3101 4815 3416 4883 recognovi.

2176 4904 2304 4959 212.
2334 4903 2676 4959 Marcellinus
2701 4906 2776 4959 vir
2801 4905 3118 4959 clarissimus
3141 4905 3376 4960 tribunus
3403 4915 3452 4962 et
3478 4910 3716 4962 notat-ists

2104 4999 2257 5053 dixit.
2311 4997 2625 5053 llecitentur
2673 5007 2846 5070 gesta.
2905 4999 3206 5054 Adeodatus
3251 5001 3531 5074 episcopus
3558 5003 3712 5057 dixit.

2103 5088 2306 5144 Contra
2361 5088 2479 5144 haec
2533 5103 2687 5143 serva
2742 5103 2863 5160 quae
2910 5090 3250 5158 competunt.
3276 5089 3345 5146 Et
3375 5092 3486 5146 alia
3530 5110 3712 5149 manu.

2105 5182 2416 5238 Adeodatus
2464 5182 2755 5251 episc0pns
2809 5183 3174 5253 appellatione
3229 5184 3489 5240 incolumi
3549 5201 3712 5242 reco-

2101 5277 2285 5346 gnovi.
2320 5273 2658 5329 Marcellinus
2678 5275 2758 5328 vir
2783 5275 3108 5330 clarissimus
3135 5276 3375 5332 tribunus
3399 5289 3448 5332 et
3474 5281 3715 5334 notarius

2099 5368 2252 5422 dixit.
2287 5367 2360 5421 Ea
2391 5381 2513 5438 quae
2568 5366 2762 5422 rationi
2790 5375 2847 5422 et
2885 5367 3127 5438 tequitati
3171 5378 3488 5438 competere
3521 5383 3717 5440 potue-

2099 5463 2210 5519 rint
2229 5506 2241 5525 ,
2276 5462 2424 5517 salva
2453 5467 2633 5517 erunt.

2168 5555 2296 5610 213.
2331 5554 2623 5608 Adeodatus
2651 5555 2920 5623 episc0pns
2949 5553 3102 5609 dixit.
3139 5553 3194 5610 Si
3227 5555 3371 5609 enim
3404 5570 3714 5612 consensus

2095 5647 2399 5702 servandus
2452 5655 2569 5711 est,
2623 5654 2678 5700 et
2721 5646 2991 5700 retinendi
3047 5662 3236 5701 sumus
3262 5647 3330 5700 ad
3373 5663 3711 5704 consensum

2094 5749 2339 5795 nostrum
2361 5780 2376 5805 ,
2412 5739 2613 5794 debent
2637 5740 2798 5793 etiam
2827 5739 2984 5794 nobis
3032 5741 3131 5809 ipsi
3164 5739 3322 5795 [idem
3356 5743 3440 5796 sui
3472 5757 3712 5799 consen-

2091 5848 2184 5890 sns
2209 5870 2226 5901 ,
2268 5833 2356 5904 qui
2379 5848 2438 5888 se
2466 5831 2675 5903 legibus
2698 5829 2894 5888 divinis
2916 5841 3133 5890 acturos
3157 5845 3283 5890 esse
3303 5836 3700 5904 promiserunt.
