3996 6332
183 325 317 384 HM

1111 321 1332 378 GES’I‘.\
1366 319 1819 378 COLLA'I‘IONIS
1852 320 2468 382 CARTIMGINENSIS.

3338 325 3478 382 “02

183 441 250 497 Et
279 443 386 498 alia
407 456 582 497 manu.
612 437 923 495 Adeodatus
953 437 1241 510 episcopus
1286 438 1652 509 appellatione
1693 439 1775 494 in-
1803 443 1856 503 Α
1881 441 2043 496 alium
2067 444 2182 498 sine
2207 441 2384 514 sigillo
2401 442 2765 499 cohrcrentem
2787 441 3161 499 eidetnalutat.
3189 442 3480 500 Datnmdie

180 537 378 592 eulumi
408 534 718 605 recognovi.
1472 599 1479 605 δ

250 626 381 683 214.
417 628 731 699 Augustinus
755 625 1028 696 episcopus
1057 624 1304 681 Ecclesia:
1333 626 1602 682 catholicte
1625 626 1774 682 dixit.

179 718 289 776 Sed
319 735 540 775 causam
567 721 822 775 Ecclesia:
843 763 858 785 ,
893 735 1000 776 non
1040 735 1255 775 causam
1284 720 1554 776 Cteciliani
1585 731 1638 776 et
1667 720 1781 776 col-

180 816 420 886 legarum
446 814 596 885 ejus,
629 815 822 883 quibus
866 814 1090 870 crimina
1123 815 1419 871 iutenditis.
1457 818 1594 872 licce
1629 816 1780 886 polli-

177 926 391 976 cemur,
420 917 476 964 ct
502 910 700 964 totiens
731 910 1050 980 pollicemur
1075 912 1328 981 quotiens
1380 923 1630 968 exactum
1662 913 1779 969 fue-

176 1003 242 1059 rit
270 1021 300 1057 a
325 1002 512 1068 uobis,
542 1012 591 1058 et
621 1018 742 1058 cum
774 1018 880 1058 non
910 1004 1162 1075 exigitur,
1187 1004 1484 1072 offerimus,
1518 1006 1777 1063 Ecclesim

175 1111 400 1152 causam
427 1112 536 1152 non
563 1096 669 1152 nisi
697 1096 896 1152 divinis
922 1097 1245 1154 teSIimoniis
1269 1098 1582 1164 firmamus,
1613 1098 1779 1154 doce-

176 1207 341 1258 mus,
371 1191 738 1258 ostendimus;
792 1191 1064 1248 Caeciliani
1090 1201 1272 1248 autem
1311 1201 1365 1248 et
1413 1191 1780 1263 quorumlibet

178 1283 464 1339 hominum
495 1300 602 1339 non
633 1283 735 1339 nisi
765 1283 852 1340 bis
877 1283 1219 1340 documentis
1247 1284 1441 1356 quibus
1464 1285 1645 1340 solent
1673 1286 1774 1343 ista

174 1378 265 1433 vel
296 1376 661 1433 demonstrari
689 1420 702 1444 ,
731 1378 813 1433 vel
846 1375 1083 1449 purgari.
1119 1375 1186 1431 Et
1215 1379 1323 1432 alia
1369 1394 1549 1431 manu.
1604 1376 1776 1434 Reco-

173 1472 360 1544 guovi.

245 1568 375 1622 215.
404 1565 741 1622 Marcellinus
761 1566 839 1622 uir
864 1567 1184 1621 clarissintus
1210 1567 1446 1622 tribunus
1467 1577 1512 1622 et
1541 1567 1775 1622 notarius

1882 533 2096 591 decimo
2117 536 2347 607 septimo
2379 536 2728 593 kalendarum
2758 535 3016 592 Maiarum
3043 535 3388 605 Carthagine,
3413 537 3473 592 Ι).

1882 626 1948 682 Ν.
1991 625 2352 684 Constantino
2393 631 2634 699 Augusto
2672 645 2728 684 ιιι
2755 629 2997 686 consule.
3027 631 3142 696 Quo
3171 630 3402 696 recitato,

1952 721 2080 776 221.
2144 720 2432 776 Petilianus
2471 723 2738 795 episcopus
2781 721 2934 777 dixit.
2977 720 3112 789 Quis
3138 729 3222 776 cst
3251 720 3354 776 iste
3383 719 3476 791 qui

1882 815 2035 885 agit?
2063 813 2340 870 Caeciliani
2365 813 2506 869 filius
2527 825 2646 880 est,
2677 829 2743 869 an
2776 814 2927 869 non?
2952 812 3020 867 Et
3047 813 3153 867 alia
3166 829 3340 867 manu.
3377 813 3479 869 Pe-

1883 907 2101 962 tilianus
2130 907 2417 977 episcopus
2441 906 2590 963 salva
2617 907 2977 977 appellatione
3003 908 3313 978 recognovi.

1950 998 2078 1054 222.
2107 998 2432 1072 Augustinus
2455 1000 2727 1070 episcopus
2756 998 3000 1055 Ecclesia:
3027 1000 3300 1055 catholicae
3319 999 3473 1053 dixit.

1880 1091 1958 1148 Ne
1998 1093 2150 1148 vobis
2182 1092 2376 1148 dicatis
2397 1104 2607 1164 patrem
2641 1095 2692 1148 in
2738 1103 2879 1148 terra
2908 1136 2922 1160 ,
2955 1095 3113 1150 simul
3143 1093 3474 1160 audivimus,

1879 1188 2039 1243 simul
2073 1188 2527 1258 legimus,'simul
2569 1187 2782 1260 pepulis
2826 1187 3202 1259 praulicamus.
3228 1187 3366 1255 Quid
3406 1186 3476 1243 de

1880 1296 1968 1336 me
2010 1281 2213 1352 quaeris
2238 1290 2418 1336 utrum
2452 1282 2552 1336 sim
2609 1280 2748 1336 filius
2775 1280 3093 1335 Caeciliani?
3125 1279 3470 1344 Caecilianus,

1878 1375 1925 1430 si
1976 1373 2241 1430 innocens
2292 1373 2412 1440 fuit,
2464 1376 2697 1446 gaudeat
2747 1375 2816 1430 de
2865 1389 2961 1430 sua
3015 1375 3361 1440 innocentia,
3394 1390 3480 1430 me

1878 1467 2276 1538 congaudente,
2309 1483 2416 1523 non
2446 1468 2498 1523 in
2523 1469 2642 1537 ejus
2675 1469 2978 1524 innocentia
3007 1483 3093 1524 me
3119 1483 3269 1539 spem
3301 1481 3475 1522 meam

1879 1570 2138 1633 ponente.
2156 1561 2212 1618 Si
2239 1571 2416 1616 autem
2439 1577 2641 1617 nocens
2671 1561 2789 1628 fuit,
2819 1561 2962 1633 quod
2981 1560 3215 1618 fortasse
3237 1560 3478 1616 discussa

173 1661 329 1716 dixit.
363 1659 469 1716 Ista
522 1659 857 1731 frequentius
905 1660 1046 1716 dicta
1100 1668 1248 1716 sunt.
1308 1660 1463 1716 Unde
1518 1662 1771 1731 quoniam
1811 1678 1819 1685 ·
1875 1669 2035 1712 causa
2066 1657 2152 1712 vel
2176 1657 2277 1722 sic,
2303 1656 2384 1712 vel
2416 1657 2571 1712 aliter
2599 1655 2917 1721 declarabit,
2943 1655 3199 1710 sustinuit
3222 1670 3345 1710 eum
3376 1654 3480 1709 Ec.

172 1761 385 1807 Constat
416 1751 667 1824 primitus
697 1753 942 1822 petitoris
973 1767 1262 1825 personam
1291 1751 1494 1808 debere
1521 1753 1770 1823 disquiri,

1877 1751 2038 1805 clesia
2065 1764 2224 1821 quam
2245 1759 2426 1815 teneo,
2452 1758 2509 1804 ut
2539 1769 2564 1802 τι
2593 1748 3035 1805 similitudinibus
3057 1747 3344 1803 dominicis
3368 1761 3475 1801 non

175 1851 334 1914 gesta
359 1845 677 1900 recitentur.
705 1844 969 1901 Martialis
1022 1855 1258 1917 exceptor
1283 1847 1532 1900 recitavit.
1588 1845 1776 1917 Incipit
1808 1847 1853 1907 B
1882 1843 2151 1906 recedam,
2175 1843 2316 1898 sicut
2339 1841 2546 1913 paleam
2571 1844 2623 1897 iu
2653 1841 2950 1907 area,sicut
2970 1839 3021 1894 in
3041 1837 3242 1895 eisdem
3265 1837 3478 1909 pascuis

172 1937 372 1993 relatio
425 1938 640 1992 Anotini
666 1938 1002 2008 proconsulis
1029 1981 1045 2004 ,
1088 1940 1175 1994 ubi
1207 1939 1446 1994 ostendit
1470 1939 1776 1994 Donatistas

172 2031 456 2088 Caeciliani
511 2047 732 2088 causam
791 2033 857 2087 ad
927 2033 1311 2104 imperatorem
1361 2032 1775 2089 Coustautinum

173 2125 460 2184 detulisse.
493 2126 560 2180 Et
586 2144 700 2181 cunt
731 2129 966 2183 recitaret
995 2170 1010 2194 ,

246 2217 376 2274 216.
423 2218 703 2274 Montanus
742 2220 1015 2293 episwpus
1046 2219 1200 2275 dixit.
1249 2219 1320 2278 Ut
1349 2221 1477 2291 quid
1511 2219 1616 2277 lste
1649 2223 1776 2278 titu-

173 2310 262 2366 lus
293 2311 533 2383 legitur?
562 2311 628 2368 Et
654 2313 761 2367 alia
788 2330 964 2367 manu.
994 2313 1282 2368 Montanus
1312 2315 1599 2385 cpiscopus
1625 2315 1772 2370 Salva

174 2405 542 2478 appellatione
587 2408 902 2478 recognovi.
941 2407 1278 2463 Marcellinus
1326 2409 1404 2462 vir
1458 2409 1776 2463 clarissimus

176 2506 417 2559 tribunus
441 2514 490 2559 et
519 2505 749 2560 notarius
777 2505 927 2560 dixit.
964 2505 1167 2560 t\'euler
1193 2505 1382 2560 titulus
1410 2506 1546 2559 actis
1569 2507 1777 2560 insere-

175 2609 290 2655 tur.
328 2600 591 2656 Martialis
618 2611 859 2672 exceptor
896 2602 1146 2656 recitavit.
1178 2601 1438 2670 Augustis
1469 2601 1671 2656 nostris
1695 2601 1770 2656 A-

176 2693 397 2749 ttoliuus
445 2694 528 2750 vir
575 2694 912 2750 clarissimus
965 2696 1256 2767 proconsul
1287 2694 1506 2750 Africae.
1561 2694 1775 2765 Scripta

175 2788 424 2848 cmlestia
445 2789 740 2859 Majestatis
765 2799 964 2845 vestra:
993 2797 1213 2860 accepta
1236 2798 1398 2860 atque
1418 2787 1640 2843 adorata
1663 2788 1777 2844 Ca:-

173 2883 380 2938 ciliauo
407 2894 461 2938 et
503 2883 585 2938 bis
614 2883 704 2953 qui
735 2883 837 2938 sub
875 2882 1066 2938 eodem
1113 2891 1314 2954 agunt,
1357 2882 1558 2953 quique
1588 2882 1776 2938 clerici

173 2977 560 3048 appellantur,
589 2976 810 3033 dev0tio
839 2993 955 3032 mea
989 2977 1128 3048 apud
1164 2987 1279 3032 acta
1320 2976 1598 3046 parvitatis
1641 2991 1777 3032 mea:

174 3069 457 3126 insinuare
485 3072 716 3127 curavit.
742 3069 812 3125 Et
836 3087 953 3124 cum
977 3071 1236 3134 recitaret,

248 3163 376 3217 217.
434 3161 716 3218 Petilianus
743 3164 1012 3235 episcopus
1039 3162 1191 3216 dixit.
1226 3161 1383 3218 Unde
1411 3161 1514 3217 hoc
1547 3160 1772 3231 profert,

1884 1937 2094 2002 haedos,
2127 1939 2267 1993 sicut
2290 1936 2561 1992 ineisdcm
2588 1935 2790 1992 retibus
2813 1935 2986 2005 pisces
3017 1932 3223 1998 malos;
3255 1946 3361 1987 non
3398 1939 3479 1986 ta-

1882 2048 2003 2088 men
2033 2039 2254 2102 propter
2271 2031 2442 2086 malos
2460 2045 2559 2086 nos
2579 2039 2670 2085 aut
2687 2045 2864 2084 aream
2879 2027 3204 2082 dominicam
3221 2026 3476 2080 deserere

1881 2127 2164 2194 debemus,
2196 2136 2289 2182 aut
2317 2126 2450 2182 retia
2477 2126 2746 2181 dominica
2777 2122 2976 2179 nefaria
2994 2119 3339 2178 animositate
3366 2118 3478 2175 dis-

1883 2223 2159 2278 sensionis
2183 2222 2532 2292 abrumpere,
2552 2231 2606 2276 et
2629 2219 2680 2275 in
2702 2234 2854 2275 mare
2877 2229 3004 2274 ante
3036 2226 3252 2287 tempus
3283 2215 3478 2272 littoris

1879 2316 2151 2386 prosilire.
2188 2315 2256 2369 Et
2289 2315 2394 2369 alia
2443 2331 2620 2369 manu.
2663 2313 2997 2385 Recognovi.

1950 2410 2078 2466 225.
2122 2409 2460 2464 Marcellinus
2481 2409 2558 2462 vir
2583 2409 2903 2463 clarissimus
2925 2407 3160 2462 tribunus
3181 2415 3228 2462 et
3251 2405 3482 2460 notarius

1880 2503 2034 2558 dixit.
2064 2503 2155 2560 Sic
2181 2514 2238 2557 ut
2269 2512 2533 2558 statutum
2557 2512 2643 2558 est
2669 2502 2848 2557 omnia
2871 2501 3198 2572 relegantur.
3229 2501 3485 2555 Emeritos

1879 2598 2150 2667 epismpus
2177 2597 2333 2653 dixit.
2366 2595 2499 2652 lube
2539 2611 2640 2651 nos
2667 2595 2940 2666 prosequi.
2982 2593 3049 2648 Et
3077 2593 3183 2648 alia
3208 2609 3385 2646 manu.
3412 2591 3482 2646 E-

1880 2691 2108 2745 meritos
2127 2692 2415 2761 episeopus
2435 2689 2743 2759 recognovi.
2775 2687 3114 2742 Marcellinus
3150 2685 3218 2741 γ.
3241 2683 3301 2740 C.
3317 2683 3479 2740 tribu-

1881 2800 1979 2838 nus
2009 2794 2057 2838 et
2085 2785 2318 2840 notarius
2357 2782 2511 2838 dixit.
2540 2783 2714 2853 Agite.
2744 2780 3002 2834 Emeritus
3023 2779 3293 2851 episcOpus
3321 2776 3471 2832 dixit.

1884 2877 2127 2933 Recitata
2151 2878 2414 2947 scriptura
2429 2891 2590 2948 quam
2607 2889 2733 2946 pars
2752 2874 2977 2930 adversa
3010 2873 3248 2944 protulit.
3271 2870 3338 2927 Et
3363 2886 3480 2926 cum

1882 2971 2069 3026 diceret
2100 2968 2192 3045 (Et
2212 2969 2318 3026 alia
2345 2986 2522 3024 manu.
2543 2970 2809 3024 Emeritos
2826 2969 3116 3037 episeopus
3139 2965 3478 3036 reetignovi),

1953 3065 2084 3121 224.
2130 3064 2545 3119 Fortunatianus
2587 3064 2858 3136 episcOpus
2904 3061 3154 3117 Ecclesia:
3203 3060 3476 3115 catholica:

1881 3159 2033 3215 dixit.
2065 3159 2199 3228 Quis
2224 3157 2396 3229 possit
2421 3173 2541 3213 esse
2571 3156 2785 3226 petitor,
2812 3155 2894 3210 lti-t
2916 3155 3081 3224 gestis
3103 3156 3303 3224 poterit
3324 3154 3474 3210 inve-

174 3269 242 3309 οι
277 3253 496 3324 publico
521 3255 745 3321 scrinio,
776 3270 844 3310 an
874 3254 943 3310 de
969 3254 1101 3310 suo‘l
1129 3253 1193 3308 Et
1218 3254 1324 3309 alia
1348 3270 1523 3308 manu.
1555 3253 1776 3310 Petilia-
1801 3245 1846 3309 C
1883 3253 2006 3308 niri.
2033 3251 2099 3306 Et
2123 3252 2228 3306 alia
2253 3267 2430 3305 manu.
2462 3249 2792 3320 Recognovi.

173 3360 282 3402 nos
312 3347 602 3418 episcopus
632 3347 940 3417 recognovi.

246 3440 376 3496 2t8.
425 3441 746 3512 Augustinus
767 3441 1036 3512 episcopus
1067 3439 1313 3495 Ecclesiae
1333 3438 1769 3495 catholicwdixit.

171 3534 367 3605 Legat,
397 3545 450 3589 et
482 3545 610 3589 tunc
639 3535 705 3589 de
734 3534 891 3588 nobis
921 3535 1101 3603 exigat
1129 3533 1290 3602 hujus
1320 3532 1572 3589 lectiOnis
1602 3530 1776 3586 firmi-

173 3637 366 3684 tatem.
399 3627 468 3683 Et
489 3629 595 3684 alia
622 3645 801 3684 manu.
828 3628 1158 3700 Recognovi.

248 3719 380 3775 219.
412 3719 748 3776 Marcellinus
777 3721 856 3775 vir
884 3721 1204 3775 clarissimus
1222 3720 1458 3774 tribunus
1476 3729 1522 3773 et
1539 3719 1776 3772 notarius

172 3814 313 3869 dixit
330 3816 492 3871 :Ante
507 3815 796 3871 lectionem
814 3814 956 3870 unde
971 3813 1214 3886 proferas
1225 3813 1508 3869 evidenter
1523 3813 1772 3869 ostende.

247 3909 374 3967 220.
431 3911 752 3982 Augustinus
771 3911 1042 3982 episwpus
1064 3908 1311 3964 Ecclesia
1333 3906 1602 3963 catholica:
1621 3908 1774 3963 dixit.

170 4004 236 4061 Si
284 4003 408 4059 inde
450 4004 724 4070 dubitant,
761 4005 981 4059 archiva
1029 4003 1366 4073 proconsulis
1407 4004 1772 4074 requirantur.

171 4099 248 4154 Et
268 4099 374 4154 alia
405 4115 580 4154 manu.
622 4099 956 4169 Recognovi.
994 4097 1332 4154 Marcellinus
1359 4099 1436 4153 vir
1461 4097 1778 4153 clarissimus

172 4194 415 4248 tribunus
445 4203 492 4247 et
513 4194 746 4248 notarius
783 4193 936 4247 dixit.
965 4191 1228 4261 Quoniam
1257 4192 1308 4247 in
1339 4191 1575 4248 arebivis
1603 4193 1779 4263 publi-

167 4285 258 4341 cis
305 4301 368 4341 ea
410 4301 530 4358 quae
575 4287 874 4342 recitantur
905 4285 1084 4341 inesse
1116 4285 1325 4350 dixisti,
1358 4286 1499 4340 sicut
1535 4293 1777 4355 coeperat

167 4379 445 4449 officium,
476 4379 654 4434 omnia
686 4380 924 4450 relegere
955 4377 1191 4434 debebit.
1223 4376 1484 4432 Martialis
1517 4388 1773 4447 exceptor.

169 4489 244 4530 ex
286 4474 634 4546 superioribus
678 4475 833 4547 gestis
876 4472 1126 4526 recitavit.
1178 4471 1518 4540 Eosdetnque
1565 4471 1774 4526 hortata

169 4578 297 4631 est,
340 4577 398 4623 ut
438 4568 643 4623 unitate
679 4581 950 4622 consensu
996 4565 1238 4620 omnium
1274 4565 1410 4620 facta
1447 4562 1589 4636 [cum
1629 4562 1777 4617 omni

1948 3347 2108 3418 311
2148 3344 2276 3400 225.
2318 3343 2583 3400 Emeritus
2608 3345 2878 3416 episcopus
2905 3343 3054 3396 dixit.
3081 3341 3322 3397 Recitata
3345 3339 3479 3396 scri-

1878 3451 2033 3514 plura
2061 3455 2219 3511 quam
2250 3456 2371 3511 pars
2400 3439 2623 3495 adverSa
2647 3439 2888 3510 protulit,
2915 3451 3140 3494 consors
3169 3436 3475 3505 meusjusta

1879 3535 2260 3604 prosecutione
2272 3533 2706 3605 signavitnomen
2723 3533 2823 3588 sibi
2843 3533 3122 3603 imponere
3135 3531 3333 3587 debere
3352 3545 3475 3586 eum

1877 3626 1968 3698 qui
1993 3641 2212 3682 causam
2234 3626 2480 3683 defendit
2509 3627 2561 3680 in
2599 3625 2802 3696 judicio
2829 3624 3125 3680 Caeciliani.
3160 3622 3265 3679 Sed
3303 3629 3480 3678 arcta-

1878 3729 1964 3776 tus
1988 3721 2071 3776 bis
2089 3721 2246 3776 nodis
2265 3715 2541 3776 veniens'e
2562 3721 2805 3784 diverso,
2829 3720 2982 3790 quasi
3001 3718 3234 3790 quodam
3271 3717 3480 3773 lubrico

1880 3813 2066 3885 fugere
2090 3824 2250 3886 atque
2280 3815 2421 3870 elabi
2462 3823 2712 3879 conatur;
2753 3813 2888 3868 duas
2914 3813 2967 3867 in
2989 3812 3209 3883 judiciis
3240 3809 3479 3866 inferens

1879 3923 2141 3979 personas
2160 3918 2210 3964 et
2233 3908 2477 3979 geminas
2498 3908 2762 3964 actiones.
2783 3905 2918 3961 Dicit
2940 3908 3103 3961 enim.
3122 3905 3177 3960 Si
3199 3903 3475 3959 Cteciliatti

1879 4015 2108 4072 persona
2141 4017 2237 4072 pro
2267 4002 2494 4073 objectis
2540 4001 2856 4056 criminilms
2889 3998 3084 4070 pcterit
3113 3999 3342 4062 destrui,
3373 3997 3476 4053 Ec-

1878 4094 2082 4163 clesiae,
2117 4096 2310 4167 inquit,
2345 4095 2476 4150 nihil
2509 4096 2704 4160 oberit,
2745 4109 2865 4149 cum
2901 4095 3058 4150 unius
3091 4094 3323 4149 hominis
3351 4108 3474 4162 per-

1879 4204 2009 4245 sona
2052 4189 2322 4246 destructa
2354 4189 2570 4245 adstare
2624 4189 2870 4244 videatur
2897 4189 2948 4242 in
2980 4187 3106 4245 ﬁde.
3161 4186 3300 4256 Quid
3346 4201 3476 4258 ergo

1880 4297 2016 4349 opus
2045 4293 2147 4345 est,
2177 4281 2262 4337 vir
2303 4282 2572 4346 sublimis,
2601 4281 2871 4337 (Iteciliani
2901 4296 3118 4335 causam
3152 4281 3202 4334 in
3241 4279 3475 4335 medium

1881 4377 2117 4441 mittere,
2147 4376 2192 4430 si
2223 4376 2356 4430 nihil
2379 4378 2531 4432 obest
2562 4376 2666 4439 his,
2699 4379 2739 4429 si
2765 4375 2895 4430 nilnl
2916 4377 3174 4430 adversus
3197 4391 3292 4431 eos
3317 4374 3476 4440 facit;

1879 4477 1972 4522 aut
1999 4484 2095 4523 cur
2137 4469 2190 4523 in
2231 4469 2435 4538 judicio
2476 4469 2790 4524 defenditur
2835 4471 2917 4524 vel
2975 4468 3298 4523 accusatur?
3343 4466 3476 4522 Cum

1881 4563 2026 4618 enim
2053 4561 2197 4618 dicat
2228 4577 2403 4633 neque
2426 4563 2524 4618 sibi
2558 4563 2752 4618 obesse
2776 4561 3017 4632 ejusdem
3042 4573 3270 4634 reatum,
3299 4576 3477 4632 neque

166 4660 422 4734 omnino]
463 4676 688 4717 munere
716 4659 736 4734 [
763 4657 1456 4731 indulgentia].Majestatis
1487 4669 1679 4713 vestra:
1705 4656 1773 4712 li-
1799 4654 1853 4714 1)
1882 4671 2040 4726 posse
2068 4656 2302 4727 aliquam
2331 4657 2580 4711 nebulam
2603 4656 2682 4711 vel
2712 4655 2980 4710 maculam
3006 4655 3266 4711 Ecclesia:
3295 4658 3478 4710 innec-

166 4755 348 4812 berati
380 4769 501 4809 esse
533 4753 839 4820 videantur,
870 4752 1147 4807 Catholica
1179 4751 1468 4818 CttSlodila,
1501 4749 1771 4805 sanctitati

165 4851 311 4922 legis
339 4849 516 4905 debita
545 4851 868 4912 reverentia,
903 4863 967 4903 ac
1001 4846 1202 4902 divinis
1246 4847 1407 4902 rebus
1451 4846 1771 4901 inserviant.

169 4943 376 5000 Verum
409 4954 528 5014 post
558 4957 765 5014 paucos
790 4940 910 4997 dies
930 4941 1258 4996 exstiterunt
1279 4938 1519 5008 quidam,
1541 4938 1772 4993 adunata

165 5051 361 5094 secum
406 5036 586 5106 populi
639 5033 1018 5099 multitudine,
1051 5032 1142 5102 qui
1184 5029 1472 5088 Caeciliano
1503 5032 1779 5088 contradi-

164 5129 404 5186 cendum
447 5137 719 5198 putarent,
751 5127 953 5198 quique
982 5125 1296 5182 fasciculum
1325 5124 1382 5179 in
1408 5125 1555 5180 aluta
1585 5126 1770 5195 signa-

165 5232 315 5287 tum,
338 5231 389 5276 et
419 5221 663 5276 libellum
687 5220 803 5276 sine
831 5220 986 5291 signo
1001 5218 1316 5275 obtulerunt
1337 5218 1591 5273 dicationi
1613 5234 1771 5286 metu,

165 5327 337 5386 atque
369 5314 645 5385 impendio
686 5314 1026 5390 postularunt
1057 5323 1115 5368 ut
1145 5311 1213 5366 ad
1253 5326 1470 5366 sacrum
1507 5326 1571 5366 ac
1608 5327 1776 5368 vene-

163 5409 402 5466 rabilem
443 5407 761 5463 comitatum
807 5405 1044 5461 numinis
1084 5405 1254 5460 vestri
1293 5403 1623 5474 dirigerem,
1653 5419 1776 5475 quae

167 5512 430 5562 manente
451 5502 740 5559 Caeciliano
768 5504 821 5557 in
842 5509 986 5557 statu
1015 5516 1136 5568 suo,
1164 5499 1426 5571 subjectis
1453 5498 1773 5555 corumdem

165 5599 314 5654 actis
332 5637 349 5663 ,
373 5611 481 5666 quo
505 5605 697 5652 cuneta
735 5594 989 5665 Maiestas
1017 5603 1197 5648 vestra
1229 5594 1399 5664 possit
1423 5592 1770 5664 dignoscere,

167 5690 414 5763 parvitas
435 5705 550 5744 mea
575 5689 808 5760 dirigere
827 5686 1057 5743 curavit.
1072 5685 1374 5743 Transmisi
1389 5685 1773 5755 libellosduos,

1880 4759 2017 4814 tere,
2041 4747 2192 4804 vides
2221 4764 2356 4820 ergo
2405 4748 2674 4818 superflue
2707 4745 2982 4803 Ca-ciliani
3028 4764 3223 4803 nomen
3257 4749 3310 4802 in
3337 4745 3478 4814 judi-

1877 4839 2022 4897 cium
2044 4843 2290 4907 missum,
2324 4856 2447 4896 cum
2480 4840 2580 4896 hac
2607 4844 2758 4912 quasi
2799 4843 3163 4913 peremptoris
3195 4840 3478 4911 praeserip-

1879 4936 2027 4991 tione
2070 4943 2363 4992 excusatus
2407 4950 2530 4990 esse
2574 4934 2842 5001 videatur,
2887 4945 2943 4990 ut
2989 4937 3032 4990 si
3082 4950 3212 4990 rcus
3263 4933 3355 4998 sit,
3407 4933 3478 4988 ab

1878 5027 2118 5084 Ecclesia
2151 5025 2397 5082 videatur
2443 5038 2761 5094 extraneos;
2799 5028 2844 5082 si
2876 5029 3157 5092 innocens,
3191 5028 3342 5099 quasi
3374 5026 3474 5082 ob-

1875 5121 2036 5191 jectis
2062 5119 2378 5176 criminibus
2423 5130 2684 5192 purgatus
2717 5133 2876 5192 atque
2929 5122 3212 5186 liberatus,
3244 5123 3380 5178 bene
3424 5121 3477 5175 in

1879 5214 2124 5271 Ecclesia
2157 5229 2253 5269 sua
2302 5215 2518 5270 stetisse
2551 5216 2814 5272 videatur.
2848 5215 3061 5285 iudica,
3094 5217 3176 5271 vir
3206 5215 3476 5280 sublimis,

1879 5324 2047 5364 unum
2075 5321 2172 5364 eos
2202 5315 2392 5364 tenere
2412 5310 2612 5365 debere
2630 5326 2650 5374 ;-
2676 5311 2722 5365 si
2745 5310 3015 5365 Caeciliani
3047 5325 3262 5366 causam
3293 5307 3481 5364 defen-

1877 5401 2033 5472 dunt,
2067 5402 2350 5474 superbire
2375 5417 2434 5459 se
2460 5413 2513 5458 et
2553 5405 2801 5473 prosequi
2832 5418 2897 5458 ea
2939 5419 3056 5473 quae
3087 5403 3136 5457 iu
3161 5403 3362 5472 judicio
3385 5403 3481 5459 ad-

1880 5511 2069 5552 versus
2097 5495 2446 5552 Caecilianum
2477 5497 2546 5552 de
2572 5498 2802 5552 veritate
2836 5508 3176 5566 promuntttr.
3206 5497 3262 5552 Si
3295 5504 3475 5553 autem

1880 5589 2068 5646 dicunt
2111 5591 2305 5648 obesse
2351 5591 2453 5647 sibi
2490 5592 2712 5647 omnino
2757 5607 2862 5647 non
2915 5606 3072 5662 posse
3123 5593 3247 5660 quid
3291 5593 3483 5649 fecerit

1879 5681 2228 5754 Cxcilianus,
2257 5686 2384 5756 quid
2413 5700 2552 5755 Opus
2591 5698 2668 5741 εει
2697 5684 2972 5742 Cmciliani
3016 5702 3236 5744 cauSam
3271 5689 3322 5742 in
3369 5704 3483 5742 mc-

170 5799 343 5839 unum
379 5782 430 5837 iu
461 5781 604 5836 aluta
636 5783 900 5852 signatum
931 5781 999 5834 ita
1046 5796 1059 5831 :
1088 5778 1317 5834 Libellus
1339 5778 1587 5833 Ecclesia!
1604 5778 1781 5832 catlto-
1882 5777 2030 5834 dium
2058 5778 2297 5845 mittere,
2328 5793 2450 5832 cum
2480 5779 2558 5833 cis
2588 5779 2781 5835 obesse
2813 5797 2918 5835 nou
2953 5783 3124 5850 possit
3152 5782 3196 5834 si
3243 5781 3402 5836 fuerit
3426 5783 3478 5838 in

170 5877 293 5932 ficte
311 5875 582 5931 criminum
604 5872 870 5931 Caeciliani
898 5872 1160 5929 traditusa
1175 5881 1322 5943 parte
1349 5869 1618 5943 Major-ini.
1646 5870 1779 5927 ltem

1882 5869 2087 5943 judicio
2131 5886 2261 5930 reus
2310 5872 2785 5934 manifestissimus
2832 5873 3224 5946 deprehensus.
3273 5872 3342 5927 Et
3381 5875 3487 5930 alia
