3996 6332
587 284 728 342 1405

1486 286 1713 346 GESTA
1749 286 2204 347 OOLfsATIONIS
2237 287 2864 352 CARTIIAGINENSIS.

3771 239 3814 268 κ,

3660 306 3759 362 {illi

585 424 762 463 manu.
790 406 1061 463 Emeritus
1097 405 1382 478 episcopus
1429 405 1575 462 salva
1607 405 1969 478 appellatione
2013 420 2169 462 reeo-
2200 409 2253 470 Λ
2277 408 2428 462 dixit.
2459 407 2528 464 Ut
2573 423 2672 464 nec
2697 417 2906 480 patrem
2934 423 3090 465 suum
3119 423 3214 465 nee
3259 417 3466 468 matrem
3487 413 3761 476 Caecilianum

585 501 770 574 gnovi.
799 498 1135 556 Marcellinus
1163 500 1242 555 vir
1267 500 1586 555 clarissimus
1609 499 1844 554 tribunus
1873 510 1921 555 et
1942 501 2176 556 notarius

587 597 736 652 dixit.
773 594 1041 650 Doceatur
1071 609 1100 648 a
1125 602 1275 665 parte
1298 593 1514 649 diversa
1545 593 1686 665 quod
1711 593 1991 664 quaeritur.
2017 611 2020 614 ’

654 689 782 747 2‘26.
818 690 1136 764 Augustinus
1157 689 1422 760 episcopus
1444 687 1694 744 Ecclesia:
1720 687 1987 743 catholica:
2023 687 2175 742 dixit.

584 781 861 839 Caeciliani
891 793 1108 838 causam
1139 782 1224 837 vel
1245 781 1576 853 collegarum
1607 781 1726 851 ejus
1747 781 1924 836 solent
1955 780 2053 850 ipsi
2078 780 2180 836 Ec-

584 877 766 932 clesia:
805 875 1085 932 catholicae
1124 875 1386 946 objicere,
1423 875 1507 930 vel
1558 884 1615 930 ut
1645 876 1762 930 sine
1809 874 2178 930 controversia

585 971 800 1042 loquar,
849 969 950 1040 ipsi
1002 969 1257 1025 Ecclesiae
1305 984 1466 1040 quam
1495 979 1759 1025 tenemus.
1815 969 2070 1037 Proinde,
2121 978 2182 1023 ut

586 1062 765 1130 video,
797 1077 1048 1134 maguum
1071 1063 1259 1118 volunt
1283 1063 1499 1119 adferre
1519 1062 1919 1134 compendium.
1955 1063 2010 1119 Si
2044 1063 2181 1120 hanc

584 1168 804 1210 causam
827 1167 934 1210 non
955 1149 1224 1226 objiciunt
1245 1153 1502 1210 Ecclesim
1519 1171 1676 1225 quam
1709 1164 1976 1222 tenemus,
1999 1156 2182 1212 dicant

584 1249 712 1322 quid
741 1250 788 1306 ei
812 1249 1094 1320 objiciant.
1118 1249 1177 1306 Si
1199 1250 1344 1305 enim
1370 1250 1525 1318 nihil,
1554 1266 1720 1322 quare
1747 1250 2097 1322 separamur?
2124 1250 2183 1307 Si

584 1343 785 1415 aliquid
802 1353 998 1415 praeter
1013 1358 1231 1398 causam
1259 1341 1554 1409 Caeciliani,
1578 1344 1815 1414 idipsum
1844 1342 2092 1412 oll'erant,
2128 1342 2182 1399 id

587 1437 898 1493 ostendant.
926 1437 993 1492 Et
1024 1440 1130 1492 alia
1158 1455 1336 1495 manu.
1368 1439 1697 1511 Recognovi.

659 1529 788 1586 227.
831 1528 1122 1585 Petilianus
1143 1532 1415 1602 episwpus
1444 1532 1594 1586 dixit.
1628 1531 1706 1586 Tu
1738 1531 1858 1602 quis
1891 1532 1985 1586 es?
2016 1531 2184 1588 Filius

587 1637 647 1678 es
671 1625 965 1689 Caeciliani,
993 1640 1059 1679 an
1091 1626 1234 1680 non?
1256 1626 1425 1682 Tenet
1463 1637 1515 1682 te
1542 1628 1747 1682 crimen
1785 1627 2082 1692 Caeciliani,
2115 1643 2183 1684 an

589 1736 721 1790 non,
750 1722 795 1777 si
843 1720 1044 1777 fuerit?
1071 1721 1136 1776 Et
1167 1739 1281 1776 cum
1310 1722 1496 1778 diceret
1522 1721 1612 1793 (Et
1633 1723 1738 1777 alia
1763 1722 2187 1778 manuuPetilia-

589 1833 688 1873 nus
710 1819 967 1888 epicopus
993 1817 1358 1889 appellatione
1380 1817 1634 1873 incolumi
1665 1818 2002 1889 recognovi),

656 1909 784 1968 228.
825 1909 1144 1984 Augustinus
1166 1911 1438 1986 episcopus
1465 1912 1708 1967 Ecclesitc
1735 1912 2002 1966 catholica
2031 1911 2184 1967 dixit.

590 2005 704 2076 Ego
726 2005 777 2060 in
821 2005 1062 2061 Ecclesia
1092 2019 1209 2060 sum
1242 2004 1294 2060 in
1326 2018 1431 2075 qua
1459 2002 1780 2059 Caecilianus
1821 2002 1940 2059 fuit.
1972 2000 2040 2058 Et
2083 2004 2188 2058 alia

586 2115 763 2153 manu.
793 2099 1120 2169 Recogno‘vi.

656 2193 782 2249 ﬁt).
828 2192 1120 2247 Petilianus
1193 2192 1463 2265 episcopus
1513 2191 1662 2246 dixit.
1720 2189 1874 2247 Unde
1930 2187 2189 2260 coepisti?

591 2290 763 2358 Quem
789 2289 956 2344 habes
987 2289 1233 2360 patrem?
1263 2288 1521 2360 Alioquin
1547 2289 1593 2344 si
1625 2297 1830 2359 patrem
1863 2296 2011 2342 tuum
2040 2286 2192 2340 dam«

590 2384 828 2451 naveris,
858 2383 1171 2438 haereticum
1211 2392 1263 2439 te
1284 2399 1407 2439 esse
1451 2382 1742 2454 profiteris.
1774 2382 1862 2454 qui
1898 2395 1997 2436 nec
2018 2379 2186 2450 origi-

593 2493 714 2534 nem
738 2479 816 2533 vis
848 2478 1071 2546 habere,
1092 2493 1189 2534 nec
1211 2487 1440 2550 patrem.
1470 2477 1538 2533 Et
1554 2479 1659 2533 alia
1683 2494 1860 2532 manu.
1894 2476 2189 2532 Petilianus

591 2573 877 2644 episcopus
907 2573 1273 2645 appellatione
1299 2574 1557 2629 incolumi
1586 2571 1897 2644 recognovi.

661 2658 791 2720 25οΪ
831 2665 1147 2737 Augustinus
1173 2666 1441 2737 episcopus
1469 2665 1716 2720 Ecclesia:
1747 2663 2013 2718 catholica:
2035 2663 2188 2718 dixit.

591 2754 648 2811 lu
699 2756 939 2814 Ecclesia
991 2773 1198 2824 sumus,
1248 2759 1433 2828 inqua
1477 2757 1796 2813 Caecilianus
1821 2757 2188 2827 episcopatum

591 2854 757 2923 gessit
798 2861 853 2909 et
891 2851 1034 2908 diem
1090 2853 1243 2909 obiit.
1291 2853 1417 2923 Ejus
1449 2868 1643 2910 nomen
1673 2852 1741 2908 ad
1782 2852 1953 2908 altare
1995 2851 2190 2906 recita-

600 2962 739 3015 mus,
772 2947 890 3016 ejus
919 2949 1195 3003 memoria:
1248 2949 1729 3013 communicamus,
1779 2957 2033 3017 tanquam
2087 2959 2190 2998 me-

595 3042 783 3096 moriae
807 3041 1009 3109 fratris,
1039 3056 1143 3096 non
1170 3052 1420 3113 tanquam
1445 3042 1613 3114 patris
1640 3049 1731 3096 aut
1753 3039 1958 3096 matris.
1983 3037 2190 3106 Qumris

593 3144 771 3190 autem
814 3150 842 3190 a
875 3151 961 3191 me
991 3135 1134 3190 unde
1163 3138 1474 3192 communio
1510 3152 1626 3192 mea
1663 3147 1839 3192 sumat
1879 3135 2187 3195 exordium.

2277 499 2446 556 fuisse
2485 501 2797 573 diligentius
2842 503 3256 571 demonstretur,
3283 505 3500 576 ejusdem
3528 516 3766 580 prosecutis

2279 593 2526 664 superior
2553 595 2842 666 relegatur.

2349 687 2476 744 23‘.
2519 687 2805 744 Petilianus
2827 691 3098 762 episcOpus
3119 692 3265 747 dixit.
3292 693 3427 749 Satis
3447 694 3555 751 illos
3584 696 3768 758 defendis

2283 795 2379 850 per
2404 781 2592 838 Deum.
2621 781 2689 837 Et
2714 784 2818 837 alia
2845 800 3022 840 manu.
3054 784 3342 842 Petilianus
3369 788 3618 861 episcopus
3637 795 3770 865 sppelo

2278 874 2481 932 latione
2514 877 2766 932 incolumi
2796 879 3123 950 recognovi:

2350 970 2477 1026 255.
2520 970 2836 1043 Augustinus
2884 973 3152 1043 episcOpus
3199 971 3435 1028 Ecclesia:
3471 975 3688 1030 catholica
3719 981 3774 1032 di-

2281 1063 2376 1118 xit.
2431 1064 2570 1120 Ecce
2617 1064 2760 1132 dico,
2805 1065 3019 1136 quoties
3063 1066 3326 1122 voluerint
3352 1067 3494 1133 dico,
3529 1068 3774 1126 thcilisnus

2285 1173 2392 1212 non
2422 1167 2506 1212 est
2539 1167 2690 1228 pater
2713 1175 2886 1227 meus,
2918 1159 3038 1230 quia
3071 1159 3232 1216 audio
3263 1161 3528 1217 Dominum
3555 1179 3696 1218 meum
3716 1165 3775 1220 die

2283 1262 2494 1309 ceutem
2517 1270 2529 1307 :
2564 1252 2617 1307 Ν
2621 1271 2646 1307 e
2670 1254 2810 1308 vobis
2837 1265 3034 1324 patrem
3053 1256 3236 1310 dicatis
3256 1256 3314 1309 iit
3329 1265 3491 1310 terra:
3512 1272 3622 1311 unus
3643 1269 3696 1312 est
3715 1277 3777 1330 pa-

2287 1358 2360 1401 ter
2401 1355 2562 1402 uester
2611 1346 2770 1403 Deus.
2821 1349 2951 1404 Dico
2990 1348 3336 1404 Ctecilianum
3388 1349 3601 1417 fratrem,
3637 1352 3777 1408 bonum

2287 1441 2532 1511 fratrem,
2559 1443 2600 1497 si
2625 1442 2828 1508 bonus;
2854 1444 3053 1498 malum
3086 1442 3329 1511 fratrem,
3354 1444 3394 1498 si
3416 1445 3570 1500 malus
3587 1455 3667 1511 est,
3685 1461 3779 1516 quo.

2288 1535 2430 1589 niam
2456 1543 2678 1605 propter
2701 1538 3004 1591 comnmnia
3028 1545 3366 1591 sacramenta
3394 1536 3546 1592 frater
3568 1553 3690 1593 meus
3709 1549 3778 1594 est.

2289 1629 2343 1686 Si
2367 1637 2545 1684 autem
2576 1629 2834 1699 judicium
2875 1629 2944 1685 de
2969 1629 3063 1684 illo
3106 1644 3286 1684 meum
3333 1630 3411 1684 vis
3453 1629 3631 1695 audire,
3669 1630 3782 1684 etiam

2289 1725 2642 1787 innocentem
2676 1725 2861 1791 credo,
2892 1723 3185 1794 appetitum
3228 1722 3374 1778 falsis
3410 1722 3784 1778 criminationibus

2211 1821 2259 1882 Β
2285 1820 2556 1882 existimo,
2587 1818 2678 1872 sed
2700 1829 2969 1888 tamquam
3000 1817 3164 1872 homo
3192 1817 3262 1872 de
3293 1815 3500 1872 homine
3522 1816 3782 1880 existimans,

2291 1928 2398 1968 non
2438 1922 2709 1982 tamquam
2740 1919 2948 1968 certum
2974 1911 3177 1982 aliquid
3200 1910 3448 1966 credens.
3472 1909 3544 1964 Tu
3582 1910 3620 1964 si
3654 1908 3786 1980 objicit

2290 2003 2548 2060 Ecclesia:
2575 2003 2801 2059 crimina
2846 2003 3140 2072 Caiciliaui,
3193 2003 3415 2069 adsisto,
3460 2001 3660 2058 defendo
3694 2010 3786 2056 tun-

2289 2117 2451 2172 quam
2485 2099 2684 2164 fratris,
2715 2098 3007 2155 ostendens
3036 2115 3140 2153 non
3166 2099 3438 2170 pertinere
3460 2097 3520 2152 ad
3549 2097 3783 2162 Ecclesiaat,

2291 2211 2390 2252 nec
2427 2195 2494 2251 ad
2522 2196 2642 2266 ejus
2681 2207 2922 2262 causam,
2955 2209 3054 2250 nec
3094 2195 3142 2249 ei
3188 2193 3553 2265 pra'judicare;
3579 2202 3625 2246 et
3649 2189 3786 2245 siede-

2291 2300 2541 2347 monstro
2567 2289 2701 2345 nihil
2733 2299 2787 2343 te
2809 2288 3049 2358 objicere
3061 2287 3324 2343 Ecclesiae
3351 2285 3627 2350 catholica,
3643 2281 3788 2339 etiamsi

2291 2399 2418 2439 vera
2447 2382 2700 2448 fortasse,
2726 2381 2867 2454 quod
2902 2382 3048 2436 nullo
3077 2380 3236 2436 modo
3263 2381 3460 2450 poteris
3477 2378 3787 2441 demonstran,

2290 2477 2397 2532 sint
2419 2477 2644 2531 crimina
2672 2475 2966 2530 Caeciliani.
2992 2475 3048 2529 Si
3071 2481 3250 2528 autem
3283 2489 3381 2529 nec
3403 2472 3510 2542 ipsa
3537 2480 3788 2538 vrrspotus.

2292 2573 2368 2628 ris
2396 2573 2796 2635 demonstrare,
2828 2571 2990 2625 etiam
3025 2576 3078 2623 te
3105 2567 3290 2639 judice
3320 2568 3470 2622 vides
3495 2566 3572 2620 ubi
3591 2577 3791 2617 remansc.

2291 2667 2393 2734 ris,
2439 2673 2494 2722 et
2523 2665 2649 2737 quid
2680 2665 2884 2735 rejecta
2915 2663 3128 2718 tandem
3173 2663 3515 2716 animositate
3540 2657 3700 2715 erroris
3729 2657 3792 2709 eli-

2291 2777 2418 2833 gere
2457 2760 2682 2824 debeas,
2715 2767 2774 2814 ut
2805 2757 3081 2813 nobiscum
3129 2763 3325 2811 teneas
3350 2755 3630 2814 veritatem;
3668 2748 3792 2803 nobis-

2291 2873 2412 2912 cum
2445 2855 2792 2925 amplectaris
2818 2853 3071 2909 damnato
3097 2867 3293 2909 errore
3321 2851 3632 2908 charitslem.
3658 2837 3794 2902 Elatia

2293 2966 2468 3004 manu.
2501 2947 2830 3020 Rocognovi.

2363 3045 2490 3100 ε236.
2533 3043 2819 3098 Petilianus
2850 3043 3119 3114 episcopus
3153 3041 3310 3096 dicit.
3343 3041 3456 3111 Ipsa
3484 3049 3598 3096 sunt
3617 3038 3694 3093 illa
3720 3050 3795 3088 am-

2295 3140 2452 3210 bigua
2480 3139 2676 3210 quibus
2700 3141 2767 3194 ab
2790 3137 3036 3192 hodierni
3055 3136 3161 3191 diei
3189 3137 3462 3207 percurrit
3482 3133 3716 3206 principio,
3734 3142 3797 3183 nec

595 3230 855 3286 Dominus
883 3232 996 3302 ipse
1021 3228 1270 3287 Christus
1309 3231 1506 3286 asserit
1541 3231 1822 3287 exordium
1853 3233 2192 3287 communica
2217 3220 2261 3283 C
2299 3242 2478 3289 tamen
2519 3249 2578 3289 se
2617 3234 2848 3289 alterum
2895 3239 3084 3286 tenere
3127 3229 3424 3300 aliquando
3462 3227 3698 3300 professus
3730 3230 3796 3282 est.

593 3327 677 3380 nis
705 3341 838 3381 mea:
864 3325 1084 3381 dicens:
1123 3324 1403 3392 Oportebat
1431 3323 1698 3380 Christum
1721 3325 1830 3397 pati
1857 3333 1904 3379 et
1927 3339 2196 3396 resurgere

593 3435 623 3474 ιι
645 3421 859 3474 mortuis
882 3422 1030 3475 tertio
1060 3420 1163 3487 die,
1195 3431 1241 3474 et
1267 3421 1543 3491 prtedicari
1570 3421 1621 3474 in
1651 3421 1856 3474 nomine
1892 3420 2002 3488 ejus
2034 3421 2195 3490 paeni-

596 3516 804 3568 tentiam
852 3525 898 3570 ct
932 3515 1281 3570 remissionem
1311 3525 1636 3582 peccatorum
1667 3529 1756 3584 per
1779 3527 1953 3567 omnes
1995 3522 2190 3585 gentes,

594 3607 951 3674 incipientibus
981 3608 1042 3660 ab
1081 3606 1424 3664 Hierusalem.
1457 3607 1634 3677 Ctepit
1664 3608 1763 3661 ista
1789 3606 2099 3677 praedicatio
2127 3606 2195 3663 ab

599 3701 959 3766 llierusalem,
1003 3701 1124 3756 inde
1151 3717 1209 3756 se
1239 3701 1307 3756 ab
1329 3689 1696 3756 illustrissimo
1712 3699 1936 3756 exordio
1957 3698 2190 3768 ditfutlit,

593 3791 901 3848 diffundens
929 3788 1223 3849 Eeclesiam
1249 3810 1409 3866 quam
1436 3806 1710 3858 tenemus;
1745 3794 1918 3864 primo
1949 3809 2043 3863 per
2064 3791 2196 3848 vici-

594 3901 684 3954 na,
719 3887 914 3944 deinde
943 3904 1036 3960 per
1058 3888 1370 3960 longinqua,
1400 3888 1641 3955 etiamjin
1673 3887 1912 3944 Africam
1941 3887 2110 3942 venit.
2135 3885 2192 3942 In

599 3981 740 4036 ltanc
767 3982 954 4036 oculos
981 3985 1275 4052 aperimus,
1305 3983 1442 4038 hanc
1471 3985 1522 4036 in
1545 3981 1743 4037 divinis
1765 3981 1993 4052 eloquiis
2011 3990 2065 4035 et
2087 3992 2196 4034 tes-

597 4078 840 4133 tlmoniis
866 4077 1198 4149 sicutipsusn
1231 4078 1518 4134 Dominum
1550 4076 1826 4132 Christum
1857 4085 1910 4130 et
1948 4075 2196 4144 redemp-

598 4180 769 4228 torem
816 4182 1058 4228 nostrum
1106 4172 1487 4242 comperimus.
1519 4170 1602 4226 Ab
1634 4169 1724 4224 illo
1768 4171 1880 4225 Deo
1922 4177 2094 4241 patre,
2124 4169 2194 4222 ab

598 4266 698 4320 hac
730 4267 973 4322 Ecclesia
999 4274 1192 4329 matre,
1219 4264 1421 4320 nullius
1443 4279 1528 4319 me
1551 4261 1788 4318 hominis
1807 4263 2055 4330 crimina,
2082 4261 2196 4317 nul-

599 4358 701 4414 litts
725 4361 1010 4415 calumnia:
1038 4359 1384 4430 separabunt.
1417 4356 1485 4412 Et
1520 4359 1626 4412 alia
1653 4373 1827 4412 manu.
1859 4357 2190 4428 Recoguovi.

665 4451 793 4508 231.
837 4452 1121 4508 Petilianus
1152 4453 1420 4523 episcopus
1441 4451 1590 4506 dixit.
1621 4448 1944 4506 Caecilianus
1972 4450 2065 4506 tibi
2095 4465 2192 4520 pa-

599 4556 680 4602 ter
709 4557 802 4602 aut
821 4558 991 4606 mater
1016 4559 1119 4615 est,
1151 4557 1207 4604 ut
1228 4547 1443 4604 dixisti?
1470 4547 1532 4601 Et
1554 4549 1658 4602 alia
1681 4562 1854 4602 manu.
1887 4545 2186 4603 Petilianus

598 4642 885 4713 episcopus
913 4639 1270 4713 appellatione
1303 4643 1561 4699 incolumi
1592 4641 1901 4713 recognovi.

666 4734 794 4790 2'52.
836 4735 1146 4805 Augustinus
1176 4740 1446 4806 episcopus
1483 4734 1731 4790 Ecclesiae
1750 4732 2017 4788 catholij
2045 4731 2198 4786 dixit.

599 4829 716 4885 Jam
740 4828 938 4885 audisti
959 4828 1088 4905 quia
1106 4827 1274 4883 frater
1296 4837 1430 4884 erat.
1450 4829 1518 4883 Et
1537 4828 1642 4882 alia
1663 4840 1838 4882 manu.
1867 4824 2195 4896 Recoguovi.

604 4918 895 4977 Petilianus
920 4922 1189 4993 episcopus
1211 4921 1365 4976 dixit.
1398 4922 1584 4976 Frater
1610 4935 1718 4976 non
1754 4929 1836 4974 est
1856 4919 1945 4990 qui
1975 4924 2200 4989 generat

604 5012 766 5068 ﬁlios.
793 5014 855 5068 Et
877 5017 982 5070 alia
1000 5027 1175 5070 manu.
1203 5015 1498 5072 Petilianus
1529 5016 1814 5085 episcopus
1836 5011 2198 5084 appellatione

602 5104 861 5162 incolumi
881 5108 1188 5175 recognovi.

673 5201 800 5256 255.
842 5199 1178 5255 Marcellinus
1198 5201 1273 5254 vir
1300 5200 1615 5256 clarissimus
1635 5199 1867 5254 tribunus
1887 5208 1935 5253 et
1965 5198 2198 5254 notarius

605 5294 756 5350 dixit.
786 5295 895 5351 Nec
937 5303 1142 5366 patrem
1171 5309 1269 5350 nec
1301 5304 1525 5349 matrem
1572 5294 1671 5348 sibi
1702 5309 1822 5349 esse
1851 5295 2198 5349 Caecilianum

607 5390 944 5458 apertissima
977 5390 1355 5459 prosecutione
1384 5389 1635 5460 signavit.
1659 5388 1982 5460 Augustinus
2004 5389 2200 5458 episco-

605 5495 706 5555 pus
738 5483 984 5539 Ecclesite
1009 5485 1275 5539 catholica:
1296 5485 1442 5539 dixit.
1471 5481 1799 5538 Caecilianus
1817 5495 1920 5537 non
1947 5492 2027 5537 est
2052 5491 2202 5553 pater

612 5592 787 5633 meus.
813 5577 1074 5643 Sibouus
1102 5581 1210 5643 'est,
1240 5579 1402 5632 frater
1425 5591 1576 5632 meus
1607 5585 1689 5632 est
1715 5575 1926 5640 bonus;
1956 5576 2002 5630 si
2031 5578 2204 5632 malus

609 5680 716 5736 est,
748 5670 913 5726 frater
932 5681 1011 5726 est
1047 5672 1240 5726 malus.
1264 5670 1467 5726 Tamen
1499 5678 1718 5740 prepler
1735 5677 2069 5724 sacramenta
2100 5670 2208 5722 fta-

615 5775 698 5824 ter
729 5776 832 5834 est,
879 5768 992 5822 sive
1017 5766 1216 5834 bonus,
1247 5768 1360 5828 sive
1389 5766 1579 5823 malus.
1607 5765 1676 5824 Et
1701 5767 1806 5823 alia
1833 5781 2005 5819 manu.
2037 5764 2208 5834 liceo-,-

627 5860 806 5934 gnovi.
842 5859 1180 5937 Marcellinus
1201 5862 1279 5919 vir
1304 5861 1616 5922 clarissimus
1637 5862 1868 5931 tribunus
1904 5865 1950 5918 et
1980 5859 2208 5924 notarius

2295 3346 2416 3386 cum
2441 3340 2663 3399 utraque
2687 3343 2881 3398 magno
2907 3327 3156 3397 amplexu
3180 3327 3434 3386 retineat,
3463 3334 3706 3392 utrumque
3719 3333 3792 3371 mc-

2299 3433 2454 3477 tuens
2472 3421 2744 3475 dimittere
2771 3420 2854 3475 vel
2881 3429 3084 3474 tenere.
3100 3417 3346 3473 Tandem
3361 3413 3627 3486 aliquando
3643 3423 3800 3475 expres-

2297 3516 2405 3571 sius
2437 3515 2598 3589 dieat,
2633 3522 2814 3567 utrum
2836 3511 3004 3583 patris
3030 3511 3152 3566 loco
3174 3509 3414 3566 habeant
3431 3507 3740 3565 Czecilianum.
3755 3513 3797 3553 et

2298 3625 2404 3678 (μιυ
2425 3605 2649 3662 deducta
2667 3605 2866 3661 estista
2883 3604 3185 3676 progenies.
3202 3602 3325 3658 Non
3354 3602 3495 3659 enim
3520 3597 3797 3671 potestaliqtta

2297 3715 2385 3756 res
2433 3701 2552 3754 sine
2595 3707 2917 3769 generatore
2944 3710 3046 3751 suo
3077 3695 3245 3761 nasci,
3279 3704 3375 3749 aut
3399 3695 3513 3748 sine
3538 3691 3686 3760 capite
3711 3683 3798 3739 laci-

2301 3809 2447 3866 pere,
2477 3802 2567 3847 aut
2595 3793 2714 3847 sine
2745 3790 2922 3845 radice
2951 3804 3046 3843 sua
3078 3803 3350 3844 crescere.
3393 3785 3546 3842 Videt
3582 3783 3710 3855 igitur
3741 3792 3802 3830 nec
3900 3783 3901 3856 t

2300 3889 2481 3943 hilitas
2521 3897 2607 3941 tua
2641 3900 2700 3941 se
2729 3884 2989 3955 originem
3021 3899 3127 3938 non
3159 3881 3366 3937 habere
3393 3880 3578 3950 stt-pius
3605 3880 3799 3947 protesta-

2300 3995 2432 4037 tum.
2474 3981 2526 4036 Si
2573 3979 2736 4052 igitur
2760 3978 3024 4049 originem
3059 3991 3165 4031 nou
3200 3975 3388 4041 habet,
3444 3975 3554 4045 ipso
3590 3978 3660 4026 est
3689 3963 3802 4034 magi!

2299 4075 2603 4138 lia-relicua,
2632 4074 2721 4144 qui
2739 4087 2843 4127 non
2873 4071 3034 4127 habet
3055 4078 3293 4138 patrem,
3312 4070 3403 4141 qui
3429 4067 3644 4123 habitum
3658 4069 3800 4134 patrem

2293 4170 2498 4242 judicio
2545 4183 2645 4224 suo
2675 4167 2970 4223 damnavit.
3005 4163 3383 4235 Adstipnletnr
3412 4163 3584 4235 igitur,
3611 4171 3656 4212 ut
3677 4157 3710 4210 si
3731 4153 3802 4206 cri-

2300 4263 2564 4318 minosum
2609 4271 2816 4332 patrem
2859 4260 2977 4331 ejus
3021 4257 3350 4324 constiterit,
3394 4271 3514 4313 eum
3552 4249 3803 4308 criminale

2299 4363 2488 4421 neant;
2520 4355 2564 4409 si
2613 4365 2790 4408 autem
2841 4353 3209 4418 innocentem,
3265 4363 3490 4406 necesse
3533 4345 3693 4401 habeat
3727 4347 3805 4392 esse

2302 4449 2444 4504 filius
2472 4447 2806 4513 innocentis;
2828 4446 2900 4500 ita
2925 4460 3140 4516 quoque
3161 4459 3191 4498 e
3212 4442 3433 4498 diverso
3459 4451 3656 4496 necesse
3675 4432 3805 4487 habe“

2297 4553 2354 4600 ut
2381 4545 2449 4599 sit
2477 4543 2618 4598 filius
2643 4542 2943 4606 criminosi,
2973 4541 3016 4594 si
3061 4537 3370 4596 constiterit
3411 4537 3731 4593 criminosum.
3765 4520 3805 4576 El

2221 4635 2274 4696 D
2300 4640 2403 4692 alia
2442 4649 2617 4692 manu.
2659 4637 2958 4691 Petilianus.
2979 4636 3270 4706 episcopus
3298 4631 3640 4704 appellatione
3663 4619 3807 4679 ἱιιοοῑιιο

2301 4735 2372 4790 uti
2407 4730 2716 4802 recognovi.

2371 4829 2499 4882 9.57.
2541 4824 2859 4898 Augustinus
2887 4823 3161 4893 episcopus
3185 4819 3436 4875 Ecclesia:
3463 4813 3695 4872 catholica
3708 4802 3807 4898 dixit.

2304 4919 2484 4976 Habeo
2512 4895 2692 4988 caput,
2723 4917 2816 4974 sed
2847 4916 3102 4973 Christus
3123 4921 3225 4969 est.
3254 4911 3585 4968 Marcellinus
3607 4905 3670 4960 air
3691 4895 3812 4954 clarit-

2302 5017 2462 5071 simus
2493 5014 2725 5069 tribunus
2751 5022 2798 5066 et
2837 5013 3068 5066 notarius
3095 5009 3248 5064 didit.
3296 5003 3607 5074 Diligentius
3635 4998 3811 5052 demons-

2302 5117 2472 5165 tretur
2486 5109 2645 5182 312
2660 5115 2834 5160 utrum
2850 5112 3053 5175 patrem
3070 5112 3306 5156 vestrum
3319 5091 3811 5185 Cseciliannmnutml-

2303 5213 2465 5268 trem,
2514 5203 2653 5255 sicut
2696 5197 2982 5270 quaesitum
3029 5204 3134 5263 est,
3166 5209 3287 5249 esse
3328 5191 3539 5247 dicatis.
3577 5182 3810 5270 Augustius

2305 5261 2573 5371 episcopus
2598 5261 2845 5351 Ecclesia:
2871 5261 3154 5347 Catholicte
3179 5290 3332 5343 dixit.
3370 5287 3549 5341 Ilaheo
3572 5283 3724 5371 caput.
3751 5261 3810 5371 θεέ

2303 5365 2550 5445 Christus
2575 5397 2680 5453 est,
2709 5386 2860 5456 cujus
2890 5383 3210 5456 Apostolum
3241 5380 3422 5434 audio.
3450 5376 3516 5432 Et
3543 5387 3644 5428 cum
3683 5365 3812 5418 diu!"

2309 5481 2544 5556 (Elatia
2570 5495 2746 5534 manu.
2778 5475 3139 5550 Rec0guovi),
3621 5557 3630 5558 ί
3735 5549 3742 5558 _

2381 5575 2505 5631 258.
2554 5573 2840 5628 Petilianus
2857 5548 3124 5642 episcopus
3145 5567 3295 5624 dixit.
3323 5566 3457 5632 Quis
3480 5571 3530 5617 te
3547 5549 3760 5614 ordinari!
3776 5548 3810 5596 υκ

2311 5671 2600 5741 episcopus
2622 5667 2812 5724 esses?
2837 5665 2906 5720 Et
2947 5665 3053 5720 alia
3084 5675 3260 5718 malm.
3291 5658 3578 5716 Petilianus
3604 5647 3810 5722 epistol“

2314 5761 2604 5832 recognovi
2632 5760 2782 5815 salvo
2805 5757 3186 5830 appellationis
3211 5753 3425 5812 effectu.

2561 5819 2854 5919 Montanus
2879 5819 3158 5941 episcopus
3182 5852 3324 5924 dixit.
3371 5847 3440 5909 Et
3461 5841 3582 5927 quid
3620 5843 3689 5897 est
3717 5819 3812 5906 ill“d
