3996 6332
241 305 383 361 1405

1175 296 1399 360 GESTA
1439 297 1895 358 COLLATIONIS
1930 295 2547 359 CARTIIAGINENSIS.

3367 299 3539 361 illiti

237 421 366 476 dicit
406 420 685 492 apostolus
714 417 911 475 Paulus
939 438 951 476 :
985 418 1048 474 Et
1079 421 1122 475 si
1149 422 1319 475 decent
1345 421 1510 475 millia
1534 419 1841 492 pa’dagogo-
1867 421 1915 483 Α
1944 436 2048 492 que
2075 421 2318 492 episcopi
2363 423 2664 492 ordinatur,
2695 437 2802 480 non
2832 425 2967 482 satis
3001 425 3366 498 agnoscimus.
3405 427 3540 482 Tes-

237 533 356 570 rum
397 517 676 572 habueritis
697 517 751 570 in
773 514 1000 583 Christo,
1033 516 1124 570 sed
1161 531 1263 570 non
1292 516 1479 570 multos
1508 525 1701 586 patres.
1734 513 1840 569 Per

238 608 503 664 Christum
533 609 665 664 enim
695 625 788 682 ego
813 624 900 664 vos
929 609 1166 682 generari
1196 624 1285 682 per
1312 605 1670 680 Epangelinm.

313 702 440 759 240.
482 701 707 774 Cumque
723 711 1026 773 streperent,
1059 701 1277 773 Alypius
1297 701 1565 772 episcopus
1595 698 1839 756 Ecclesia:

237 797 506 853 catholica:
527 793 680 853 dixit.
707 799 782 853 De
805 797 1034 853 tumultu
1059 804 1310 852 testatum
1331 795 1421 850 sit.
1442 793 1508 849 Et
1529 794 1634 854 alia
1658 811 1834 853 manu.

237 890 577 964 Recognovi.

312 988 414 1046 2-H
428 1027 441 1041 .
487 987 826 1045 Marcellinus
850 989 927 1043 vir
948 990 1264 1045 clarissimus
1286 987 1519 1045 tribunus
1535 997 1581 1044 et
1607 988 1838 1044 notarius

241 1083 397 1140 dixit.
429 1084 508 1138 Ad
539 1084 762 1155 qnmsita
794 1083 1082 1154 responde.

312 1177 443 1232 242.
483 1176 802 1248 Augustinus
823 1177 1093 1248 episcOpus
1119 1174 1366 1231 Ecclesia:
1391 1174 1656 1230 catholica:
1680 1174 1830 1232 dixit.

239 1269 426 1326 Habeo
453 1280 634 1341 caput,
666 1269 761 1325 sed
789 1268 1040 1325 Christus
1066 1279 1173 1337 est,
1207 1271 1361 1341 cujus
1387 1269 1708 1340 Apostolum
1743 1284 1838 1325 au-

237 1362 331 1418 dio
359 1362 625 1418 dicentem
656 1380 667 1415 :
696 1361 884 1416 Omnia
909 1371 1090 1429 uestra,
1126 1378 1213 1418 vos
1237 1374 1403 1417 autem
1427 1361 1638 1428 Christi,
1661 1361 1840 1420 Chris-

241 1462 326 1509 ttts
357 1471 474 1510 vero
504 1454 624 1510 Dei.
656 1453 788 1510 Nam
815 1464 869 1511 et
892 1456 982 1510 ubi
1019 1469 1077 1511 se
1107 1466 1315 1527 patrem
1356 1454 1492 1510 dixit
1519 1455 1834 1526 Apostolus,

237 1566 311 1604 ne
341 1549 512 1620 ipsius
541 1549 880 1620 paternitatis
907 1537 1052 1605 velut
1079 1550 1258 1605 basem
1285 1549 1574 1605 humanam
1602 1550 1836 1606 intlrmi-

243 1650 417 1698 tatem
459 1641 823 1709 crederemus,
858 1642 1085 1698 addidit.
1117 1641 1222 1698 Per
1250 1643 1586 1715 Evangeliunt
1616 1659 1708 1716 ego
1749 1657 1838 1700 vos

237 1738 416 1808 genui.
445 1736 643 1792 Semen
669 1751 798 1808 ergo
825 1746 879 1792 et
901 1751 1034 1792 vena
1064 1737 1288 1792 seminis
1307 1738 1411 1792 mei
1443 1736 1509 1792 de
1539 1737 1836 1809 Evangelio

1945 515 2179 572 timoniis
2223 515 2420 574 divinis
2491 528 2649 592 pater
2702 520 2843 577 Deus
2901 532 2988 577 est
3031 522 3274 580 edoctus.
3327 521 3396 577 Et
3435 517 3540 580 alia

1943 625 2120 663 manu.
2153 609 2486 682 Recognovi.
2515 612 2810 669 Petilianus
2837 615 3108 688 episcopus
3135 613 3286 672 dixit.
3317 616 3418 684 Qui
3445 627 3538 673 vo-

1943 713 2098 758 catur
2125 702 2217 774 qui
2248 719 2369 758 eum
2398 705 2669 761 ordinavit
2699 706 2894 763 cdicat.
2933 706 3000 763 Et
3025 708 3131 764 alia
3173 723 3350 764 manu.
3387 705 3537 768 Peti-

1942 795 2120 851 lianus
2159 796 2444 868 episcopus
2501 799 2864 868 appellatione
2915 801 3168 857 incolumi
3221 805 3532 875 recognovi.

1944 888 2162 962 Alypius
2189 890 2461 960 episcopus
2490 889 2740 949 Ecclesia:
2771 895 3038 950 catholica:
3064 896 3217 952 dixit.
3250 897 3537 952 Ordinavit

1942 985 2137 1055 quem?
2174 983 2324 1039 Multi
2351 984 2647 1054 adstamus,
2673 988 2822 1042 multi
2856 990 3208 1045 assertionem
3237 1005 3416 1045 cause
3445 1003 3536 1047 se-

1943 1078 2180 1133 cundum
2209 1087 2449 1136 tenorem
2480 1080 2721 1136 mandati
2747 1085 3104 1152 suscepimus.
3137 1084 3302 1154 Cujus
3323 1084 3537 1140 ordinm

1945 1182 2115 1232 torem
2135 1175 2350 1246 quaerit,
2370 1186 2462 1232 aut
2477 1191 2639 1246 quem
2665 1177 2881 1249 qumrit,
2898 1188 3132 1250 exponat
3150 1195 3277 1250 pars
3299 1180 3532 1250 diversa,

1941 1279 2002 1325 ut
2025 1269 2302 1326 videamus
2319 1280 2497 1327 utrum
2528 1272 2746 1343 dignum
2771 1273 2840 1328 sit
2869 1274 2934 1328 ad
2968 1273 3082 1330 haec
3103 1275 3446 1347 respuudcre.
3469 1277 3535 1333 Et

1942 1363 2047 1418 alia
2068 1376 2244 1419 manu.
2271 1363 2601 1436 Recognovi.

2012 1460 2142 1515 245.
2179 1460 2471 1516 Adeodatus
2513 1461 2784 1531 episcopus
2831 1462 2982 1518 dixit.
3036 1463 3369 1536 Augustinus
3423 1464 3538 1522 lucc

1943 1553 2099 1609 dixit.
2152 1553 2308 1609 Dicat
2357 1553 2478 1625 quis
2529 1563 2652 1610 eum
2703 1555 2999 1614 ordinavit.
3063 1557 3126 1612 Et
3205 1559 3311 1614 alia
3354 1571 3534 1616 manu.

1943 1649 2255 1705 Adeodatus
2307 1650 2596 1721 episcopus
2641 1650 2787 1705 salta
2826 1651 3189 1722 appellatione
3220 1655 3535 1725 recognovi.

1947 1741 2219 1797 Possidius
2273 1745 2546 1814 episcopus
2588 1742 2834 1800 Ecclesia
2888 1745 3153 1801 catholicis
3208 1747 3358 1802 dixit.
3418 1749 3536 1804 Non

236 1830 473 1885 ducitur.
505 1829 940 1886 Honoriilcentiae
968 1846 1128 1886 causa
1168 1842 1347 1904 patres
1371 1833 1706 1903 appellamus
1744 1848 1841 1891 eos
1871 1839 1918 1898 B
1948 1839 2110 1894 modo
2143 1839 2425 1909 Augustini
2475 1853 2692 1894 causam
2737 1839 3076 1909 suscepimus
3120 1839 3532 1907 defendendam,

237 1923 334 1994 qui
363 1938 463 1978 nos
487 1923 567 1978 vel
598 1932 860 1995 tempore,
888 1924 974 1979 vel
1003 1924 1210 1980 meritis
1239 1936 1650 1995 praecesserunt.
1673 1926 1834 1983 Aliud

235 2028 322 2073 est
349 2031 471 2073 cum
493 2018 786 2088 quaerimus
807 2018 872 2073 ad
901 2018 1059 2074 iidem
1090 2033 1252 2091 quem
1274 2019 1573 2077 habeamus
1605 2031 1832 2094 patrem,

235 2109 307 2167 ad
359 2112 591 2167 salutem
637 2119 897 2168 aeternam
943 2127 1102 2184 quem
1145 2113 1439 2170 habeamus
1489 2123 1717 2186 patrem,
1768 2118 1834 2173 ad

235 2204 579 2260 retinendam
617 2205 940 2274 Ecclesium,-
973 2215 1028 2262 et
1058 2208 1399 2279 percipienda
1432 2209 1525 2265 Dei
1572 2211 1834 2280 promissa

234 2313 401 2369 quem
434 2297 728 2353 habeanms
754 2307 983 2369 patrem.
1014 2298 1146 2354 Nam
1195 2300 1327 2356 illud
1369 2301 1594 2357 honoris
1636 2310 1739 2368 est,
1779 2311 1836 2359 ut

235 2393 480 2464 quotidie
505 2392 724 2449 senibus
749 2393 1014 2460 dicamus,
1046 2393 1220 2449 Pater.
1241 2395 1492 2463 Quotidie
1518 2397 1679 2452 etiam
1710 2397 1831 2468 qui-

237 2489 466 2544 busdam
497 2505 602 2544 non
635 2489 916 2544 nobiscum
945 2490 994 2543 in
1017 2499 1120 2544 una
1143 2491 1408 2557 Ecclesia,
1433 2506 1530 2546 nec
1558 2492 1609 2546 in
1641 2491 1831 2548 iisdem

235 2583 944 2649 sacramentisconstitutis,
976 2583 1227 2653 dicimus,
1279 2582 1484 2640 Frater.
1540 2585 1836 2642 SOdOlllillS

234 2677 402 2732 etiam
457 2675 588 2731 dixit
637 2675 798 2740 Loth,
857 2675 1108 2742 Fratres,
1168 2679 1355 2748 utique
1399 2677 1466 2732 ad
1525 2676 1832 2733 leniendam

234 2783 427 2828 eorum
451 2771 867 2836 animositatem,
896 2783 1004 2825 non
1028 2769 1094 2825 ad
1112 2769 1380 2841 cognitam
1407 2769 1830 2838 fraternitatem,

231 2875 289 2925 et
318 2868 472 2938 quasi
499 2867 656 2922 unius
689 2865 1003 2922 haereditate
1023 2867 1375 2922 consortium.
1405 2865 1684 2922 Tollantur
1707 2877 1836 2936 ergo

233 2961 360 3028 ista,
390 2960 785 3031 distinguamus
815 2959 1077 3015 vocabula
1109 2969 1226 3030 qua:
1273 2958 1582 3015 hominibus
1617 2968 1837 3030 pr0ptcr

236 3055 506 3111 honorem
558 3055 846 3121 debentur,
894 3063 948 3110 et
975 3053 1293 3110 vocabulum
1323 3053 1466 3125 quod
1499 3061 1720 3124 propter
1749 3067 1836 3108 sa-

232 3149 404 3206 lutem
433 3150 778 3220 requirimus.
811 3148 917 3203 Pro
958 3147 1140 3204 salute
1169 3155 1391 3214 aeterna,
1427 3162 1557 3218 pace
1586 3148 1834 3218 Apostoli

1939 1935 2390 2007 qualemcumque
2435 1937 2550 2008 ipse
2591 1937 2771 1993 habet.
2803 1936 3012 1992 Etcum
3063 1938 3250 1993 diceret
3293 1933 3388 2011 (Et
3429 1939 3535 1993 alia

1938 2037 2114 2085 manu.
2142 2029 2499 2102 Rec‘ognotri),
2525 2030 2820 2086 Adeodatus
2845 2032 3114 2102 episcopus
3137 2029 3290 2086 dixit.
3310 2029 3423 2086 Hoc
3451 2039 3535 2086 est

1938 2125 2194 2182 indicium
2238 2135 2417 2182 causa:
2466 2127 2783 2196 desperatio,
2836 2133 2893 2180 tit
2924 2141 3046 2181 cum
3092 2139 3191 2180 nos
3231 2124 3535 2197 iizigltemus

1937 2219 2063 2286 alia,
2090 2219 2196 2273 alia
2222 2218 2682 2290 respondeantur;
2706 2227 2764 2274 ut
2784 2219 3038 2290 quoniam
3058 2218 3285 2288 objectis
3312 2231 3536 2288 respon-

1937 2315 2069 2370 dere
2116 2329 2225 2368 non
2257 2311 2504 2384 possunt,
2541 2322 2789 2384 qurerant
2814 2312 2920 2370 alia
2959 2313 3155 2384 quibus
3191 2313 3414 2368 nebulas
3453 2313 3536 2367 in-

1940 2416 2175 2464 nectant.
2210 2408 2365 2464 Dicat
2407 2407 2570 2481 igitur
2590 2409 2923 2478 Augustinus
2947 2408 3066 2478 quis
3094 2423 3217 2462 cum
3248 2407 3537 2462 ordinave-

1937 2501 2025 2556 rit.
2060 2497 2127 2554 Et
2156 2499 2262 2554 alia
2290 2507 2466 2556 manu.
2496 2495 2810 2556 Adeodatus
2849 2499 3135 2570 episcopus
3173 2498 3321 2554 salva
3349 2499 3537 2569 appel-

1937 2595 2138 2652 latione
2209 2593 2520 2666 recognovi.
2581 2595 2898 2667 Augustinus
2959 2594 3228 2665 episcopus
3290 2591 3537 2648 Ecclesia:

1938 2689 2206 2746 catholicae
2253 2689 2404 2744 dixit.
2439 2687 2720 2760 Superﬂua
2749 2687 2916 2759 quaeri
2946 2685 3124 2742 video.
3156 2683 3224 2740 Et
3255 2701 3369 2740 cum
3396 2684 3536 2741 dicc-

1937 2793 2032 2839 ret.
2065 2783 2171 2857 (Et
2201 2784 2306 2839 alia
2335 2799 2508 2837 manu.
2542 2780 2909 2854 Recognovi),

2008 2875 2135 2934 246.
2180 2862 2515 2933 Marcellinus
2541 2878 2617 2932 vir
2643 2875 2952 2931 clarissimus
2980 2873 3212 2929 tribunus
3239 2882 3285 2928 et
3301 2871 3532 2928 notarius

1938 2973 2085 3026 dixit.
2115 2971 2192 3027 Ad
2217 2972 2541 3042 interrogata
2570 2968 2903 3040 respondere
2926 2967 3170 3038 dignare.

2011 3067 2139 3122 247.
2181 3067 2496 3140 Augustinus
2525 3065 2791 3137 episcOpus
2820 3061 3067 3118 Ecclesia:
3087 3059 3352 3116 catholica:
3378 3058 3530 3115 dixit.

1938 3161 2224 3230 Superllua
2268 3161 2437 3232 qumri
2466 3160 2626 3214 video
2662 3173 2691 3212 a
2723 3155 2978 3211 fratribus
3013 3154 3213 3211 nostris
3242 3167 3272 3210 e
3315 3153 3532 3210 diverso

231 3244 488 3310 dixerim,
535 3244 645 3297 imo
669 3241 895 3314 jubente
923 3242 1184 3312 Apostolo
1231 3241 1481 3308 dixerim,
1517 3249 1622 3295 lion
1676 3250 1828 3311 pater

1944 3253 2290 3319 sistentibus;
2325 3257 2378 3307 et
2432 3252 2497 3306 ad
2555 3251 2667 3322 ipsa
2712 3248 2982 3320 superﬂua
3028 3263 3135 3304 non
3177 3247 3388 3318 dench
3442 3253 3532 3302 re-

232 3352 390 3393 meus
421 3335 712 3407 Apostolus
745 3341 828 3390 est
857 3334 924 3389 ad
968 3335 1194 3390 salutem
1229 3342 1507 3400 :eternam,
1553 3334 1644 3404 qui
1693 3332 1829 3388 mihi

231 3431 409 3486 dicit:
449 3427 562 3500 Ego
593 3427 840 3498 plantavi,
872 3425 1060 3498 Apollo
1103 3427 1312 3500 rigavit,
1359 3427 1447 3481 sed
1479 3425 1622 3480 Deus
1670 3426 1838 3481 incre-

232 3531 464 3579 mentum
494 3522 652 3576 dedit.
690 3521 873 3592 Itaque
917 3533 1076 3592 nequc
1102 3524 1189 3592 qui
1235 3520 1432 3591 plantat
1486 3529 1560 3576 est
1615 3520 1832 3588 aliquid,

231 3633 398 3684 neque
426 3618 514 3689 qui
535 3617 698 3687 rigat,
719 3614 806 3669 sed
829 3615 912 3685 qui
942 3615 1308 3670 incrementum
1330 3615 1418 3668 dat
1445 3613 1600 3669 Deus.
1635 3614 1710 3670 De
1733 3615 1836 3669 hoc

236 3712 504 3769 Dentibus
534 3709 670 3765 dixit
699 3727 711 3764 :
748 3708 926 3763 Nolite
966 3707 1104 3763 vobis
1139 3708 1308 3763 dicere
1339 3717 1534 3779 patrem
1574 3709 1629 3766 in
1675 3717 1830 3762 terra.

232 3805 433 3876 Utique
478 3803 637 3858 scivit
666 3801 931 3857 dicturum
977 3801 1302 3871 apostolum.
1353 3798 1456 3852 Per
1497 3798 1835 3872 Evangeliutn

229 3914 331 3967 ego
355 3913 442 3951 vos
469 3896 637 3967 genui.
670 3894 788 3950 NOn
819 3894 963 3949 enim
1009 3892 1242 3948 Domino
1272 3892 1490 3948 dicente
1518 3908 1531 3947 :
1566 3891 1650 3946 Ne
1695 3891 1834 3946 vobis

231 3985 420 4047 dicatis
451 3999 645 4062 patrem
664 3989 717 4043 in
741 3998 906 4053 terra,
941 3988 1247 4044 contrarius
1271 3987 1482 4043 iuturus
1532 3995 1649 4042 erat
1688 3986 1841 4057 Apo-

229 4087 414 4142 stolbs
438 4085 625 4140 dicens
669 4102 680 4137 :
710 4082 825 4138 Etsi
856 4083 1042 4137 multos
1070 4081 1296 4137 habeatis
1325 4091 1514 4152 patres,
1545 4097 1635 4154 per
1660 4079 1837 4135 Evan-

227 4179 425 4252 gelium
446 4193 538 4250 ego
566 4193 652 4232 vos
679 4175 830 4249 genui
878 4174 985 4231 Sed
1004 4175 1124 4244 quia
1156 4174 1404 4231 distinxit
1428 4174 1496 4229 ad
1528 4184 1685 4246 quam
1717 4189 1830 4230 rem

231 4279 444 4346 patrem
478 4271 634 4326 nobis
653 4270 997 4326 constituerit
1021 4269 1301 4337 Dominus,
1325 4279 1379 4324 et
1404 4284 1499 4338 pro
1525 4285 1630 4340 qua
1659 4269 1835 4325 bono-

231 4365 503 4423 rillcentia
528 4375 648 4418 eum
675 4363 978 4435 apostolum
1005 4371 1287 4432 possemus
1317 4369 1531 4434 patrem
1562 4365 1831 4434 accipere,

226 4460 360 4516 ideo
382 4459 688 4515 siclocutus
711 4465 816 4524 est,
845 4465 898 4510 ut
918 4455 1034 4526 ejus
1062 4456 1234 4510 oratio
1252 4469 1357 4510 non
1391 4464 1533 4511 esset
1562 4459 1833 4512 centrarla

225 4553 526 4611 Dominica:
543 4554 778 4610 veritati.
806 4554 990 4609 Patres
1012 4551 1172 4624 igitur
1207 4563 1574 4624 quoscumque
1597 4565 1831 4625 agnosco

1942 3344 2314 3418 sponsionem,
2345 3347 2471 3401 dum
2503 3354 2682 3401 tamen
2703 3344 2962 3400 Ecclesia:
2983 3356 3168 3406 causa,
3187 3341 3272 3396 cui
3299 3354 3529 3410 respon-

1938 3441 2052 3497 deri
2084 3440 2214 3496 u'ibil
2243 3450 2443 3511 potest,
2461 3441 2512 3496 in
2536 3439 2886 3495 fundamento
2910 3438 3176 3492 tutissimo
3191 3437 3527 3490 conlocetur.

1939 3533 2074 3605 Ego,
2104 3533 2256 3603 cujus
2277 3533 2644 3588 ordinatorem
2673 3530 2906 3603 requiris
2939 3529 3098 3585 homo
3123 3543 3240 3585 sum
3268 3527 3532 3583 Christia-

1940 3641 2060 3692 nus,
2087 3625 2281 3691 fidelis,
2306 3625 2447 3696 quod
2473 3626 2582 3680 Deo
2620 3631 2754 3680 teSte
2783 3625 2994 3694 loquor,
3025 3621 3354 3678 Cathblicus.
3378 3620 3531 3678 Unde

1937 3717 2114 3774 adhuc
2141 3717 2462 3788 ambigimus
2491 3717 2611 3789 quis
2632 3717 2825 3788 dignus
2855 3719 2956 3771 huc
2989 3717 3207 3772 nomine
3236 3716 3526 3770 vocitatur.

1941 3811 2051 3882 Ego
2070 3811 2214 3865 illam
2247 3809 2818 3877 Ecclesiamdel'eudo,
2852 3809 2989 3864 hanc
3010 3825 3197 3866 assero
3228 3809 3528 3879 qualicum-

1935 3910 2206 3974 qucVoce,
2225 3903 2275 3957 in
2291 3915 2391 3974 qua
2411 3902 2667 3973 quidquid
2687 3903 2861 3968 fuero,
2877 3903 2962 3957 illa
2979 3902 3217 3957 Ecclesia
3237 3911 3338 3957 est.
3360 3901 3529 3958 Video

1937 4013 2042 4070 quo
2068 3997 2275 4065 tendas,
2311 3997 2574 4052 humanas
2599 3997 2898 4052 calumnias
2927 3998 3294 4060 consectarls;
3330 4003 3384 4051 et
3409 4005 3528 4065 qua:

1936 4091 2157 4148 seleatis
2182 4091 2392 4162 jactare
2413 4099 2468 4147 et
2487 4091 2696 4156 dicere,
2723 4103 2827 4145 non
2853 4091 3086 4146 alienum
3113 4097 3196 4145 est
3221 4090 3287 4144 ab
3310 4089 3528 4145 auribus

1937 4185 2070 4242 vela
2092 4186 2348 4242 cordibus
2374 4185 2595 4241 nostris.
2628 4184 2887 4256 Megalius
2909 4200 2996 4240 me
3024 4183 3299 4240 ordinavit
3327 4183 3530 4254 primas

1935 4279 2200 4335 Ecclesia:
2220 4275 2484 4335 Numidia:
2502 4279 2804 4341 catholicae,
2834 4290 2899 4333 eo
2925 4285 3164 4349 tempore
3190 4285 3296 4347 cpio
3327 4277 3420 4333 ille
3443 4292 3529 4332 me

1933 4372 2112 4442 potuit
2153 4372 2426 4428 ordinare.
2462 4373 2602 4428 Ecce
2632 4373 2908 4442 respondi.
2956 4371 3316 4442 ProseQuere,
3351 4371 3530 4441 prol‘cr

1934 4481 2055 4534 qua:
2081 4477 2372 4536 prteparas.
2399 4465 2477 4520 ibi
2501 4466 2660 4520 ctlatn
2685 4465 3054 4520 ca‘lttmniosus
3075 4473 3356 4534 apparens.
3389 4463 3529 4519 Ecce

1933 4561 2041 4618 dixi
2075 4561 2438 4618 ordinatorem
2469 4569 2667 4616 meum.
2702 4559 3020 4629 Proferjam
3053 4559 3354 4614 calumnias
3386 4566 3524 4612 tuas.

224 4648 283 4704 in
304 4649 466 4716 terra,
485 4647 1094 4704 bonoriﬂcentimcausa
1121 4655 1377 4718 agnosco.
1402 4647 1613 4703 Patrem
1636 4647 1827 4703 salutis
1854 4649 1904 4712 D
1933 4656 2000 4712 Et
2021 4655 2126 4710 alia
2156 4669 2330 4710 manu.
2364 4652 2698 4724 Recognovi.

223 4757 366 4798 mere
413 4758 520 4799 non
551 4751 714 4799 teneo
761 4745 861 4797 nisi
896 4743 1087 4810 Deum,
1134 4744 1202 4800 de
1231 4759 1337 4814 quo
1384 4742 1512 4798 mibi
1570 4743 1826 4799 Dominus

221 4835 368 4892 dixit
392 4854 404 4889 :
432 4837 516 4892 Ne
537 4837 676 4892 vobis
704 4845 902 4908 patrem
925 4837 1107 4892 dicatis
1129 4839 1182 4893 in
1206 4847 1361 4906 terra,
1387 4846 1440 4893 et
1466 4839 1555 4906 qui
1586 4839 1826 4909 quotidie

218 4929 455 4986 dicimus
491 4949 505 4986 :
541 4929 700 4985 Pater
747 4939 917 4986 noster
943 4929 1032 5002 qui
1058 4947 1112 4985 es
1133 4931 1186 4985 in
1217 4931 1377 4986 caelis.
1414 4930 1480 4986 Et
1509 4931 1615 4986 alia
1644 4941 1820 4988 manu.

219 5021 556 5092 Recognovi.

295 5115 428 5172 245.
473 5112 763 5171 Petilianus
805 5117 1073 5188 episcopus
1118 5117 1272 5173 dixit.
1323 5116 1452 5185 Quis
1482 5117 1684 5173 dicitur
1734 5119 1825 5189 qui

216 5226 352 5266 eum
380 5211 688 5267 ordinavit?
723 5212 874 5268 Dicat
920 5211 1040 5283 quis
1089 5228 1213 5269 eum
1259 5214 1550 5268 ordinavit.
1603 5211 1672 5268 Et
1716 5213 1824 5270 alia

215 5317 407 5360 manu.
462 5303 758 5360 Petilianus
811 5306 1099 5377 episcopus
1145 5307 1510 5378 appellatione
1563 5307 1820 5366 incolumi

215 5395 537 5470 recognovi.
574 5395 911 5455 Marcellinus
936 5403 1013 5456 vir
1041 5401 1356 5457 clarissimus
1387 5403 1623 5458 tribunus
1651 5415 1697 5458 et
1725 5421 1820 5458 no-

211 5493 389 5550 tarius
413 5492 565 5548 dixit.
591 5493 880 5550 Ordinatur
906 5494 1023 5564 ejus
1047 5495 1354 5566 inquiritur.
1380 5493 1532 5551 Unde
1557 5496 1678 5567 quis
1695 5513 1817 5553 eum

208 5584 561 5643 ordinaverit
605 5587 912 5642 evidentius
954 5585 1286 5658 designetur.
1320 5586 1596 5644 Possidius
1627 5591 1825 5661 episco-

216 5695 323 5754 pus
352 5677 601 5736 Ecclesia:
630 5679 900 5736 catholica:
929 5679 1080 5735 dixit.
1116 5680 1324 5749 Quem?

2003 4749 2133 4806 2i8.
2183 4743 2514 4803 Marcellinus
2537 4748 2613 4802 vir
2640 4745 2956 4800 clarissimus
2977 4745 3208 4800 tribunus
3230 4753 3274 4799 et
3298 4743 3526 4798 notarius

1932 4843 2084 4898 dixit.
2113 4840 2382 4910 Accepistl
2425 4838 2875 4908 prosecutionem.
2915 4837 3068 4894 Unde
3098 4837 3223 4908 quid
3255 4841 3528 4905 competat

1929 4933 2262 5005 reSpondcre
2282 4931 2526 5003 dignare,
2558 4930 2684 4986 licet
2708 4931 2821 4986 lucc
2846 4945 2966 5002 qum
2992 4930 3056 4984 de
3081 4929 3324 5000 personis
3353 4941 3524 4998 agun—

1935 5037 2044 5094 tur,
2081 5027 2443 5098 cognitionem
2473 5025 2692 5082 diderre
2719 5041 2825 5080 non
2857 5024 3112 5079 debeant.

2001 5121 2129 5176 249.
2183 5119 2446 5175 Emeritus
2493 5120 2763 5189 epist-Opus
2808 5117 2961 5174 dixit.
2995 5117 3051 5174 Si
3083 5117 3228 5172 nulla
3258 5123 3342 5172 est
3386 5113 3527 5169 actio

1934 5221 2310 5288 personarum,
2337 5227 2434 5269 cur
2459 5212 2731 5268 (ὲωοίιίωυί
2761 5213 2811 5268 in
2839 5211 3044 5283 judicio
3074 5211 3275 5267 iaciunt
3295 5207 3528 5263 mentio-

1934 5310 2100 5367 nem?
2129 5310 2235 5366 Aut
2280 5309 2424 5364 enim
2470 5309 2615 5378 juste
2645 5309 2857 5374 timent,
2887 5305 3028 5376 quod
3065 5319 3186 5359 eum
3213 5300 3527 5358 desiderant

1928 5419 2196 5462 excusare
2218 5421 2232 5469 ;
2262 5412 2353 5458 aut
2379 5405 2421 5459 si
2447 5401 2716 5474 superﬂua
2741 5399 2881 5456 actio
2899 5400 3158 5454 adversus
3177 5395 3524 5452 Caecilianum

1931 5501 2133 5556 intenta
2184 5499 2379 5554 liberat
2409 5510 2612 5562 mores,
2647 5495 2808 5550 vitam
2843 5501 3055 5564 purgat,
3087 5492 3186 5546 hoc
3228 5492 3401 5562 ipsum
3434 5489 3527 5544 dc-

1928 5593 2060 5650 bent
2109 5591 2373 5665 legalibus
2423 5587 2748 5650 testimoniis
2803 5586 3126 5657 approbare.
3171 5583 3410 5638 Dicimus
3450 5591 3530 5636 et—

1933 5688 2079 5744 enim
2108 5687 2291 5743 multis
2315 5685 2579 5757 !egalibus
2605 5681 2970 5748 documentis,
3001 5677 3346 5735 sacerdotum
3379 5674 3526 5739 vitia,

295 5773 429 5834 244.
484 5774 890 5837 Fortunatianus
940 5776 1212 5851 episcopus
1262 5769 1511 5841 Ecclesia?
1566 5777 1835 5845 catholica;
1937 5795 2000 5842 se
2023 5780 2313 5855 probrosos
2334 5787 2538 5856 mores,
2559 5785 2611 5856 et
2629 5775 2883 5867 uelat-iam
2903 5773 3537 5834 conversationemnntt-

223 5869 387 5958 dixit.
421 5867 558 5966 Quid
581 5865 647 5935 ad
669 5885 891 5937 causam
919 5872 1190 5953 pertineat
1217 5871 1463 5958 veritatis
1489 5878 1834 5966 uniuscujus-
1946 5882 2126 5955 cuiam
2166 5889 2258 5961 aut
2288 5885 2494 5968 regant
2528 5865 2809 5972 ‘Ecelesire
2853 5887 3069 5972 semper
3118 5873 3337 5974 inferre.
3387 5869 3539 5942 Unde

183 6088 238 6128 ὑ
