3996 6332
584 259 721 318 1407

1511 263 1550 318 G
1563 262 1738 322 ESTA
1778 262 2238 322 COLLATIONIS
2277 263 2360 321 CA
2373 265 2557 321 RTHA
2569 259 2902 325 GINENSIS.

3669 281 3771 337 H08

581 386 727 443 enim
762 396 846 443 est
875 386 1016 458 quod
1058 384 1356 458 Apostolus
1395 385 1514 442 ait:
1554 385 1677 440 Non
1707 386 1972 440 habentem
2002 402 2177 439 macu—
2204 388 2253 448 Λ
2282 385 2422 455 quod
2484 389 2572 440 uni
2632 388 2766 456 parti
2817 385 3168 443 concesserit.
3217 386 3280 442 Et
3329 405 3435 444 cum
3480 394 3692 463 recitaret,

584 480 689 536 lant
720 498 876 552 neque
912 497 1113 552 rugam.
1146 481 1214 537 Et
1244 480 1442 536 iterum
1472 497 1485 536 :
1519 479 1730 549 Oportet
1766 480 2060 551 episcOpum
2104 479 2177 532 ir-

582 573 1028 641 reprcltensibilcm
1049 575 1191 629 esse?
1208 573 1386 628 Multis
1403 573 1564 630 etiam
1589 573 1926 628 documentis
1939 574 2024 628 lex
2042 571 2178 627 divi-

585 681 650 720 na
666 664 1212 738 dilfunditur.quibus
1232 666 1575 721 immaculata
1603 665 1708 720 vita
1731 666 1962 735 pastoris
1984 664 2179 720 debeat

582 759 891 815 cmlestibus
918 760 1242 815 testimoniis
1271 759 1577 831 approbari.
1623 758 1730 814 Sed
1763 775 1831 814 ne
1872 773 1968 830 per
2007 759 2178 830 longi-

584 854 824 910 tudinem
865 854 1263 926 prosecutionis
1310 854 1599 910 audientiae
1642 853 1913 909 fastidium
1957 852 2173 920 faciam,

579 961 674 1003 aut
704 950 846 1005 forte
868 959 1188 1020 praeteream
1213 966 1331 1020 qua:
1356 959 1670 1019 competunt
1692 963 1890 1014 causae,
1922 947 2173 1018 quoniam

584 1041 848 1099 habemus
874 1043 925 1096 in
961 1043 1208 1098 manibus
1235 1042 1538 1097 divinorum
1571 1051 2031 1096 sacramentorum
2063 1040 2176 1097 col-

579 1136 773 1192 lectam
809 1136 1047 1208 undique
1080 1136 1524 1202 uniformitatem,
1558 1135 1792 1206 idipsum
1819 1144 2058 1204 potestas
2087 1146 2174 1190 tua

579 1227 872 1284 adversum
918 1244 1106 1284 eorum
1153 1229 1488 1292 mandatum,
1515 1227 1656 1298 quod
1685 1227 1926 1300 legaliter
1956 1243 2014 1283 se
2043 1227 2176 1283 scri-

577 1323 752 1393 psisse
768 1323 1248 1393 dixerunt,jubeat
1263 1323 1494 1388 recitari,
1523 1331 1580 1378 ut
1609 1322 2177 1395 p0s1313adsertio-

577 1433 699 1471 nem
720 1418 1322 1488 ttostrm‘prosecutionis
1342 1417 1738 1487 lectionemque
1754 1417 1938 1481 libelli,
1956 1416 2069 1472 sive
2085 1417 2174 1470 lit-

576 1518 812 1567 terarum
831 1525 964 1582 quas
990 1511 1042 1565 in
1057 1509 1260 1581 judicio
1275 1510 1506 1580 petimus
1524 1508 1905 1572 recensendas;
1922 1509 2174 1564 universa

573 1620 694 1676 quae
724 1607 923 1661 nosu-is
946 1605 1185 1678 partibus
1233 1612 1570 1672 competunt,
1605 1603 1913 1674 specialiter
1953 1618 2175 1674 peraga-

575 1715 714 1755 mus.
750 1699 818 1755 Et
844 1701 948 1755 alia
974 1716 1154 1756 manu.
1188 1698 1462 1755 Emeritus
1487 1697 1949 1769 episcOpussalva
1980 1697 2171 1769 appel-

571 1791 774 1847 latione
801 1793 1112 1863 recognovi.

643 1886 772 1942 ‘250.
815 1885 1155 1944 Marcellinus
1198 1889 1275 1942 uir
1303 1887 1622 1943 clarissimus
1654 1887 1890 1941 tribunus
1935 1893 1981 1939 et
2019 1893 2170 1938 nota-

571 1979 682 2034 rius
721 1979 874 2036 dixit.
906 1980 1173 2036 Constare
1214 1980 1432 2052 quidem
1483 1982 1735 2052 primitus
1779 1979 2078 2044 volueram,
2115 1985 2172 2032 ut

570 2072 694 2143 quis
726 2071 845 2128 loco
876 2074 1125 2143 petitoris
1155 2073 1417 2138 ad5taret,
1449 2089 1512 2128 ex
1551 2074 1868 2129 recitatione
1892 2080 2168 2143 gestorum

569 2165 982 2222 evidentissime
1006 2176 1422 2223 monstraretur.
1457 2167 1566 2223 Sed
1599 2167 1643 2222 si
1673 2167 1834 2222 vultis
1863 2165 1932 2220 ab
1957 2165 2057 2222 hac
2085 2181 2172 2222 me

572 2270 729 2330 parte
751 2259 1056 2327 discedere,
1090 2260 1369 2318 evidenter
1395 2260 1668 2317 oatendite
1697 2270 1754 2316 ut
1778 2277 1838 2316 ea
1865 2275 1986 2331 qua:
2013 2257 2173 2314 offer-

574 2353 667 2418 tis,
700 2352 935 2408 debeant
963 2355 1200 2409 recitari.

646 2445 774 2502 25l.
821 2445 1100 2501 Montanus
1128 2447 1399 2518 episcopus
1429 2448 1580 2502 dixit.
1614 2447 1840 2519 interim
1869 2446 1999 2516 iube
2031 2446 2170 2502 reci-

577 2540 703 2606 tari,
762 2551 817 2596 et
868 2541 1338 2610 respondebimus.
1388 2541 1457 2596 Et
1505 2543 1611 2597 alia
1654 2559 1832 2597 manu.
1887 2542 2174 2598 Montanus

574 2632 866 2704 episcopus
879 2635 1026 2688 salva
1046 2635 1412 2706 appellatione
1436 2637 1868 2706 prosecutionem
1887 2653 2061 2694 meam
2087 2653 2173 2693 rc-

573 2726 822 2797 cognovi.
861 2725 1200 2784 Marcellinus
1231 2731 1306 2784 uir
1335 2730 1650 2786 clarissimus
1681 2731 1914 2786 tribunus
1949 2743 1994 2786 et
2025 2743 2173 2787 nota-

575 2820 685 2873 rius
735 2820 886 2874 dixit.
937 2822 1274 2877 Recitentur.
1329 2822 1585 2878 Romqu
1637 2835 1874 2897 exceptor
1923 2827 2172 2880 recitavit.

577 2912 768 2968 Flavio
798 2913 1118 2970 Marcellino
1165 2917 1282 2970 viro
1312 2916 1617 2971 clarissimo
1648 2917 1930 2987 spectabili
1961 2920 2176 2974 tribuno

576 3018 632 3062 et
677 3010 890 3066 notario
915 3010 1278 3066 Januarianus
1321 3025 1375 3068 et
1422 3016 1602 3070 (ιιι-ιθτί
1652 3017 1891 3087 episc0pi
1933 3020 2178 3072 veritatis

576 3102 879 3169 catholicae,
915 3119 1037 3176 qua:
1068 3106 1507 3173 persecutionem
1540 3110 1760 3178 patitur,
1805 3125 1911 3165 non
1946 3127 2067 3180 qua:
2097 3109 2178 3163 fa-

2350 479 2478 535 255.
2512 479 2766 534 Emeritus
2793 481 3063 547 episcopus
3099 482 3244 536 dixit.
3283 481 3389 536 Non
3419 484 3550 554 legit,
3579 503 3665 541 non
3689 489 3772 546 dis-

2281 573 2475 643 tinguit
2496 588 2708 628 sensus.
2744 572 2811 627 Et
2837 573 2939 628 alia
2964 590 3141 628 manu.
3171 575 3426 632 Emeritos
3453 579 3692 650 episc0pus
3715 599 3774 641 re-

2278 666 2525 736 cognovL

2350 759 2478 816 256.
2513 759 2831 832 Augustinus
2856 763 3130 832 episcopus
3157 760 3394 818 Ecclesia:
3418 765 3650 820 catholicae
3665 769 3773 823 dixit.

2281 854 2382 924 Ipsi
2419 855 2614 923 legant.
2663 854 3036 910 Concedamus
3069 856 3148 910 eis
3177 856 3314 924 quod
3346 857 3436 926 ipsi
3467 859 3602 913 nobis
3631 875 3778 916 conce-

2279 948 2408 1001 dere
2441 947 2748 1002 noluerunt.
2786 947 3122 1002 Marcellinus
3171 948 3244 1002 vir
3281 949 3572 1017 clarissimus
3606 952 3778 1007 tribunus

2280 1051 2325 1096 et
2350 1042 2580 1094 notarius
2607 1041 2760 1095 dixit.
2795 1041 3165 1096 Ecclesiastici
3204 1040 3390 1094 notarii
3419 1055 3477 1095 ea
3507 1041 3721 1112 relegant,
3741 1054 3779 1098 ut

2281 1135 2520 1203 apertius
2542 1134 2874 1204 designetur,
2901 1150 3022 1204 quia
3063 1151 3088 1185 a
3125 1134 3507 1188 venerabilihus
3534 1135 3646 1188 viris
3688 1150 3781 1190 con-

2279 1236 2388 1281 stat
2437 1228 2639 1280 oblata.
2679 1225 2948 1280 Possidius
3001 1228 3267 1300 episcOpus
3320 1225 3547 1282 Ecclesiae
3572 1229 3779 1286 catholicis

2279 1323 2428 1378 dixit.
2465 1323 2736 1391 Scriptum
2779 1325 2848 1377 sit
2885 1325 3029 1394 ipsos
3078 1326 3296 1393 petisse,
3331 1333 3442 1378 uta
3481 1326 3580 1380 suis
3613 1328 3780 1382 notariis

2277 1427 2428 1488 gesta
2452 1434 2570 1486 quae
2599 1418 2882 1488 proferunt
2902 1417 3219 1472 recitentur.
3257 1416 3321 1470 Et
3348 1417 3446 1470 alia
3484 1435 3635 1474 manu.
3659 1420 3782 1475 lteco-

2278 1511 2460 1580 gnovi.
2508 1508 2848 1564 Marcellinus
2890 1510 2966 1563 vir
2994 1510 3316 1564 clarissimus
3355 1512 3569 1564 tribunus
3605 1525 3644 1566 et
3677 1523 3782 1566 nota-

2278 1604 2385 1658 rius
2423 1603 2574 1658 dixit.
2619 1603 2758 1658 Nihil
2790 1604 3017 1659 interest
3065 1619 3093 1657 a
3141 1619 3249 1674 quo
3282 1605 3588 1675 relegantur.
3623 1605 3780 1660 Petilia-

2277 1715 2372 1752 nus
2401 1698 2669 1768 epismpus
2699 1698 2850 1752 dixit.
2882 1697 2996 1752 Non
3027 1697 3094 1752 de
3125 1698 3231 1752 [ide
3261 1697 3522 1753 dubitatur
3550 1700 3781 1765 ollieii,sed

2202 1799 2251 1858 Β
2278 1789 2346 1845 de
2379 1790 2839 1860 pronuntiatione.
2876 1790 2937 1845 Et
2968 1792 3074 1846 alia
3112 1809 3291 1845 manu.
3337 1792 3605 1849 Petilianus
3629 1797 3781 1865 episco-

2274 1899 2372 1954 pus
2395 1883 2705 1953 recognovi.

2344 1979 2472 2034 257.
2523 1979 2858 2034 Marcellinus
2893 1980 2968 2033 uir
3010 1981 3329 2036 clarissimus
3355 1983 3572 2038 tribunus
3611 1993 3652 2038 et
3678 1995 3780 2038 nota-

2273 2074 2384 2127 rius
2410 2073 2560 2126 dixit.
2592 2071 2874 2142 Supcrllua
2911 2083 2994 2128 est
3026 2073 3124 2128 ista
3154 2075 3421 2130 causatio.
3456 2074 3607 2141 Unde,
3635 2075 3780 2130 utdili-

2274 2166 2490 2236 gentius
2520 2165 2700 2219 omnia
2729 2175 3150 2236 cognoscantur,
3191 2168 3260 2222 ab
3297 2169 3648 2224 ecclesiasticis
3671 2179 3781 2223 nota-

2276 2260 2371 2312 riis
2410 2258 2552 2330 quod
2595 2257 2836 2313 oblatum
2881 2268 2965 2314 est
3015 2260 3297 2316 recitetur.
3344 2261 3550 2333 Alypius
3583 2262 3783 2332 episcopis

2278 2352 2526 2408 Ecclesiae
2549 2354 2816 2408 catholica:
2855 2353 3004 2407 dixit.
3052 2353 3293 2424 Lngatur
3320 2354 3695 2411 concedentibus
3718 2373 3784 2409 no-

2280 2449 2384 2517 bis,
2417 2449 2560 2519 quod
2589 2450 2686 2516 ipsi
2718 2450 2872 2504 nobis
2897 2449 3198 2505 concedere
3229 2449 3538 2505 noluerunt.
3566 2449 3783 2504 Habetdnts

2279 2542 2544 2614 episcopus
2563 2543 2712 2596 dixit.
2746 2542 2856 2612 Ego
2887 2542 3026 2612 lego.
3061 2541 3402 2598 Marcellinus
3438 2547 3510 2596 vir
3541 2543 3784 2598 clarissimus

2277 2635 2512 2689 tribunus
2533 2647 2578 2690 et
2606 2635 2834 2690 notarius
2856 2636 3007 2691 dixit.
3040 2635 3202 2707 Lege.

2349 2727 2476 2783 258.
2514 2726 2810 2783 Habetdeus
2849 2730 3117 2798 episcopus
3147 2729 3303 2784 dixit.
3343 2729 3523 2784 Flavio
3553 2728 3785 2784 Marcellino

2276 2820 2394 2874 viro
2423 2820 2727 2875 clarissimo
2767 2830 2820 2875 el
2865 2821 3147 2890 speetabili
3180 2822 3402 2878 tribuno
3431 2833 3483 2880 et
3522 2819 3786 2886 notario,la-

2281 2913 2570 2967 nuarianns
2597 2923 2652 2968 et
2676 2914 2855 2968 exteri
2883 2915 3126 2985 episcopi
3153 2916 3400 2969 veritatis
3423 2915 3685 2978 catholica,
3703 2928 3784 2983 qua

2279 3006 2714 3078 persecutionem
2764 3008 2982 3076 patitur,
3037 3024 3142 3063 non
3188 3025 3316 3079 qua:
3359 3009 3498 3066 facit.
3543 3009 3656 3078 Quia
3690 3005 3786 3076 apud

2279 3109 2398 3155 acta
2428 3101 2724 3156 nobilitatis
2749 3111 2852 3156 tua:
2879 3101 3136 3157 fratribus
3163 3103 3499 3174 collegisque
3541 3103 3702 3158 nostris
3726 3099 3787 3153 de.

577 3196 670 3250 cit.
701 3197 834 3263 Quia
866 3199 1005 3268 apud
1037 3209 1158 3254 acta
1209 3201 1505 3258 nobilitatis
1557 3214 1661 3258 tua;
1703 3203 1963 3259 {ian-ibus
2003 3204 2172 3260 colle-
2203 3186 2248 3250 C
2282 3194 2582 3250 fensionetn
2612 3195 3004 3261 mandavimus,
3038 3211 3293 3266 magnum
3316 3196 3444 3265 justi
3475 3191 3787 3266 cognitorisin-

577 3290 770 3362 gisque
797 3293 998 3349 nostris
1023 3293 1396 3351 defensionem
1427 3297 1818 3353 mandavimus.
1854 3296 1923 3352 Et
1948 3314 2064 3353 cum
2090 3314 2172 3353 re-

578 3385 783 3451 citaret,

652 3477 780 3533 252.
822 3477 1158 3536 Marcellinus
1190 3483 1269 3536 vir
1317 3485 1638 3540 clarissimus
1669 3486 1900 3541 tribunus
1942 3497 1990 3541 et
2021 3497 2171 3542 nota-

580 3571 691 3626 rius
718 3573 869 3628 dixit.
903 3574 1172 3642 Quantum
1202 3592 1268 3634 ex
1299 3580 1456 3636 istius
1485 3580 1733 3650 epistola:
1753 3597 1874 3653 qua:
1904 3581 2176 3652 profertur

583 3664 864 3734 principiis
901 3668 1325 3736 demonstratur,
1359 3671 1540 3728 denuo
1576 3672 1721 3728 aliud
1759 3674 1916 3730 video
1957 3691 2176 3746 proces-

581 3758 719 3812 sisse
745 3760 1079 3829 mandatum,
1108 3778 1235 3819 cum
1267 3775 1386 3834 post
1411 3767 1879 3824 confirmationem
1913 3787 2173 3838 persona—

582 3867 725 3920 rum,
767 3868 829 3908 ea
870 3857 1049 3910 omnia
1089 3873 1208 3928 qua:
1243 3859 1483 3928 partibus
1521 3872 1834 3932 competunt
1857 3873 2036 3918 vestro
2077 3879 2174 3919 no-

583 3947 728 4002 mine
772 3947 1061 4006 debueriut
1095 3951 1310 4021 judiciis
1362 3953 1618 4020 intimari,
1659 3954 1916 4026 quoniam
1956 3956 2025 4010 ab
2067 3957 2174 4011 illis

583 4049 706 4110 post
733 4040 1046 4098 mandatum
1086 4045 1254 4100 semel
1285 4044 1508 4111 factum,
1545 4054 1762 4102 constat
1789 4049 2046 4102 transisse
2075 4064 2173 4104 ne-

573 4134 803 4206 gotium.

651 4227 782 4283 255.
815 4226 1072 4284 Emeritos
1111 4232 1381 4302 episcopus
1407 4231 1562 4287 dixit.
1601 4233 1657 4288 ln
1689 4232 1945 4289 mandato
1973 4249 2072 4289 suo
2099 4235 2176 4292 le-

578 4318 718 4385 galia
751 4335 978 4391 qua-que
1022 4337 1080 4378 se
1109 4327 1354 4392 posuisse
1382 4323 1655 4382 dixerunt.
1701 4327 1829 4384 Haec
1872 4328 2062 4384 eadem
2096 4330 2176 4386 le-

578 4413 718 4482 galia
771 4428 872 4470 nos
926 4415 1212 4486 scripturis
1271 4418 1532 4490 legalibus
1587 4422 1979 4478 convincimus.
2029 4423 2172 4478 Nihil

579 4504 785 4577 absque
817 4507 1072 4563 mandato
1113 4520 1216 4565 est.
1253 4513 1446 4568 lmout
1487 4514 1816 4571 audientiam
1862 4519 2171 4586 priestantia

2279 3288 2480 3344 dicium
2513 3297 2620 3355 est,
2653 3289 2797 3360 quod
2844 3290 2934 3344 uni
2985 3290 3123 3359 parti
3166 3291 3520 3355 concesserit,
3559 3288 3685 3343 alteri
3717 3301 3785 3339 non

2279 3396 2498 3454 negare,
2529 3399 2596 3438 ne
2623 3385 2712 3436 nni
2738 3384 2872 3452 parti
2902 3383 3105 3450 favere,
3144 3385 3374 3439 alteram
3410 3399 3632 3456 premere
3661 3381 3787 3436 videa-

2278 3482 2384 3530 tur.
2418 3474 2572 3544 Quod
2602 3485 2652 3530 te
2677 3490 2772 3546 pro
2813 3482 2900 3531 tua
2940 3476 3224 3546 prudentia
3258 3488 3315 3532 et
3339 3479 3493 3548 longe
3534 3477 3786 3547 prospicere.

2277 3577 2333 3622 et
2361 3568 2570 3636 longius
2613 3567 2872 3624 condecet
2899 3584 3227 3638 prtecavere,
3262 3585 3498 3626 maxum:
3538 3585 3644 3624 cum
3676 3580 3790 3635 popu-

2280 3661 2363 3715 los
2399 3661 2593 3716 edictis
2623 3662 2813 3716 invites
2843 3661 2908 3717 de
2953 3662 3243 3718 audientize
3293 3675 3400 3720 tua:
3429 3665 3677 3719 libramine
3693 3659 3788 3730 judi-

2277 3770 2423 3810 care.
2480 3755 2787 3810 Adversarii
2841 3755 3002 3826 igitur
3052 3758 3345 3815 Iraditores
3399 3766 3788 3829 perseeuturesque

2279 3850 2451 3904 nostri
2480 3864 2600 3904 cum
2636 3851 3008 3906 elucubratmn
3039 3852 3290 3908 volumen
3336 3853 3420 3908 sui
3469 3851 3690 3914 mandati,
3711 3847 3788 3900 diu-

2278 3960 2383 4012 que
2409 3955 2726 4014 conceptum
2765 3953 2817 3999 et
2847 3945 3153 4015 expositum
3200 3947 3341 4000 actis
3395 3947 3688 4016 ingererent,
3711 3940 3787 3992 sine

2280 4035 2597 4105 praeiudicio
2645 4037 2893 4106 equidem
2939 4047 3123 4090 nostro
3165 4037 3403 4094 libenter
3455 4036 3646 4092 audisti.
3683 4030 3788 4099 Quod

2279 4141 2336 4184 ut
2368 4129 2494 4185 huic
2525 4131 2769 4201 epistola:
2817 4142 3017 4186 nostra:
3060 4133 3355 4199 concedas,
3392 4130 3640 4204 impendio
3659 4137 3788 4202 pastu-

2281 4225 2476 4280 lainus.
2503 4226 2618 4280 Non
2639 4243 2744 4298 quo
2775 4227 2987 4282 illorum
3017 4242 3180 4297 prava
3215 4245 3578 4300 perversaque
3613 4223 3789 4280 duclrina

2281 4334 2380 4376 nos
2409 4328 2631 4385 terreat,
2676 4320 2770 4376 sed
2821 4336 2889 4377 ne
2937 4320 3088 4376 labor
3133 4321 3203 4376 sit
3227 4321 3599 4378 defensoribus
3632 4312 3789 4374 nostris,

2278 4423 2466 4469 contra
2496 4413 2691 4468 librum
2736 4413 2948 4468 illorum
2977 4413 3268 4483 prolixum,
3297 4423 3356 4468 et
3393 4425 3572 4470 contra
3602 4419 3790 4480 prosccu-

2279 4512 2454 4566 tiones
2475 4525 2664 4566 eorum
2697 4507 3010 4580 confligere,
3043 4524 3164 4565 cum
3209 4525 3312 4564 nec
3357 4510 3474 4566 dies
3513 4517 3640 4563 totus
3669 4511 3792 4557 causa

580 4609 670 4656 “'3
701 4602 960 4672 Ρτίυικθθι,
989 4604 1091 4662 lwc
1130 4623 1405 4679 rogamus.
1438 4607 1506 4663 Et
1545 4610 1652 4664 alia
1683 4628 1860 4666 manu.
1903 4611 2172 4668 Emeritos
2202 4601 2252 4663 D
2277 4605 2530 4670 sufficiat,
2567 4619 2668 4658 nec
2696 4619 2798 4659 vox
2823 4611 2917 4658 aut
2947 4603 3116 4658 latera
3146 4601 3477 4668 defensioni,
3507 4612 3556 4654 ut
3585 4599 3692 4653 liber
3709 4604 3790 4646 cum

577 4695 864 4766 cpiscopus
893 4697 1040 4752 salva
1083 4701 1445 4770 appellatione
1484 4704 1798 4775 recognovi.
1836 4703 2174 4761 Marcellinus

576 4788 652 4842 uir
690 4789 1008 4846 clarissimus
1051 4794 1287 4848 tribunus
1336 4805 1384 4850 et
1424 4797 1656 4852 notarius
1696 4797 1850 4853 dixit.
1900 4797 2017 4853 Non
2059 4797 2175 4855 batc

583 4883 808 4948 proferri
838 4884 1120 4955 prohibui;
1147 4888 1242 4942 sed
1285 4888 1484 4944 rectius
1515 4899 1634 4946 erat
1663 4901 1718 4945 ut
1746 4901 1929 4948 vestro
1955 4893 2174 4948 nomine

580 4974 669 5041 qui
702 4976 986 5044 adsistitis,
1018 4980 1410 5049 proferrentur.
1439 4980 1694 5037 Emeritus
1719 4985 1990 5056 episcopus
2015 4985 2170 5040 dixit.

579 5063 716 5120 Cum
747 5069 890 5123 ai-tio
929 5071 1084 5127 nobis
1113 5082 1404 5144 competat,
1453 5075 1722 5145 scriptura
1761 5077 1996 5132 mandati
2040 5077 2171 5132 nihil

582 5160 830 5225 interest.
867 5171 1045 5217 utrum
1074 5179 1140 5219 ex
1184 5178 1365 5219 nostra
1397 5182 1624 5234 persona
1666 5187 1734 5224 an
1766 5188 1832 5226 ex
1863 5187 2051 5227 eorum
2083 5172 2175 5242 qui

583 5253 974 5312 mandaverunt
1022 5255 1690 5329 [proferatur]dummodo
1730 5262 1830 5318 hoc
1871 5265 2044 5334 ipsum
2093 5265 2179 5332 ju-

584 5346 713 5403 beas
736 5349 976 5405 recitari.
1003 5348 1072 5404 Et
1095 5351 1202 5405 alia
1225 5367 1402 5405 manu.
1428 5351 1699 5410 Eineritus
1719 5355 2003 5427 episc0pus
2027 5357 2174 5411 salva

580 5441 944 5510 appellatione
974 5443 1280 5515 recognovi.
1997 5496 2001 5500 .

654 5531 783 5589 254.
831 5532 1166 5592 Marcellinus
1205 5539 1284 5593 uir
1313 5539 1636 5595 clarissimus
1665 5539 1898 5595 tribunus
1939 5552 1987 5598 et
2029 5552 2178 5598 nota-

585 5627 696 5681 rius
726 5627 880 5681 dixit.
919 5627 1250 5685 Recitentur.
1294 5630 1406 5701 Ego
1433 5633 1603 5700 enim,
1637 5648 1704 5688 ne
1751 5633 1894 5701 quod
1923 5634 2056 5702 iuris
2091 5650 2176 5691 es-

585 5731 670 5774 set
711 5723 1038 5790 omitterem,
1069 5725 1120 5779 id
1147 5725 1334 5782 videor
1366 5726 1670 5784 interfatus.
1707 5727 1958 5783 Romulus
1997 5745 2178 5799 excep-

588 5819 666 5862 tor
700 5814 948 5869 recitavit.
983 5816 1230 5887 Magnum
1269 5819 1400 5888 iusti
1431 5822 1730 5894 cognituris
1780 5821 2036 5879 indicium
2071 5831 2175 5891 est,

2278 4701 2437 4766 libro,
2467 4709 2520 4754 et
2558 4698 2801 4753 defensio
2830 4714 2952 4752 eum
2997 4697 3316 4753 defensione
3363 4704 3644 4751 concertet.
3667 4688 3792 4755 ρωιε

2279 4796 2441 4866 igitur
2473 4792 2614 4847 lianc
2641 4793 2924 4862 epistolam
2966 4800 3205 4845 nostram
3235 4791 3470 4860 petimus
3509 4784 3659 4853 accipi
3683 4789 3792 4846 atque

2279 4887 2445 4943 inseri
2471 4886 2685 4957 iubeas,
2721 4894 2847 4939 tunc
2893 4883 3092 4939 deinde
3139 4897 3361 4939 causam
3395 4881 3576 4936 audire
3603 4869 3790 4944 digni-tis.

2279 4979 2588 5035 Adversarii
2616 4978 2760 5033 enim
2814 4977 2983 5031 nosu'i
3026 4975 3270 5030 decursis
3312 4972 3622 5030 testimoniis
3658 4963 3792 5035 quibus

2282 5069 2528 5128 Ecclesia
2555 5085 2676 5125 cum
2705 5068 2863 5125 laude
2903 5071 2984 5123 sui
3016 5068 3214 5140 ubique
3252 5067 3588 5130 diffunditur,
3617 5059 3658 5114 id
3693 5052 3791 5125 prius

2281 5163 2536 5220 mandant
2588 5163 2698 5216 suis
2733 5161 3109 5216 defensoribus
3153 5159 3540 5231 peragendum,
3584 5166 3631 5207 ut
3662 5155 3790 5203 comm

2281 5273 2402 5321 nos,
2453 5255 2543 5325 qui
2576 5254 2836 5310 Ecclesiae
2867 5252 3212 5308 defendimus
3241 5253 3546 5322 puritatem,
3573 5249 3660 5302 isto
3683 5233 3790 5294 modo

2283 5357 2466 5417 agant,
2497 5358 2554 5402 ut
2596 5346 2843 5401 eamdem
2892 5347 3185 5402 Ecclesium
3220 5346 3523 5400 habituram
3555 5342 3601 5396 in
3637 5351 3685 5392 se

2282 5442 2480 5499 mixtos
2503 5439 2665 5495 simul
2694 5439 2868 5494 bonos
2893 5447 2947 5492 et
2978 5439 3150 5492 malos
3188 5453 3356 5507 usque
3389 5438 3443 5490 in
3476 5437 3618 5488 linem
3642 5420 3788 5516 sa'cull.

2282 5534 2466 5590 dicunt
2491 5546 2613 5587 esse
2647 5530 2980 5602 pra-dictam.
3012 5528 3181 5601 Cujus
3212 5529 3287 5584 rei
3319 5544 3532 5582 causam
3573 5537 3655 5576 nos
3678 5523 3791 5579 magis

2289 5627 2626 5683 ostendimus
2670 5625 2962 5681 Ecclesiam
3013 5625 3222 5679 Domini
3265 5623 3319 5678 in
3359 5618 3622 5692 scripturis
3652 5608 3791 5664 divitiIS

2282 5731 2524 5779 sanctam
2553 5729 2607 5776 et
2640 5721 3034 5775 immaculatam
3059 5719 3171 5774 fore
3197 5717 3397 5788 ubique
3425 5714 3702 5769 nuntiatam.
3727 5699 3792 5754 i‘cf

2280 5819 2494 5875 Esaiam
2515 5834 2528 5870 :
2548 5813 2783 5885 Exsurge
2813 5814 2964 5883 Sion,
2981 5815 3138 5870 indue
3153 5813 3501 5885 [artitudinem
3516 5819 3639 5863 tuam
3652 5797 3786 5855 Him'
