3996 6332
185 327 328 383 HO!)

1115 322 1342 381 GESTA
1381 319 1844 380 COLLATIONIS
1879 317 2496 379 CARTHAGINENSIS.

3341 325 3481 385 ιιιο

182 441 364 500 salem,
392 437 568 490 civitas
595 446 795 500 sancta,
826 452 929 491 non
957 437 1166 511 adjiciet
1189 439 1410 494 transire
1431 454 1522 507 per
1549 447 1594 494 te
1616 439 1779 492 incir-
1811 443 1856 503 Α
1885 438 2062 494 bolam
2110 438 2238 494 illud
2288 453 2504 508 quoque
2553 435 2851 492 adversarii
2895 436 3250 510 subjungttnt,
3298 443 3484 512 paleas

185 532 442 585 cumcisus
469 539 516 585 et
542 529 838 583 im'mundus
886 528 1020 602 (Isa.
1054 531 1172 600 LII).
1203 532 1269 586 Et
1309 532 1502 587 iterum
1539 550 1552 586 :
1589 531 1688 585 Dic
1716 531 1782 600 ﬁ-

186 625 272 680 lia:
303 624 433 680 Sion
468 641 486 679 :
518 623 650 678 Ecce
689 624 779 678 tibi
811 624 1055 679 Salvator
1082 625 1337 690 adveniet.
1370 627 1560 680 habens
1591 641 1782 679 merce-

184 721 301 775 dem
329 729 373 774 et
403 736 530 789 opus
568 728 684 772 ante
708 717 892 788 faciem
930 735 1097 785 suam,
1125 728 1173 774 et
1203 719 1398 773 vocabit
1427 719 1575 772 illum
1605 735 1778 789 papu-

187 813 294 866 lum
315 821 548 866 sanctum
562 811 880 880 redemptum
907 829 936 864 a
963 811 1204 866 Domino.
1224 811 1300 865 Tu
1322 823 1492 866 autem
1520 811 1779 865 vocaberis

184 906 481 961 desiderata
520 905 718 970 civitas,
741 915 792 960 et
820 920 920 959 non
965 905 1205 959 derelicta
1229 903 1361 976 (Isa.
1391 907 1552 976 uti).
1587 904 1655 958 Et
1683 906 1782 957 ite-

184 1015 308 1055 rum
334 1017 347 1052 :
373 998 750 1068 Confortamini
782 1015 961 1052 manus
984 997 1276 1064 dissolutw,
1308 1007 1356 1052 et
1393 1015 1558 1070 genua
1591 996 1783 1051 debilia

186 1091 575 1162 confortamini.
629 1090 728 1155 Qui
771 1090 891 1144 estis
942 1089 1318 1159 pusillanimes,
1373 1089 1530 1143 nolite
1583 1089 1778 1142 timere.

187 1185 442 1240 Dominus
479 1192 646 1238 noster
665 1182 929 1256 judicium
969 1180 1230 1243 retribuet,
1267 1191 1310 1234 et
1347 1181 1457 1252 ipse
1504 1180 1688 1242 veniet,
1737 1189 1784 1234 et

188 1278 359 1332 salvos
393 1276 544 1347 faciet
576 1292 688 1328 nos.
737 1273 780 1328 T
787 1291 885 1328 unc
929 1275 1223 1342 aperientur
1253 1273 1391 1326 oculi
1429 1288 1708 1337 ccccorum,
1739 1281 1787 1324 et

189 1387 345 1426 aures
366 1370 639 1425 surdorum
669 1367 902 1427 audient.
931 1366 1087 1437 plana
1111 1368 1204 1420 erit
1237 1367 1413 1436 lingua
1437 1377 1716 1429 mutorum,
1738 1377 1786 1420 et

191 1464 412 1519 claudus
451 1464 597 1519 saliet
627 1464 758 1516 sicut
803 1477 980 1515 cervus
1007 1477 1025 1514 :
1055 1463 1295 1530 quoniam
1321 1469 1472 1527 rupta
1501 1467 1576 1512 est
1617 1459 1670 1512 in
1700 1458 1789 1511 de-

190 1567 329 1613 serto
365 1573 518 1627 aqua,
565 1567 613 1610 et
644 1558 762 1626 fons
809 1556 862 1609 in
911 1565 1046 1609 terra
1093 1555 1288 1608 sitienti
1321 1552 1456 1626 (Isa.
1505 1556 1690 1623 xxxv).
1726 1553 1791 1606 Et

190 1650 432 1720 adjecit:
465 1647 584 1702 Illic
608 1649 692 1703 via
735 1647 929 1701 ntunda
965 1658 1010 1702 et
1052 1656 1231 1701 sancta
1258 1647 1520 1700 vocabitur
1554 1662 1572 1699 :
1601 1655 1648 1699 et
1689 1661 1790 1698 non

191 1741 430 1796 transibit
458 1743 566 1796 illic
591 1740 910 1805 immundus,
941 1756 1101 1810 neque
1122 1741 1217 1793 erit
1245 1738 1354 1792 illic
1383 1740 1464 1792 via
1495 1736 1784 1791 immunda.

1885 544 2006 583 cum
2038 529 2324 584 frumentis
2351 529 2552 584 debere
2592 529 2750 584 simul
2779 529 2832 584 in
2866 528 3109 584 Ecclesia
3137 547 3478 601 permanere.

1886 622 2040 688 Quod
2074 622 2370 678 Hieremias
2411 623 2724 692 rcpchttlit,
2770 621 2958 678 dicens
2988 641 3000 676 :
3036 624 3174 689 Quid
3220 626 3385 697 paleis
3413 627 3482 680 ad

1884 713 2244 784 frumentum?
2275 714 2334 768 Et
2377 714 2572 769 Paulus
2600 714 2877 783 apostolus
2903 731 2915 768 :
2951 714 3080 783 Qua:
3104 718 3363 786 particula
3407 727 3485 774 est

1887 810 2008 880 ﬁdei
2050 827 2165 864 cum
2202 809 2422 879 infideli,
2474 819 2562 863 aut
2604 825 2720 881 qua:
2748 811 3038 864 communio
3069 810 3173 864 luci
3221 811 3291 865 ad
3342 823 3483 867 tene-

1887 903 2007 957 bras
2040 902 2083 976 (l
2108 901 2231 957 Cor.
2264 899 2386 973 Vt)?
2419 900 2485 955 Et
2535 900 2791 958 Salomon
2828 919 2841 956 :
2876 901 2938 957 Si
2981 904 3372 958 communicabit
3403 905 3487 959 lu-

1888 1014 1986 1068 pus
2025 1013 2162 1071 agno
2204 995 2506 1066 aliquando,
2554 996 2627 1049 sic
2678 1005 2912 1065 peccator
2941 997 3087 1066 justo
3119 996 3307 1068 (Ecclt.
3341 996 3481 1068 χιιι).

1890 1089 2076 1144 Pisces
2109 1089 2272 1144 etiam
2303 1089 2476 1143 bonas
2505 1097 2560 1142 et
2603 1088 2780 1144 malos
2815 1104 2922 1144 uno
2952 1090 3183 1146 reticulo
3215 1107 3384 1163 usque
3421 1091 3491 1148 ad

1891 1181 2067 1249 littus,
2094 1180 2145 1235 id
2184 1189 2291 1247 est,
2317 1178 2495 1250 justas
2535 1188 2590 1234 et
2617 1179 2849 1250 injustas
2875 1195 3046 1250 usque
3075 1182 3130 1236 in
3152 1184 3333 1251 'ﬁnem
3381 1199 3490 1239 sa:-

1891 1274 1998 1330 cnli
2031 1273 2192 1328 simul
2219 1273 2486 1328 contineri
2522 1281 2579 1328 et
2606 1272 2852 1343 protrahi
2883 1273 3228 1338 canlirtnant,
3268 1291 3371 1329 non
3409 1276 3492 1331 in-

1893 1377 2110 1425 tuentes
2142 1368 2247 1424 hac
2282 1368 2352 1424 de
2381 1369 2488 1424 rcis
2517 1369 2809 1424 latentibus
2830 1370 3056 1435 dictum,
3082 1370 3333 1441 quoniam
3363 1371 3494 1426 reti-

1893 1467 2073 1521 culum
2113 1465 2166 1520 in
2199 1463 2336 1520 mari
2365 1464 2596 1534 positum
2629 1465 2756 1534 quid
2799 1464 2997 1520 habeat
3037 1480 3065 1519 a
3109 1466 3490 1535 piscatoribus,

1896 1559 1948 1615 id
1977 1570 2080 1626 est,
2109 1574 2138 1614 a
2185 1558 2580 1624 sacerdotibus,
2616 1560 2914 1629 ignoratur,
2959 1559 3134 1614 donec
3181 1569 3490 1617 extractum

1896 1651 1962 1706 ad
1996 1652 2145 1705 littus
2182 1651 2247 1706 ad
2279 1652 2652 1723 purgationem
2699 1652 2825 1706 boni
2868 1667 2964 1708 seu
2997 1651 3125 1706 mali
3171 1654 3490 1723 prodantur.

1899 1747 1973 1801 Ita
2017 1754 2072 1800 ct
2102 1746 2328 1801 latentes
2356 1755 2411 1801 et
2441 1745 2494 1799 in
2535 1745 2770 1800 Ecclesia
2803 1743 3107 1810 constituti,
3148 1754 3204 1799 et
3238 1760 3268 1800 a
3313 1762 3499 1802 sacer-

189 1831 372 1888 Etiam
397 1833 504 1887 illic
527 1849 630 1887 non
659 1833 750 1886 erit
783 1833 880 1896 leo,
908 1848 1067 1902 neque
1092 1848 1155 1886 ex
1180 1831 1352 1885 bestiis
1374 1830 1523 1884 malis
1549 1827 1788 1883 ascendet
1818 1846 1865 1906 Β
1893 1840 2108 1897 dotibus
2138 1840 2394 1910 ignorati,
2423 1840 2476 1894 in
2519 1838 2711 1894 divino
2732 1837 2940 1910 judicio
2968 1837 3186 1907 proditi,
3219 1845 3494 1910 tamquam

189 1929 246 1982 in
277 1929 391 1990 illa,
422 1943 580 1998 neque
607 1927 928 1981 invenientur
954 1927 1005 1979 in
1030 1925 1143 1991 illa,
1184 1924 1273 1978 sed
1299 1922 1629 1977 ambulabunt
1677 1921 1789 1974 illic

191 2022 444 2093 redempti
475 2031 522 2075 et
549 2020 717 2074 electi.
752 2018 832 2073 De
859 2036 962 2090 qua
991 2019 1045 2072 in
1091 2016 1317 2072 Cauticis
1351 2015 1682 2070 Canticorum
1729 2030 1791 2068 ex

193 2133 420 2190 persona
449 2115 656 2170 Domini
693 2117 944 2186 scriptum
973 2124 1044 2168 est
1070 2129 1088 2168 :
1116 2111 1248 2167 Tota
1276 2112 1504 2186 speciosa
1543 2128 1614 2173 es,
1645 2125 1791 2164 soror

194 2228 333 2278 mea,
383 2221 432 2265 et
475 2208 806 2280 reprehensio
849 2225 947 2262 non
997 2217 1072 2262 est
1119 2213 1173 2260 in
1214 2216 1262 2260 te
1293 2204 1465 2278 (Cant.
1494 2202 1594 2274 tv).
1635 2201 1788 2270 Quod

191 2305 403 2362 Paulus
447 2303 723 2374 apostolus
758 2301 1102 2372 apertissime
1136 2297 1530 2355 demonstrat-it
1559 2296 1746 2350 dicens
1775 2309 1787 2347 :

192 2399 432 2457 Christus
477 2396 659 2452 dilexit
707 2394 1031 2458 Ecclesium,
1092 2403 1139 2447 et
1191 2392 1518 2460 semetipsum
1577 2386 1791 2442 tradidit

193 2504 408 2567 propter
434 2508 567 2553 eam,
595 2500 649 2543 ut
690 2505 801 2543 eam
841 2488 1204 2558 sancti/icaret,
1240 2501 1469 2556 purgans
1506 2499 1619 2537 eam
1645 2480 1788 2534 lava-

194 2607 284 2643 cro
314 2601 462 2659 aqua
479 2589 533 2641 in
561 2585 731 2652 verbo,
764 2595 810 2639 et
849 2585 1141 2658 adjungens
1171 2582 1268 2636 sibi
1298 2580 1578 2654 gloriosam
1612 2577 1790 2632 Eccle-

192 2686 327 2739 siam
354 2700 456 2738 non
484 2681 751 2736 habentem
774 2679 1030 2733 maculam
1062 2693 1222 2746 neque
1247 2691 1451 2746 rugam,
1481 2681 1570 2727 aut
1597 2669 1793 2741 aliquid

193 2775 474 2848 ejusmodi,
499 2775 590 2829 sed
615 2787 848 2828 sanctam
876 2781 922 2824 et
955 2769 1340 2825 immuculatam
1371 2765 1590 2839 (Ephes.
1620 2763 1694 2836 γ).
1728 2763 1794 2817 Ει

190 2870 396 2925 iterum
424 2886 437 2922 :
473 2866 793 2940 Desponsavi
819 2865 952 2920 enim
981 2881 1066 2918 vos
1099 2849 1184 2916 uni
1222 2863 1331 2916 riro
1362 2859 1494 2930 virgi
1537 2874 1616 2913 em
1643 2873 1796 2912 sanc-

191 2968 307 3014 tam
335 2960 598 3032 assignare
622 2957 826 3012 Christo
848 2955 916 3028 (ll
943 2953 1060 3010 Cor.
1087 2954 1185 3027 ιιι).
1213 2953 1306 3008 liis
1329 2969 1458 3023 ergo
1491 2961 1566 3006 tot
1593 2960 1644 3004 ct
1675 2961 1794 3004 tan-

197 3057 272 3111 tis
304 3053 646 3110 documenlis
672 3052 741 3108 de
769 3051 1026 3106 Ecclesia:
1067 3051 1320 3119 puritate,
1352 3063 1472 3118 qua:
1503 3061 1600 3116 per
1636 3043 1798 3112 Spiri-

195 3159 315 3205 tum
349 3147 786 3219 promittebatur,
817 3143 1016 3216 spretis
1041 3153 1202 3215 atque
1229 3141 1577 3211 contemptis,
1621 3140 1796 3194 malos

1894 1933 2070 2003 pisces
2101 1934 2249 1997 mali,
2275 1950 2300 1985 a
2331 1941 2638 1988 sanctorum
2671 1930 2947 1986 consortio
2977 1940 3321 2001 separantur,
3354 1931 3494 1988 sicut

1894 2027 2156 2082 Dominus
2198 2028 2251 2082 in
2278 2025 2574 2098 EVnngelio
2611 2027 2679 2083 de
2709 2027 2892 2084 latenti
2921 2041 3018 2083 reo
3048 2028 3136 2095 qui
3170 2043 3266 2098 per
3293 2028 3495 2098 obrep-

1891 2120 2096 2177 tionem
2145 2121 2460 2178 sacerdotes
2508 2121 2796 2188 fefellerat,
2830 2137 2927 2192 per
2966 2121 3192 2193 ﬁguram
3235 2123 3497 2193 lotlnitnr,‘

1893 2215 2080 2270 dicens
2113 2233 2126 2268 :
2157 2213 2393 2281 Intrans,
2425 2215 2619 2286 inquit,
2651 2233 2742 2270 rex
2769 2217 2938 2270 videre
2965 2217 3335 2278 recumbentes,
3369 2217 3498 2272 vidit

1891 2307 2002 2362 illic
2030 2308 2283 2362 hominem
2317 2325 2420 2362 non
2446 2308 2718 2363 habentem
2764 2311 3117 2365 vestimentum
3166 2312 3416 2381 nuptiale,
3448 2322 3497 2366 et

1893 2402 1965 2454 ait
1993 2402 2074 2456 illi
2102 2417 2122 2455 :
2147 2401 2343 2468 Amice,
2375 2403 2631 2472 quomodo
2679 2402 2777 2457 huc
2818 2406 3040 2460 venisti?
3066 2405 3168 2461 Ille
3195 2416 3366 2462 autem
3411 2405 3502 2461 ob-

1894 2495 2099 2562 mutuit,
2129 2503 2178 2548 et
2201 2495 2333 2550 dixit
2362 2511 2454 2550 rex
2481 2497 2733 2552 ministris
2753 2497 2861 2552 suis
2892 2514 2910 2552 :
2935 2499 3148 2570 Auferte
3175 2501 3323 2554 illum
3356 2500 3501 2568 pedi-

1895 2587 1986 2642 bus
2008 2599 2058 2643 et
2090 2587 2343 2653 manibus,
2376 2598 2424 2642 et
2445 2589 2626 2644 mittite
2654 2589 2806 2644 illum
2835 2591 2889 2644 in
2925 2590 3157 2646 tenebras
3179 2592 3458 2647 exteriores
3477 2608 3497 2646 :

1894 2681 2005 2735 illic
2041 2681 2134 2736 erit
2161 2681 2384 2753 ploratio
2429 2692 2476 2736 et
2510 2682 2702 2736 stridor
2731 2683 2963 2738 dentium
2994 2683 3216 2753 (Matth.
3246 2683 3366 2756 xu).
3395 2685 3497 2740 Se-

1896 2774 2127 2830 cundum
2169 2775 2310 2831 banc
2354 2776 2518 2847 igitur
2560 2777 2852 2845 rationem,
2883 2777 3080 2833 frustra
3121 2777 3378 2834 dixerunt
3403 2779 3500 2836 bo-

1897 2882 1996 2923 nos
2024 2877 2247 2939 propter
2271 2869 2445 2924 malos
2490 2869 2755 2940 sacrilega
2785 2871 3130 2941 separatione
3157 2886 3263 2926 non
3291 2871 3496 2939 deseri,

1896 2958 1992 3014 sed
2041 2959 2215 3016 malas
2247 2968 2466 3030 propter
2507 2961 2678 3016 bonos
2720 2962 2803 3032 pia
2852 2964 3058 3018 unitate
3090 2963 3332 3030 tolerari,
3374 2981 3496 3020 cunt

1899 3062 2118 3122 prapter
2147 3053 2284 3108 banc
2314 3053 2593 3122 profanam
2625 3057 3040 3126 permixtionem
3072 3059 3405 3114 commoveri
3438 3068 3492 3115 et

1896 3143 2288 3214 stejunctioncm
2319 3148 2606 3201 maximam
2639 3163 2933 3218 provocare
2962 3151 3069 3205 alio
3092 3151 3215 3207 loco
3239 3151 3500 3208 Dominus

193 3245 252 3298 in
306 3242 395 3296 illa
438 3242 580 3296 inter
607 3241 778 3294 bonas
825 3253 945 3294 eSse
984 3251 1292 3302 mansuros,
1326 3251 1423 3306 per
1464 3234 1793 3288 zizaniorum
1825 3251 1871 3314 ρ
1902 3237 2213 3309 indignatus
2253 3241 2524 3296 nucum...
2566 3241 2673 3296 ρνο
2706 3260 2782 3310 ρο,
2830 3243 3026 3315 inquii,
3069 3247 3207 3316 quod
3233 3251 3374 3319 [αεια
3424 3257 3499 3302 εει

192 3335 608 3394 similitudinem
653 3335 1082 3403 incompetenter
1135 3331 1408 3393 alirmnnt,
1451 3345 1572 3384 cum
1624 3329 1792 3395 ipsam

194 3428 612 3485 similitudinem
670 3427 926 3481 Dominus
970 3427 1355 3495 interpretatus
1404 3423 1471 3475 sit
1521 3419 1796 3490 Apostolis

195 3523 318 3578 suis
342 3521 567 3578 dicens:
601 3519 704 3586 Qui
734 3519 948 3573 seminat
977 3519 1163 3572 bonum
1203 3533 1395 3578 semen,
1426 3515 1567 3584 ﬁlius
1595 3522 1667 3566 est
1705 3512 1798 3566 ho-

197 3615 378 3670 minis.
408 3616 540 3688 Ager
561 3625 732 3669 autem
771 3625 842 3667 est
879 3613 964 3667 hic
990 3613 1232 3678 mundus,
1288 3612 1472 3665 bonum
1504 3617 1672 3660 autem
1717 3623 1796 3660 se-

199 3725 322 3763 men
361 3709 399 3761 ii
441 3718 561 3762 sunt
589 3707 688 3777 filii
717 3706 882 3778 regni,
926 3705 1129 3759 zizania
1156 3713 1324 3757 autent
1355 3702 1453 3770 ﬁlii
1483 3711 1600 3754 sunt
1647 3699 1796 3752 mali-

199 3804 314 3874 gni,
344 3803 583 3856 inimicus
612 3811 783 3856 autem
804 3800 890 3870 qui
917 3801 1134 3855 seminat
1160 3815 1218 3853 ea
1241 3795 1406 3868 314.
1425 3795 1660 3850 diabolus
1681 3805 1755 3850 est
1778 3809 1798 3858 ;

196 3898 382 3952 messis
410 3908 581 3951 autem
607 3898 986 3952 consummatio
1013 3895 1210 3958 steculi,
1242 3909 1492 3949 messores
1514 3902 1685 3947 autent
1705 3909 1800 3946 an-

198 3996 309 4067 geli
347 4003 462 4050 sunt
489 3995 704 4064 (Matth.
754 3995 894 4065 ιιιιι).
930 3993 998 4049 Et
1043 4002 1258 4048 cattera.
1295 3993 1451 4065 Ager,
1499 3991 1690 4061 inquit,
1725 4000 1799 4045 est

201 4087 448 4142 mundus.
478 4087 594 4142 Non
617 4102 747 4159 ergo
773 4087 1040 4149 Ecclesia.
1073 4087 1166 4142 sed
1193 4085 1446 4150 mundus,
1473 4086 1524 4140 in
1547 4100 1654 4157 quo
1673 4084 1797 4140 boni

199 4183 367 4238 simul
399 4193 452 4238 et
484 4181 607 4236 mali
653 4197 822 4252 usque
849 4179 964 4252 [ad]
995 4195 1252 4245 messem,
1298 4180 1349 4233 id
1395 4189 1498 4244 est,
1535 4193 1704 4248 usque
1734 4177 1798 4232 ad

200 4275 448 4331 divinum
486 4275 746 4343 judicium
796 4282 1164 4329 reservantur.
1214 4273 1347 4341 Quia
1392 4286 1492 4326 nec
1542 4278 1721 4342 potest
1773 4286 1802 4324 a

205 4372 443 4427 Domino
496 4371 846 4440 interpretata
887 4367 995 4424 imo
1054 4381 1425 4436 corrumpere.
1452 4364 1717 4433 Quoniam
1756 4364 1801 4418 si

202 4463 466 4535 apostoli,
499 4463 664 4532 ipsius
695 4462 903 4518 Domini
934 4461 1181 4527 comites,
1214 4459 1266 4514 in
1295 4457 1536 4513 Ecclesia
1575 4455 1799 4520 zizania,

203 4559 264 4616 id
295 4569 379 4614 est
409 4559 546 4614 tilias
575 4555 777 4612 diaboli
801 4554 1150 4626 pullulantes,
1197 4552 1249 4606 in
1287 4561 1596 4607 sanctorum
1647 4563 1799 4604 com-

206 4655 470 4710 munione
497 4651 849 4707 dimittendos
879 4664 1002 4706 esse
1030 4648 1368 4714 didicissent,
1400 4660 1690 4712 numquam
1718 4642 1805 4699 Si-

205 4766 454 4815 monem,
499 4748 775 4811 Erastum,
826 4745 1084 4812 Filetum,
1126 4740 1516 4805 Alexandrum,
1574 4739 1800 4802 Deman,

208 4842 632 4912 Hermogenem,
667 4848 1007 4909 exterasque
1052 4834 1389 4898 consimiles,
1435 4830 1693 4887 Ecclesiae
1741 4828 1806 4883 li-

210 4938 452 4995 minibus
479 4929 784 5006 eiecissent.
824 4931 958 4998 lmo,
989 4931 1036 4987 si
1077 4931 1149 4987 ita
1181 4937 1348 4996 esset,
1377 4932 1597 4982 vacaret
1634 4933 1804 4978 totum

208 5031 547 5103 prmconium
597 5027 982 5096 scripturarum
1025 5022 1354 5086 divinarum,
1402 5034 1510 5091 quo
1545 5017 1808 5089 iubentur

209 5125 403 5199 polluti
436 5140 466 5178 e
493 5120 672 5176 medio
703 5128 1016 5174 sanctorum
1045 5115 1390 5172 sacerdotum
1419 5110 1694 5183 diligentia
1718 5126 1807 5166 se-

211 5221 436 5293 parari,
487 5217 700 5272 dicente
754 5214 984 5268 Domino
1023 5227 1121 5283 per
1168 5211 1402 5281 Moysem
1431 5226 1444 5263 :
1477 5206 1808 5278 Legitimnnt,

210 5311 410 5382 inquit,
450 5320 695 5365 tetcrnun:
741 5306 794 5360 in
837 5306 1102 5379 pragenies
1145 5312 1361 5366 vestras,
1413 5300 1638 5355 dividere
1679 5301 1811 5354 inter

209 5418 421 5466 sanctos
459 5414 506 5460 et
536 5406 782 5474 profanos
807 5443 820 5466 ,
850 5402 985 5455 inter
1021 5399 1243 5453 mundos
1293 5407 1340 5451 et
1379 5395 1669 5450 immundos
1696 5394 1810 5463 (Le-

205 5502 308 5557 vit.
336 5497 414 5565 x).
447 5495 601 5565 Quod
632 5495 760 5550 alibi
794 5493 1097 5564 neglectum
1127 5491 1180 5546 in
1209 5503 1439 5560 persona
1467 5487 1808 5543 sacerdotum

207 5591 458 5664 Spiritus
503 5593 767 5658 increpat,
815 5586 1050 5642 dicens:
1087 5583 1391 5640 Sacerdotes
1444 5585 1559 5656 ejus
1609 5579 1813 5654 repule-

208 5696 340 5746 runt
368 5686 526 5757 legent
557 5699 743 5747 meam,
776 5679 1119 5750 profanabant
1142 5687 1320 5733 sancta
1348 5693 1480 5742 mea,
1511 5676 1644 5730 inter
1665 5693 1814 5730 mun-

213 5782 345 5837 dum
373 5789 419 5834 et
451 5777 772 5831 immundum
801 5791 903 5829 non
943 5770 1254 5838 dividebant,
1283 5781 1328 5826 et
1350 5771 1483 5825 inter
1506 5779 1740 5824 sanctum
1765 5781 1813 5825 et

218 5875 480 5951 pollutum
493 5891 592 5928 nou
611 5870 919 5946 separabant
950 5866 1164 5941 (Ezech.
1193 5862 1348 5936 χχιι).
1378 5863 1460 5924 Ad
1490 5864 1628 5920 hanc
1652 5879 1810 5936 para-

1898 3332 2025 3384 mihi
2071 3334 2238 3386 omnis
2269 3335 2452 3390 domus
2483 3333 2652 3390 Israel
2693 3338 2988 3406 permixtio,
3038 3354 3214 3393 omnes
3250 3356 3500 3394 (eromen-

1901 3433 2028 3493 tum,
2057 3436 2346 3498 argentum,
2374 3433 2588 3499 ferrum,
2621 3441 2862 3486 stannum
2906 3443 2953 3486 et
2987 3433 3276 3504 plumbum,
3307 3436 3360 3489 in
3392 3451 3500 3490 me-

1899 3517 1986 3571 dio
2014 3521 2204 3574 camini
2229 3521 2458 3575 ardentis
2491 3523 2824 3592 permixtum,
2863 3537 3135 3596 propterea
3177 3527 3324 3581 dicit.
3369 3526 3501 3584 ch

1901 3616 2025 3669 dicit
2055 3614 2328 3672 Dominus.
2374 3616 2594 3688 Drapter
2619 3619 2758 3689 quod
2783 3620 2911 3690 facti
2935 3621 3056 3675 estis
3087 3638 3262 3676 omnes
3292 3624 3345 3677 in
3383 3641 3499 3694 per-

1902 3708 2150 3764 mixtione
2179 3726 2305 3777 una,
2339 3711 2454 3764 ideo
2499 3713 2691 3784 recipio
2720 3727 2808 3766 vos
2845 3714 2899 3767 in
2929 3713 3098 3769 medio
3151 3713 3528 3774 Hierusalem.‘

1904 3802 2052 3858 Sicut
2091 3804 2337 3874 recipitur
2383 3815 2742 3872 (crumentum,
2790 3818 3064 3878 argentum
3105 3817 3151 3862 et
3195 3812 3414 3880 ferrum,
3453 3820 3502 3864 et

1901 3906 2143 3950 stantium
2169 3906 2214 3952 et
2251 3897 2518 3968 plumbum
2557 3899 2608 3952 in
2655 3899 2826 3954 medio
2872 3901 3085 3965 camini,
3115 3901 3185 3954 ad
3215 3902 3498 3971 insufflau-

1902 3992 2024 4045 dum
2050 3993 2102 4047 in
2143 3993 2273 4064 igni,
2292 4003 2345 4048 ut
2365 3995 2640 4066 conﬂetur,
2673 3996 2746 4049 ita
2786 3995 3030 4067 recipiam
3058 4011 3145 4050 vos
3173 3997 3226 4050 in
3259 3999 3338 4050 ira
3363 4014 3498 4059 mea,

1903 4094 1950 4138 et
1973 4085 2326 4154 concremabo,
2359 4096 2406 4140 et
2436 4087 2718 4159 insufflabo
2744 4088 2799 4142 in
2822 4104 2908 4144 vos
2934 4089 3343 4160 insufﬂationem
3368 4090 3502 4162 ignis

1904 4177 1997 4232 irai
2028 4195 2173 4244 meat,
2208 4190 2255 4235 et
2286 4181 2725 4252 con/labimini‘in
2752 4183 2922 4236 medio
2948 4185 3081 4255 ejus,
3111 4195 3159 4238 et
3184 4185 3356 4240 scietis
3381 4188 3504 4256 quia

1905 4288 1997 4344 ego
2037 4289 2151 4326 sum
2184 4270 2463 4339 Dominus,
2497 4274 2583 4343 qui
2629 4273 2790 4342 e/fudi
2834 4275 2964 4329 iram
3017 4292 3182 4331 meum
3219 4293 3374 4350 super
3417 4295 3506 4332 vos

1907 4364 2126 4434 (Ezech.
2159 4367 2315 4436 χχιι).
2352 4365 2558 4422 Contra
2588 4366 2704 4422 haec
2750 4375 2806 4424 et
2848 4369 2974 4423 talia
3018 4371 3214 4440 quibus
3262 4371 3505 4428 Ecclesia

1907 4455 2003 4512 Dei
2031 4473 2057 4510 a
2085 4457 2544 4514 contaminatione
2566 4460 2958 4528 pertnixtorum
2983 4461 3385 4518 immundorum
3409 4463 3504 4520 de-

1908 4549 2164 4617 fenditur,
2185 4551 2392 4606 clarum
2421 4560 2505 4607 est
2554 4550 2851 4608 adversarii
2905 4570 3008 4624 qua
3041 4557 3372 4613 conscientia
3405 4574 3506 4630 pa-

1830 4647 1883 4710 D
1909 4644 2243 4700 trocinantes
2268 4644 2544 4700 erroribus
2571 4645 2741 4701 malos
2765 4645 2942 4701 nolint
2985 4663 3014 4701 a
3046 4647 3316 4706 bonorum
3355 4666 3508 4708 com-

1910 4737 2167 4793 munione
2188 4736 2444 4793 discerni.
2475 4736 2789 4808 Sequuntur
2819 4737 2962 4794 enim
2993 4742 3336 4814 apertissime
3365 4743 3512 4800 blas-

1911 4830 2252 4902 phemautes,
2299 4840 2359 4886 ut
2401 4831 2585 4886 dicant
2611 4830 2914 4888 Ecclesiam
2971 4835 3236 4891 malorum
3269 4835 3510 4905 delictis,

1909 4925 2070 4980 etiam
2101 4924 2508 4980 manifestorum
2540 4938 2644 4979 non
2680 4939 2840 4995 posse
2869 4927 3150 4995 maculari,
3181 4928 3508 4988 adhibentes

1913 5019 2160 5090 exempla
2192 5020 2602 5092 prophetarum,
2629 5020 2720 5091 qui
2758 5019 2881 5076 licet
2906 5021 3258 5094 increparent
3286 5041 3380 5081 eos
3411 5043 3508 5098 pro

1912 5112 2150 5178 delictis,
2185 5122 2365 5167 tamen
2412 5125 2473 5167 se
2521 5111 2591 5167 ab
2616 5112 2698 5167 eis
2741 5113 3105 5184 corporaliter
3135 5131 3242 5172 non
3289 5134 3510 5188 separa-

1913 5212 2063 5272 runt,
2095 5220 2218 5260 cum
2263 5202 2613 5259 ostendamus
2645 5203 2804 5276 longe
2831 5205 2978 5261 aliud
3011 5207 3178 5264 fuisse
3205 5209 3337 5263 illud
3371 5218 3512 5265 tem-

1914 5313 2012 5367 pus
2061 5297 2115 5351 in
2169 5310 2276 5366 quo
2311 5295 2659 5366 frequentare
2709 5295 3035 5366 baptismum
3091 5300 3252 5352 toties
3297 5299 3514 5370 quoties

1911 5390 2230 5463 peccabant,
2265 5389 2732 5461 permittebantur.
2763 5389 2969 5445 Tamen
3017 5389 3183 5445 etiam
3232 5392 3312 5448 sic
3353 5392 3511 5450 inve-

1915 5486 2139 5542 nittntur
2188 5484 2362 5541 eidem
2419 5487 2698 5556 prophetae
2738 5500 2768 5538 a
2817 5484 3081 5540 malorum
3127 5489 3514 5546 communione

1915 5595 1974 5635 se
2003 5579 2355 5644 abstinuisse,
2385 5579 2603 5650 quando
2647 5576 2962 5650 Sophonias
3004 5582 3296 5651 praplteta,
3325 5583 3416 5654 qui
3449 5584 3515 5640 ad

1915 5673 2242 5731 Hieroboam
2274 5675 2326 5730 in
2357 5673 2650 5729 schismate
2673 5671 2908 5742 positum
2932 5675 3154 5744 missus,
3191 5679 3288 5732 nec
3314 5693 3512 5751 panem

1918 5786 2017 5826 nec
2045 5785 2240 5838 aquam
2267 5769 2488 5840 jubctnr
2517 5767 2786 5836 accipere,
2817 5767 2906 5838 qui
2939 5768 3366 5837 circumventus,
3399 5767 3542 5828 κιο-³

1919 5862 2030 5920 lato
2059 5873 2353 5935 praecepto,
2385 5879 2414 5917 ιι
2462 5861 2635 5919 leone.
2668 5861 2950 5919 conlectus
2992 5872 3096 5920 est.
3131 5861 3315 5922 Helias
3355 5864 3520 5933 etiam
