3996 6332
565 265 698 323 ΗΜ

1518 269 1746 328 GESTA
1784 267 2240 328 GOLLATIONIS
2277 269 2901 332 CAliTllAGlt‘lENSlS.

3630 290 3726 350 lii!

555 401 609 445 et
641 387 900 444 llelisatus
926 385 1185 442 altaribus
1213 383 1524 443 schismatis
1557 387 1816 445 Samariie
1856 401 2147 460 numquam
2177 394 2228 454 Α
2260 387 2406 444 Unus
2428 405 2492 444 ea:
2526 391 2664 446 vobis
2685 408 2763 445 me
2786 392 2954 448 tradet
2987 389 3200 467 (Matth.
3227 398 3381 472 xm),
3407 409 3539 474 atque
3563 422 3728 477 respon.

553 482 1094 551 communicaveriut,
1125 498 1300 554 neque
1335 482 1738 549 consenserint,
1771 486 1861 553 qui
1896 483 2067 554 magis
2095 483 2148 537 in

548 576 844 633 solitudine
893 574 1267 631 morabantur.
1319 576 1462 631 Osee
1491 589 1710 646 quoque
1753 575 2017 646 propheta
2061 589 2154 629 os-

548 671 786 726 tenditur
813 685 917 726 non
949 669 1261 727 interluisse
1285 671 1557 743 mysteriis
1588 683 1778 726 eorum
1803 686 2032 742 quorum
2066 685 2188 725 sa--

546 765 750 820 criticia
777 763 1078 820 detestatur
1127 774 1181 820 et
1211 763 1453 830 damnat,
1483 763 1672 819 dicens
1706 782 1718 817 :
1752 763 2028 834 Sacriﬁcia
2059 779 2149 818 eo-

547 877 664 913 rum
695 867 954 927 tamquam
984 861 1135 929 panis
1174 858 1365 914 luctus.
1394 857 1576 912 Omnis
1603 857 1690 928 qui
1718 857 1938 928 tetigerit
1966 872 2028 911 ea:
2051 857 2146 923 eis,

546 951 900 1022 inquinabitur
928 951 1087 1025 (Osee
1114 952 1215 1023 ιι).
1246 950 1414 1006 Amos
1459 949 1695 1022 denique
1724 949 1943 1022 quando
1975 949 2153 1020 pomit

549 1045 808 1104 Samarire
838 1046 1111 1120 mySteriEs
1156 1043 1398 1108 misceri,
1423 1043 1490 1100 de
1531 1060 1639 1114 quo
1672 1042 2148 1116 pseudopropheta

548 1140 623 1194 ita
663 1142 774 1211 regi
808 1139 1064 1195 invidiam
1089 1138 1248 1206 facit;
1292 1139 1480 1194 dicens
1521 1155 1533 1190 :
1565 1134 1996 1210 Conglobationes
2023 1135 2151 1206 {acit

546 1231 814 1287 adversum
842 1242 888 1286 te
916 1233 1073 1286 Amos
1102 1231 1156 1285 in
1192 1232 1357 1285 medio
1387 1230 1570 1284 domus
1600 1226 1786 1284 Israel.
1835 1226 1959 1283 Non
1985 1238 2151 1295 potest

549 1331 686 1381 terra
713 1335 1024 1398 supportare
1063 1339 1323 1380 sermones
1362 1325 1497 1396 ejus,
1531 1331 1576 1377 et
1609 1320 1670 1376 ob
1699 1324 1795 1376 hoc
1817 1323 2033 1394 insuper
2059 1338 2148 1376 ea:-

548 1419 762 1488 pellitur
797 1419 998 1492 (Amos,
1045 1418 1164 1490 vlt).
1199 1416 1318 1473 Jam
1363 1431 1495 1473 vero
1541 1417 1594 1472 in
1646 1417 1760 1487 ipsa
1807 1415 2146 1472 Hierusalem

545 1514 816 1586 quomodo
860 1523 1112 1586 poterant
1150 1513 1431 1584 prepheta:
1473 1511 1755 1567 sacriﬁciis
1804 1511 2146 1581 peccantium

547 1609 826 1665 hominum
846 1608 1272 1672 communicare,
1299 1623 1417 1679 qua:
1435 1607 1539 1677 ipsi
1569 1604 1756 1661 divino
1782 1605 1972 1677 spiritu
2001 1605 2145 1675 pleni

543 1701 874 1757 damnabunt
913 1701 1074 1756 Esaia
1121 1701 1382 1758 dicente:
1419 1700 1533 1768 Quo
1581 1699 1708 1753 mihi
1756 1699 2145 1754 multitudinem

2255 481 2416 538 dente
2434 482 2624 538 eodem
2645 483 2782 540 Juda
2809 503 2824 541 :
2846 486 3117 558 Numquid
3126 507 3218 560 ego
3235 507 3355 557 sum,
3387 492 3597 551 Domine?
3615 511 3656 555 et
3681 503 3728 558 ab

2255 575 2444 630 eodem
2476 576 2703 632 Domino
2717 578 2953 648 audiret,
2982 580 3063 635 Tu
3083 581 3259 636 dixisti
3283 583 3577 659 (Marem),
3595 591 3729 648 detec-

2255 675 2367 722 tum
2395 682 2453 725 se
2477 670 2721 740 protinus
2751 671 2963 737 videns,
2991 673 3247 730 contusus
3275 675 3522 745 abscessit,
3548 681 3621 736 sed
3643 699 3728 740 cum

2255 761 2369 832 ipsa
2387 767 2732 832 postmodum
2755 767 2908 824 turba
2934 768 2999 824 ad
3027 769 3334 825 tradendum
3358 771 3596 829 Dominum
3613 780 3730 833 venit.

2253 857 2415 930 315
2446 855 2650 916 V’atiaut
2677 875 2804 932 ergo
2825 877 2946 918 cum
2976 877 3074 916 suo
3098 862 3229 917 .lttda
3262 874 3464 934 patrono
3483 866 3644 924 inimici
3663 869 3732 925 do-

2255 954 2466 1009 minica:
2496 957 2760 1025 veritatis,
2790 959 2880 1028 qui
2911 971 3009 1013 suo
3038 974 3188 1014 more
3210 958 3476 1016 defendere
3499 976 3598 1018 reos
3618 965 3737 1018 mani-

2253 1045 2572 1104 festissitnos
2615 1050 2913 1106 elaborant.
2949 1047 3080 1107 Item
3123 1050 3191 1106 ad
3248 1051 3575 1109 defensionem
3614 1057 3736 1124 pollu-

2256 1147 2320 1192 tae
2349 1141 2726 1210 permixtionis
2755 1159 2868 1199 sum
2891 1144 3057 1200 verba
3089 1145 3738 1218 Apostoliobjiciunt,quibus

2251 1232 2328 1288 ait
2356 1248 2369 1287 :
2403 1231 2525 1290 Sive
2551 1252 2644 1302 per
2672 1238 2989 1292 occasionem
3010 1280 3025 1304 ,
3053 1237 3156 1293 sive
3188 1255 3277 1310 per
3317 1240 3548 1294 veritatem
3592 1243 3739 1296 misere-

2253 1327 2365 1396 bor,
2395 1330 2640 1399 quoniam
2664 1331 2764 1401 ﬁlii
2789 1333 3151 1402 fornicationis
3172 1340 3310 1401 sunt,
3336 1335 3445 1404 quia
3465 1333 3670 1402 [omit-ala
3692 1347 3742 1389 est

2251 1431 2415 1476 mater
2445 1423 2705 1494 ipsorum,
2741 1423 3065 1479 dedecoravit
3093 1441 3180 1480 eos
3209 1439 3321 1496 qua:
3348 1427 3522 1496 peperit
3539 1441 3606 1480 eos
3635 1426 3742 1496 (Plii-

2252 1517 2344 1587 lip.
2374 1514 2434 1586 ι).
2464 1517 2526 1571 Et
2553 1518 2604 1571 in
2637 1518 2772 1572 isaia
2809 1535 2820 1571 :
2851 1517 3119 1585 Quomodo
3142 1519 3473 1574 vestimentum
3498 1533 3745 1590 conspersum

2253 1611 2306 1663 in
2339 1611 2590 1682 sanguine
2612 1627 2713 1665 nou
2741 1613 2835 1666 erit
2865 1613 3133 1678 mundum,
3166 1612 3238 1666 ita
3266 1629 3352 1666 nec
3378 1621 3426 1666 tu
3448 1611 3536 1666 eris
3559 1611 3742 1673 mundus,

2250 1704 2374 1774 quia
2397 1715 2586 1758 terram
2607 1721 2770 1760 meam
2793 1705 3088 1778 perdidisti,
3113 1715 3161 1760 et
3177 1704 3366 1775 plebem
3386 1720 3531 1758 meam
3547 1703 3747 1756 occidisti:

542 1796 915 1867 sacriﬁciorum
943 1807 1230 1851 vestrorum
1255 1795 1280 1848 ?
1308 1795 1435 1848 dicit
1469 1791 1744 1848 Dominus.
1777 1791 1976 1847 Plenus
2003 1807 2138 1846 sum.
2175 1801 2223 1864 Β
2252 1816 2353 1852 non
2385 1800 2612 1854 manebis
2644 1801 2694 1854 in
2725 1809 2970 1855 wternum
3004 1809 3233 1870 tempus,
3274 1815 3433 1854 semen
3459 1813 3650 1868 nequam.
3676 1793 3746 1848 Pa~

543 1887 1007 1945 llolocaustomata
1049 1890 1288 1954 arietum,
1328 1897 1373 1942 et
1400 1885 1608 1956 adipem
1640 1902 1916 1959 agnorum,
1951 1894 1996 1940 et
2023 1902 2144 1939 sun-

541 1987 748 2059 guinem
771 1998 1042 2041 taurorum
1083 1996 1127 2040 et
1154 1984 1417 2038 hircorum
1447 1983 1590 2049 nolo,
1618 1997 1709 2036 nec
1742 1982 1816 2034 sic
1837 1981 2051 2035 veniatis
2089 1980 2143 2034 in

540 2091 814 2151 conspectu
849 2095 979 2134 meo.
1033 2077 1163 2145 Quis
1190 2078 1324 2130 enim
1359 2076 1627 2147 exquisivit
1671 2075 1770 2129 ista
1809 2074 1873 2128 de
1904 2073 2144 2128 manibus

541 2177 758 2230 vestris?
781 2173 995 2230 Calcare
1023 2173 1200 2228 aulam
1230 2187 1393 2226 meam
1417 2187 1520 2224 non
1545 2170 1802 2242 adjicietis
1835 2186 1853 2222 :
1882 2168 1928 2222 si
1954 2168 2143 2222 attule-

541 2270 653 2323 ritis
696 2269 1070 2340 similaginem,
1115 2281 1323 2320 vanum.
1384 2261 1664 2318 Incensum
1705 2261 2018 2316 abominatio
2067 2267 2150 2314 est

541 2364 692 2419 mihi.
727 2361 1048 2418 Neomenias
1075 2369 1292 2428 vestras,
1338 2369 1386 2414 et
1415 2356 1628 2414 sabbata
1654 2367 1701 2412 et
1732 2356 1867 2411 diem
1896 2369 2143 2427 magnum

539 2475 641 2514 non
663 2459 912 2514 sustineo.
935 2452 1206 2532 Jejunium
1235 2465 1282 2510 et
1316 2455 1495 2526 ferias,
1543 2464 1590 2509 et
1615 2452 1727 2508 dies
1763 2455 1923 2525 festos
1947 2461 2143 2506 vestros

539 2551 645 2605 odit
679 2552 853 2605 aninta
875 2565 1010 2605 mea.
1040 2547 1192 2604 Facti
1240 2549 1377 2603 enim
1415 2548 1534 2604 estis
1566 2547 1693 2601 mihi
1739 2547 1792 2600 in
1823 2545 2143 2600 abundantia

537 2641 851 2700 multaJam
880 2658 983 2699 non
1011 2657 1221 2714 parcam
1250 2643 1473 2713 peccatis
1500 2641 1699 2695 vestris.
1735 2638 1862 2694 Cum
1893 2638 2141 2693 extende-

535 2738 648 2792 ritis
679 2753 881 2805 manus,
927 2746 1152 2791 avertam
1181 2735 1359 2790 oculos
1384 2751 1522 2789 meos
1551 2750 1582 2788 a
1611 2733 1750 2788 vobis
1782 2748 1800 2786 :
1826 2741 1872 2787 et
1893 2731 1939 2788 si
1960 2731 2138 2785 multi-

537 2831 850 2902 plicaveritis
893 2844 1090 2900 preces,
1132 2843 1235 2883 non
1280 2827 1556 2882 exaudiam
1602 2843 1709 2881 vos.
1774 2823 1966 2880 Manus
2000 2826 2139 2880 enim

534 2934 714 2980 vestra:
742 2924 992 2996 sanguine
1021 2923 1191 2995 plena:
1220 2931 1335 2975 sunt
1361 2918 1494 2994 (Isa.
1526 2920 1587 2992 ι).
1624 2919 1692 2974 Ει
1713 2921 1907 2974 iterum
1935 2936 1947 2971 :
1980 2916 2139 2972 Faci-

533 3033 750 3072 norosus
794 3026 963 3072 autem
994 3017 1082 3088 qui
1128 3016 1386 3086 sacrificat
1430 3013 1557 3068 mihi
1587 3014 1822 3080 vitulunt,
1872 3013 2017 3082 quasi
2047 3011 2138 3084 qui

532 3127 710 3167 canem
738 3111 975 3180 occidat;
1007 3121 1056 3167 et
1081 3111 1165 3183 qui
1190 3112 1414 3166 similam
1441 3109 1611 3178 olfert,
1648 3110 1794 3181 quasi
1830 3109 2136 3180 sanguinem

2248 1908 2307 1945 ra
2337 1892 2472 1962 ﬁlios
2501 1902 2616 1947 tuos
2647 1894 2868 1962 interﬁci
2905 1895 3126 1966 peccatis
3168 1892 3333 1964 patris
3357 1893 3432 1946 sui
3451 1933 3465 1959 ,
3514 1901 3560 1944 ut
3593 1905 3670 1944 non
3696 1903 3751 1942 es-

2247 1998 2461 2059 surgant
2530 1985 2676 2059 (Isa.
2716 1986 2846 2058 14).
2889 1987 2953 2042 Et
2999 1987 3049 2042 in
3103 1985 3410 2056 Regnorum
3451 1983 3571 2040 libro
3604 1983 3750 2038 tertio:

2249 2080 2319 2134 Et
2349 2081 2586 2151 deposuit
2619 2080 2869 2138 Salomon
2899 2081 3149 2136 Abiathar
3177 2081 3242 2134 de
3285 2079 3550 2136 sacerdotio
3576 2076 3752 2142 Domini,

2249 2182 2304 2227 ut
2336 2173 2613 2244 impleatur
2637 2176 2844 2228 verbum
2874 2171 3111 2240 Domini,
3141 2171 3284 2243 quod
3323 2173 3508 2227 locutus
3531 2179 3593 2224 est
3624 2170 3672 2222 de
3691 2168 3754 2221 dco

2249 2274 2331 2321 mo
2358 2265 2478 2321 Heli
2505 2268 2557 2321 in
2585 2266 2759 2322 Selom
2807 2264 2899 2339 (lli
2927 2264 3054 2339 Reg.
3083 2265 3298 2338 tt)..lam
3323 2277 3450 2321 vero
3477 2263 3596 2335 quod
3621 2260 3753 2316 dicunt

2249 2359 2577 2432 baptismum
2611 2360 2811 2417 Christi
2865 2361 2938 2416 ita
2985 2359 3204 2418 defendi
3232 2361 3379 2418 sicut
3407 2361 3516 2436 ipsa
3545 2355 3752 2414 Catholica

2249 2455 2561 2512 defenditur
2596 2457 2817 2528 ubique,
2850 2466 2904 2512 et
2931 2456 3069 2527 apud
3089 2471 3285 2512 omnes
3314 2470 3454 2522 esse,
3479 2451 3672 2509 decretis
3692 2450 3759 2504 Pa.

2251 2559 2392 2604 trum
2419 2559 2731 2606 nostrorum
2756 2561 3053 2623 martyrum
3103 2550 3531 2606 beatissimorum
3573 2559 3760 2616 compca.

2248 2641 2339 2696 diu
2366 2640 2650 2699 brevitatis
2682 2641 3011 2698 excluditur.
3039 2642 3175 2698 lliud
3202 2653 3389 2699 autem
3414 2656 3558 2713 quam
3584 2640 3758 2699 incaute,

2249 2732 2600 2790 immemores
2633 2734 2717 2790 sui
2745 2777 2759 2800 ,
2798 2733 3006 2790 inimici
3053 2736 3305 2791 veritatis
3333 2741 3641 2806 oppugnant,
3663 2726 3759 2797 alii"1

2247 2824 2393 2882 fures
2417 2836 2472 2882 et
2510 2839 2759 2898 raptores
2788 2828 3058 2899 quoslibet
3105 2838 3404 2885 extraneos
3431 2826 3596 2882 datum
3619 2822 3764 2892 baptis-

2251 2936 2338 2976 ma
2386 2923 2586 2993 suscipi
2640 2923 2878 2991 debere,
2909 2922 3153 2978 adhibito
3181 2919 3562 2994 incompetenti
3587 2917 3640 2971 ad
3669 2915 3763 2968 hunc

2249 3030 2362 3068 rem
2399 3013 2715 3069 testimonio
2761 3015 2909 3070 Pauli
2947 3013 3181 3086 apostoli
3228 3016 3374 3087 quod
3427 3013 3652 3084 scriptum
3674 3014 3763 3061 est:

2250 3106 2353 3174 Qui
2377 3108 2642 3164 veritatem
2675 3107 2769 3164 Dei
2806 3109 2860 3163 in
2891 3110 3152 3181 injustitia
3191 3110 3423 3165 detinent
3441 3106 3599 3180 (Rom.
3622 3107 3672 3171 ι),
3696 3099 3763 3152 hoc

443 3236 462 3250 ε
531 3205 840 3277 porcinum;
875 3216 922 3260 et
967 3207 1056 3277 qui
1101 3206 1218 3259 thus
1260 3207 1313 3258 in
1364 3202 1682 3271 memoriam,
1715 3203 1863 3273 quasi
1895 3201 2131 3272 blasphe-
2158 3201 2204 3267 (ζ
2242 3200 2296 3254 in
2332 3200 2452 3254 loco
2480 3199 2684 3256 furtum
2713 3200 2914 3256 furtivo
2941 3200 3236 3257 voluerunt
3274 3200 3560 3258 defendere
3583 3195 3766 3253 testimo-

530 3316 644 3355 mus
674 3298 810 3373 (Isa.
843 3305 1009 3372 LXVI).
1036 3298 1268 3370 Aggaaus
1297 3297 1460 3352 etiam
1500 3312 1607 3352 non
1639 3297 1802 3351 modo
1843 3294 2130 3362 sacriﬁcia,

527 3392 624 3449 scd
652 3393 822 3463 ipsam
856 3401 1071 3464 gentem
1120 3390 1479 3461 peccatricem
1525 3389 1742 3460 penitus
1789 3394 2130 3452 exsecratur,

529 3485 718 3540 dicens
743 3502 756 3538 :
794 3485 887 3541 Sic
921 3495 967 3539 et
999 3484 1221 3554 pOpulus
1251 3484 1369 3548 iste,
1401 3491 1447 3537 et
1469 3482 1543 3536 sic
1569 3498 1691 3554 gens
1714 3481 1814 3536 ista
1838 3496 1857 3534 :
1879 3490 1926 3534 et
1955 3479 1998 3534 si
2018 3478 2134 3550 quis

527 3580 652 3634 illuc
679 3580 969 3647 accesserit,
999 3579 1352 3650 inquinabitur
1381 3577 1582 3650 (Aggte.
1613 3575 1698 3649 Il).
1730 3573 2128 3631 Etlllalaclticl:

539 3671 640 3726 Vos
669 3689 698 3728 ο
725 3673 1009 3727 sacerdotes
1031 3673 1118 3742 qui
1145 3672 1435 3742 profanatis
1463 3685 1650 3725 nomen
1677 3685 1866 3734 meum,
1897 3677 1942 3721 et
1961 3667 2130 3721 dixis-

523 3766 625 3824 tis:
656 3765 724 3822 In
749 3783 846 3837 quo
873 3766 1264 3839 profanavimus
1285 3781 1469 3819 nomen
1500 3772 1645 3819 tuum
1669 3764 1694 3818 ?
1731 3773 1780 3819 et
1809 3769 2049 3832 ponentes
2077 3761 2131 3814 in

520 3863 675 3917 altari
693 3847 804 3917 meo
830 3878 987 3934 panes
1017 3861 1264 3934 pollutos,
1293 3869 1342 3915 et
1369 3859 1612 3916 dixistis:
1636 3856 1701 3913 In
1725 3873 1823 3929 quo
1844 3857 2129 3928 polluimus

518 3955 676 4010 illos?
707 3955 759 4009 in
783 3971 841 4010 eo
874 3964 929 4008 ut
957 3953 1193 4009 diceretis
1217 3968 1235 4008 :
1257 3951 1443 4008 Mensa
1486 3952 1695 4007 Domini
1723 3951 1985 4006 benedicta
2029 3959 2126 4017 est,

519 4060 565 4103 et
593 4064 707 4119 quis
733 4047 1209 4120 superponebantur
1225 4045 1536 4101 annullastis
1561 4043 1817 4117 (Malacli.
1852 4044 1914 4113 ι).
1949 4041 2017 4096 Ει
2052 4043 2123 4096 ita

517 4143 571 4197 iu
603 4143 857 4199 omnibus
881 4143 1166 4214 Prophetis
1208 4142 1474 4204 invenies,
1505 4140 1758 4210 quoniam
1798 4139 1844 4194 si
1875 4153 2119 4193 commu-

518 4235 796 4292 nicassent
844 4237 924 4293 eis
979 4252 1120 4308 quos
1165 4235 1331 4291 tantis
1382 4232 1609 4290 vocibus
1654 4233 2116 4300 condemnabam,

518 4331 981 4404 praevaricationis
1010 4332 1214 4388 crimen
1248 4331 1611 4386 incurrerent.
1641 4328 1794 4397 Quod
1821 4343 1950 4400 ergo
1979 4327 2123 4384 inter

517 4443 613 4483 eos
635 4438 787 4483 erant
816 4425 1260 4484 commorationis
1306 4423 1426 4491 fuit,
1458 4437 1565 4479 non
1604 4423 2022 4479 ουιίιιιιυιιίοιιὶε.
2057 4421 2117 4478 1η

513 4519 883 4580 defensionem
927 4521 1126 4576 deinde
1175 4519 1398 4576 sceleris
1447 4516 1532 4572 sui
1582 4517 1962 4573 auctoritatem
2010 4515 2118 4572 sibi

2247 3293 2360 3348 nio.
2391 3292 2690 3363 Apostolus
2719 3294 2864 3349 enim
2892 3293 2961 3350 de
2985 3294 3279 3365 gentilibus
3303 3308 3488 3366 agens,
3517 3297 3566 3347 et
3586 3284 3766 3344 incredu-

2242 3388 2326 3444 los
2350 3389 2664 3458 increpans,
2686 3390 2758 3445 ita
2781 3391 2991 3446 loeutus
3015 3401 3095 3447 est
3113 3390 3339 3447 dicens:
3371 3389 3662 3446 Revelabiuu
3677 3384 3768 3438 enim

2238 3485 2321 3538 ira
2350 3481 2446 3539 Dei
2478 3484 2543 3539 de
2584 3485 2708 3541 coelo
2748 3502 2903 3559 super
2944 3503 3143 3542 onmem
3189 3488 3506 3559 impietatem
3549 3496 3591 3540 et
3614 3475 3767 3548 iniusti-

2240 3579 2364 3633 tiam
2388 3580 2652 3633 hominum
2678 3597 2855 3636 eorum
2882 3583 2971 3652 qui
2991 3581 3256 3637 veritatem
3284 3580 3383 3637 Dei
3405 3581 3459 3635 in
3475 3576 3690 3650 injustitia
3711 3571 3771 3624 ἀει

2241 3673 2432 3738 tinent;
2461 3673 2706 3744 quoniam
2735 3673 2874 3741 quod
2903 3674 3248 3745 cognoscibile
3269 3685 3343 3730 est
3373 3673 3488 3739 Dei,
3513 3670 3768 3740 manifestum

2237 3773 2313 3819 est
2352 3765 2477 3820 illis.
2511 3763 2652 3821 Deus
2673 3766 2810 3820 enim
2851 3767 2958 3820 illis
2979 3768 3349 3838 manifestanit.
3389 3765 3582 3822 Etenim
3619 3757 3771 3832 quain.

2236 3857 2458 3912 visibilia
2499 3867 2618 3911 sunt
2651 3857 2764 3929 ejus
2790 3875 2821 3912 a
2871 3860 3232 3915 constitutione
3258 3860 3478 3923 mundi,
3507 3872 3588 3928 per
3623 3869 3670 3907 ιη
3692 3861 3769 3917 Μ

2239 3952 2378 4021 facta
2401 3959 2520 4004 sunt
2549 3950 2808 4005 intellecta
2835 3952 3245 4022 conspiciuntur.
3293 3951 3607 4022 Sempiterna
3630 3953 3772 4016 quoq"

2234 4043 2394 4095 virtus
2423 4044 2533 4113 ejus
2558 4056 2604 4096 et
2631 4042 2872 4099 divinitas
2897 4086 2910 4110 ,
2941 4044 3016 4099 ita
3043 4055 3100 4098 ut
3128 4044 3232 4100 sint
3253 4041 3620 4100 inexcusabiles
3643 4052 3658 4090 :
3688 4031 3771 4104 σιτία

2231 4151 2347 4188 eum
2387 4137 2740 4207 cognovissent
2778 4135 2947 4193 Deum
2973 4180 2986 4203 ,
3027 4155 3132 4193 non
3161 4148 3218 4193 ut
3247 4138 3424 4194 Deum
3468 4132 3771 4203 honoriﬁcam.

2230 4239 2353 4285 runt
2377 4273 2391 4297 ,
2423 4241 2512 4285 aut
2541 4233 2734 4304 gratias
2765 4244 3002 4306 egerunt,
3030 4236 3118 4288 sed
3139 4243 3468 4289 evanuerunt
3494 4232 3543 4286 in
3567 4224 3770 4298 cogitdlfo'

2230 4325 2384 4379 uibus
2413 4327 2519 4380 suis
2544 4369 2559 4394 ,
2595 4335 2644 4381 et
2670 4327 3048 4383 intenebratunt
3078 4337 3148 4383 est
3179 4329 3438 4395 insipiens
3483 4341 3565 4380 cor
3600 4322 3772 4376 illorum.

2229 4419 2472 4475 Dicentes
2504 4425 2636 4476 enim
2660 4438 2713 4476 se
2742 4439 2850 4477 esse
2874 4423 3134 4494 sapientes
3157 4467 3172 4491 ,
3201 4422 3460 4494 infamati
3489 4426 3625 4479 sunt,
3653 4423 3690 4466 et
3708 4412 3772 4461 ἔπι·

2227 4524 2554 4568 mutaverunt
2598 4515 2884 4570 claritatem
2928 4517 3223 4588 incorrupti
3267 4513 3374 4571 Dei
3420 4515 3474 4569 in
3501 4505 3773 4568 similitudist

512 4617 766 4690 exemplo
804 4616 956 4672 Ju'dm
982 4616 1257 4673 traditoris
1296 4619 1601 4679 assumunt,
1632 4624 1740 4685 quo
1771 4625 1894 4667 eum
1922 4611 2117 4668 dicunt
2143 4607 2200 4673 1)
2223 4605 2466 4678 imaginis
2489 4606 2834 4676 corruptibilis
2867 4608 3090 4664 hominis
3119 4618 3166 4663 et
3194 4609 3474 4664 volucrum
3513 4617 3558 4660 et
3595 4598 3770 4673 quin"

509 4729 539 4768 a
567 4712 800 4768 Domino
847 4717 902 4766 et
932 4709 1316 4781 praecognitum
1348 4714 1687 4775 assumptum
1734 4715 1789 4760 et
1836 4703 2112 4775 cognitum

508 4809 824 4875 toleratum,
863 4821 987 4861 cum
1035 4803 1221 4872 utique
1263 4799 1382 4856 sine
1406 4799 1723 4871 praeiudicio
1751 4798 2114 4869 prtescieutize

510 4915 627 4956 sua:
655 4901 916 4955 Dominus
936 4895 1186 4953 Christus
1212 4892 1404 4950 Judam
1438 4894 1490 4947 in
1519 4893 1887 4963 apostolorum
1917 4906 2112 4946 nume-

510 5008 632 5052 rum
658 4991 1034 5064 assumpscrit,
1059 4989 1335 5061 cognitum
1367 4997 1545 5043 autem
1576 4987 1704 5051 sibi,
1735 5001 1844 5040 non
1873 4983 2110 5039 homini~

507 5092 630 5156 bus,
681 5087 782 5142 hac
826 5085 1038 5140 ratione
1071 5083 1380 5153 pertulerit,
1404 5095 1508 5153 qua
1549 5089 1604 5136 et
1651 5079 1815 5136 hodie
1857 5078 2103 5150 perferre

504 5179 718 5236 videtur
730 5176 992 5233 occultos.
1009 5174 1280 5244 Scriptum
1299 5179 1383 5227 est
1402 5171 1578 5226 enim:
1601 5171 1729 5238 Qua:
1755 5174 1959 5228 occulta
1980 5181 2105 5228 sunt

503 5269 652 5340 mihi,
679 5288 792 5341 qua:
814 5263 1090 5342 manifesta
1111 5265 1254 5348 vobis
1276 5273 1320 5321 et
1351 5265 1474 5337 [iliis
1498 5267 1676 5320 vestris
1709 5263 1888 5340 (Deut.
1920 5268 2100 5338 xxu).

502 5369 559 5424 In
588 5367 817 5423 Psalmis
848 5385 862 5421 :
898 5362 1086 5420 Nonne
1104 5361 1245 5419 Deus
1282 5361 1503 5434 inquiret
1530 5360 1668 5415 ista?
1694 5359 1816 5432 Ipse
1846 5362 1980 5416 enim
2001 5360 2101 5415 scit

501 5457 713 5516 latentia
761 5457 930 5512 cordis
959 5455 1129 5530 (Psal.
1186 5453 1362 5526 xuii).
1416 5453 1471 5506 lu
1531 5449 1844 5524 Reguomm
1877 5469 1891 5507 :
1925 5449 2099 5507 Homo

496 5555 632 5608 videt
660 5553 716 5606 in
748 5549 902 5624 facie,
938 5547 1075 5603 Deus
1103 5559 1275 5603 autem
1298 5545 1432 5602 videt
1461 5543 1512 5600 in
1540 5546 1695 5601 corde
1718 5543 1761 5616 (Ι
1790 5541 1922 5618 Reg.
1955 5545 2092 5615 xvi).

497 5644 568 5700 Et
599 5646 650 5699 in
681 5641 1005 5714 Apocalypsi
1037 5657 1049 5694 :
1076 5637 1145 5694 Et
1177 5639 1337 5695 scient
1362 5655 1536 5693 omnes
1566 5633 1816 5693 Ecclesia:
1852 5637 2097 5708 quoniam

497 5752 592 5805 ego
624 5751 737 5789 sum
761 5743 1016 5788 scrutator
1046 5749 1225 5787 renum
1249 5741 1296 5787 et
1324 5731 1497 5786 cordis
1525 5731 1710 5803 (Apoc.
1746 5730 1898 5800 xvn).
1924 5729 2091 5783 Deni-

505 5840 614 5894 que
639 5824 870 5882 Domino
913 5841 1036 5883 cum
1060 5825 1339 5896 discipulis
1379 5824 1730 5881 recumbente
1753 5831 1802 5880 et
1832 5821 2088 5880 dicente:

2225 4699 2412 4770 pedum
2441 4709 2488 4753 et
2513 4710 2825 4770 serpentum.
2858 4698 3082 4775 Propter
3098 4703 3238 4774 quod
3267 4701 3493 4758 tradidit
3535 4699 3640 4754 illos
3677 4689 3774 4746 Dm
3872 4761 3873 4775 ἦ

2221 4793 2277 4847 in
2337 4794 2753 4863 concupiscentia
2802 4795 2972 4849 cordis
3028 4794 3244 4850 illorum
3307 4797 3367 4850 in
3455 4785 3769 4848 immunditiam

2222 4884 2401 4957 (Rom.
2432 4885 2497 4959 ι).
2525 4886 2994 4944 Undesecundum
3021 4888 3170 4944 hunc
3195 4903 3434 4946 sensum
3461 4890 3619 4944 etiam
3643 4875 3774 4952 εειιιίο
3872 4875 3873 4928 ἶ

2219 4979 2355 5035 lium
2407 4978 2681 5050 inquinata
2723 4982 2989 5054 mysteria
3043 4996 3104 5038 se
3163 4982 3458 5053 suscipere
3489 4977 3770 5052 proﬁtentur.

2219 5073 2405 5130 Secuti
2431 5083 2613 5130 autem
2640 5086 2771 5129 sunt
2805 5089 3052 5131 errorem
3091 5089 3250 5132 suum
3279 5069 3692 5132 evidentissimus
3713 5075 3772 5116 π·

2218 5167 2500 5224 cumulare
2529 5167 2864 5238 blasphemis
2886 5212 2901 5237 ,
2933 5185 3041 5240 quo
3071 5169 3257 5226 dicant
3279 5185 3385 5226 eos
3409 5170 3502 5240 qui
3545 5161 3771 5220 haeretico-

2219 5277 2337 5316 rum
2367 5262 2633 5332 baptisma
2653 5263 2969 5334 reprobant,
2997 5279 3162 5334 posse
3185 5263 3480 5320 Christum
3507 5255 3770 5331 reprobi“.

2215 5357 2360 5427 quod
2394 5373 2518 5413 eum
2543 5357 2810 5414 dmmonia
2841 5358 3092 5417 confessa
3125 5373 3268 5418 sunt.
3297 5361 3424 5418 Hoc
3451 5361 3572 5416 loco
3599 5369 3687 5411 non
3707 5361 3769 5402 so-

2218 5453 2326 5508 lum
2382 5464 2694 5510 sanctorum
2747 5464 3048 5528 martyrum
3096 5456 3340 5513 decretis
3384 5438 3772 5515 insultant,sd

2215 5549 2389 5618 magis
2419 5549 2589 5619 parati
2614 5559 2741 5605 sunt
2764 5550 3158 5608 daemoniorum
3193 5551 3320 5623 quia
3365 5549 3640 5606 Christum
3675 5552 3770 5594 enn-

2209 5640 2343 5696 t'essi
2371 5652 2516 5709 sunt,
2550 5646 2922 5701 communioni
2951 5647 3196 5703 misceri.
3229 5645 3395 5714 Quod
3427 5653 3606 5701 autem
3634 5627 3771 5694 saltim

2210 5735 2478 5793 brevitate
2507 5737 2611 5793 ista
2655 5738 2906 5796 dixerunt
2936 5783 2951 5809 ,
2978 5756 3102 5798 eum
3126 5783 3142 5810 ,
3199 5741 3286 5813 qui
3339 5739 3488 5796 foris
3512 5734 3767 5808 baptizatus

2205 5827 2372 5885 tuerit
2399 5830 2600 5902 suscipi
2632 5831 2836 5891 debere
2860 5875 2878 5905 ,
2907 5847 3019 5894 non
3043 5843 3108 5892 ut
3134 5832 3276 5906 quod
3307 5832 3481 5891 deest
3520 5828 3652 5887 adsit
3703 5813 3770 5876 Et"

3872 4245 3873 4290 ι

3872 4395 3873 4490 ι

3870 4625 3874 4684 i
