3996 6332
184 284 316 360 tm.

1096 301 1322 362 GESTA
1363 285 1822 360 COLLATIONIS
1855 291 2482 361 caurusutususm.

3331 295 3466 362 illi

181 431 238 478 ut
264 421 398 494 quod
425 421 566 478 inest
596 421 766 492 prosit
792 464 807 490 ,
833 421 887 476 in
914 429 1145 493 utroque
1197 435 1257 478 se
1287 422 1434 493 ipsos
1464 421 1764 478 circumve-
1790 435 1840 496 Α
1869 423 2060 494 quibus
2093 421 2192 477 ista
2223 421 2421 494 ﬂagitia
2455 419 2814 492 prohibentur
2840 461 2854 485 ,
2887 418 3222 490 superﬂuum
3255 420 3326 475 sit
3373 423 3469 476 dn-

186 519 322 572 nlsse
349 522 744 570 monstrantur.
783 514 976 570 Omnia
1003 515 1149 570 enim
1179 514 1298 570 hare
1323 557 1336 581 ,
1371 525 1430 569 ut
1459 530 1621 585 supra
1656 515 1768 569 dic-

185 620 288 666 tum
307 618 407 678 est,
437 619 754 666 sanctorum
774 617 1079 683 martyrum
1104 611 1389 666 sententiis
1410 621 1763 667 evacuantur.

185 704 330 761 Unde
358 705 502 760 enim
533 703 648 760 lieri
680 713 859 776 potest
885 745 900 771 ,
931 705 976 760 si
1011 719 1114 760 una
1143 714 1227 760 est
1267 706 1508 762 Ecclesia
1540 717 1596 761 et
1623 705 1767 762 indi-

182 798 321 852 visns
340 807 422 853 est
455 796 704 853 Christus
732 839 749 866 ,
780 807 838 852 nt
864 797 997 854 foris
1026 798 1235 870 positus
1265 799 1597 871 baptismum
1639 815 1767 856 con-

182 897 423 962 sequatur
453 889 480 942 i
524 889 679 957 Quod
722 905 852 946 vero
906 890 1009 947 sibi
1054 906 1085 945 a
1125 892 1283 947 nobis
1333 891 1498 963 objici
1539 892 1764 960 dicunt,

187 983 364 1038 Manus
390 985 490 1039 cito
516 984 707 1039 nemini
744 985 1049 1056 imposueris
1069 1025 1084 1053 ,
1118 1002 1281 1057 neque
1315 987 1768 1042 communicaveris

186 1079 390 1148 peccatis
427 1077 609 1133 alienis
656 1077 880 1154 (lTim.
914 1079 1006 1148 v),
1059 1088 1113 1135 et
1166 1081 1319 1150 quasi
1373 1079 1769 1150 respondentes

183 1181 464 1229 occurrunt
510 1172 753 1229 moribus
799 1172 979 1244 potius
1050 1172 1253 1230 debere
1308 1173 1560 1230 homines
1606 1189 1767 1245 quam

186 1281 399 1339 corpore
425 1267 702 1339 separari,
752 1267 819 1321 ad
852 1267 954 1322 hoc
983 1281 1089 1322 non
1124 1266 1286 1323 modo
1326 1267 1571 1322 moribus
1594 1311 1608 1333 ,
1669 1267 1766 1323 sed

187 1362 336 1419 etiam
376 1375 604 1432 corpore
624 1376 656 1416 a
686 1361 843 1416 malis
871 1360 1075 1417 debere
1099 1360 1335 1433 disjungi
1366 1362 1552 1417 multis
1579 1361 1764 1418 admo-

187 1456 307 1514 dum
337 1456 658 1513 testimoniis
681 1455 950 1529 legalibus
972 1457 1357 1528 approbamns.
1389 1457 1446 1511 in
1470 1455 1722 1512 Numeris
1749 1472 1764 1509 :

190 1549 442 1606 Discedite
467 1567 498 1604 a
528 1550 870 1606 tabernaculis
915 1549 1180 1606 hominum
1205 1551 1421 1626 istorum
1468 1552 1771 1607 durissimo-

191 1661 319 1713 rum,
349 1654 394 1701 ct
409 1661 470 1700 ne
491 1646 750 1718 tetigeritis
779 1644 842 1700 ab
872 1646 1105 1702 omnibus
1129 1663 1243 1718 qua:
1264 1658 1382 1702 sunt
1409 1648 1504 1715 eis,
1527 1664 1590 1702 ne
1615 1647 1772 1702 simul

194 1738 398 1808 pereatis
423 1749 470 1791 et
495 1753 580 1791 vos
604 1737 658 1791 in
679 1737 910 1792 omnibus
939 1739 1158 1808 peccatis
1197 1755 1372 1794 eorum
1407 1735 1595 1810 (Num.
1629 1738 1768 1811 χιιι).

1870 527 2120 572 eumenta
2155 519 2510 586 subnectere,
2555 532 2676 572 eum
2722 515 2849 570 talia
2891 530 2992 570 nec
3024 515 3309 570 mundanis
3338 514 3471 587 legi-

1873 611 1972 665 bus
2003 610 2407 680 permittantur,
2440 612 2570 665 satis
2599 611 2668 665 sit
2693 625 2881 664 eorum
2909 624 3005 665 nos
3033 609 3209 664 errori
3245 624 3471 678 respon—

1871 703 2049 771 disse,
2107 712 2162 760 et
2187 721 2304 775 quae
2338 704 2610 776 superﬂuo
2633 703 3075 776 responderunt,
3105 703 3300 758 divinis
3321 705 3474 760 testi-

1870 799 2070 856 moniis
2099 798 2319 856 ciuisse.
2354 797 2422 854 Et
2443 800 2548 854 alia
2567 815 2745 854 manu.
2778 799 3039 854 Dominus
3067 803 3120 854 te
3143 797 3469 855 incolumem

1871 903 2203 962 conservet,
2229 893 2371 966 quod
2403 902 2671 965 optamus.
2710 895 2970 951 Recitavi.

1944 987 2069 1044 259.
2121 986 2457 1042 Marcellinus
2484 989 2560 1043 vir
2583 989 2899 1043 clarissimus
2915 987 3147 1042 tribunus
3165 997 3213 1042 et
3234 986 3471 1043 notarius

1873 1081 2024 1135 dixit.
2055 1076 2112 1136 id
2144 1081 2288 1152 quod
2318 1082 2518 1138 lectum
2564 1091 2650 1138 est
2693 1082 2859 1154 gestis
2899 1082 3258 1151 pra-sentibus
3287 1082 3474 1138 adluc-

1872 1174 2032 1231 rcbit.
2077 1174 2144 1229 Et
2171 1175 2382 1248 adjecit.
2407 1175 2476 1232 Et
2527 1176 2782 1247 quoniam
2832 1177 2886 1231 in
2909 1173 3023 1231 hoc
3067 1176 3347 1247 prmbitam
3379 1191 3476 1246 pa-

1873 1268 2114 1323 tientiam
2145 1276 2398 1336 constat,
2459 1283 2521 1324 ea
2567 1283 2687 1340 quae
2712 1267 2914 1324 dudum
2945 1277 3070 1323 sunt
3119 1267 3299 1323 oblata
3340 1267 3476 1324 reci-

1873 1371 2085 1430 tentur;
2114 1371 2166 1419 et
2194 1363 2259 1419 ad
2294 1363 2409 1420 haec
2455 1363 2637 1420 omnia
2667 1379 2792 1437 pars
2818 1380 2848 1421 e
2876 1363 3095 1422 diverso
3123 1364 3322 1420 sistens
3365 1379 3478 1420 res-

1875 1455 2111 1525 pondere
2140 1463 2382 1526 cogatur.

1945 1547 2071 1604 9.60.
2116 1547 2377 1604 Emeritus
2427 1549 2701 1621 episwpus
2753 1550 2902 1605 dixit.
2952 1545 3110 1606 Prius
3160 1548 3483 1605 testimoniis

1874 1642 2182 1698 testimonia
2211 1643 2510 1699 revincant.
2541 1642 2694 1699 Tunc
2720 1643 2786 1699 ad
2814 1659 2873 1699 ea
2905 1657 3024 1714 qua:
3054 1643 3362 1699 sublimitas
3395 1650 3484 1698 tua

1841 1735 2194 1806 iudicaverit
2234 1737 2555 1794 veniendum
2591 1747 2695 1794 est.
2744 1737 2814 1792 Et
2845 1739 2950 1792 alia
2990 1753 3169 1792 manu.
3210 1737 3484 1794 Emeritus

182 1831 309 1887 Item
338 1830 528 1886 Esaias
555 1848 568 1883 ζ
598 1817 882 1898 Discedite,
907 1833 1040 1886 exite
1059 1832 1178 1886 inde
1203 1873 1220 1900 ,
1243 1843 1290 1888 et
1319 1833 1643 1887 immundum
1670 1849 1764 1886 no-
1799 1838 1848 1906 Β
1875 1829 2162 1900 episcopus
2189 1829 2334 1885 salva
2367 1830 3060 1901 appellationezrecognovi.

182 1926 267 1980 tite
303 1935 502 1991 tangere
530 1941 543 1977 :
578 1922 842 1978 Discedite
869 1925 932 1978 de
956 1924 1127 1981 medio
1157 1942 1332 1979 eorum
1355 1927 1442 1997 qui
1474 1926 1620 1997 fertis
1649 1941 1775 1979 uasa

178 2018 380 2074 Domini
427 2020 562 2092 (Isa.
595 2016 717 2089 LII).
754 2019 887 2075 item
937 2021 1232 2091 Apostolus
1265 2039 1278 2075 :
1336 2021 1442 2075 Vos
1493 2021 1626 2076 enim
1657 2021 1777 2076 estis

179 2113 416 2183 templum
441 2111 540 2166 Dei
567 2112 680 2166 viui.
713 2109 855 2167 Dicit
883 2113 1020 2167 enim
1055 2114 1165 2184 ipse
1198 2129 1216 2168 :
1250 2113 1508 2184 Quoniam
1535 2113 1774 2170 habitabo

175 2205 234 2260 in
256 2206 352 2273 eis,
380 2213 432 2260 et
463 2205 516 2258 in
541 2205 616 2260 eis
637 2203 910 2259 antbulabo
927 2243 944 2271 ,
988 2215 1034 2259 et
1062 2221 1148 2260 ero
1171 2206 1377 2260 illorum
1404 2205 1544 2261 Deus
1562 2249 1576 2270 ,
1603 2217 1649 2260 et
1672 2205 1775 2275 ipsi

179 2307 324 2352 erunt
367 2295 493 2351 mihi
530 2296 754 2368 populus
803 2313 962 2352 meus.
1020 2295 1246 2368 Propter
1275 2298 1414 2370 quod
1443 2298 1686 2353 discedite
1711 2296 1776 2352 de

178 2392 342 2447 medio
367 2407 542 2446 eorum
563 2400 611 2445 et
632 2390 943 2462 separamini
963 2428 980 2458 ,
1007 2399 1056 2444 et
1081 2391 1400 2445 immundum
1437 2407 1500 2444 ne
1551 2389 1775 2462 tetigeri-

181 2487 267 2554 tis,
283 2495 329 2541 et
351 2502 439 2558 ego
464 2486 712 2554 recipiam
740 2499 828 2539 uos
857 2523 877 2552 ,
924 2493 972 2538 et
1005 2501 1093 2539 ero
1114 2485 1252 2539 vobis
1279 2485 1331 2538 in
1372 2494 1588 2553 patrem,
1615 2495 1663 2538 et
1685 2499 1774 2538 vos

182 2583 318 2638 eritis
342 2582 467 2636 mihi
494 2581 550 2634 in
582 2580 717 2650 ﬁlios
747 2588 794 2635 et
822 2579 990 2648 ﬁlias,
1019 2579 1142 2633 dicit
1167 2578 1424 2634 Dominus
1455 2578 1776 2648 omnipotens

178 2667 265 2744 (ῚΙ
293 2673 405 2730 Cor.
444 2673 558 2744 vr).
595 2671 726 2728 illud
756 2686 886 2728 vero
915 2671 1072 2743 quale
1121 2684 1244 2740 est,
1290 2681 1348 2729 ut
1393 2687 1517 2727 cum
1554 2686 1652 2726 nos
1692 2671 1775 2727 eis

179 2766 493 2838 objieiamus
541 2764 944 2836 persecutiones
1005 2773 1063 2821 et
1113 2764 1376 2820 immanes
1424 2764 1775 2820 crudelitates

178 2859 372 2930 quibus
404 2858 505 2930 ipsi
533 2867 588 2914 et
624 2857 860 2926 majores
889 2871 1078 2913 eorum
1110 2872 1210 2914 nos
1238 2866 1528 2929 patresque
1555 2870 1778 2913 nosnos

181 2968 277 3024 per
297 2967 468 3008 attnos
506 2960 726 3008 centum
757 2947 839 3002 vel
870 2951 1101 3021 amplius
1129 2952 1249 3008 sine
1289 2952 1598 3007 cessatione
1627 2951 1772 3004 afﬂi-

183 3046 360 3101 xerint
387 3055 551 3116 atque
603 3048 926 3104 vexaverint
957 3087 972 3114 ,
1030 3045 1108 3102 illi
1157 3043 1262 3100 isto
1306 3059 1414 3100 non
1446 3043 1774 3100 erubescant

185 3139 440 3210 suﬂ'ragio
461 3182 476 3207 ,
496 3141 640 3212 quod
666 3141 852 3197 dicant
873 3141 940 3197 ab
966 3140 1235 3210 aliquibus
1263 3150 1571 3195 noSIrorum
1601 3137 1774 3193 Maxi-

1949 1921 2077 1977 261.
2123 1922 2442 1996 Augustinus
2469 1924 2738 1996 episcopus
2759 1922 3010 1978 Ecclesia:
3032 1923 3300 1978 catholicis
3325 1922 3480 1977 dixit.

1877 2013 2136 2071 Permitte
2163 2030 2282 2082 nos,
2310 2015 2390 2070 vir
2417 2017 2661 2071 sublimis
2688 2058 2702 2082 ,
2737 2032 2834 2088 pro
2880 2030 3037 2071 causa
3065 2015 3328 2072 Ecclesia:
3373 2029 3482 2068 non

1878 2108 2080 2166 diutius
2121 2111 2410 2182 superﬂuis
2452 2112 2750 2167 immorari.
2806 2110 2984 2182 Atque
3038 2111 3241 2166 utinam
3290 2111 3484 2165 fratres

1880 2204 2052 2259 nostri
2079 2219 2110 2258 e
2137 2203 2354 2260 diverso
2383 2204 2638 2260 sistentes
2676 2204 2817 2259 hanc
2854 2203 3138 2274 epistolam
3187 2213 3312 2257 ante
3360 2201 3484 2256 illos

1879 2309 2068 2350 omnes
2117 2298 2440 2352 moratorios
2490 2311 2774 2352 sermones
2828 2310 2958 2352 suos
3002 2295 3397 2366 protulissent,
3429 2302 3488 2350 ut

1877 2388 1987 2457 jam
2036 2387 2104 2443 de
2148 2389 2422 2454 Ecclesia,
2458 2389 2602 2444 unde
2638 2404 2800 2444 causa
2831 2390 3095 2456 vertitur,
3127 2387 3330 2459 aliquid
3361 2402 3490 2460 age-

1881 2495 2082 2535 remus.
2120 2481 2519 2536 Animadvertit
2563 2495 2694 2552 ergo
2726 2472 2979 2536 nobilitas
3008 2491 3096 2536 tua
3128 2481 3180 2535 in
3223 2483 3322 2534 hac
3364 2480 3486 2551 epi-

1883 2574 2022 2629 stola
2050 2573 2420 2646 duo‘quaedam
2446 2589 2644 2646 genera
2677 2574 2762 2630 vel
2789 2573 3164 2644 objectionum
3186 2573 3271 2628 vel
3299 2587 3485 2628 rerum

1881 2670 2081 2725 inserta
2109 2670 2306 2741 quibus
2330 2670 2663 2741 reSpondere
2694 2670 2988 2726 debeamus
3009 2712 3022 2736 ,
3059 2685 3222 2726 unum
3253 2669 3320 2724 de
3348 2670 3485 2725 divi-

1883 2764 1967 2818 nis
1993 2764 2277 2835 scripturis
2320 2773 2373 2819 et
2424 2776 2630 2820 sancta:
2678 2765 2810 2836 legis
2841 2765 3072 2836 eloquiis
3097 2807 3112 2832 ,
3145 2766 3376 2821 alterum
3416 2766 3485 2822 de

1882 2856 2350 2914 criminationibus
2373 2858 2623 2915 humanis
2643 2901 2656 2926 ,
2689 2875 2810 2932 quae
2839 2859 3146 2930 ohjicienda
3180 2861 3364 2915 nescio
3388 2861 3484 2931 qui

1884 2950 2206 3006 invidiosius
2255 2953 2431 3022 potius
2476 2967 2635 3022 quam
2665 2952 2844 3008 verius
2875 2961 3220 3022 putaverunt.
3251 2950 3332 3008 Ad
3369 2951 3488 3008 lucc

1883 3043 1992 3100 duo
2032 3047 2218 3116 paucis
2262 3047 2306 3101 si
2339 3046 2602 3103 Dominus
2647 3045 2950 3118 adjuverit,
2992 3046 3486 3119 respondebimus,

1884 3136 2049 3214 316
2079 3157 2145 3198 ne
2177 3142 2444 3212 prolixum
2475 3150 2785 3199 sermonem
2835 3151 2999 3198 tanta:
3039 3141 3330 3214 prolixitati
3359 3141 3488 3197 red-

179 3234 444 3291 mianistis
489 3235 655 3292 fuisse
706 3237 1116 3307 persecutiones
1157 3235 1332 3306 illatas
1357 3276 1370 3298 ,
1412 3249 1536 3289 cum
1589 3236 1773 3304 utique
1798 3239 1844 3303 C
1880 3239 2094 3292 damus.
2126 3237 2367 3304 Qua'stio
2395 3250 2474 3293 ρει
2501 3237 2569 3294 de
2590 3236 2832 3293 Ecclesia
2861 3247 3038 3292 utrum
3066 3237 3357 3306 permixtos
3375 3250 3490 3290 ma-

180 3330 339 3400 longe
366 3329 511 3386 aliud
543 3332 616 3386 sit
646 3339 901 3400 usurpata
932 3329 1314 3385 Ecclesiastica
1347 3337 1401 3384 et
1447 3343 1775 3399 compaupc-

175 3438 300 3479 rum
345 3423 579 3480 civiliter
606 3433 856 3494 repetere
887 3423 1126 3479 voluisse
1159 3463 1174 3487 ,
1205 3437 1304 3477 nec
1327 3421 1498 3477 ullum
1527 3420 1593 3476 ad
1624 3435 1774 3477 com-

173 3517 492 3574 munionem
525 3527 768 3574 nostram
812 3517 1088 3573 nolentem
1124 3516 1462 3586 invitumque
1490 3515 1771 3584 coegisse,

171 3621 232 3668 et
268 3611 412 3667 aliud
457 3611 531 3667 sit
575 3621 768 3682 aperto
814 3611 1002 3667 furore
1049 3626 1145 3681 per
1173 3610 1486 3665 universum
1515 3609 1772 3681 p0pulum

176 3705 550 3762 Christianum
581 3706 763 3761 omnia
813 3706 953 3760 mala
989 3704 1283 3760 crudeliter
1331 3718 1608 3759 exercere.
1643 3702 1775 3768 Quis

181 3798 328 3854 enim
353 3799 558 3856 nesciat
588 3799 720 3854 istos
745 3797 1033 3854 traditores
1051 3808 1534 3869 persecutoresque
1556 3807 1775 3854 nostros

172 3894 246 3948 ab
275 3893 393 3963 ipso
421 3893 648 3949 exordio
693 3893 1066 3949 condemnata:
1100 3891 1407 3948 traditionis
1454 3892 1776 3948 commenti-

170 3985 266 4040 tiis
289 3985 542 4056 precibus
568 3985 778 4041 cunctis
819 3986 872 4040 in
906 3995 1147 4040 nostram
1183 3998 1371 4041 necem
1397 3983 1559 4056 hujus
1587 3983 1776 4040 surculi

170 4078 513 4150 principibus
543 4080 914 4150 supplicasse,
946 4089 1112 4150 atque
1135 4079 1203 4136 ad
1234 4095 1386 4136 suam
1429 4082 1773 4136 communio-

166 4187 303 4228 nem
334 4182 524 4228 contra
556 4173 650 4230 Dei
677 4185 946 4246 praecepta
977 4174 1140 4230 minis
1180 4185 1236 4231 ct
1285 4174 1778 4247 proscriptionibus

174 4266 539 4323 coarctasse?
583 4266 716 4323 Nam
777 4275 836 4322 ut
899 4268 1213 4324 omittamus
1265 4276 1500 4338 quantus
1553 4269 1776 4341 sanguis

165 4359 520 4416 Christianus
567 4359 772 4418 eii‘usus
819 4359 886 4416 sit
935 4375 1034 4431 per
1082 4360 1366 4416 Leontium
1393 4400 1412 4429 ,
1462 4359 1774 4430 Ursatium,

161 4457 468 4519 Macarium
492 4498 510 4526 ,
544 4457 768 4514 Paulum
796 4497 814 4524 ,
848 4456 1147 4513 Taurinum
1170 4497 1184 4523 ,
1225 4456 1528 4512 Romanum
1559 4496 1572 4522 ,
1615 4465 1778 4512 canc-

158 4568 379 4623 rusque
401 4563 752 4609 exsecutores
779 4567 918 4624 quos
949 4551 1002 4607 in
1030 4559 1347 4608 sanctorum
1365 4565 1555 4607 necem
1577 4565 1606 4605 a
1628 4550 1777 4620 prin-

1883 3329 1969 3385 los
1996 3344 2166 3400 usque
2195 3329 2248 3384 in
2277 3329 2437 3384 ﬂnem
2473 3329 2721 3384 habitura
2749 3329 3006 3402 praedicta
3033 3338 3138 3397 est,
3168 3343 3235 3382 an
3267 3327 3490 3382 omnino

1887 3439 2080 3480 onmes
2113 3425 2285 3479 bonos
2310 3466 2325 3493 ,
2367 3438 2556 3480 omnes
2583 3432 2803 3478 sanctos
2830 3432 2989 3494 atque
3033 3421 3406 3477 itnmaculatos
3436 3419 3491 3476 in

1889 3518 1993 3573 hoc
2017 3517 2221 3573 saeculo
2241 3560 2255 3585 ,
2287 3519 2389 3572 isto
2421 3519 2582 3572 etiam
2613 3529 2858 3586 tempore
2888 3531 3057 3587 usque
3086 3517 3140 3571 in
3173 3516 3334 3571 ﬁnem
3363 3515 3492 3571 ulti-

1886 3627 2037 3665 mum
2094 3611 2305 3666 smculi.
2363 3609 2601 3682 Utraque
2651 3611 2956 3666 testimonia
3011 3610 3194 3666 divina
3243 3620 3406 3676 sunt;
3439 3618 3495 3666 et

1884 3704 2072 3774 utique
2128 3705 2486 3775 repugnantia
2518 3717 2640 3760 csse
2690 3718 2798 3758 non
2847 3703 3080 3769 debent,
3125 3719 3226 3760 nec
3271 3707 3495 3760 omnino

1887 3806 2134 3867 possunt,
2160 3797 2204 3851 si
2238 3796 2630 3852 intellectoretn
2661 3797 2969 3852 inveniant.
3001 3799 3200 3853 Areum
3228 3811 3354 3853 esse
3393 3798 3496 3852 Ee-

1883 3892 2106 3948 elesiam
2135 3907 2242 3946 non
2274 3906 2374 3960 ego
2405 3890 2534 3946 dixi.
2573 3890 2691 3946 Non
2735 3890 3018 3963 quisquam
3051 3903 3294 3947 nostrum
3321 3931 3338 3960 ,
3390 3891 3490 3948 sed

1888 3986 2240 4057 Evangeiiutn
2270 3985 2538 4056 loquitur,
2572 3985 2660 4041 ubi
2695 3987 2956 4057 scriptum
2982 3995 3066 4042 est
3093 3994 3378 4042 venturum
3402 3983 3496 4057 qui

1885 4079 2252 4135 ventilabrum
2282 4079 2418 4134 ferat
2445 4078 2498 4134 in
2526 4094 2687 4134 manu
2711 4093 2804 4134 sua
2827 4090 2884 4135 et
2906 4079 3288 4135 mundaturum
3310 4095 3495 4136 aream

1885 4189 2041 4229 suam
2067 4217 2081 4241 ,
2118 4171 2390 4229 frumenta
2419 4172 2682 4228 recondet
2711 4173 2762 4226 in
2793 4171 3009 4229 horreo.
3040 4173 3109 4228 Et
3160 4191 3274 4229 cum
3304 4173 3498 4229 diceret

1888 4267 1986 4344 (Et
2005 4271 2110 4324 alia
2139 4286 2315 4323 manu.
2343 4265 2702 4339 Recognovi),

1843 4343 1852 4350 ”
1907 4343 1911 4344 ί
1961 4362 2090 4418 262.
2135 4361 2395 4417 Emeritus
2437 4362 2706 4434 episcopus
2749 4361 2900 4417 dixit.
2953 4361 3070 4418 Non
3105 4363 3235 4434 legit
3286 4375 3493 4424 aream.

1889 4454 1960 4510 Et
2000 4457 2106 4512 alia
2134 4471 2311 4512 manu.
2343 4455 2615 4512 Emeritos
2636 4458 2922 4528 episcopus
2953 4459 3263 4529 recognovi.
3291 4459 3497 4532 Augus-

1884 4551 2028 4604 tinus
2084 4550 2356 4620 episwpus
2412 4547 2663 4604 Ecclesia:
2726 4549 2993 4606 catholica:
3056 4553 3205 4607 dixit.
3256 4553 3498 4610 Joannes

154 4646 388 4718 cipibus
414 4647 598 4702 saeculi
643 4654 992 4711 meruerunt,
1039 4643 1260 4715 quando
1284 4643 1502 4713 plurimi
1547 4658 1774 4699 venera-
1802 4649 1857 4712 1)
1883 4643 2027 4698 dixit
2059 4655 2072 4696 :
2103 4640 2378 4696 Mundabit
2421 4658 2595 4697 aream
2638 4658 2784 4697 suam
2809 4683 2826 4710 ,
2876 4645 3136 4712 frumenta
3179 4648 3415 4702 recondet
3440 4649 3496 4702 in

149 4739 372 4795 rabiles
417 4737 733 4794 sacerdotes
763 4737 950 4802 occisi,
981 4737 1074 4792 alii
1119 4737 1173 4792 in
1201 4736 1452 4793 exsilium
1501 4736 1729 4808 relegati
1752 4777 1773 4806 ,

147 4832 556 4890 Christianitas
581 4832 692 4889 late
710 4823 931 4900 vexata,
960 4842 1172 4888 saerata
1200 4840 1442 4902 stuprata
1469 4831 1770 4902 virginitas,

146 4930 463 5001 proscripti
489 4927 709 4995 divites,
741 4927 956 4998 spoliati
984 4940 1274 4998 pauperes,
1297 4925 1492 4982 ablatae
1510 4925 1774 4994 basilicae,

143 5031 331 5093 atque
363 5022 473 5078 acti
501 5024 556 5077 in
582 5020 762 5092 fugam
794 5019 1004 5092 profugi
1034 5019 1380 5086 sacerdotes,
1414 5027 1600 5075 nostro
1631 5034 1775 5075 nunc

143 5122 420 5183 tempore
441 5121 640 5184 quanta
672 5111 1046 5169 commiserint
1072 5112 1255 5168 nullus
1286 5112 1518 5183 ignorat.
1549 5110 1780 5181 Episco-

141 5210 246 5282 pis
287 5211 646 5281 ingesserum
670 5208 892 5277 exsilia,
921 5208 1246 5264 Christianis
1267 5207 1596 5278 fugientibus
1637 5221 1778 5276 prae-

141 5305 381 5376 cipitia,
407 5314 802 5377 Oppresserunt
824 5304 1078 5376 populos,
1111 5301 1336 5375 praedati
1368 5309 1498 5357 sunt
1517 5300 1770 5368 clericos,

139 5401 496 5457 invaserunt
529 5401 784 5457 basilicas
803 5441 819 5467 ,
874 5399 1172 5456 intulerunt
1199 5399 1512 5455 consentire
1540 5397 1780 5454 nolenti-

131 5495 255 5553 bus
288 5495 526 5566 plagas;
574 5503 854 5568 postremo
903 5494 960 5549 in
1015 5507 1126 5550 uno
1179 5500 1387 5549 tantum
1431 5490 1630 5563 oppido
1667 5489 1775 5546 Ba-

128 5589 378 5661 gaiensi
401 5604 584 5646 eorum
601 5603 764 5647 causa
784 5587 1079 5645 multorum
1091 5584 1524 5642 Christianorum
1549 5582 1774 5654 sanguis

125 5682 380 5739 eﬂ'usus
399 5690 484 5740 est
503 5723 519 5749 ,
561 5691 620 5739 et
647 5696 748 5739 nec
775 5683 855 5739 sic
881 5679 1062 5736 satiati
1101 5678 1158 5735 in
1189 5679 1510 5736 hodiernum
1553 5689 1776 5732 cessare

122 5777 415 5834 contenti
455 5785 603 5834 sunt.
635 5773 790 5834 Unde
817 5773 942 5847 quia
971 5772 1038 5829 ad
1075 5771 1179 5828 hoc
1210 5781 1372 5828 tantae
1421 5767 1777 5826 immanitatis

119 5885 361 5929 eorum
420 5869 804 5930 acerbissimos
855 5868 1040 5926 titulos
1091 5866 1160 5925 de
1199 5866 1487 5939 scripturis
1533 5861 1774 5932 divinis,

1883 4737 2070 4792 horreo
2096 4735 2313 4810 (Matth.
2362 4751 2418 4790 ιιι
2445 4775 2460 4802 ,
2497 4734 2601 4800 12;
2631 4744 2677 4788 et
2706 4733 2836 4790 Luc.
2867 4751 2946 4803 ιιι,
2989 4733 3100 4810 1⁵1).
3149 4737 3220 4792 Et
3265 4755 3382 4793 cum
3409 4739 3494 4793 di-

1887 4841 2027 4889 ceret
2079 4830 2168 4905 (Et
2199 4831 2305 4885 alia
2334 4846 2507 4884 manu.
2543 4829 2897 4903 Recognovi),
2933 4830 3271 4888 Marcellinus
3297 4833 3372 4887 uir
3387 4832 3496 4888 τια-

1887 4926 2127 4980 rissimus
2153 4922 2388 4978 tribunus
2419 4929 2467 4978 et
2493 4923 2724 4977 notarius
2755 4921 2907 4978 dixit.
2940 4923 3052 4979 Hoc
3082 4924 3228 4996 quod
3256 4926 3498 4997 postulat

1885 5020 2180 5091 relegatur.

1959 5113 2087 5168 265.
2136 5110 2422 5166 Petilianus
2451 5109 2471 5185 (
2501 5110 2609 5166 Aut
2649 5111 2826 5183 potius
2873 5108 3184 5186 Emeritus)
3225 5115 3498 5187 episcopus

1887 5206 2042 5261 dixit.
2097 5205 2175 5261 De
2219 5203 2446 5261 occultis
2495 5205 2601 5261 reis
2633 5205 2734 5261 hoc
2782 5205 2918 5262 dixit
2970 5206 3334 5279 Evangelista,
3384 5219 3498 5264 non

1884 5300 1957 5357 de
1984 5300 2355 5368 evidentibus,
2397 5298 2542 5371 quod
2591 5307 2650 5355 tu
2687 5299 2769 5355 vis
2802 5311 2978 5357 tecum
3010 5315 3132 5356 esse
3165 5300 3490 5369 permixtos.

1886 5390 1962 5449 Et
1995 5393 2100 5448 alia
2130 5409 2307 5448 manu.
2340 5392 2635 5448 Petilianus
2665 5393 2951 5464 episcopus
2979 5393 3287 5464 recOgnovi.

1957 5483 2086 5541 264.
2130 5485 2449 5558 Augustinus
2469 5485 2743 5556 episcopus
2764 5483 3014 5539 Ecclesia:
3041 5487 3312 5542 catholica
3341 5487 3499 5544 dixit.

1889 5579 2208 5635 Prosecutio
2258 5588 2440 5635 nostra
2493 5591 2594 5649 pro
2643 5577 2886 5648 ipsorum
2923 5578 3150 5648 epistola
3205 5578 3489 5636 habeatur.

1889 5673 2024 5746 Legi
2054 5674 2221 5744 cmpit
2249 5715 2262 5742 ,
2308 5672 2489 5729 nullus
2535 5688 2564 5726 a
2611 5670 2768 5727 nobis
2814 5671 3019 5728 relatus
3059 5664 3148 5728 est
3193 5676 3490 5746 strepitus,

1889 5766 2039 5822 nulla
2076 5764 2452 5822 interturbatio
2481 5805 2498 5833 ,
2546 5763 2692 5820 nulla
2723 5764 3068 5836 interruptio.
3103 5766 3386 5822 Permittat
3433 5777 3492 5824 ut

1891 5861 2078 5918 (iniam
2120 5858 2266 5933 quod
2297 5857 2438 5932 coepi
2466 5857 2679 5932 eloqui,
2711 5867 2766 5916 et
2794 5857 2872 5915 sic
2918 5859 3266 5932 respondeat.
3307 5861 3490 5931 Quare
