  <div class='ocr_page' id='page_1' title='image "/cluster/home/n/w/nwhite01/storage/ocr_20150623/11/hvd.32044015471287/713.png"; bbox 0 0 3996 6332; ppageno 0'>
   <div class='ocr_carea' id='block_1_1' title="bbox 495 252 634 310">
    <p class='ocr_par' dir='ltr' id='par_1_1' title="bbox 495 252 634 310">
     <span class='ocr_line' id='line_1_1' title="bbox 495 252 634 310; baseline -0.022 0"><span class='ocrx_word' id='word_1_1' title='bbox 495 252 634 310; x_wconf 70' lang='grc'><strong>1415</strong></span> 
     </span>
    </p>
   </div>
   <div class='ocr_carea' id='block_1_2' title="bbox 1444 229 2828 300">
    <p class='ocr_par' dir='ltr' id='par_1_2' title="bbox 1444 229 2828 300">
     <span class='ocr_line' id='line_1_2' title="bbox 1444 229 2828 300; baseline -0.01 0"><span class='ocrx_word' id='word_1_2' title='bbox 1444 237 1673 300; x_wconf 84' lang='lat' dir='ltr'><strong>GESTA</strong></span> <span class='ocrx_word' id='word_1_3' title='bbox 1709 231 2169 295; x_wconf 81' lang='lat' dir='ltr'><strong>COLLATIONIS</strong></span> <span class='ocrx_word' id='word_1_4' title='bbox 2205 229 2828 292; x_wconf 80' lang='lat' dir='ltr'><strong>CARTHAGINENSIS.</strong></span> 
     </span>
    </p>
   </div>
   <div class='ocr_carea' id='block_1_3' title="bbox 3651 219 3805 277">
    <p class='ocr_par' dir='ltr' id='par_1_3' title="bbox 3651 219 3805 277">
     <span class='ocr_line' id='line_1_3' title="bbox 3651 219 3805 277; baseline -0.019 0"><span class='ocrx_word' id='word_1_5' title='bbox 3651 219 3805 277; x_wconf 67' lang='lat' dir='ltr'><strong>i‘l6</strong></span> 
     </span>
    </p>
   </div>
   <div class='ocr_carea' id='block_1_4' title="bbox 486 336 3804 435">
    <p class='ocr_par' dir='ltr' id='par_1_4' title="bbox 486 336 3804 435">
     <span class='ocr_line' id='line_1_4' title="bbox 486 336 3804 435; baseline -0.011 -10"><span class='ocrx_word' id='word_1_6' title='bbox 486 385 594 425; x_wconf 91' lang='lat' dir='ltr'><strong>non</strong></span> <span class='ocrx_word' id='word_1_7' title='bbox 624 364 780 421; x_wconf 68' lang='lat' dir='ltr'><strong>nobis</strong></span> <span class='ocrx_word' id='word_1_8' title='bbox 822 360 1140 435; x_wconf 76' lang='lat' dir='ltr'><strong>rependitur</strong></span> <span class='ocrx_word' id='word_1_9' title='bbox 1170 356 1312 431; x_wconf 89' lang='lat' dir='ltr'><strong>quod</strong></span> <span class='ocrx_word' id='word_1_10' title='bbox 1346 356 1788 428; x_wconf 66' lang='lat' dir='ltr'><strong>praerogavimus.</strong></span> <span class='ocrx_word' id='word_1_11' title='bbox 1823 349 2080 408; x_wconf 82' lang='lat' dir='ltr'><strong>Animad-</strong></span> <span class='ocrx_word' id='word_1_12' title='bbox 2108 353 2158 410; x_wconf 82' lang='grc' dir='ltr'><strong>Α</strong></span> <span class='ocrx_word' id='word_1_13' title='bbox 2188 357 2274 406; x_wconf 93' lang='lat' dir='ltr'><strong>tus</strong></span> <span class='ocrx_word' id='word_1_14' title='bbox 2303 351 2590 420; x_wconf 88' lang='lat' dir='ltr'><strong>episcopus</strong></span> <span class='ocrx_word' id='word_1_15' title='bbox 2618 342 2952 418; x_wconf 66' lang='lat' dir='ltr'><strong>recognovil,</strong></span> <span class='ocrx_word' id='word_1_16' title='bbox 2996 339 3316 412; x_wconf 74' lang='lat' dir='ltr'><strong>Augustinus</strong></span> <span class='ocrx_word' id='word_1_17' title='bbox 3357 337 3626 410; x_wconf 84' lang='lat' dir='ltr'><strong>episcopus</strong></span> <span class='ocrx_word' id='word_1_18' title='bbox 3687 336 3804 391; x_wconf 79' lang='lat' dir='ltr'><strong>Ec-</strong></span> 
     </span>
    </p>
   </div>
   <div class='ocr_carea' id='block_1_5' title="bbox 488 449 2087 522">
    <p class='ocr_par' dir='ltr' id='par_1_5' title="bbox 488 449 2087 522">
     <span class='ocr_line' id='line_1_5' title="bbox 488 449 2087 522; baseline -0.012 -9"><span class='ocrx_word' id='word_1_19' title='bbox 488 458 650 515; x_wconf 85' lang='lat' dir='ltr'><strong>vertit</strong></span> <span class='ocrx_word' id='word_1_20' title='bbox 694 456 946 511; x_wconf 77' lang='lat' dir='ltr'><strong>nobilitas</strong></span> <span class='ocrx_word' id='word_1_21' title='bbox 996 461 1086 508; x_wconf 89' lang='lat' dir='ltr'><strong>tua</strong></span> <span class='ocrx_word' id='word_1_22' title='bbox 1148 449 1464 522; x_wconf 93' lang='lat' dir='ltr'><strong>patientiam</strong></span> <span class='ocrx_word' id='word_1_23' title='bbox 1512 457 1753 503; x_wconf 90' lang='lat' dir='ltr'><strong>nostram</strong></span> <span class='ocrx_word' id='word_1_24' title='bbox 1801 460 1925 500; x_wconf 88' lang='lat' dir='ltr'><strong>cum</strong></span> <span class='ocrx_word' id='word_1_25' title='bbox 1983 454 2087 496; x_wconf 90' lang='lat' dir='ltr'><strong>tam</strong></span> 
     </span>
    </p>
   </div>
   <div class='ocr_carea' id='block_1_6' title="bbox 488 534 2090 624">
    <p class='ocr_par' dir='ltr' id='par_1_6' title="bbox 488 534 2090 624">
     <span class='ocr_line' id='line_1_6' title="bbox 488 534 2090 624; baseline -0.013 -16"><span class='ocrx_word' id='word_1_26' title='bbox 488 552 644 624; x_wconf 87' lang='lat' dir='ltr'><strong>longa</strong></span> <span class='ocrx_word' id='word_1_27' title='bbox 678 551 1002 606; x_wconf 73' lang='lat' dir='ltr'><strong>recitaretur</strong></span> <span class='ocrx_word' id='word_1_28' title='bbox 1025 544 1278 617; x_wconf 89' lang='lat' dir='ltr'><strong>epistola.</strong></span> <span class='ocrx_word' id='word_1_29' title='bbox 1331 540 1401 597; x_wconf 88' lang='lat' dir='ltr'><strong>Et</strong></span> <span class='ocrx_word' id='word_1_30' title='bbox 1447 557 1560 596; x_wconf 88' lang='lat' dir='ltr'><strong>cum</strong></span> <span class='ocrx_word' id='word_1_31' title='bbox 1597 541 1788 594; x_wconf 83' lang='lat' dir='ltr'><strong>diceret</strong></span> <span class='ocrx_word' id='word_1_32' title='bbox 1847 534 1956 608; x_wconf 87' lang='lat' dir='ltr'><strong>(Et</strong></span> <span class='ocrx_word' id='word_1_33' title='bbox 1985 535 2090 589; x_wconf 89' lang='lat' dir='ltr'><strong>alia</strong></span> 
     </span>
    </p>
   </div>
   <div class='ocr_carea' id='block_1_7' title="bbox 488 629 2094 714">
    <p class='ocr_par' dir='ltr' id='par_1_7' title="bbox 488 629 2094 714">
     <span class='ocr_line' id='line_1_7' title="bbox 488 629 2094 714; baseline -0.012 -12"><span class='ocrx_word' id='word_1_34' title='bbox 488 664 664 702; x_wconf 86' lang='lat' dir='ltr'><strong>manu.</strong></span> <span class='ocrx_word' id='word_1_35' title='bbox 697 640 1054 714; x_wconf 79' lang='lat' dir='ltr'><strong>Recognovi),</strong></span> <span class='ocrx_word' id='word_1_36' title='bbox 1078 637 1340 694; x_wconf 86' lang='lat' dir='ltr'><strong>Emerilus</strong></span> <span class='ocrx_word' id='word_1_37' title='bbox 1361 637 1635 707; x_wconf 85' lang='lat' dir='ltr'><strong>episcopus</strong></span> <span class='ocrx_word' id='word_1_38' title='bbox 1659 633 1809 687; x_wconf 90' lang='lat' dir='ltr'><strong>dixit.</strong></span> <span class='ocrx_word' id='word_1_39' title='bbox 1839 629 1949 686; x_wconf 84' lang='lat' dir='ltr'><strong>Nos</strong></span> <span class='ocrx_word' id='word_1_40' title='bbox 1972 644 2094 700; x_wconf 85' lang='lat' dir='ltr'><strong>gra-</strong></span> 
     </span>
    </p>
   </div>
   <div class='ocr_carea' id='block_1_8' title="bbox 489 723 2093 804">
    <p class='ocr_par' dir='ltr' id='par_1_8' title="bbox 489 723 2093 804">
     <span class='ocr_line' id='line_1_8' title="bbox 489 723 2093 804; baseline -0.01 -8"><span class='ocrx_word' id='word_1_41' title='bbox 489 749 583 796; x_wconf 91' lang='lat' dir='ltr'><strong>vat</strong></span> <span class='ocrx_word' id='word_1_42' title='bbox 608 755 729 795; x_wconf 87' lang='lat' dir='ltr'><strong>cunt</strong></span> <span class='ocrx_word' id='word_1_43' title='bbox 761 753 819 795; x_wconf 90' lang='lat' dir='ltr'><strong>se</strong></span> <span class='ocrx_word' id='word_1_44' title='bbox 843 735 975 792; x_wconf 91' lang='lat' dir='ltr'><strong>dicit</strong></span> <span class='ocrx_word' id='word_1_45' title='bbox 1002 750 1123 790; x_wconf 91' lang='lat' dir='ltr'><strong>esse</strong></span> <span class='ocrx_word' id='word_1_46' title='bbox 1149 732 1444 804; x_wconf 73' lang='lat' dir='ltr'><strong>patientem</strong></span> <span class='ocrx_word' id='word_1_47' title='bbox 1477 746 1493 796; x_wconf 89' lang='lat'><strong>;</strong></span> <span class='ocrx_word' id='word_1_48' title='bbox 1539 739 1594 784; x_wconf 91' lang='lat' dir='ltr'><strong>et</strong></span> <span class='ocrx_word' id='word_1_49' title='bbox 1621 743 1729 783; x_wconf 94' lang='lat' dir='ltr'><strong>non</strong></span> <span class='ocrx_word' id='word_1_50' title='bbox 1755 725 1918 782; x_wconf 80' lang='lat' dir='ltr'><strong>debet</strong></span> <span class='ocrx_word' id='word_1_51' title='bbox 1937 723 2005 778; x_wconf 89' lang='lat' dir='ltr'><strong>de</strong></span> <span class='ocrx_word' id='word_1_52' title='bbox 2033 738 2093 780; x_wconf 91' lang='lat' dir='ltr'><strong>se</strong></span> 
     </span>
    </p>
   </div>
   <div class='ocr_carea' id='block_1_9' title="bbox 491 820 2088 900">
    <p class='ocr_par' dir='ltr' id='par_1_9' title="bbox 491 820 2088 900">
     <span class='ocr_line' id='line_1_9' title="bbox 491 820 2088 900; baseline -0.014 -8"><span class='ocrx_word' id='word_1_53' title='bbox 491 834 636 891; x_wconf 83' lang='lat' dir='ltr'><strong>ferre</strong></span> <span class='ocrx_word' id='word_1_54' title='bbox 662 832 987 891; x_wconf 90' lang='lat' dir='ltr'><strong>sententiam</strong></span> <span class='ocrx_word' id='word_1_55' title='bbox 1015 829 1086 886; x_wconf 86' lang='lat' dir='ltr'><strong>de</strong></span> <span class='ocrx_word' id='word_1_56' title='bbox 1133 844 1240 900; x_wconf 92' lang='lat' dir='ltr'><strong>quo</strong></span> <span class='ocrx_word' id='word_1_57' title='bbox 1267 826 1407 882; x_wconf 91' lang='lat' dir='ltr'><strong>alius</strong></span> <span class='ocrx_word' id='word_1_58' title='bbox 1427 823 1652 895; x_wconf 85' lang='lat' dir='ltr'><strong>judicat.</strong></span> <span class='ocrx_word' id='word_1_59' title='bbox 1685 821 1750 876; x_wconf 82' lang='lat' dir='ltr'><strong>Et</strong></span> <span class='ocrx_word' id='word_1_60' title='bbox 1781 820 1887 876; x_wconf 88' lang='lat' dir='ltr'><strong>alia</strong></span> <span class='ocrx_word' id='word_1_61' title='bbox 1915 834 2088 872; x_wconf 87' lang='lat' dir='ltr'><strong>manu.</strong></span> 
     </span>
    </p>
   </div>
   <div class='ocr_carea' id='block_1_10' title="bbox 493 920 1447 998">
    <p class='ocr_par' dir='ltr' id='par_1_10' title="bbox 493 920 1447 998">
     <span class='ocr_line' id='line_1_10' title="bbox 493 920 1447 998; baseline -0.013 -12"><span class='ocrx_word' id='word_1_62' title='bbox 493 928 766 986; x_wconf 87' lang='lat' dir='ltr'><strong>Emeritns</strong></span> <span class='ocrx_word' id='word_1_63' title='bbox 805 926 1094 998; x_wconf 83' lang='lat' dir='ltr'><strong>episcopus</strong></span> <span class='ocrx_word' id='word_1_64' title='bbox 1124 920 1447 993; x_wconf 84' lang='lat' dir='ltr'><strong>recognovi.</strong></span> 
     </span>
    </p>
   </div>
   <div class='ocr_carea' id='block_1_11' title="bbox 563 1005 2089 1094">
    <p class='ocr_par' dir='ltr' id='par_1_11' title="bbox 563 1005 2089 1094">
     <span class='ocr_line' id='line_1_11' title="bbox 563 1005 2089 1094; baseline -0.013 -14"><span class='ocrx_word' id='word_1_65' title='bbox 563 1026 693 1082; x_wconf 82' lang='lat'><strong>265.</strong></span> <span class='ocrx_word' id='word_1_66' title='bbox 733 1021 1051 1094; x_wconf 73' lang='lat' dir='ltr'><strong>Augustinus</strong></span> <span class='ocrx_word' id='word_1_67' title='bbox 1075 1018 1347 1090; x_wconf 87' lang='lat' dir='ltr'><strong>episcopus</strong></span> <span class='ocrx_word' id='word_1_68' title='bbox 1379 1012 1626 1068; x_wconf 72' lang='lat' dir='ltr'><strong>Ecclesia:</strong></span> <span class='ocrx_word' id='word_1_69' title='bbox 1643 1008 1911 1064; x_wconf 62' lang='lat' dir='ltr'><strong>catholica!</strong></span> <span class='ocrx_word' id='word_1_70' title='bbox 1939 1005 2089 1062; x_wconf 90' lang='lat' dir='ltr'><strong>dixit.</strong></span> 
     </span>
    </p>
   </div>
   <div class='ocr_carea' id='block_1_12' title="bbox 489 1099 2096 1184">
    <p class='ocr_par' dir='ltr' id='par_1_12' title="bbox 489 1099 2096 1184">
     <span class='ocr_line' id='line_1_12' title="bbox 489 1099 2096 1184; baseline -0.015 -7"><span class='ocrx_word' id='word_1_71' title='bbox 489 1121 535 1178; x_wconf 91' lang='lat' dir='ltr'><strong>O</strong></span> <span class='ocrx_word' id='word_1_72' title='bbox 564 1122 609 1176; x_wconf 87' lang='lat' dir='ltr'><strong>si</strong></span> <span class='ocrx_word' id='word_1_73' title='bbox 655 1133 806 1174; x_wconf 83' lang='lat' dir='ltr'><strong>esses</strong></span> <span class='ocrx_word' id='word_1_74' title='bbox 834 1124 890 1172; x_wconf 89' lang='lat' dir='ltr'><strong>et</strong></span> <span class='ocrx_word' id='word_1_75' title='bbox 917 1124 972 1169; x_wconf 92' lang='lat' dir='ltr'><strong>tu</strong></span> <span class='ocrx_word' id='word_1_76' title='bbox 1019 1113 1230 1184; x_wconf 84' lang='lat' dir='ltr'><strong>patiens</strong></span> <span class='ocrx_word' id='word_1_77' title='bbox 1274 1109 1448 1164; x_wconf 92' lang='lat' dir='ltr'><strong>donec</strong></span> <span class='ocrx_word' id='word_1_78' title='bbox 1498 1105 1680 1159; x_wconf 87' lang='lat' dir='ltr'><strong>ﬁniam</strong></span> <span class='ocrx_word' id='word_1_79' title='bbox 1711 1099 1855 1173; x_wconf 90' lang='lat' dir='ltr'><strong>quod</strong></span> <span class='ocrx_word' id='word_1_80' title='bbox 1908 1113 2096 1171; x_wconf 85' lang='lat' dir='ltr'><strong>prose-</strong></span> 
     </span>
    </p>
   </div>
   <div class='ocr_carea' id='block_1_13' title="bbox 495 1193 2095 1286">
    <p class='ocr_par' dir='ltr' id='par_1_13' title="bbox 495 1193 2095 1286">
     <span class='ocr_line' id='line_1_13' title="bbox 495 1193 2095 1286; baseline -0.014 -17"><span class='ocrx_word' id='word_1_81' title='bbox 495 1214 662 1286; x_wconf 86' lang='lat' dir='ltr'><strong>quor!</strong></span> <span class='ocrx_word' id='word_1_82' title='bbox 699 1211 839 1280; x_wconf 87' lang='lat' dir='ltr'><strong>Ergo</strong></span> <span class='ocrx_word' id='word_1_83' title='bbox 865 1250 880 1275; x_wconf 93' lang='lat'><strong>,</strong></span> <span class='ocrx_word' id='word_1_84' title='bbox 913 1216 974 1262; x_wconf 93' lang='lat' dir='ltr'><strong>ut</strong></span> <span class='ocrx_word' id='word_1_85' title='bbox 1017 1205 1204 1261; x_wconf 88' lang='lat' dir='ltr'><strong>dicere</strong></span> <span class='ocrx_word' id='word_1_86' title='bbox 1229 1215 1499 1273; x_wconf 70' lang='lat' dir='ltr'><strong>cmperam</strong></span> <span class='ocrx_word' id='word_1_87' title='bbox 1525 1240 1539 1264; x_wconf 88' lang='lat'><strong>,</strong></span> <span class='ocrx_word' id='word_1_88' title='bbox 1571 1196 1755 1252; x_wconf 87' lang='lat' dir='ltr'><strong>divina</strong></span> <span class='ocrx_word' id='word_1_89' title='bbox 1786 1202 1911 1249; x_wconf 88' lang='lat' dir='ltr'><strong>sunt</strong></span> <span class='ocrx_word' id='word_1_90' title='bbox 1941 1193 2095 1249; x_wconf 90' lang='lat' dir='ltr'><strong>testi-</strong></span> 
     </span>
    </p>
   </div>
   <div class='ocr_carea' id='block_1_14' title="bbox 497 1285 2092 1364">
    <p class='ocr_par' dir='ltr' id='par_1_14' title="bbox 497 1285 2092 1364">
     <span class='ocr_line' id='line_1_14' title="bbox 497 1285 2092 1364; baseline -0.013 -3"><span class='ocrx_word' id='word_1_91' title='bbox 497 1306 679 1362; x_wconf 87' lang='lat' dir='ltr'><strong>monia</strong></span> <span class='ocrx_word' id='word_1_92' title='bbox 706 1304 774 1359; x_wconf 89' lang='lat' dir='ltr'><strong>de</strong></span> <span class='ocrx_word' id='word_1_93' title='bbox 805 1301 1027 1356; x_wconf 82' lang='lat' dir='ltr'><strong>zizaniis</strong></span> <span class='ocrx_word' id='word_1_94' title='bbox 1050 1309 1106 1354; x_wconf 88' lang='lat' dir='ltr'><strong>et</strong></span> <span class='ocrx_word' id='word_1_95' title='bbox 1136 1297 1316 1352; x_wconf 89' lang='lat' dir='ltr'><strong>tritico</strong></span> <span class='ocrx_word' id='word_1_96' title='bbox 1338 1308 1400 1350; x_wconf 90' lang='lat' dir='ltr'><strong>ea</strong></span> <span class='ocrx_word' id='word_1_97' title='bbox 1423 1307 1541 1364; x_wconf 76' lang='lat' dir='ltr'><strong>qua:</strong></span> <span class='ocrx_word' id='word_1_98' title='bbox 1562 1289 1867 1358; x_wconf 80' lang='lat' dir='ltr'><strong>intelligere</strong></span> <span class='ocrx_word' id='word_1_99' title='bbox 1895 1285 2092 1343; x_wconf 85' lang='lat' dir='ltr'><strong>conati.</strong></span> 
     </span>
    </p>
   </div>
   <div class='ocr_carea' id='block_1_15' title="bbox 498 1377 2098 1459">
    <p class='ocr_par' dir='ltr' id='par_1_15' title="bbox 498 1377 2098 1459">
     <span class='ocr_line' id='line_1_15' title="bbox 498 1377 2098 1459; baseline -0.016 0"><span class='ocrx_word' id='word_1_100' title='bbox 498 1401 883 1458; x_wconf 77' lang='lat' dir='ltr'><strong>Verumtamen</strong></span> <span class='ocrx_word' id='word_1_101' title='bbox 897 1395 965 1451; x_wconf 93' lang='lat' dir='ltr'><strong>de</strong></span> <span class='ocrx_word' id='word_1_102' title='bbox 986 1392 1192 1450; x_wconf 88' lang='lat' dir='ltr'><strong>retibus</strong></span> <span class='ocrx_word' id='word_1_103' title='bbox 1221 1386 1510 1459; x_wconf 77' lang='lat' dir='ltr'><strong>aliquando</strong></span> <span class='ocrx_word' id='word_1_104' title='bbox 1539 1383 1776 1441; x_wconf 80' lang='lat' dir='ltr'><strong>confessi</strong></span> <span class='ocrx_word' id='word_1_105' title='bbox 1805 1392 1930 1438; x_wconf 90' lang='lat' dir='ltr'><strong>sunt</strong></span> <span class='ocrx_word' id='word_1_106' title='bbox 1953 1377 2098 1450; x_wconf 91' lang='lat' dir='ltr'><strong>quod</strong></span> 
     </span>
    </p>
   </div>
   <div class='ocr_carea' id='block_1_16' title="bbox 499 1473 2100 1553">
    <p class='ocr_par' dir='ltr' id='par_1_16' title="bbox 499 1473 2100 1553">
     <span class='ocr_line' id='line_1_16' title="bbox 499 1473 2100 1553; baseline -0.014 0"><span class='ocrx_word' id='word_1_107' title='bbox 499 1496 673 1553; x_wconf 88' lang='lat' dir='ltr'><strong>malos</strong></span> <span class='ocrx_word' id='word_1_108' title='bbox 702 1504 756 1550; x_wconf 92' lang='lat' dir='ltr'><strong>et</strong></span> <span class='ocrx_word' id='word_1_109' title='bbox 789 1493 960 1548; x_wconf 89' lang='lat' dir='ltr'><strong>bonos</strong></span> <span class='ocrx_word' id='word_1_110' title='bbox 989 1487 1238 1543; x_wconf 89' lang='lat' dir='ltr'><strong>habitura</strong></span> <span class='ocrx_word' id='word_1_111' title='bbox 1264 1493 1348 1539; x_wconf 89' lang='lat' dir='ltr'><strong>est</strong></span> <span class='ocrx_word' id='word_1_112' title='bbox 1373 1480 1652 1544; x_wconf 81' lang='lat' dir='ltr'><strong>Ecclesia;</strong></span> <span class='ocrx_word' id='word_1_113' title='bbox 1687 1477 1782 1533; x_wconf 91' lang='lat' dir='ltr'><strong>sed</strong></span> <span class='ocrx_word' id='word_1_114' title='bbox 1824 1491 1920 1532; x_wconf 85' lang='lat' dir='ltr'><strong>eos</strong></span> <span class='ocrx_word' id='word_1_115' title='bbox 1945 1473 2100 1531; x_wconf 86' lang='lat' dir='ltr'><strong>dixe-</strong></span> 
     </span>
    </p>
   </div>
   <div class='ocr_carea' id='block_1_17' title="bbox 501 1571 2098 1647">
    <p class='ocr_par' dir='ltr' id='par_1_17' title="bbox 501 1571 2098 1647">
     <span class='ocr_line' id='line_1_17' title="bbox 501 1571 2098 1647; baseline -0.016 -1"><span class='ocrx_word' id='word_1_116' title='bbox 501 1596 632 1646; x_wconf 91' lang='lat' dir='ltr'><strong>runt</strong></span> <span class='ocrx_word' id='word_1_117' title='bbox 664 1600 786 1644; x_wconf 85' lang='lat' dir='ltr'><strong>esse</strong></span> <span class='ocrx_word' id='word_1_118' title='bbox 816 1581 1190 1640; x_wconf 82' lang='lat' dir='ltr'><strong>sacerdotibus</strong></span> <span class='ocrx_word' id='word_1_119' title='bbox 1217 1575 1518 1647; x_wconf 80' lang='lat' dir='ltr'><strong>incognitas</strong></span> <span class='ocrx_word' id='word_1_120' title='bbox 1541 1613 1556 1639; x_wconf 91' lang='lat'><strong>,</strong></span> <span class='ocrx_word' id='word_1_121' title='bbox 1589 1580 1645 1628; x_wconf 93' lang='lat' dir='ltr'><strong>et</strong></span> <span class='ocrx_word' id='word_1_122' title='bbox 1679 1571 1800 1626; x_wconf 88' lang='lat' dir='ltr'><strong>ideo</strong></span> <span class='ocrx_word' id='word_1_123' title='bbox 1827 1585 1932 1624; x_wconf 93' lang='lat' dir='ltr'><strong>non</strong></span> <span class='ocrx_word' id='word_1_124' title='bbox 1959 1583 2098 1639; x_wconf 70' lang='lat' dir='ltr'><strong>pra:-</strong></span> 
     </span>
    </p>
   </div>
   <div class='ocr_carea' id='block_1_18' title="bbox 495 1664 2095 1758">
    <p class='ocr_par' dir='ltr' id='par_1_18' title="bbox 495 1664 2095 1758">
     <span class='ocr_line' id='line_1_18' title="bbox 495 1664 2095 1758; baseline -0.017 -16"><span class='ocrx_word' id='word_1_125' title='bbox 495 1684 746 1758; x_wconf 82' lang='lat' dir='ltr'><strong>judicare</strong></span> <span class='ocrx_word' id='word_1_126' title='bbox 787 1678 946 1735; x_wconf 89' lang='lat' dir='ltr'><strong>bonis</strong></span> <span class='ocrx_word' id='word_1_127' title='bbox 987 1675 1242 1748; x_wconf 87' lang='lat' dir='ltr'><strong>quoniam</strong></span> <span class='ocrx_word' id='word_1_128' title='bbox 1303 1671 1703 1743; x_wconf 87' lang='lat' dir='ltr'><strong>ignorarentur.</strong></span> <span class='ocrx_word' id='word_1_129' title='bbox 1760 1664 1876 1735; x_wconf 86' lang='lat' dir='ltr'><strong>Ego</strong></span> <span class='ocrx_word' id='word_1_130' title='bbox 1915 1672 2095 1716; x_wconf 89' lang='lat' dir='ltr'><strong>autem</strong></span> 
     </span>
    </p>
   </div>
   <div class='ocr_carea' id='block_1_19' title="bbox 2192 428 3804 508">
    <p class='ocr_par' dir='ltr' id='par_1_19' title="bbox 2192 428 3804 508">
     <span class='ocr_line' id='line_1_19' title="bbox 2192 428 3804 508; baseline -0.011 -8"><span class='ocrx_word' id='word_1_131' title='bbox 2192 445 2363 500; x_wconf 74' lang='lat' dir='ltr'><strong>clesiae</strong></span> <span class='ocrx_word' id='word_1_132' title='bbox 2383 443 2650 498; x_wconf 65' lang='lat' dir='ltr'><strong>catholicae</strong></span> <span class='ocrx_word' id='word_1_133' title='bbox 2679 442 2831 496; x_wconf 88' lang='lat' dir='ltr'><strong>dixit.</strong></span> <span class='ocrx_word' id='word_1_134' title='bbox 2858 437 3083 508; x_wconf 83' lang='lat' dir='ltr'><strong>Quando</strong></span> <span class='ocrx_word' id='word_1_135' title='bbox 3107 434 3385 505; x_wconf 79' lang='lat' dir='ltr'><strong>legebatur</strong></span> <span class='ocrx_word' id='word_1_136' title='bbox 3409 432 3634 504; x_wconf 90' lang='lat' dir='ltr'><strong>epistola</strong></span> <span class='ocrx_word' id='word_1_137' title='bbox 3669 473 3689 497; x_wconf 88' lang='lat'><strong>,</strong></span> <span class='ocrx_word' id='word_1_138' title='bbox 3719 428 3804 484; x_wconf 85' lang='lat' dir='ltr'><strong>sic</strong></span> 
     </span>
    </p>
   </div>
   <div class='ocr_carea' id='block_1_20' title="bbox 2195 526 3806 606">
    <p class='ocr_par' dir='ltr' id='par_1_20' title="bbox 2195 526 3806 606">
     <span class='ocr_line' id='line_1_20' title="bbox 2195 526 3806 606; baseline -0.009 -13"><span class='ocrx_word' id='word_1_139' title='bbox 2195 536 2528 593; x_wconf 84' lang='lat' dir='ltr'><strong>habebamus</strong></span> <span class='ocrx_word' id='word_1_140' title='bbox 2574 545 2831 606; x_wconf 89' lang='lat' dir='ltr'><strong>tanquam</strong></span> <span class='ocrx_word' id='word_1_141' title='bbox 2864 533 2966 604; x_wconf 86' lang='lat' dir='ltr'><strong>ipsi</strong></span> <span class='ocrx_word' id='word_1_142' title='bbox 3008 535 3486 603; x_wconf 87' lang='lat' dir='ltr'><strong>prosequerentur.</strong></span> <span class='ocrx_word' id='word_1_143' title='bbox 3524 526 3806 582; x_wconf 85' lang='lat' dir='ltr'><strong>Prosecu-</strong></span> 
     </span>
    </p>
   </div>
   <div class='ocr_carea' id='block_1_21' title="bbox 2197 615 3807 700">
    <p class='ocr_par' dir='ltr' id='par_1_21' title="bbox 2197 615 3807 700">
     <span class='ocr_line' id='line_1_21' title="bbox 2197 615 3807 700; baseline -0.011 -14"><span class='ocrx_word' id='word_1_144' title='bbox 2197 631 2328 686; x_wconf 93' lang='lat' dir='ltr'><strong>tioni</strong></span> <span class='ocrx_word' id='word_1_145' title='bbox 2378 629 2625 700; x_wconf 89' lang='lat' dir='ltr'><strong>ipsorum</strong></span> <span class='ocrx_word' id='word_1_146' title='bbox 2663 625 2994 698; x_wconf 65' lang='lat' dir='ltr'><strong>praebuimus</strong></span> <span class='ocrx_word' id='word_1_147' title='bbox 3033 621 3327 678; x_wconf 90' lang='lat' dir='ltr'><strong>silentium.</strong></span> <span class='ocrx_word' id='word_1_148' title='bbox 3353 618 3487 675; x_wconf 84' lang='lat' dir='ltr'><strong>Nolo</strong></span> <span class='ocrx_word' id='word_1_149' title='bbox 3539 619 3688 674; x_wconf 88' lang='lat' dir='ltr'><strong>enim</strong></span> <span class='ocrx_word' id='word_1_150' title='bbox 3719 615 3807 670; x_wconf 91' lang='lat' dir='ltr'><strong>di-</strong></span> 
     </span>
    </p>
   </div>
   <div class='ocr_carea' id='block_1_22' title="bbox 2195 712 3810 794">
    <p class='ocr_par' dir='ltr' id='par_1_22' title="bbox 2195 712 3810 794">
     <span class='ocr_line' id='line_1_22' title="bbox 2195 712 3810 794; baseline -0.008 -15"><span class='ocrx_word' id='word_1_151' title='bbox 2195 738 2323 779; x_wconf 89' lang='lat' dir='ltr'><strong>cere</strong></span> <span class='ocrx_word' id='word_1_152' title='bbox 2367 723 2686 794; x_wconf 87' lang='lat' dir='ltr'><strong>patientiam</strong></span> <span class='ocrx_word' id='word_1_153' title='bbox 2714 719 2879 791; x_wconf 89' lang='lat' dir='ltr'><strong>,quia</strong></span> <span class='ocrx_word' id='word_1_154' title='bbox 2932 717 2985 773; x_wconf 92' lang='lat' dir='ltr'><strong>id</strong></span> <span class='ocrx_word' id='word_1_155' title='bbox 3034 715 3458 772; x_wconf 89' lang='lat' dir='ltr'><strong>calumniantur.</strong></span> <span class='ocrx_word' id='word_1_156' title='bbox 3507 712 3810 769; x_wconf 75' lang='lat' dir='ltr'><strong>Pra-beaut</strong></span> 
     </span>
    </p>
   </div>
   <div class='ocr_carea' id='block_1_23' title="bbox 2197 803 3804 884">
    <p class='ocr_par' dir='ltr' id='par_1_23' title="bbox 2197 803 3804 884">
     <span class='ocr_line' id='line_1_23' title="bbox 2197 803 3804 884; baseline -0.011 -13"><span class='ocrx_word' id='word_1_157' title='bbox 2197 814 2353 871; x_wconf 89' lang='lat' dir='ltr'><strong>nobis</strong></span> <span class='ocrx_word' id='word_1_158' title='bbox 2381 823 2432 870; x_wconf 91' lang='lat' dir='ltr'><strong>et</strong></span> <span class='ocrx_word' id='word_1_159' title='bbox 2470 814 2570 884; x_wconf 86' lang='lat' dir='ltr'><strong>ipsi</strong></span> <span class='ocrx_word' id='word_1_160' title='bbox 2611 813 2913 869; x_wconf 91' lang='lat' dir='ltr'><strong>silentium.</strong></span> <span class='ocrx_word' id='word_1_161' title='bbox 2960 808 3028 863; x_wconf 87' lang='lat' dir='ltr'><strong>Et</strong></span> <span class='ocrx_word' id='word_1_162' title='bbox 3077 808 3182 863; x_wconf 87' lang='lat' dir='ltr'><strong>alia</strong></span> <span class='ocrx_word' id='word_1_163' title='bbox 3229 824 3405 863; x_wconf 87' lang='lat' dir='ltr'><strong>manu.</strong></span> <span class='ocrx_word' id='word_1_164' title='bbox 3458 803 3804 877; x_wconf 77' lang='lat' dir='ltr'><strong>Recognovi.</strong></span> 
     </span>
    </p>
   </div>
   <div class='ocr_carea' id='block_1_24' title="bbox 2194 901 3810 980">
    <p class='ocr_par' dir='ltr' id='par_1_24' title="bbox 2194 901 3810 980">
     <span class='ocr_line' id='line_1_24' title="bbox 2194 901 3810 980; baseline -0.008 -14"><span class='ocrx_word' id='word_1_165' title='bbox 2194 909 2494 967; x_wconf 80' lang='lat' dir='ltr'><strong>Adeodatus</strong></span> <span class='ocrx_word' id='word_1_166' title='bbox 2543 911 2814 980; x_wconf 75' lang='lat' dir='ltr'><strong>episcomts</strong></span> <span class='ocrx_word' id='word_1_167' title='bbox 2860 907 3013 960; x_wconf 90' lang='lat' dir='ltr'><strong>dixit.</strong></span> <span class='ocrx_word' id='word_1_168' title='bbox 3053 903 3347 960; x_wconf 85' lang='lat' dir='ltr'><strong>Possumus</strong></span> <span class='ocrx_word' id='word_1_169' title='bbox 3404 901 3652 974; x_wconf 70' lang='lat' dir='ltr'><strong>prxbere</strong></span> <span class='ocrx_word' id='word_1_170' title='bbox 3707 915 3810 968; x_wconf 68' lang='grc' dir='ltr'><strong>μι-</strong></span> 
     </span>
    </p>
   </div>
   <div class='ocr_carea' id='block_1_25' title="bbox 2195 995 3813 1074">
    <p class='ocr_par' dir='ltr' id='par_1_25' title="bbox 2195 995 3813 1074">
     <span class='ocr_line' id='line_1_25' title="bbox 2195 995 3813 1074; baseline -0.009 -13"><span class='ocrx_word' id='word_1_171' title='bbox 2195 1005 2478 1071; x_wconf 88' lang='lat' dir='ltr'><strong>tientiam;</strong></span> <span class='ocrx_word' id='word_1_172' title='bbox 2517 1017 2677 1074; x_wconf 89' lang='lat' dir='ltr'><strong>quam</strong></span> <span class='ocrx_word' id='word_1_173' title='bbox 2707 1000 2926 1072; x_wconf 87' lang='lat' dir='ltr'><strong>quidem</strong></span> <span class='ocrx_word' id='word_1_174' title='bbox 2963 999 3265 1068; x_wconf 63' lang='lat' dir='ltr'><strong>praebemus</strong></span> <span class='ocrx_word' id='word_1_175' title='bbox 3295 1041 3308 1063; x_wconf 97' lang='lat'><strong>,</strong></span> <span class='ocrx_word' id='word_1_176' title='bbox 3341 995 3384 1050; x_wconf 90' lang='lat' dir='ltr'><strong>si</strong></span> <span class='ocrx_word' id='word_1_177' title='bbox 3417 1009 3479 1050; x_wconf 90' lang='lat' dir='ltr'><strong>ea</strong></span> <span class='ocrx_word' id='word_1_178' title='bbox 3507 1009 3630 1065; x_wconf 67' lang='lat' dir='ltr'><strong>quae</strong></span> <span class='ocrx_word' id='word_1_179' title='bbox 3675 1007 3813 1063; x_wconf 81' lang='lat' dir='ltr'><strong>pars</strong></span> 
     </span>
    </p>
   </div>
   <div class='ocr_carea' id='block_1_26' title="bbox 2195 1088 3809 1161">
    <p class='ocr_par' dir='ltr' id='par_1_26' title="bbox 2195 1088 3809 1161">
     <span class='ocr_line' id='line_1_26' title="bbox 2195 1088 3809 1161; baseline -0.009 -8"><span class='ocrx_word' id='word_1_180' title='bbox 2195 1097 2413 1154; x_wconf 89' lang='lat' dir='ltr'><strong>diversa</strong></span> <span class='ocrx_word' id='word_1_181' title='bbox 2483 1095 2715 1161; x_wconf 88' lang='lat' dir='ltr'><strong>asserit,</strong></span> <span class='ocrx_word' id='word_1_182' title='bbox 2778 1092 3013 1148; x_wconf 90' lang='lat' dir='ltr'><strong>habeant</strong></span> <span class='ocrx_word' id='word_1_183' title='bbox 3076 1088 3438 1145; x_wconf 76' lang='lat' dir='ltr'><strong>firmissimam</strong></span> <span class='ocrx_word' id='word_1_184' title='bbox 3497 1088 3809 1142; x_wconf 79' lang='lat' dir='ltr'><strong>rationein.</strong></span> 
     </span>
    </p>
   </div>
   <div class='ocr_carea' id='block_1_27' title="bbox 2196 1179 3816 1256">
    <p class='ocr_par' dir='ltr' id='par_1_27' title="bbox 2196 1179 3816 1256">
     <span class='ocr_line' id='line_1_27' title="bbox 2196 1179 3816 1256; baseline -0.008 -10"><span class='ocrx_word' id='word_1_185' title='bbox 2196 1191 2331 1246; x_wconf 86' lang='lat' dir='ltr'><strong>Nam</strong></span> <span class='ocrx_word' id='word_1_186' title='bbox 2358 1205 2481 1245; x_wconf 91' lang='lat' dir='ltr'><strong>cum</strong></span> <span class='ocrx_word' id='word_1_187' title='bbox 2509 1189 2666 1243; x_wconf 87' lang='lat' dir='ltr'><strong>aliter</strong></span> <span class='ocrx_word' id='word_1_188' title='bbox 2693 1187 2777 1242; x_wconf 86' lang='lat' dir='ltr'><strong>lex</strong></span> <span class='ocrx_word' id='word_1_189' title='bbox 2809 1187 3195 1256; x_wconf 78' lang='lat' dir='ltr'><strong>interpretetur</strong></span> <span class='ocrx_word' id='word_1_190' title='bbox 3223 1199 3383 1254; x_wconf 81' lang='lat' dir='ltr'><strong>quam</strong></span> <span class='ocrx_word' id='word_1_191' title='bbox 3413 1189 3526 1248; x_wconf 88' lang='lat' dir='ltr'><strong>est,</strong></span> <span class='ocrx_word' id='word_1_192' title='bbox 3562 1181 3697 1252; x_wconf 89' lang='lat' dir='ltr'><strong>quis</strong></span> <span class='ocrx_word' id='word_1_193' title='bbox 3725 1179 3816 1234; x_wconf 72' lang='lat' dir='ltr'><strong>fe~</strong></span> 
     </span>
    </p>
   </div>
   <div class='ocr_carea' id='block_1_28' title="bbox 2199 1271 3819 1356">
    <p class='ocr_par' dir='ltr' id='par_1_28' title="bbox 2199 1271 3819 1356">
     <span class='ocr_line' id='line_1_28' title="bbox 2199 1271 3819 1356; baseline -0.01 -14"><span class='ocrx_word' id='word_1_194' title='bbox 2199 1296 2315 1353; x_wconf 87' lang='lat' dir='ltr'><strong>rat,</strong></span> <span class='ocrx_word' id='word_1_195' title='bbox 2365 1284 2486 1356; x_wconf 91' lang='lat' dir='ltr'><strong>quis</strong></span> <span class='ocrx_word' id='word_1_196' title='bbox 2516 1283 2757 1356; x_wconf 89' lang='lat' dir='ltr'><strong>patiatur</strong></span> <span class='ocrx_word' id='word_1_197' title='bbox 2787 1280 3008 1337; x_wconf 89' lang='lat' dir='ltr'><strong>silentio</strong></span> <span class='ocrx_word' id='word_1_198' title='bbox 3049 1277 3252 1334; x_wconf 78' lang='lat' dir='ltr'><strong>adferri</strong></span> <span class='ocrx_word' id='word_1_199' title='bbox 3291 1273 3709 1347; x_wconf 76' lang='lat' dir='ltr'><strong>pra-judicium?</strong></span> <span class='ocrx_word' id='word_1_200' title='bbox 3744 1271 3819 1326; x_wconf 80' lang='lat' dir='ltr'><strong>Et</strong></span> 
     </span>
    </p>
   </div>
   <div class='ocr_carea' id='block_1_29' title="bbox 2199 1366 3823 1442">
    <p class='ocr_par' dir='ltr' id='par_1_29' title="bbox 2199 1366 3823 1442">
     <span class='ocr_line' id='line_1_29' title="bbox 2199 1366 3823 1442; baseline -0.009 -8"><span class='ocrx_word' id='word_1_201' title='bbox 2199 1379 2307 1434; x_wconf 86' lang='lat' dir='ltr'><strong>alia</strong></span> <span class='ocrx_word' id='word_1_202' title='bbox 2337 1395 2516 1433; x_wconf 83' lang='lat' dir='ltr'><strong>manu.</strong></span> <span class='ocrx_word' id='word_1_203' title='bbox 2552 1375 2869 1432; x_wconf 82' lang='lat' dir='ltr'><strong>Adeodatus</strong></span> <span class='ocrx_word' id='word_1_204' title='bbox 2911 1373 3200 1442; x_wconf 88' lang='lat' dir='ltr'><strong>episcopus</strong></span> <span class='ocrx_word' id='word_1_205' title='bbox 3226 1369 3528 1440; x_wconf 72' lang='lat' dir='ltr'><strong>recognovi.</strong></span> <span class='ocrx_word' id='word_1_206' title='bbox 3575 1366 3823 1420; x_wconf 74' lang='lat' dir='ltr'><strong>Vincen-</strong></span> 
     </span>
    </p>
   </div>
   <div class='ocr_carea' id='block_1_30' title="bbox 2199 1458 3824 1541">
    <p class='ocr_par' dir='ltr' id='par_1_30' title="bbox 2199 1458 3824 1541">
     <span class='ocr_line' id='line_1_30' title="bbox 2199 1458 3824 1541; baseline -0.007 -15"><span class='ocrx_word' id='word_1_207' title='bbox 2199 1472 2304 1526; x_wconf 92' lang='lat' dir='ltr'><strong>tius</strong></span> <span class='ocrx_word' id='word_1_208' title='bbox 2322 1471 2592 1541; x_wconf 84' lang='lat' dir='ltr'><strong>episcOpus</strong></span> <span class='ocrx_word' id='word_1_209' title='bbox 2615 1467 2865 1522; x_wconf 74' lang='lat' dir='ltr'><strong>Ecclesia:</strong></span> <span class='ocrx_word' id='word_1_210' title='bbox 2885 1465 3151 1520; x_wconf 71' lang='lat' dir='ltr'><strong>catholicae</strong></span> <span class='ocrx_word' id='word_1_211' title='bbox 3171 1463 3325 1518; x_wconf 89' lang='lat' dir='ltr'><strong>dixit.</strong></span> <span class='ocrx_word' id='word_1_212' title='bbox 3348 1461 3512 1518; x_wconf 86' lang='lat' dir='ltr'><strong>Serva</strong></span> <span class='ocrx_word' id='word_1_213' title='bbox 3536 1460 3630 1516; x_wconf 89' lang='lat' dir='ltr'><strong>tibi</strong></span> <span class='ocrx_word' id='word_1_214' title='bbox 3659 1458 3824 1529; x_wconf 85' lang='lat' dir='ltr'><strong>quod</strong></span> 
     </span>
    </p>
   </div>
   <div class='ocr_carea' id='block_1_31' title="bbox 2200 1555 3819 1636">
    <p class='ocr_par' dir='ltr' id='par_1_31' title="bbox 2200 1555 3819 1636">
     <span class='ocr_line' id='line_1_31' title="bbox 2200 1555 3819 1636; baseline -0.009 -14"><span class='ocrx_word' id='word_1_215' title='bbox 2200 1562 2572 1636; x_wconf 85' lang='lat' dir='ltr'><strong>reprehendas</strong></span> <span class='ocrx_word' id='word_1_216' title='bbox 2624 1565 2668 1617; x_wconf 89' lang='lat' dir='ltr'><strong>si</strong></span> <span class='ocrx_word' id='word_1_217' title='bbox 2708 1560 2909 1633; x_wconf 88' lang='lat' dir='ltr'><strong>aliquid</strong></span> <span class='ocrx_word' id='word_1_218' title='bbox 2940 1557 3348 1615; x_wconf 85' lang='lat' dir='ltr'><strong>contradicitur.</strong></span> <span class='ocrx_word' id='word_1_219' title='bbox 3395 1555 3459 1609; x_wconf 85' lang='lat' dir='ltr'><strong>Et</strong></span> <span class='ocrx_word' id='word_1_220' title='bbox 3483 1555 3588 1610; x_wconf 87' lang='lat' dir='ltr'><strong>alia</strong></span> <span class='ocrx_word' id='word_1_221' title='bbox 3612 1569 3819 1608; x_wconf 73' lang='lat' dir='ltr'><strong>nianu.</strong></span> 
     </span>
    </p>
   </div>
   <div class='ocr_carea' id='block_1_32' title="bbox 2200 1658 2530 1732">
    <p class='ocr_par' dir='ltr' id='par_1_32' title="bbox 2200 1658 2530 1732">
     <span class='ocr_line' id='line_1_32' title="bbox 2200 1658 2530 1732; baseline -0.018 -15"><span class='ocrx_word' id='word_1_222' title='bbox 2200 1658 2530 1732; x_wconf 84' lang='lat' dir='ltr'><strong>Recognovi.</strong></span> 
     </span>
    </p>
   </div>
   <div class='ocr_carea' id='block_1_33' title="bbox 499 1743 3824 1850">
    <p class='ocr_par' dir='ltr' id='par_1_33' title="bbox 499 1743 3824 1850">
     <span class='ocr_line' id='line_1_33' title="bbox 499 1743 3824 1850; baseline -0.017 -15"><span class='ocrx_word' id='word_1_223' title='bbox 499 1743 717 1850; x_wconf 74' lang='lat' dir='ltr'><strong>possem</strong></span> <span class='ocrx_word' id='word_1_224' title='bbox 748 1743 1234 1846; x_wconf 77' lang='lat' dir='ltr'><strong>qualibuscumque</strong></span> <span class='ocrx_word' id='word_1_225' title='bbox 1264 1762 1593 1820; x_wconf 75' lang='lat' dir='ltr'><strong>facultatula:</strong></span> <span class='ocrx_word' id='word_1_226' title='bbox 1615 1773 1752 1815; x_wconf 66' lang='lat' dir='ltr'><strong>meae</strong></span> <span class='ocrx_word' id='word_1_227' title='bbox 1783 1755 2098 1850; x_wconf 43' lang='lat' dir='ltr'><strong>assertionif</strong></span> <span class='ocrx_word' id='word_1_228' title='bbox 2128 1743 2176 1803; x_wconf 90' lang='grc' dir='ltr'><strong>Β</strong></span> <span class='ocrx_word' id='word_1_229' title='bbox 2274 1778 2402 1833; x_wconf 49' lang='lat'><strong>2-”.</strong></span> <span class='ocrx_word' id='word_1_230' title='bbox 2444 1775 2778 1831; x_wconf 54' lang='lat' dir='ltr'><strong>Marcellinus</strong></span> <span class='ocrx_word' id='word_1_231' title='bbox 2821 1772 2887 1828; x_wconf 40' lang='grc' dir='ltr'><strong>γ’</strong></span> <span class='ocrx_word' id='word_1_232' title='bbox 2919 1769 2981 1826; x_wconf 50' lang='grc' dir='ltr'><strong>ς.</strong></span> <span class='ocrx_word' id='word_1_233' title='bbox 3023 1770 3257 1824; x_wconf 49' lang='lat' dir='ltr'><strong>tribum“</strong></span> <span class='ocrx_word' id='word_1_234' title='bbox 3286 1777 3333 1823; x_wconf 59' lang='grc' dir='ltr'>ει</span> <span class='ocrx_word' id='word_1_235' title='bbox 3375 1766 3600 1822; x_wconf 58' lang='lat' dir='ltr'><strong>“own.”</strong></span> <span class='ocrx_word' id='word_1_236' title='bbox 3649 1765 3824 1818; x_wconf 45' lang='lat' dir='ltr'><strong>dixit.</strong></span> 
     </span>
    </p>
   </div>
   <div class='ocr_carea' id='block_1_34' title="bbox 501 1847 2100 1927">
    <p class='ocr_par' dir='ltr' id='par_1_34' title="bbox 501 1847 2100 1927">
     <span class='ocr_line' id='line_1_34' title="bbox 501 1847 2100 1927; baseline -0.016 0"><span class='ocrx_word' id='word_1_237' title='bbox 501 1871 612 1927; x_wconf 84' lang='lat' dir='ltr'><strong>bus</strong></span> <span class='ocrx_word' id='word_1_238' title='bbox 631 1866 919 1926; x_wconf 89' lang='lat' dir='ltr'><strong>ostendere</strong></span> <span class='ocrx_word' id='word_1_239' title='bbox 949 1863 1098 1920; x_wconf 91' lang='lat' dir='ltr'><strong>illum</strong></span> <span class='ocrx_word' id='word_1_240' title='bbox 1123 1874 1246 1917; x_wconf 88' lang='lat' dir='ltr'><strong>esse</strong></span> <span class='ocrx_word' id='word_1_241' title='bbox 1270 1856 1536 1913; x_wconf 87' lang='lat' dir='ltr'><strong>veriorem</strong></span> <span class='ocrx_word' id='word_1_242' title='bbox 1561 1852 1892 1909; x_wconf 90' lang='lat' dir='ltr'><strong>intellectum</strong></span> <span class='ocrx_word' id='word_1_243' title='bbox 1911 1891 1926 1918; x_wconf 86' lang='lat'><strong>,</strong></span> <span class='ocrx_word' id='word_1_244' title='bbox 1958 1847 2100 1920; x_wconf 91' lang='lat' dir='ltr'><strong>quod</strong></span> 
     </span>
    </p>
   </div>
   <div class='ocr_carea' id='block_1_35' title="bbox 500 1945 2105 2022">
    <p class='ocr_par' dir='ltr' id='par_1_35' title="bbox 500 1945 2105 2022">
     <span class='ocr_line' id='line_1_35' title="bbox 500 1945 2105 2022; baseline -0.015 0"><span class='ocrx_word' id='word_1_245' title='bbox 500 1965 748 2022; x_wconf 86' lang='lat' dir='ltr'><strong>Ecclesia</strong></span> <span class='ocrx_word' id='word_1_246' title='bbox 779 1961 973 2018; x_wconf 83' lang='lat' dir='ltr'><strong>habeat</strong></span> <span class='ocrx_word' id='word_1_247' title='bbox 1003 1967 1058 2016; x_wconf 90' lang='lat' dir='ltr'><strong>et</strong></span> <span class='ocrx_word' id='word_1_248' title='bbox 1085 1958 1259 2013; x_wconf 86' lang='lat' dir='ltr'><strong>bonos</strong></span> <span class='ocrx_word' id='word_1_249' title='bbox 1289 1965 1343 2010; x_wconf 91' lang='lat' dir='ltr'><strong>et</strong></span> <span class='ocrx_word' id='word_1_250' title='bbox 1385 1950 1557 2007; x_wconf 88' lang='lat' dir='ltr'><strong>malos</strong></span> <span class='ocrx_word' id='word_1_251' title='bbox 1583 1989 1599 2016; x_wconf 92' lang='lat'><strong>,</strong></span> <span class='ocrx_word' id='word_1_252' title='bbox 1651 1947 1854 2003; x_wconf 85' lang='lat' dir='ltr'><strong>zizania</strong></span> <span class='ocrx_word' id='word_1_253' title='bbox 1893 1945 2105 2001; x_wconf 90' lang='lat' dir='ltr'><strong>scilicet</strong></span> 
     </span>
    </p>
   </div>
   <div class='ocr_carea' id='block_1_36' title="bbox 508 2041 2104 2123">
    <p class='ocr_par' dir='ltr' id='par_1_36' title="bbox 508 2041 2104 2123">
     <span class='ocr_line' id='line_1_36' title="bbox 508 2041 2104 2123; baseline -0.016 -8"><span class='ocrx_word' id='word_1_254' title='bbox 508 2068 566 2116; x_wconf 88' lang='lat' dir='ltr'><strong>et</strong></span> <span class='ocrx_word' id='word_1_255' title='bbox 618 2058 854 2113; x_wconf 89' lang='lat' dir='ltr'><strong>triticum</strong></span> <span class='ocrx_word' id='word_1_256' title='bbox 883 2097 897 2123; x_wconf 93' lang='lat'><strong>,</strong></span> <span class='ocrx_word' id='word_1_257' title='bbox 931 2051 1302 2120; x_wconf 91' lang='lat' dir='ltr'><strong>mundumque</strong></span> <span class='ocrx_word' id='word_1_258' title='bbox 1329 2048 1504 2117; x_wconf 89' lang='lat' dir='ltr'><strong>ipsum</strong></span> <span class='ocrx_word' id='word_1_259' title='bbox 1541 2041 1832 2113; x_wconf 90' lang='lat' dir='ltr'><strong>apellatum</strong></span> <span class='ocrx_word' id='word_1_260' title='bbox 1857 2052 1980 2094; x_wconf 85' lang='lat' dir='ltr'><strong>esse</strong></span> <span class='ocrx_word' id='word_1_261' title='bbox 2006 2051 2104 2108; x_wconf 91' lang='lat' dir='ltr'><strong>pro</strong></span> 
     </span>
    </p>
   </div>
   <div class='ocr_carea' id='block_1_37' title="bbox 500 2131 2106 2218">
    <p class='ocr_par' dir='ltr' id='par_1_37' title="bbox 500 2131 2106 2218">
     <span class='ocr_line' id='line_1_37' title="bbox 500 2131 2106 2218; baseline -0.017 -5"><span class='ocrx_word' id='word_1_262' title='bbox 500 2154 766 2213; x_wconf 64' lang='lat' dir='ltr'><strong>Ecclesia:</strong></span> <span class='ocrx_word' id='word_1_263' title='bbox 811 2149 1029 2207; x_wconf 88' lang='lat' dir='ltr'><strong>nomine</strong></span> <span class='ocrx_word' id='word_1_264' title='bbox 1049 2190 1064 2215; x_wconf 90' lang='lat'><strong>,</strong></span> <span class='ocrx_word' id='word_1_265' title='bbox 1117 2140 1556 2218; x_wconf 89' lang='lat' dir='ltr'><strong>quandoquidem</strong></span> <span class='ocrx_word' id='word_1_266' title='bbox 1587 2136 1851 2192; x_wconf 89' lang='lat' dir='ltr'><strong>Dominus</strong></span> <span class='ocrx_word' id='word_1_267' title='bbox 1883 2133 1999 2204; x_wconf 88' lang='lat' dir='ltr'><strong>ipse</strong></span> <span class='ocrx_word' id='word_1_268' title='bbox 2023 2131 2106 2186; x_wconf 91' lang='lat' dir='ltr'><strong>di-</strong></span> 
     </span>
    </p>
   </div>
   <div class='ocr_carea' id='block_1_38' title="bbox 501 2227 2103 2321">
    <p class='ocr_par' dir='ltr' id='par_1_38' title="bbox 501 2227 2103 2321">
     <span class='ocr_line' id='line_1_38' title="bbox 501 2227 2103 2321; baseline -0.018 -13"><span class='ocrx_word' id='word_1_269' title='bbox 501 2252 578 2308; x_wconf 90' lang='lat' dir='ltr'><strong>cit</strong></span> <span class='ocrx_word' id='word_1_270' title='bbox 608 2269 622 2308; x_wconf 88' lang='lat'><strong>:</strong></span> <span class='ocrx_word' id='word_1_271' title='bbox 654 2249 777 2304; x_wconf 85' lang='lat' dir='ltr'><strong>Non</strong></span> <span class='ocrx_word' id='word_1_272' title='bbox 798 2257 852 2302; x_wconf 90' lang='lat' dir='ltr'><strong>ut</strong></span> <span class='ocrx_word' id='word_1_273' title='bbox 871 2245 1077 2321; x_wconf 87' lang='lat' dir='ltr'><strong>judicet</strong></span> <span class='ocrx_word' id='word_1_274' title='bbox 1109 2239 1363 2295; x_wconf 87' lang='lat' dir='ltr'><strong>mundum</strong></span> <span class='ocrx_word' id='word_1_275' title='bbox 1385 2278 1400 2301; x_wconf 95' lang='lat'><strong>,</strong></span> <span class='ocrx_word' id='word_1_276' title='bbox 1432 2233 1522 2291; x_wconf 86' lang='lat' dir='ltr'><strong>sed</strong></span> <span class='ocrx_word' id='word_1_277' title='bbox 1550 2243 1605 2288; x_wconf 89' lang='lat' dir='ltr'><strong>ut</strong></span> <span class='ocrx_word' id='word_1_278' title='bbox 1633 2231 1860 2287; x_wconf 83' lang='lat' dir='ltr'><strong>salvetur</strong></span> <span class='ocrx_word' id='word_1_279' title='bbox 1878 2227 2103 2283; x_wconf 88' lang='lat' dir='ltr'><strong>mundus</strong></span> 
     </span>
    </p>
   </div>
   <div class='ocr_carea' id='block_1_39' title="bbox 501 2323 2099 2418">
    <p class='ocr_par' dir='ltr' id='par_1_39' title="bbox 501 2323 2099 2418">
     <span class='ocr_line' id='line_1_39' title="bbox 501 2323 2099 2418; baseline -0.018 -17"><span class='ocrx_word' id='word_1_280' title='bbox 501 2363 594 2418; x_wconf 82' lang='lat' dir='ltr'><strong>per</strong></span> <span class='ocrx_word' id='word_1_281' title='bbox 643 2346 813 2414; x_wconf 84' lang='lat' dir='ltr'><strong>ipsum</strong></span> <span class='ocrx_word' id='word_1_282' title='bbox 844 2337 1036 2415; x_wconf 85' lang='lat' dir='ltr'><strong>(Joan.</strong></span> <span class='ocrx_word' id='word_1_283' title='bbox 1071 2333 1190 2407; x_wconf 89' lang='grc' dir='ltr'>ιιι),</span> <span class='ocrx_word' id='word_1_284' title='bbox 1231 2347 1355 2389; x_wconf 89' lang='lat' dir='ltr'><strong>cum</strong></span> <span class='ocrx_word' id='word_1_285' title='bbox 1385 2328 1623 2386; x_wconf 89' lang='lat' dir='ltr'><strong>sciamus</strong></span> <span class='ocrx_word' id='word_1_286' title='bbox 1654 2323 1943 2380; x_wconf 91' lang='lat' dir='ltr'><strong>Dominum</strong></span> <span class='ocrx_word' id='word_1_287' title='bbox 1991 2333 2099 2374; x_wconf 93' lang='lat' dir='ltr'><strong>non</strong></span> 
     </span>
    </p>
   </div>
   <div class='ocr_carea' id='block_1_40' title="bbox 501 2412 2029 2495">
    <p class='ocr_par' dir='ltr' id='par_1_40' title="bbox 501 2412 2029 2495">
     <span class='ocr_line' id='line_1_40' title="bbox 501 2412 2029 2495; baseline -0.018 0"><span class='ocrx_word' id='word_1_288' title='bbox 501 2438 715 2495; x_wconf 85' lang='lat' dir='ltr'><strong>salvare</strong></span> <span class='ocrx_word' id='word_1_289' title='bbox 744 2412 865 2491; x_wconf 79' lang='lat' dir='ltr'><strong>nisi</strong></span> <span class='ocrx_word' id='word_1_290' title='bbox 892 2429 1219 2488; x_wconf 86' lang='lat' dir='ltr'><strong>Ecelesiam.</strong></span> <span class='ocrx_word' id='word_1_291' title='bbox 1251 2423 1322 2479; x_wconf 90' lang='lat' dir='ltr'><strong>Et</strong></span> <span class='ocrx_word' id='word_1_292' title='bbox 1353 2423 1460 2478; x_wconf 88' lang='lat' dir='ltr'><strong>alia</strong></span> <span class='ocrx_word' id='word_1_293' title='bbox 1485 2436 1664 2474; x_wconf 88' lang='lat' dir='ltr'><strong>manu.</strong></span> <span class='ocrx_word' id='word_1_294' title='bbox 1696 2412 2029 2486; x_wconf 74' lang='lat' dir='ltr'><strong>Recognovi.</strong></span> 
     </span>
    </p>
   </div>
   <div class='ocr_carea' id='block_1_41' title="bbox 569 2508 2105 2592">
    <p class='ocr_par' dir='ltr' id='par_1_41' title="bbox 569 2508 2105 2592">
     <span class='ocr_line' id='line_1_41' title="bbox 569 2508 2105 2592; baseline -0.018 -7"><span class='ocrx_word' id='word_1_295' title='bbox 569 2529 697 2587; x_wconf 79' lang='lat'><strong>266.</strong></span> <span class='ocrx_word' id='word_1_296' title='bbox 742 2525 1004 2582; x_wconf 87' lang='lat' dir='ltr'><strong>Emeritus</strong></span> <span class='ocrx_word' id='word_1_297' title='bbox 1029 2521 1299 2592; x_wconf 87' lang='lat' dir='ltr'><strong>episcopus</strong></span> <span class='ocrx_word' id='word_1_298' title='bbox 1323 2514 1480 2570; x_wconf 88' lang='lat' dir='ltr'><strong>dixit.</strong></span> <span class='ocrx_word' id='word_1_299' title='bbox 1511 2508 1744 2567; x_wconf 84' lang='lat' dir='ltr'><strong>Mundus</strong></span> <span class='ocrx_word' id='word_1_300' title='bbox 1796 2516 1848 2563; x_wconf 93' lang='lat' dir='ltr'><strong>te</strong></span> <span class='ocrx_word' id='word_1_301' title='bbox 1880 2519 1986 2560; x_wconf 92' lang='lat' dir='ltr'><strong>non</strong></span> <span class='ocrx_word' id='word_1_302' title='bbox 2013 2516 2105 2558; x_wconf 93' lang='lat' dir='ltr'><strong>co-</strong></span> 
     </span>
    </p>
   </div>
   <div class='ocr_carea' id='block_1_42' title="bbox 497 2593 2106 2700">
    <p class='ocr_par' dir='ltr' id='par_1_42' title="bbox 497 2593 2106 2700">
     <span class='ocr_line' id='line_1_42' title="bbox 497 2593 2106 2700; baseline -0.021 -18"><span class='ocrx_word' id='word_1_303' title='bbox 497 2624 707 2700; x_wconf 89' lang='lat' dir='ltr'><strong>gnovit.</strong></span> <span class='ocrx_word' id='word_1_304' title='bbox 742 2621 884 2692; x_wconf 86' lang='lat' dir='ltr'><strong>Ergo</strong></span> <span class='ocrx_word' id='word_1_305' title='bbox 912 2619 1080 2674; x_wconf 91' lang='lat' dir='ltr'><strong>Deum</strong></span> <span class='ocrx_word' id='word_1_306' title='bbox 1116 2609 1355 2668; x_wconf 74' lang='lat' dir='ltr'><strong>Ecclesia</strong></span> <span class='ocrx_word' id='word_1_307' title='bbox 1387 2621 1494 2662; x_wconf 94' lang='lat' dir='ltr'><strong>non</strong></span> <span class='ocrx_word' id='word_1_308' title='bbox 1525 2600 1770 2673; x_wconf 79' lang='lat' dir='ltr'><strong>agnovit,</strong></span> <span class='ocrx_word' id='word_1_309' title='bbox 1803 2597 1850 2654; x_wconf 89' lang='lat' dir='ltr'><strong>si</strong></span> <span class='ocrx_word' id='word_1_310' title='bbox 1873 2593 2106 2652; x_wconf 89' lang='lat' dir='ltr'><strong>mundus</strong></span> 
     </span>
    </p>
   </div>
   <div class='ocr_carea' id='block_1_43' title="bbox 501 2694 2104 2776">
    <p class='ocr_par' dir='ltr' id='par_1_43' title="bbox 501 2694 2104 2776">
     <span class='ocr_line' id='line_1_43' title="bbox 501 2694 2104 2776; baseline -0.023 0"><span class='ocrx_word' id='word_1_311' title='bbox 501 2694 748 2776; x_wconf 80' lang='lat' dir='ltr'><strong>Ecclesia</strong></span> <span class='ocrx_word' id='word_1_312' title='bbox 778 2723 882 2770; x_wconf 88' lang='lat' dir='ltr'><strong>est.</strong></span> <span class='ocrx_word' id='word_1_313' title='bbox 911 2709 979 2767; x_wconf 86' lang='lat' dir='ltr'><strong>Et</strong></span> <span class='ocrx_word' id='word_1_314' title='bbox 1006 2709 1202 2764; x_wconf 90' lang='lat' dir='ltr'><strong>iterum</strong></span> <span class='ocrx_word' id='word_1_315' title='bbox 1230 2701 1403 2758; x_wconf 83' lang='lat' dir='ltr'><strong>dixit:</strong></span> <span class='ocrx_word' id='word_1_316' title='bbox 1434 2697 1502 2754; x_wconf 87' lang='lat' dir='ltr'><strong>Ut</strong></span> <span class='ocrx_word' id='word_1_317' title='bbox 1525 2712 1642 2752; x_wconf 89' lang='lat' dir='ltr'><strong>reus</strong></span> <span class='ocrx_word' id='word_1_318' title='bbox 1669 2694 1763 2765; x_wconf 80' lang='lat' dir='ltr'><strong>ﬁat</strong></span> <span class='ocrx_word' id='word_1_319' title='bbox 1789 2701 1926 2746; x_wconf 90' lang='lat' dir='ltr'><strong>totus</strong></span> <span class='ocrx_word' id='word_1_320' title='bbox 1951 2703 2104 2742; x_wconf 88' lang='lat' dir='ltr'><strong>mun-</strong></span> 
     </span>
    </p>
   </div>
   <div class='ocr_carea' id='block_1_44' title="bbox 501 2782 2105 2882">
    <p class='ocr_par' dir='ltr' id='par_1_44' title="bbox 501 2782 2105 2882">
     <span class='ocr_line' id='line_1_44' title="bbox 501 2782 2105 2882; baseline -0.022 -11"><span class='ocrx_word' id='word_1_321' title='bbox 501 2815 597 2870; x_wconf 88' lang='lat' dir='ltr'><strong>dus</strong></span> <span class='ocrx_word' id='word_1_322' title='bbox 619 2812 728 2868; x_wconf 82' lang='lat' dir='ltr'><strong>Deo</strong></span> <span class='ocrx_word' id='word_1_323' title='bbox 759 2807 814 2882; x_wconf 92' lang='grc' dir='ltr'>(ι</span> <span class='ocrx_word' id='word_1_324' title='bbox 855 2806 1015 2862; x_wconf 80' lang='lat' dir='ltr'><strong>Joan.</strong></span> <span class='ocrx_word' id='word_1_325' title='bbox 1049 2819 1080 2858; x_wconf 82' lang='grc' dir='ltr'><strong>ν</strong></span> <span class='ocrx_word' id='word_1_326' title='bbox 1107 2804 1146 2873; x_wconf 92' lang='grc'><strong>).</strong></span> <span class='ocrx_word' id='word_1_327' title='bbox 1181 2800 1248 2856; x_wconf 84' lang='lat' dir='ltr'><strong>Et</strong></span> <span class='ocrx_word' id='word_1_328' title='bbox 1297 2797 1494 2852; x_wconf 88' lang='lat' dir='ltr'><strong>iterum</strong></span> <span class='ocrx_word' id='word_1_329' title='bbox 1521 2791 1660 2848; x_wconf 83' lang='lat' dir='ltr'><strong>dixit</strong></span> <span class='ocrx_word' id='word_1_330' title='bbox 1693 2807 1707 2844; x_wconf 89' lang='lat'><strong>:</strong></span> <span class='ocrx_word' id='word_1_331' title='bbox 1738 2788 1801 2844; x_wconf 91' lang='lat' dir='ltr'><strong>Si</strong></span> <span class='ocrx_word' id='word_1_332' title='bbox 1827 2786 1891 2842; x_wconf 91' lang='lat' dir='ltr'><strong>de</strong></span> <span class='ocrx_word' id='word_1_333' title='bbox 1914 2782 2105 2838; x_wconf 89' lang='lat' dir='ltr'><strong>mundo</strong></span> 
     </span>
    </p>
   </div>
   <div class='ocr_carea' id='block_1_45' title="bbox 499 2877 2106 2972">
    <p class='ocr_par' dir='ltr' id='par_1_45' title="bbox 499 2877 2106 2972">
     <span class='ocr_line' id='line_1_45' title="bbox 499 2877 2106 2972; baseline -0.022 -8"><span class='ocrx_word' id='word_1_334' title='bbox 499 2907 711 2972; x_wconf 88' lang='lat' dir='ltr'><strong>essetis,</strong></span> <span class='ocrx_word' id='word_1_335' title='bbox 745 2877 971 2958; x_wconf 77' lang='lat' dir='ltr'><strong>mundus</strong></span> <span class='ocrx_word' id='word_1_336' title='bbox 1015 2895 1152 2968; x_wconf 84' lang='lat' dir='ltr'><strong>quod</strong></span> <span class='ocrx_word' id='word_1_337' title='bbox 1191 2907 1342 2948; x_wconf 89' lang='lat' dir='ltr'><strong>suum</strong></span> <span class='ocrx_word' id='word_1_338' title='bbox 1391 2895 1520 2964; x_wconf 83' lang='lat' dir='ltr'><strong>esset</strong></span> <span class='ocrx_word' id='word_1_339' title='bbox 1545 2891 1809 2948; x_wconf 85' lang='lat' dir='ltr'><strong>amasset;</strong></span> <span class='ocrx_word' id='word_1_340' title='bbox 1845 2877 1936 2933; x_wconf 87' lang='lat' dir='ltr'><strong>sed</strong></span> <span class='ocrx_word' id='word_1_341' title='bbox 1972 2891 2106 2930; x_wconf 87' lang='lat' dir='ltr'><strong>nunc</strong></span> 
     </span>
    </p>
   </div>
   <div class='ocr_carea' id='block_1_46' title="bbox 501 2973 2108 3073">
    <p class='ocr_par' dir='ltr' id='par_1_46' title="bbox 501 2973 2108 3073">
     <span class='ocr_line' id='line_1_46' title="bbox 501 2973 2108 3073; baseline -0.022 -16"><span class='ocrx_word' id='word_1_342' title='bbox 501 3000 746 3073; x_wconf 85' lang='lat' dir='ltr'><strong>quoniam</strong></span> <span class='ocrx_word' id='word_1_343' title='bbox 776 2995 840 3049; x_wconf 89' lang='lat' dir='ltr'><strong>de</strong></span> <span class='ocrx_word' id='word_1_344' title='bbox 867 2991 1061 3048; x_wconf 87' lang='lat' dir='ltr'><strong>mundo</strong></span> <span class='ocrx_word' id='word_1_345' title='bbox 1091 3005 1194 3044; x_wconf 89' lang='lat' dir='ltr'><strong>non</strong></span> <span class='ocrx_word' id='word_1_346' title='bbox 1221 2985 1341 3042; x_wconf 85' lang='lat' dir='ltr'><strong>estis</strong></span> <span class='ocrx_word' id='word_1_347' title='bbox 1366 3023 1383 3048; x_wconf 89' lang='lat'><strong>,</strong></span> <span class='ocrx_word' id='word_1_348' title='bbox 1437 2987 1712 3050; x_wconf 83' lang='lat' dir='ltr'><strong>propterea</strong></span> <span class='ocrx_word' id='word_1_349' title='bbox 1751 2973 1860 3030; x_wconf 91' lang='lat' dir='ltr'><strong>odit</strong></span> <span class='ocrx_word' id='word_1_350' title='bbox 1897 2979 1943 3026; x_wconf 89' lang='lat' dir='ltr'><strong>et</strong></span> <span class='ocrx_word' id='word_1_351' title='bbox 1989 2984 2108 3041; x_wconf 88' lang='lat' dir='ltr'><strong>per-</strong></span> 
     </span>
    </p>
   </div>
   <div class='ocr_carea' id='block_1_47' title="bbox 502 3060 2104 3163">
    <p class='ocr_par' dir='ltr' id='par_1_47' title="bbox 502 3060 2104 3163">
     <span class='ocr_line' id='line_1_47' title="bbox 502 3060 2104 3163; baseline -0.022 -14"><span class='ocrx_word' id='word_1_352' title='bbox 502 3060 734 3163; x_wconf 50' lang='lat' dir='ltr'><strong>s&#39;equitur</strong></span> <span class='ocrx_word' id='word_1_353' title='bbox 778 3103 867 3143; x_wconf 79' lang='lat' dir='ltr'><strong>vos</strong></span> <span class='ocrx_word' id='word_1_354' title='bbox 898 3083 1120 3139; x_wconf 87' lang='lat' dir='ltr'><strong>mundus</strong></span> <span class='ocrx_word' id='word_1_355' title='bbox 1149 3080 1329 3153; x_wconf 81' lang='lat' dir='ltr'><strong>(Joan.</strong></span> <span class='ocrx_word' id='word_1_356' title='bbox 1364 3073 1480 3147; x_wconf 88' lang='lat' dir='ltr'><strong>xv).</strong></span> <span class='ocrx_word' id='word_1_357' title='bbox 1525 3073 1592 3128; x_wconf 88' lang='lat' dir='ltr'><strong>Et</strong></span> <span class='ocrx_word' id='word_1_358' title='bbox 1623 3073 1815 3125; x_wconf 89' lang='lat' dir='ltr'><strong>iterum</strong></span> <span class='ocrx_word' id='word_1_359' title='bbox 1849 3083 1861 3119; x_wconf 90' lang='lat'>:</span> <span class='ocrx_word' id='word_1_360' title='bbox 1898 3062 2011 3134; x_wconf 85' lang='lat' dir='ltr'><strong>Ipsi</strong></span> <span class='ocrx_word' id='word_1_361' title='bbox 2040 3060 2104 3115; x_wconf 90' lang='lat' dir='ltr'><strong>de</strong></span> 
     </span>
    </p>
   </div>
   <div class='ocr_carea' id='block_1_48' title="bbox 503 3153 2108 3247">
    <p class='ocr_par' dir='ltr' id='par_1_48' title="bbox 503 3153 2108 3247">
     <span class='ocr_line' id='line_1_48' title="bbox 503 3153 2108 3247; baseline -0.022 -4"><span class='ocrx_word' id='word_1_362' title='bbox 503 3153 696 3242; x_wconf 77' lang='lat' dir='ltr'><strong>mundo</strong></span> <span class='ocrx_word' id='word_1_363' title='bbox 723 3191 864 3247; x_wconf 86' lang='lat' dir='ltr'><strong>sunt,</strong></span> <span class='ocrx_word' id='word_1_364' title='bbox 895 3191 941 3234; x_wconf 88' lang='lat' dir='ltr'><strong>et</strong></span> <span class='ocrx_word' id='word_1_365' title='bbox 987 3175 1210 3232; x_wconf 88' lang='lat' dir='ltr'><strong>mundus</strong></span> <span class='ocrx_word' id='word_1_366' title='bbox 1247 3169 1460 3227; x_wconf 86' lang='lat' dir='ltr'><strong>obaudit</strong></span> <span class='ocrx_word' id='word_1_367' title='bbox 1519 3166 1590 3220; x_wconf 88' lang='lat' dir='ltr'><strong>eis</strong></span> <span class='ocrx_word' id='word_1_368' title='bbox 1627 3161 1862 3236; x_wconf 85' lang='lat' dir='ltr'><strong>(lJoan.</strong></span> <span class='ocrx_word' id='word_1_369' title='bbox 1899 3153 2007 3227; x_wconf 84' lang='lat' dir='ltr'><strong>tv).</strong></span> <span class='ocrx_word' id='word_1_370' title='bbox 2042 3153 2108 3209; x_wconf 85' lang='lat' dir='ltr'><strong>Et</strong></span> 
     </span>
    </p>
   </div>
   <div class='ocr_carea' id='block_1_49' title="bbox 497 3248 2106 3346">
    <p class='ocr_par' dir='ltr' id='par_1_49' title="bbox 497 3248 2106 3346">
     <span class='ocr_line' id='line_1_49' title="bbox 497 3248 2106 3346; baseline -0.023 -9"><span class='ocrx_word' id='word_1_371' title='bbox 497 3280 693 3336; x_wconf 87' lang='lat' dir='ltr'><strong>iterum</strong></span> <span class='ocrx_word' id='word_1_372' title='bbox 728 3294 742 3332; x_wconf 91' lang='lat'>:</span> <span class='ocrx_word' id='word_1_373' title='bbox 777 3275 838 3333; x_wconf 89' lang='lat' dir='ltr'><strong>Si</strong></span> <span class='ocrx_word' id='word_1_374' title='bbox 866 3273 979 3346; x_wconf 89' lang='lat' dir='ltr'><strong>quis</strong></span> <span class='ocrx_word' id='word_1_375' title='bbox 1025 3267 1261 3324; x_wconf 72' lang='lat' dir='ltr'><strong>dilexerit</strong></span> <span class='ocrx_word' id='word_1_376' title='bbox 1295 3260 1543 3317; x_wconf 86' lang='lat' dir='ltr'><strong>mundum</strong></span> <span class='ocrx_word' id='word_1_377' title='bbox 1566 3298 1584 3325; x_wconf 89' lang='lat'><strong>,</strong></span> <span class='ocrx_word' id='word_1_378' title='bbox 1615 3271 1719 3310; x_wconf 90' lang='lat' dir='ltr'><strong>non</strong></span> <span class='ocrx_word' id='word_1_379' title='bbox 1756 3262 1829 3308; x_wconf 85' lang='lat' dir='ltr'><strong>est</strong></span> <span class='ocrx_word' id='word_1_380' title='bbox 1876 3248 2106 3305; x_wconf 81' lang='lat' dir='ltr'><strong>charitas</strong></span> 
     </span>
    </p>
   </div>
   <div class='ocr_carea' id='block_1_50' title="bbox 501 3343 2107 3440">
    <p class='ocr_par' dir='ltr' id='par_1_50' title="bbox 501 3343 2107 3440">
     <span class='ocr_line' id='line_1_50' title="bbox 501 3343 2107 3440; baseline -0.021 -11"><span class='ocrx_word' id='word_1_381' title='bbox 501 3372 679 3428; x_wconf 87' lang='lat' dir='ltr'><strong>Patris</strong></span> <span class='ocrx_word' id='word_1_382' title='bbox 693 3371 745 3424; x_wconf 84' lang='lat' dir='ltr'><strong>in</strong></span> <span class='ocrx_word' id='word_1_383' title='bbox 760 3369 850 3423; x_wconf 89' lang='lat' dir='ltr'><strong>illo</strong></span> <span class='ocrx_word' id='word_1_384' title='bbox 873 3343 928 3440; x_wconf 73' lang='grc'><strong>(1</strong></span> <span class='ocrx_word' id='word_1_385' title='bbox 935 3363 1040 3420; x_wconf 90' lang='lat' dir='ltr'><strong>bid.</strong></span> <span class='ocrx_word' id='word_1_386' title='bbox 1060 3360 1140 3433; x_wconf 91' lang='lat'><strong>2).</strong></span> <span class='ocrx_word' id='word_1_387' title='bbox 1168 3357 1238 3414; x_wconf 89' lang='lat' dir='ltr'><strong>Et</strong></span> <span class='ocrx_word' id='word_1_388' title='bbox 1265 3357 1369 3412; x_wconf 89' lang='lat' dir='ltr'><strong>alia</strong></span> <span class='ocrx_word' id='word_1_389' title='bbox 1393 3368 1572 3408; x_wconf 86' lang='lat' dir='ltr'><strong>manu.</strong></span> <span class='ocrx_word' id='word_1_390' title='bbox 1602 3349 1873 3405; x_wconf 88' lang='lat' dir='ltr'><strong>Emeritus</strong></span> <span class='ocrx_word' id='word_1_391' title='bbox 1897 3343 2107 3414; x_wconf 85' lang='lat' dir='ltr'><strong>episco-</strong></span> 
     </span>
    </p>
   </div>
   <div class='ocr_carea' id='block_1_51' title="bbox 503 3447 1522 3540">
    <p class='ocr_par' dir='ltr' id='par_1_51' title="bbox 503 3447 1522 3540">
     <span class='ocr_line' id='line_1_51' title="bbox 503 3447 1522 3540; baseline -0.023 -17"><span class='ocrx_word' id='word_1_392' title='bbox 503 3482 606 3540; x_wconf 93' lang='lat' dir='ltr'><strong>pus</strong></span> <span class='ocrx_word' id='word_1_393' title='bbox 633 3466 784 3522; x_wconf 88' lang='lat' dir='ltr'><strong>salva</strong></span> <span class='ocrx_word' id='word_1_394' title='bbox 813 3457 1182 3534; x_wconf 87' lang='lat' dir='ltr'><strong>appellatione</strong></span> <span class='ocrx_word' id='word_1_395' title='bbox 1211 3447 1522 3522; x_wconf 72' lang='lat' dir='ltr'><strong>recognovi.</strong></span> 
     </span>
    </p>
   </div>
   <div class='ocr_carea' id='block_1_52' title="bbox 572 3530 2102 3630">
    <p class='ocr_par' dir='ltr' id='par_1_52' title="bbox 572 3530 2102 3630">
     <span class='ocr_line' id='line_1_52' title="bbox 572 3530 2102 3630; baseline -0.022 -12"><span class='ocrx_word' id='word_1_396' title='bbox 572 3561 701 3617; x_wconf 86' lang='lat'><strong>267.</strong></span> <span class='ocrx_word' id='word_1_397' title='bbox 743 3530 1058 3630; x_wconf 72' lang='lat' dir='ltr'><strong>Augustinus</strong></span> <span class='ocrx_word' id='word_1_398' title='bbox 1083 3551 1356 3623; x_wconf 81' lang='lat' dir='ltr'><strong>episcopus</strong></span> <span class='ocrx_word' id='word_1_399' title='bbox 1377 3541 1628 3600; x_wconf 72' lang='lat' dir='ltr'><strong>Ecclesia:</strong></span> <span class='ocrx_word' id='word_1_400' title='bbox 1653 3534 1925 3592; x_wconf 76' lang='lat' dir='ltr'><strong>catholica:</strong></span> <span class='ocrx_word' id='word_1_401' title='bbox 1949 3530 2102 3585; x_wconf 88' lang='lat' dir='ltr'><strong>dixit.</strong></span> 
     </span>
    </p>
   </div>
   <div class='ocr_carea' id='block_1_53' title="bbox 506 3627 2108 3720">
    <p class='ocr_par' dir='ltr' id='par_1_53' title="bbox 506 3627 2108 3720">
     <span class='ocr_line' id='line_1_53' title="bbox 506 3627 2108 3720; baseline -0.024 -7"><span class='ocrx_word' id='word_1_402' title='bbox 506 3655 696 3713; x_wconf 87' lang='lat' dir='ltr'><strong>Omnia</strong></span> <span class='ocrx_word' id='word_1_403' title='bbox 724 3627 842 3708; x_wconf 72' lang='lat' dir='ltr'><strong>ista</strong></span> <span class='ocrx_word' id='word_1_404' title='bbox 857 3661 1142 3720; x_wconf 88' lang='lat' dir='ltr'><strong>possemus</strong></span> <span class='ocrx_word' id='word_1_405' title='bbox 1190 3651 1245 3698; x_wconf 92' lang='lat' dir='ltr'><strong>et</strong></span> <span class='ocrx_word' id='word_1_406' title='bbox 1271 3653 1370 3697; x_wconf 92' lang='lat' dir='ltr'><strong>nos</strong></span> <span class='ocrx_word' id='word_1_407' title='bbox 1414 3635 1599 3692; x_wconf 91' lang='lat' dir='ltr'><strong>dicere</strong></span> <span class='ocrx_word' id='word_1_408' title='bbox 1625 3641 1682 3687; x_wconf 91' lang='lat' dir='ltr'><strong>et</strong></span> <span class='ocrx_word' id='word_1_409' title='bbox 1711 3627 1861 3684; x_wconf 88' lang='lat' dir='ltr'><strong>velut</strong></span> <span class='ocrx_word' id='word_1_410' title='bbox 1889 3633 2108 3681; x_wconf 89' lang='lat' dir='ltr'><strong>contra-</strong></span> 
     </span>
    </p>
   </div>
   <div class='ocr_carea' id='block_1_54' title="bbox 505 3722 2108 3823">
    <p class='ocr_par' dir='ltr' id='par_1_54' title="bbox 505 3722 2108 3823">
     <span class='ocr_line' id='line_1_54' title="bbox 505 3722 2108 3823; baseline -0.024 -14"><span class='ocrx_word' id='word_1_411' title='bbox 505 3751 585 3810; x_wconf 88' lang='lat' dir='ltr'><strong>ria</strong></span> <span class='ocrx_word' id='word_1_412' title='bbox 615 3749 793 3823; x_wconf 91' lang='lat' dir='ltr'><strong>primo</strong></span> <span class='ocrx_word' id='word_1_413' title='bbox 819 3742 1097 3818; x_wconf 90' lang='lat' dir='ltr'><strong>proposita</strong></span> <span class='ocrx_word' id='word_1_414' title='bbox 1126 3737 1367 3794; x_wconf 89' lang='lat' dir='ltr'><strong>solvere.</strong></span> <span class='ocrx_word' id='word_1_415' title='bbox 1392 3732 1580 3802; x_wconf 85' lang='lat' dir='ltr'><strong>Itaque</strong></span> <span class='ocrx_word' id='word_1_416' title='bbox 1603 3726 1724 3783; x_wconf 90' lang='lat' dir='ltr'><strong>sine</strong></span> <span class='ocrx_word' id='word_1_417' title='bbox 1752 3735 1914 3778; x_wconf 89' lang='lat' dir='ltr'><strong>causa</strong></span> <span class='ocrx_word' id='word_1_418' title='bbox 1940 3722 2108 3774; x_wconf 89' lang='lat' dir='ltr'><strong>inter-</strong></span> 
     </span>
    </p>
   </div>
   <div class='ocr_carea' id='block_1_55' title="bbox 510 3813 2106 3917">
    <p class='ocr_par' dir='ltr' id='par_1_55' title="bbox 510 3813 2106 3917">
     <span class='ocr_line' id='line_1_55' title="bbox 510 3813 2106 3917; baseline -0.023 -14"><span class='ocrx_word' id='word_1_419' title='bbox 510 3813 772 3917; x_wconf 75' lang='lat' dir='ltr'><strong>rumpunt</strong></span> <span class='ocrx_word' id='word_1_420' title='bbox 801 3813 907 3896; x_wconf 78' lang='lat' dir='ltr'><strong>isto</strong></span> <span class='ocrx_word' id='word_1_421' title='bbox 930 3813 1184 3906; x_wconf 83' lang='lat' dir='ltr'><strong>strepitu,</strong></span> <span class='ocrx_word' id='word_1_422' title='bbox 1210 3830 1334 3902; x_wconf 88' lang='lat' dir='ltr'><strong>quia</strong></span> <span class='ocrx_word' id='word_1_423' title='bbox 1367 3825 1608 3896; x_wconf 67' lang='lat' dir='ltr'><strong>epistola:</strong></span> <span class='ocrx_word' id='word_1_424' title='bbox 1633 3823 1870 3891; x_wconf 83' lang='lat' dir='ltr'><strong>ipsorum</strong></span> <span class='ocrx_word' id='word_1_425' title='bbox 1898 3813 2106 3886; x_wconf 90' lang='lat' dir='ltr'><strong>potuis-</strong></span> 
     </span>
    </p>
   </div>
   <div class='ocr_carea' id='block_1_56' title="bbox 510 3909 2105 3998">
    <p class='ocr_par' dir='ltr' id='par_1_56' title="bbox 510 3909 2105 3998">
     <span class='ocr_line' id='line_1_56' title="bbox 510 3909 2105 3998; baseline -0.024 -1"><span class='ocrx_word' id='word_1_426' title='bbox 510 3954 695 3997; x_wconf 86' lang='lat' dir='ltr'><strong>semus</strong></span> <span class='ocrx_word' id='word_1_427' title='bbox 718 3935 844 3993; x_wconf 89' lang='lat' dir='ltr'><strong>talia</strong></span> <span class='ocrx_word' id='word_1_428' title='bbox 867 3933 1070 3998; x_wconf 80' lang='lat' dir='ltr'><strong>facere,</strong></span> <span class='ocrx_word' id='word_1_429' title='bbox 1099 3944 1165 3983; x_wconf 90' lang='lat' dir='ltr'><strong>ne</strong></span> <span class='ocrx_word' id='word_1_430' title='bbox 1193 3925 1531 3982; x_wconf 85' lang='lat' dir='ltr'><strong>recitaretur.</strong></span> <span class='ocrx_word' id='word_1_431' title='bbox 1562 3918 1835 3974; x_wconf 89' lang='lat' dir='ltr'><strong>Patienter</strong></span> <span class='ocrx_word' id='word_1_432' title='bbox 1863 3909 2105 3967; x_wconf 89' lang='lat' dir='ltr'><strong>audiant.</strong></span> 
     </span>
    </p>
   </div>
   <div class='ocr_carea' id='block_1_57' title="bbox 507 4006 2110 4091">
    <p class='ocr_par' dir='ltr' id='par_1_57' title="bbox 507 4006 2110 4091">
     <span class='ocr_line' id='line_1_57' title="bbox 507 4006 2110 4091; baseline -0.021 0"><span class='ocrx_word' id='word_1_433' title='bbox 507 4035 918 4091; x_wconf 84' lang='lat' dir='ltr'><strong>Admoneantur</strong></span> <span class='ocrx_word' id='word_1_434' title='bbox 965 4041 996 4080; x_wconf 90' lang='lat' dir='ltr'><strong>a</strong></span> <span class='ocrx_word' id='word_1_435' title='bbox 1040 4020 1371 4080; x_wconf 85' lang='lat' dir='ltr'><strong>sublimitate</strong></span> <span class='ocrx_word' id='word_1_436' title='bbox 1409 4025 1497 4070; x_wconf 92' lang='lat' dir='ltr'><strong>tua</strong></span> <span class='ocrx_word' id='word_1_437' title='bbox 1527 4014 1705 4068; x_wconf 80' lang='lat' dir='ltr'><strong>facere</strong></span> <span class='ocrx_word' id='word_1_438' title='bbox 1739 4006 1881 4080; x_wconf 89' lang='lat' dir='ltr'><strong>quod</strong></span> <span class='ocrx_word' id='word_1_439' title='bbox 1915 4013 2110 4075; x_wconf 88' lang='lat' dir='ltr'><strong>sponte</strong></span> 
     </span>
    </p>
   </div>
   <div class='ocr_carea' id='block_1_58' title="bbox 503 4097 2108 4186">
    <p class='ocr_par' dir='ltr' id='par_1_58' title="bbox 503 4097 2108 4186">
     <span class='ocr_line' id='line_1_58' title="bbox 503 4097 2108 4186; baseline -0.022 -1"><span class='ocrx_word' id='word_1_440' title='bbox 503 4130 683 4186; x_wconf 79' lang='lat' dir='ltr'><strong>facere</strong></span> <span class='ocrx_word' id='word_1_441' title='bbox 711 4125 1038 4182; x_wconf 89' lang='lat' dir='ltr'><strong>debuerunt.</strong></span> <span class='ocrx_word' id='word_1_442' title='bbox 1071 4116 1344 4174; x_wconf 89' lang='lat' dir='ltr'><strong>Patienter</strong></span> <span class='ocrx_word' id='word_1_443' title='bbox 1363 4111 1600 4165; x_wconf 88' lang='lat' dir='ltr'><strong>audiant.</strong></span> <span class='ocrx_word' id='word_1_444' title='bbox 1631 4104 1748 4160; x_wconf 85' lang='lat' dir='ltr'><strong>Non</strong></span> <span class='ocrx_word' id='word_1_445' title='bbox 1762 4109 1845 4158; x_wconf 90' lang='lat' dir='ltr'><strong>est</strong></span> <span class='ocrx_word' id='word_1_446' title='bbox 1868 4113 1954 4153; x_wconf 89' lang='lat' dir='ltr'><strong>res</strong></span> <span class='ocrx_word' id='word_1_447' title='bbox 1975 4097 2108 4158; x_wconf 82' lang='lat' dir='ltr'><strong>levis</strong></span> 
     </span>
    </p>
   </div>
   <div class='ocr_carea' id='block_1_59' title="bbox 504 4192 2108 4296">
    <p class='ocr_par' dir='ltr' id='par_1_59' title="bbox 504 4192 2108 4296">
     <span class='ocr_line' id='line_1_59' title="bbox 504 4192 2108 4296; baseline -0.022 -15"><span class='ocrx_word' id='word_1_448' title='bbox 504 4240 625 4296; x_wconf 85' lang='lat' dir='ltr'><strong>quae</strong></span> <span class='ocrx_word' id='word_1_449' title='bbox 650 4230 908 4278; x_wconf 88' lang='lat' dir='ltr'><strong>tractatur</strong></span> <span class='ocrx_word' id='word_1_450' title='bbox 942 4233 970 4272; x_wconf 89' lang='lat' dir='ltr'><strong>a</strong></span> <span class='ocrx_word' id='word_1_451' title='bbox 991 4213 1169 4271; x_wconf 86' lang='lat' dir='ltr'><strong>nobis.</strong></span> <span class='ocrx_word' id='word_1_452' title='bbox 1192 4205 1540 4276; x_wconf 90' lang='lat' dir='ltr'><strong>Suscepimus</strong></span> <span class='ocrx_word' id='word_1_453' title='bbox 1570 4199 1729 4255; x_wconf 91' lang='lat' dir='ltr'><strong>hodie</strong></span> <span class='ocrx_word' id='word_1_454' title='bbox 1753 4192 2108 4267; x_wconf 86' lang='lat' dir='ltr'><strong>respondere,</strong></span> 
     </span>
    </p>
   </div>
   <div class='ocr_carea' id='block_1_60' title="bbox 505 4286 2108 4384">
    <p class='ocr_par' dir='ltr' id='par_1_60' title="bbox 505 4286 2108 4384">
     <span class='ocr_line' id='line_1_60' title="bbox 505 4286 2108 4384; baseline -0.021 -11"><span class='ocrx_word' id='word_1_455' title='bbox 505 4286 551 4373; x_wconf 69' lang='lat' dir='ltr'><strong>si</strong></span> <span class='ocrx_word' id='word_1_456' title='bbox 585 4317 728 4372; x_wconf 89' lang='lat' dir='ltr'><strong>Deus</strong></span> <span class='ocrx_word' id='word_1_457' title='bbox 753 4309 1022 4384; x_wconf 89' lang='lat' dir='ltr'><strong>adjuverit</strong></span> <span class='ocrx_word' id='word_1_458' title='bbox 1044 4349 1058 4374; x_wconf 94' lang='lat'><strong>,</strong></span> <span class='ocrx_word' id='word_1_459' title='bbox 1085 4302 1313 4376; x_wconf 77' lang='lat' dir='ltr'><strong>prolixa:</strong></span> <span class='ocrx_word' id='word_1_460' title='bbox 1347 4294 1594 4368; x_wconf 61' lang='lat' dir='ltr'><strong>epistulae</strong></span> <span class='ocrx_word' id='word_1_461' title='bbox 1619 4305 1831 4350; x_wconf 89' lang='lat' dir='ltr'><strong>eorum.</strong></span> <span class='ocrx_word' id='word_1_462' title='bbox 1871 4286 1980 4342; x_wconf 85' lang='lat' dir='ltr'><strong>Nec</strong></span> <span class='ocrx_word' id='word_1_463' title='bbox 2016 4299 2108 4340; x_wconf 87' lang='lat' dir='ltr'><strong>ro—</strong></span> 
     </span>
    </p>
   </div>
   <div class='ocr_carea' id='block_1_61' title="bbox 505 4389 2112 4483">
    <p class='ocr_par' dir='ltr' id='par_1_61' title="bbox 505 4389 2112 4483">
     <span class='ocr_line' id='line_1_61' title="bbox 505 4389 2112 4483; baseline -0.021 -18"><span class='ocrx_word' id='word_1_464' title='bbox 505 4423 695 4483; x_wconf 88' lang='lat' dir='ltr'><strong>gamus</strong></span> <span class='ocrx_word' id='word_1_465' title='bbox 715 4414 775 4462; x_wconf 94' lang='lat' dir='ltr'><strong>ut</strong></span> <span class='ocrx_word' id='word_1_466' title='bbox 795 4404 986 4460; x_wconf 90' lang='lat' dir='ltr'><strong>edatur</strong></span> <span class='ocrx_word' id='word_1_467' title='bbox 1011 4399 1168 4455; x_wconf 87' lang='lat' dir='ltr'><strong>nobis</strong></span> <span class='ocrx_word' id='word_1_468' title='bbox 1185 4403 1239 4451; x_wconf 92' lang='lat' dir='ltr'><strong>et</strong></span> <span class='ocrx_word' id='word_1_469' title='bbox 1264 4389 1670 4450; x_wconf 88' lang='lat' dir='ltr'><strong>consideremus</strong></span> <span class='ocrx_word' id='word_1_470' title='bbox 1693 4392 1751 4440; x_wconf 89' lang='lat' dir='ltr'><strong>et</strong></span> <span class='ocrx_word' id='word_1_471' title='bbox 1787 4389 1975 4454; x_wconf 86' lang='lat' dir='ltr'><strong>postea</strong></span> <span class='ocrx_word' id='word_1_472' title='bbox 2024 4393 2112 4434; x_wconf 87' lang='lat' dir='ltr'><strong>re-</strong></span> 
     </span>
    </p>
   </div>
   <div class='ocr_carea' id='block_1_62' title="bbox 504 4473 2104 4576">
    <p class='ocr_par' dir='ltr' id='par_1_62' title="bbox 504 4473 2104 4576">
     <span class='ocr_line' id='line_1_62' title="bbox 504 4473 2104 4576; baseline -0.024 -13"><span class='ocrx_word' id='word_1_473' title='bbox 504 4473 891 4576; x_wconf 65' lang='lat' dir='ltr'><strong>spondeamus,</strong></span> <span class='ocrx_word' id='word_1_474' title='bbox 939 4495 1080 4576; x_wconf 79' lang='lat' dir='ltr'><strong>sicut</strong></span> <span class='ocrx_word' id='word_1_475' title='bbox 1110 4490 1210 4563; x_wconf 88' lang='lat' dir='ltr'><strong>ipsi</strong></span> <span class='ocrx_word' id='word_1_476' title='bbox 1253 4487 1323 4543; x_wconf 92' lang='lat' dir='ltr'><strong>de</strong></span> <span class='ocrx_word' id='word_1_477' title='bbox 1352 4480 1605 4539; x_wconf 88' lang='lat' dir='ltr'><strong>mandato</strong></span> <span class='ocrx_word' id='word_1_478' title='bbox 1628 4485 1813 4533; x_wconf 89' lang='lat' dir='ltr'><strong>nostro</strong></span> <span class='ocrx_word' id='word_1_479' title='bbox 1843 4473 2104 4530; x_wconf 82' lang='lat' dir='ltr'><strong>fecerunt.</strong></span> 
     </span>
    </p>
   </div>
   <div class='ocr_carea' id='block_1_63' title="bbox 506 4563 2020 4656">
    <p class='ocr_par' dir='ltr' id='par_1_63' title="bbox 506 4563 2020 4656">
     <span class='ocr_line' id='line_1_63' title="bbox 506 4563 2020 4656; baseline -0.024 -1"><span class='ocrx_word' id='word_1_480' title='bbox 506 4594 792 4655; x_wconf 78' lang='lat' dir='ltr'><strong>Pra-beant</strong></span> <span class='ocrx_word' id='word_1_481' title='bbox 827 4589 985 4647; x_wconf 87' lang='lat' dir='ltr'><strong>nobis</strong></span> <span class='ocrx_word' id='word_1_482' title='bbox 1029 4563 1263 4656; x_wconf 74' lang='lat' dir='ltr'><strong>aliquam</strong></span> <span class='ocrx_word' id='word_1_483' title='bbox 1296 4575 1604 4652; x_wconf 89' lang='lat' dir='ltr'><strong>patientiam</strong></span> <span class='ocrx_word' id='word_1_484' title='bbox 1635 4586 1731 4642; x_wconf 90' lang='lat' dir='ltr'><strong>per</strong></span> <span class='ocrx_word' id='word_1_485' title='bbox 1759 4563 2020 4624; x_wconf 92' lang='lat' dir='ltr'><strong>incolumi</strong></span> 
     </span>
    </p>
   </div>
   <div class='ocr_carea' id='block_1_64' title="bbox 506 4655 2109 4748">
    <p class='ocr_par' dir='ltr' id='par_1_64' title="bbox 506 4655 2109 4748">
     <span class='ocr_line' id='line_1_64' title="bbox 506 4655 2109 4748; baseline -0.024 -2"><span class='ocrx_word' id='word_1_486' title='bbox 506 4700 618 4748; x_wconf 90' lang='lat' dir='ltr'><strong>tem</strong></span> <span class='ocrx_word' id='word_1_487' title='bbox 645 4697 813 4742; x_wconf 86' lang='lat' dir='ltr'><strong>tuam.</strong></span> <span class='ocrx_word' id='word_1_488' title='bbox 844 4681 912 4738; x_wconf 90' lang='lat' dir='ltr'><strong>Et</strong></span> <span class='ocrx_word' id='word_1_489' title='bbox 939 4681 1046 4736; x_wconf 90' lang='lat' dir='ltr'><strong>alia</strong></span> <span class='ocrx_word' id='word_1_490' title='bbox 1071 4655 1244 4733; x_wconf 83' lang='lat' dir='ltr'><strong>manu.</strong></span> <span class='ocrx_word' id='word_1_491' title='bbox 1278 4664 1611 4740; x_wconf 71' lang='lat' dir='ltr'><strong>Recognovi.</strong></span> <span class='ocrx_word' id='word_1_492' title='bbox 1649 4659 1988 4717; x_wconf 83' lang='lat' dir='ltr'><strong>Marcellinus</strong></span> <span class='ocrx_word' id='word_1_493' title='bbox 2029 4655 2109 4710; x_wconf 83' lang='lat' dir='ltr'><strong>vir</strong></span> 
     </span>
    </p>
   </div>
   <div class='ocr_carea' id='block_1_65' title="bbox 505 4753 2111 4844">
    <p class='ocr_par' dir='ltr' id='par_1_65' title="bbox 505 4753 2111 4844">
     <span class='ocr_line' id='line_1_65' title="bbox 505 4753 2111 4844; baseline -0.025 0"><span class='ocrx_word' id='word_1_494' title='bbox 505 4785 826 4844; x_wconf 84' lang='lat' dir='ltr'><strong>clarissimus</strong></span> <span class='ocrx_word' id='word_1_495' title='bbox 856 4776 1090 4834; x_wconf 87' lang='lat' dir='ltr'><strong>tribunus</strong></span> <span class='ocrx_word' id='word_1_496' title='bbox 1110 4782 1158 4829; x_wconf 76' lang='lat' dir='ltr'><strong>ct</strong></span> <span class='ocrx_word' id='word_1_497' title='bbox 1178 4771 1412 4827; x_wconf 88' lang='lat' dir='ltr'><strong>notarius</strong></span> <span class='ocrx_word' id='word_1_498' title='bbox 1452 4765 1604 4819; x_wconf 89' lang='lat' dir='ltr'><strong>dixit.</strong></span> <span class='ocrx_word' id='word_1_499' title='bbox 1648 4759 1799 4816; x_wconf 76' lang='lat' dir='ltr'><strong>Iusta</strong></span> <span class='ocrx_word' id='word_1_500' title='bbox 1833 4753 2111 4826; x_wconf 89' lang='lat' dir='ltr'><strong>postulan-</strong></span> 
     </span>
    </p>
   </div>
   <div class='ocr_carea' id='block_1_66' title="bbox 510 4845 2110 4940">
    <p class='ocr_par' dir='ltr' id='par_1_66' title="bbox 510 4845 2110 4940">
     <span class='ocr_line' id='line_1_66' title="bbox 510 4845 2110 4940; baseline -0.021 -8"><span class='ocrx_word' id='word_1_501' title='bbox 510 4885 618 4934; x_wconf 90' lang='lat' dir='ltr'><strong>tur.</strong></span> <span class='ocrx_word' id='word_1_502' title='bbox 648 4872 968 4932; x_wconf 86' lang='lat' dir='ltr'><strong>Patieutiam</strong></span> <span class='ocrx_word' id='word_1_503' title='bbox 993 4865 1236 4940; x_wconf 83' lang='lat' dir='ltr'><strong>ejusdem</strong></span> <span class='ocrx_word' id='word_1_504' title='bbox 1263 4854 1631 4934; x_wconf 88' lang='lat' dir='ltr'><strong>prosecutioni</strong></span> <span class='ocrx_word' id='word_1_505' title='bbox 1662 4861 1874 4910; x_wconf 88' lang='lat' dir='ltr'><strong>certum</strong></span> <span class='ocrx_word' id='word_1_506' title='bbox 1903 4856 1988 4904; x_wconf 84' lang='lat' dir='ltr'><strong>est</strong></span> <span class='ocrx_word' id='word_1_507' title='bbox 2013 4845 2110 4902; x_wconf 90' lang='lat' dir='ltr'><strong>de-</strong></span> 
     </span>
    </p>
   </div>
   <div class='ocr_carea' id='block_1_67' title="bbox 511 4963 1843 5026">
    <p class='ocr_par' dir='ltr' id='par_1_67' title="bbox 511 4963 1843 5026">
     <span class='ocr_line' id='line_1_67' title="bbox 511 4963 1843 5026; baseline -0.022 1"><span class='ocrx_word' id='word_1_508' title='bbox 511 4969 644 5026; x_wconf 87' lang='lat' dir='ltr'><strong>bere</strong></span> <span class='ocrx_word' id='word_1_509' title='bbox 668 4963 1023 5023; x_wconf 88' lang='lat' dir='ltr'><strong>commodari.</strong></span> <span class='ocrx_word' id='word_1_510' title='bbox 1841 5007 1843 5009; x_wconf 21' lang='grc' dir='ltr'><strong><em>ι</em></strong></span> 
     </span>
    </p>
   </div>
   <div class='ocr_carea' id='block_1_68' title="bbox 583 5032 2109 5126">
    <p class='ocr_par' dir='ltr' id='par_1_68' title="bbox 583 5032 2109 5126">
     <span class='ocr_line' id='line_1_68' title="bbox 583 5032 2109 5126; baseline -0.022 -9"><span class='ocrx_word' id='word_1_511' title='bbox 583 5061 712 5120; x_wconf 87' lang='lat'><strong>268.</strong></span> <span class='ocrx_word' id='word_1_512' title='bbox 753 5059 1013 5114; x_wconf 83' lang='lat' dir='ltr'><strong>Emeritus</strong></span> <span class='ocrx_word' id='word_1_513' title='bbox 1042 5055 1310 5126; x_wconf 75' lang='lat' dir='ltr'><strong>episcOpus</strong></span> <span class='ocrx_word' id='word_1_514' title='bbox 1339 5047 1494 5103; x_wconf 83' lang='lat' dir='ltr'><strong>dixit.</strong></span> <span class='ocrx_word' id='word_1_515' title='bbox 1529 5043 1647 5115; x_wconf 86' lang='lat' dir='ltr'><strong>Ipse</strong></span> <span class='ocrx_word' id='word_1_516' title='bbox 1676 5040 1780 5098; x_wconf 89' lang='lat' dir='ltr'><strong>sibi</strong></span> <span class='ocrx_word' id='word_1_517' title='bbox 1811 5032 2109 5104; x_wconf 89' lang='lat' dir='ltr'><strong>obstrepit,</strong></span> 
     </span>
    </p>
   </div>
   <div class='ocr_carea' id='block_1_69' title="bbox 512 5126 2112 5226">
    <p class='ocr_par' dir='ltr' id='par_1_69' title="bbox 512 5126 2112 5226">
     <span class='ocr_line' id='line_1_69' title="bbox 512 5126 2112 5226; baseline -0.023 -10"><span class='ocrx_word' id='word_1_518' title='bbox 512 5158 641 5216; x_wconf 91' lang='lat' dir='ltr'><strong>dum</strong></span> <span class='ocrx_word' id='word_1_519' title='bbox 665 5156 825 5226; x_wconf 87' lang='lat' dir='ltr'><strong>longa</strong></span> <span class='ocrx_word' id='word_1_520' title='bbox 856 5149 1218 5224; x_wconf 87' lang='lat' dir='ltr'><strong>prosequitur.</strong></span> <span class='ocrx_word' id='word_1_521' title='bbox 1245 5145 1312 5198; x_wconf 89' lang='lat' dir='ltr'><strong>Et</strong></span> <span class='ocrx_word' id='word_1_522' title='bbox 1345 5141 1454 5196; x_wconf 91' lang='lat' dir='ltr'><strong>alia</strong></span> <span class='ocrx_word' id='word_1_523' title='bbox 1493 5153 1669 5192; x_wconf 89' lang='lat' dir='ltr'><strong>manu.</strong></span> <span class='ocrx_word' id='word_1_524' title='bbox 1694 5134 1968 5190; x_wconf 87' lang='lat' dir='ltr'><strong>Emeritus</strong></span> <span class='ocrx_word' id='word_1_525' title='bbox 1997 5126 2112 5200; x_wconf 87' lang='lat' dir='ltr'><strong>epi-</strong></span> 
     </span>
    </p>
   </div>
   <div class='ocr_carea' id='block_1_70' title="bbox 512 5244 1042 5326">
    <p class='ocr_par' dir='ltr' id='par_1_70' title="bbox 512 5244 1042 5326">
     <span class='ocr_line' id='line_1_70' title="bbox 512 5244 1042 5326; baseline -0.028 -14"><span class='ocrx_word' id='word_1_526' title='bbox 512 5268 711 5326; x_wconf 81' lang='lat' dir='ltr'><strong>scopus</strong></span> <span class='ocrx_word' id='word_1_527' title='bbox 731 5244 1042 5319; x_wconf 78' lang='lat' dir='ltr'><strong>recognovi.</strong></span> 
     </span>
    </p>
   </div>
   <div class='ocr_carea' id='block_1_71' title="bbox 583 5317 2112 5414">
    <p class='ocr_par' dir='ltr' id='par_1_71' title="bbox 583 5317 2112 5414">
     <span class='ocr_line' id='line_1_71' title="bbox 583 5317 2112 5414; baseline -0.022 -11"><span class='ocrx_word' id='word_1_528' title='bbox 583 5317 710 5402; x_wconf 73' lang='lat'><strong>269.</strong></span> <span class='ocrx_word' id='word_1_529' title='bbox 751 5317 974 5414; x_wconf 77' lang='lat' dir='ltr'><strong>Alypius</strong></span> <span class='ocrx_word' id='word_1_530' title='bbox 1012 5334 1284 5407; x_wconf 87' lang='lat' dir='ltr'><strong>episcopus</strong></span> <span class='ocrx_word' id='word_1_531' title='bbox 1326 5325 1572 5383; x_wconf 72' lang='lat' dir='ltr'><strong>Ecclesia:</strong></span> <span class='ocrx_word' id='word_1_532' title='bbox 1612 5321 1881 5378; x_wconf 75' lang='lat' dir='ltr'><strong>catholica:</strong></span> <span class='ocrx_word' id='word_1_533' title='bbox 1930 5317 2060 5373; x_wconf 83' lang='lat' dir='ltr'><strong>dixit</strong></span> <span class='ocrx_word' id='word_1_534' title='bbox 2095 5331 2112 5369; x_wconf 92' lang='lat'><strong><em>:</em></strong></span> 
     </span>
    </p>
   </div>
   <div class='ocr_carea' id='block_1_72' title="bbox 513 5413 2102 5511">
    <p class='ocr_par' dir='ltr' id='par_1_72' title="bbox 513 5413 2102 5511">
     <span class='ocr_line' id='line_1_72' title="bbox 513 5413 2102 5511; baseline -0.022 -12"><span class='ocrx_word' id='word_1_535' title='bbox 513 5441 572 5500; x_wconf 90' lang='lat' dir='ltr'><strong>Si</strong></span> <span class='ocrx_word' id='word_1_536' title='bbox 597 5436 929 5511; x_wconf 90' lang='lat' dir='ltr'><strong>respondere</strong></span> <span class='ocrx_word' id='word_1_537' title='bbox 957 5432 1180 5495; x_wconf 92' lang='lat' dir='ltr'><strong>volunt,</strong></span> <span class='ocrx_word' id='word_1_538' title='bbox 1230 5429 1575 5482; x_wconf 87' lang='lat' dir='ltr'><strong>removeatur</strong></span> <span class='ocrx_word' id='word_1_539' title='bbox 1610 5415 1838 5488; x_wconf 89' lang='lat' dir='ltr'><strong>epistola</strong></span> <span class='ocrx_word' id='word_1_540' title='bbox 1861 5457 1875 5480; x_wconf 93' lang='lat'><strong>,</strong></span> <span class='ocrx_word' id='word_1_541' title='bbox 1915 5420 1971 5469; x_wconf 88' lang='lat' dir='ltr'><strong>et</strong></span> <span class='ocrx_word' id='word_1_542' title='bbox 1992 5413 2102 5467; x_wconf 93' lang='lat' dir='ltr'><strong>sin-</strong></span> 
     </span>
    </p>
   </div>
   <div class='ocr_carea' id='block_1_73' title="bbox 510 5509 2106 5609">
    <p class='ocr_par' dir='ltr' id='par_1_73' title="bbox 510 5509 2106 5609">
     <span class='ocr_line' id='line_1_73' title="bbox 510 5509 2106 5609; baseline -0.021 -17"><span class='ocrx_word' id='word_1_543' title='bbox 510 5533 623 5609; x_wconf 89' lang='lat' dir='ltr'><strong>guli</strong></span> <span class='ocrx_word' id='word_1_544' title='bbox 671 5509 1114 5600; x_wconf 80' lang='lat' dir='ltr'><strong>respondeamus.</strong></span> <span class='ocrx_word' id='word_1_545' title='bbox 1165 5520 1260 5578; x_wconf 91' lang='lat' dir='ltr'><strong>Sin</strong></span> <span class='ocrx_word' id='word_1_546' title='bbox 1287 5525 1466 5574; x_wconf 90' lang='lat' dir='ltr'><strong>autem</strong></span> <span class='ocrx_word' id='word_1_547' title='bbox 1487 5555 1502 5582; x_wconf 91' lang='lat'><strong>,</strong></span> <span class='ocrx_word' id='word_1_548' title='bbox 1535 5509 1854 5584; x_wconf 89' lang='lat' dir='ltr'><strong>permittant</strong></span> <span class='ocrx_word' id='word_1_549' title='bbox 1877 5520 2106 5578; x_wconf 84' lang='lat' dir='ltr'><strong>respou-</strong></span> 
     </span>
    </p>
   </div>
   <div class='ocr_carea' id='block_1_74' title="bbox 508 5627 747 5689">
    <p class='ocr_par' dir='ltr' id='par_1_74' title="bbox 508 5627 747 5689">
     <span class='ocr_line' id='line_1_74' title="bbox 508 5627 747 5689; baseline -0.05 1"><span class='ocrx_word' id='word_1_550' title='bbox 508 5627 747 5689; x_wconf 74' lang='lat' dir='ltr'><strong>sionem.</strong></span> 
     </span>
    </p>
   </div>
   <div class='ocr_carea' id='block_1_75' title="bbox 587 5693 2112 5784">
    <p class='ocr_par' dir='ltr' id='par_1_75' title="bbox 587 5693 2112 5784">
     <span class='ocr_line' id='line_1_75' title="bbox 587 5693 2112 5784; baseline -0.018 -11"><span class='ocrx_word' id='word_1_551' title='bbox 587 5719 716 5776; x_wconf 80' lang='lat'><strong>270.</strong></span> <span class='ocrx_word' id='word_1_552' title='bbox 759 5713 1053 5771; x_wconf 83' lang='lat' dir='ltr'><strong>Adeodatus</strong></span> <span class='ocrx_word' id='word_1_553' title='bbox 1075 5712 1345 5784; x_wconf 82' lang='lat' dir='ltr'><strong>episcopus</strong></span> <span class='ocrx_word' id='word_1_554' title='bbox 1367 5703 1521 5760; x_wconf 86' lang='lat' dir='ltr'><strong>dixit.</strong></span> <span class='ocrx_word' id='word_1_555' title='bbox 1547 5701 1838 5757; x_wconf 86' lang='lat' dir='ltr'><strong>Possumus</strong></span> <span class='ocrx_word' id='word_1_556' title='bbox 1866 5693 2112 5766; x_wconf 66' lang='lat' dir='ltr'><strong>praebere</strong></span> 
     </span>
    </p>
   </div>
   <div class='ocr_carea' id='block_1_76' title="bbox 520 5783 2116 5885">
    <p class='ocr_par' dir='ltr' id='par_1_76' title="bbox 520 5783 2116 5885">
     <span class='ocr_line' id='line_1_76' title="bbox 520 5783 2116 5885; baseline -0.019 -15"><span class='ocrx_word' id='word_1_557' title='bbox 520 5809 851 5885; x_wconf 79' lang='lat' dir='ltr'><strong>patientiam.</strong></span> <span class='ocrx_word' id='word_1_558' title='bbox 883 5805 952 5863; x_wconf 81' lang='lat' dir='ltr'><strong>Et</strong></span> <span class='ocrx_word' id='word_1_559' title='bbox 981 5820 1099 5860; x_wconf 87' lang='lat' dir='ltr'><strong>cum</strong></span> <span class='ocrx_word' id='word_1_560' title='bbox 1140 5803 1324 5857; x_wconf 85' lang='lat' dir='ltr'><strong>diceret</strong></span> <span class='ocrx_word' id='word_1_561' title='bbox 1356 5797 1448 5869; x_wconf 79' lang='lat' dir='ltr'><strong>(Et</strong></span> <span class='ocrx_word' id='word_1_562' title='bbox 1503 5796 1611 5852; x_wconf 88' lang='lat' dir='ltr'><strong>alia</strong></span> <span class='ocrx_word' id='word_1_563' title='bbox 1656 5806 1834 5848; x_wconf 85' lang='lat' dir='ltr'><strong>manu.</strong></span> <span class='ocrx_word' id='word_1_564' title='bbox 1865 5783 2116 5844; x_wconf 80' lang='lat' dir='ltr'><strong>Adcoda-</strong></span> 
     </span>
    </p>
   </div>
   <div class='ocr_carea' id='block_1_77' title="bbox 2203 1858 3829 1939">
    <p class='ocr_par' dir='ltr' id='par_1_77' title="bbox 2203 1858 3829 1939">
     <span class='ocr_line' id='line_1_77' title="bbox 2203 1858 3829 1939; baseline -0.012 -9"><span class='ocrx_word' id='word_1_565' title='bbox 2203 1871 2478 1930; x_wconf 88' lang='lat' dir='ltr'><strong>Promissa</strong></span> <span class='ocrx_word' id='word_1_566' title='bbox 2524 1868 2778 1939; x_wconf 87' lang='lat' dir='ltr'><strong>patientia</strong></span> <span class='ocrx_word' id='word_1_567' title='bbox 2819 1865 3143 1937; x_wconf 70' lang='lat' dir='ltr'><strong>prmbeatnr.</strong></span> <span class='ocrx_word' id='word_1_568' title='bbox 3195 1860 3473 1916; x_wconf 76' lang='lat' dir='ltr'><strong>Montanus</strong></span> <span class='ocrx_word' id='word_1_569' title='bbox 3526 1858 3829 1930; x_wconf 69' lang='lat' dir='ltr'><strong>episcopus</strong></span> 
     </span>
    </p>
   </div>
   <div class='ocr_carea' id='block_1_78' title="bbox 2205 1950 3828 2036">
    <p class='ocr_par' dir='ltr' id='par_1_78' title="bbox 2205 1950 3828 2036">
     <span class='ocr_line' id='line_1_78' title="bbox 2205 1950 3828 2036; baseline -0.01 -14"><span class='ocrx_word' id='word_1_570' title='bbox 2205 1970 2359 2024; x_wconf 88' lang='lat' dir='ltr'><strong>dixit.</strong></span> <span class='ocrx_word' id='word_1_571' title='bbox 2387 1965 2615 2036; x_wconf 85' lang='lat' dir='ltr'><strong>Quando</strong></span> <span class='ocrx_word' id='word_1_572' title='bbox 2643 1962 2822 2018; x_wconf 88' lang='lat' dir='ltr'><strong>omnia</strong></span> <span class='ocrx_word' id='word_1_573' title='bbox 2847 1962 2898 2015; x_wconf 92' lang='lat' dir='ltr'><strong>in</strong></span> <span class='ocrx_word' id='word_1_574' title='bbox 2927 1959 3110 2014; x_wconf 90' lang='lat' dir='ltr'><strong>animo</strong></span> <span class='ocrx_word' id='word_1_575' title='bbox 3137 1957 3436 2012; x_wconf 81' lang='lat' dir='ltr'><strong>retinentur</strong></span> <span class='ocrx_word' id='word_1_576' title='bbox 3456 1994 3472 2019; x_wconf 93' lang='lat'><strong>,</strong></span> <span class='ocrx_word' id='word_1_577' title='bbox 3496 1953 3541 2008; x_wconf 91' lang='lat' dir='ltr'><strong>si</strong></span> <span class='ocrx_word' id='word_1_578' title='bbox 3573 1968 3704 2006; x_wconf 87' lang='lat' dir='ltr'><strong>non</strong></span> <span class='ocrx_word' id='word_1_579' title='bbox 3756 1950 3828 2006; x_wconf 74' lang='lat' dir='ltr'><strong>ad</strong></span> 
     </span>
    </p>
   </div>
   <div class='ocr_carea' id='block_1_79' title="bbox 2205 2043 3831 2132">
    <p class='ocr_par' dir='ltr' id='par_1_79' title="bbox 2205 2043 3831 2132">
     <span class='ocr_line' id='line_1_79' title="bbox 2205 2043 3831 2132; baseline -0.014 -14"><span class='ocrx_word' id='word_1_580' title='bbox 2205 2061 2418 2132; x_wconf 88' lang='lat' dir='ltr'><strong>singula</strong></span> <span class='ocrx_word' id='word_1_581' title='bbox 2451 2056 2896 2129; x_wconf 82' lang='lat' dir='ltr'><strong>respondeamus.</strong></span> <span class='ocrx_word' id='word_1_582' title='bbox 2928 2052 2994 2106; x_wconf 82' lang='lat' dir='ltr'><strong>Et</strong></span> <span class='ocrx_word' id='word_1_583' title='bbox 3026 2051 3132 2106; x_wconf 85' lang='lat' dir='ltr'><strong>alia</strong></span> <span class='ocrx_word' id='word_1_584' title='bbox 3163 2063 3337 2102; x_wconf 87' lang='lat' dir='ltr'><strong>manu.</strong></span> <span class='ocrx_word' id='word_1_585' title='bbox 3377 2045 3671 2102; x_wconf 76' lang='lat' dir='ltr'><strong>Montanus</strong></span> <span class='ocrx_word' id='word_1_586' title='bbox 3705 2043 3831 2113; x_wconf 86' lang='lat' dir='ltr'><strong>cpi-</strong></span> 
     </span>
    </p>
   </div>
   <div class='ocr_carea' id='block_1_80' title="bbox 2203 2138 3832 2228">
    <p class='ocr_par' dir='ltr' id='par_1_80' title="bbox 2203 2138 3832 2228">
     <span class='ocr_line' id='line_1_80' title="bbox 2203 2138 3832 2228; baseline -0.017 -13"><span class='ocrx_word' id='word_1_587' title='bbox 2203 2171 2405 2228; x_wconf 87' lang='lat' dir='ltr'><strong>scopus</strong></span> <span class='ocrx_word' id='word_1_588' title='bbox 2429 2152 2740 2224; x_wconf 84' lang='lat' dir='ltr'><strong>recognovi.</strong></span> <span class='ocrx_word' id='word_1_589' title='bbox 2795 2146 3138 2204; x_wconf 84' lang='lat' dir='ltr'><strong>Marcellinus</strong></span> <span class='ocrx_word' id='word_1_590' title='bbox 3167 2142 3245 2198; x_wconf 80' lang='lat' dir='ltr'><strong>rir</strong></span> <span class='ocrx_word' id='word_1_591' title='bbox 3285 2140 3599 2196; x_wconf 77' lang='lat' dir='ltr'><strong>clarissimus</strong></span> <span class='ocrx_word' id='word_1_592' title='bbox 3649 2138 3832 2191; x_wconf 73' lang='lat' dir='ltr'><strong>tribu-</strong></span> 
     </span>
    </p>
   </div>
   <div class='ocr_carea' id='block_1_81' title="bbox 2206 2229 3834 2306">
    <p class='ocr_par' dir='ltr' id='par_1_81' title="bbox 2206 2229 3834 2306">
     <span class='ocr_line' id='line_1_81' title="bbox 2206 2229 3834 2306; baseline -0.014 1"><span class='ocrx_word' id='word_1_593' title='bbox 2206 2268 2304 2306; x_wconf 84' lang='lat' dir='ltr'><strong>nus</strong></span> <span class='ocrx_word' id='word_1_594' title='bbox 2353 2258 2400 2304; x_wconf 87' lang='lat' dir='ltr'><strong>et</strong></span> <span class='ocrx_word' id='word_1_595' title='bbox 2453 2249 2687 2302; x_wconf 85' lang='lat' dir='ltr'><strong>notarius</strong></span> <span class='ocrx_word' id='word_1_596' title='bbox 2739 2243 2888 2298; x_wconf 82' lang='lat' dir='ltr'><strong>dixit.</strong></span> <span class='ocrx_word' id='word_1_597' title='bbox 2921 2239 3188 2295; x_wconf 74' lang='lat' dir='ltr'><strong>Terrorem</strong></span> <span class='ocrx_word' id='word_1_598' title='bbox 3241 2233 3506 2291; x_wconf 68' lang='lat' dir='ltr'><strong>universa:</strong></span> <span class='ocrx_word' id='word_1_599' title='bbox 3554 2229 3834 2301; x_wconf 76' lang='lat' dir='ltr'><strong>epistola:</strong></span> 
     </span>
    </p>
   </div>
   <div class='ocr_carea' id='block_1_82' title="bbox 2207 2329 3834 2418">
    <p class='ocr_par' dir='ltr' id='par_1_82' title="bbox 2207 2329 3834 2418">
     <span class='ocr_line' id='line_1_82' title="bbox 2207 2329 3834 2418; baseline -0.015 -17"><span class='ocrx_word' id='word_1_600' title='bbox 2207 2345 2475 2418; x_wconf 91' lang='lat' dir='ltr'><strong>patienter</strong></span> <span class='ocrx_word' id='word_1_601' title='bbox 2517 2347 2732 2396; x_wconf 90' lang='lat' dir='ltr'><strong>constat</strong></span> <span class='ocrx_word' id='word_1_602' title='bbox 2774 2333 3069 2400; x_wconf 49' lang='lat' dir='ltr'><strong>auditum}</strong></span> <span class='ocrx_word' id='word_1_603' title='bbox 3090 2329 3442 2398; x_wconf 86' lang='lat' dir='ltr'><strong>Consequens</strong></span> <span class='ocrx_word' id='word_1_604' title='bbox 3471 2333 3557 2379; x_wconf 88' lang='lat' dir='ltr'><strong>est</strong></span> <span class='ocrx_word' id='word_1_605' title='bbox 3612 2331 3687 2378; x_wconf 82' lang='lat' dir='ltr'><strong>ut</strong></span> <span class='ocrx_word' id='word_1_606' title='bbox 3742 2338 3834 2377; x_wconf 88' lang='lat' dir='ltr'><strong>rc-</strong></span> 
     </span>
    </p>
   </div>
   <div class='ocr_carea' id='block_1_83' title="bbox 2207 2417 3736 2511">
    <p class='ocr_par' dir='ltr' id='par_1_83' title="bbox 2207 2417 3736 2511">
     <span class='ocr_line' id='line_1_83' title="bbox 2207 2417 3736 2511; baseline -0.017 -16"><span class='ocrx_word' id='word_1_607' title='bbox 2207 2417 2629 2511; x_wconf 80' lang='lat' dir='ltr'><strong>sponsiones‘ad</strong></span> <span class='ocrx_word' id='word_1_608' title='bbox 2653 2430 2861 2502; x_wconf 88' lang='lat' dir='ltr'><strong>singula</strong></span> <span class='ocrx_word' id='word_1_609' title='bbox 2891 2426 3165 2500; x_wconf 87' lang='lat' dir='ltr'><strong>patienter</strong></span> <span class='ocrx_word' id='word_1_610' title='bbox 3189 2421 3378 2477; x_wconf 88' lang='lat' dir='ltr'><strong>audire</strong></span> <span class='ocrx_word' id='word_1_611' title='bbox 3399 2417 3736 2491; x_wconf 87' lang='lat' dir='ltr'><strong>dignemini.</strong></span> 
     </span>
    </p>
   </div>
   <div class='ocr_carea' id='block_1_84' title="bbox 2277 2531 3833 2616">
    <p class='ocr_par' dir='ltr' id='par_1_84' title="bbox 2277 2531 3833 2616">
     <span class='ocr_line' id='line_1_84' title="bbox 2277 2531 3833 2616; baseline -0.015 -9"><span class='ocrx_word' id='word_1_612' title='bbox 2277 2550 2406 2607; x_wconf 77' lang='lat'><strong>272.</strong></span> <span class='ocrx_word' id='word_1_613' title='bbox 2450 2547 2765 2616; x_wconf 81' lang='lat' dir='ltr'><strong>Augustinus</strong></span> <span class='ocrx_word' id='word_1_614' title='bbox 2790 2542 3061 2612; x_wconf 87' lang='lat' dir='ltr'><strong>episcopus</strong></span> <span class='ocrx_word' id='word_1_615' title='bbox 3090 2535 3338 2593; x_wconf 74' lang='lat' dir='ltr'><strong>Ecclesia:</strong></span> <span class='ocrx_word' id='word_1_616' title='bbox 3361 2531 3633 2588; x_wconf 69' lang='lat' dir='ltr'><strong>catholicae</strong></span> <span class='ocrx_word' id='word_1_617' title='bbox 3656 2531 3833 2585; x_wconf 78' lang='lat' dir='ltr'><strong>dixit.</strong></span> 
     </span>
    </p>
   </div>
   <div class='ocr_carea' id='block_1_85' title="bbox 2209 2624 3836 2708">
    <p class='ocr_par' dir='ltr' id='par_1_85' title="bbox 2209 2624 3836 2708">
     <span class='ocr_line' id='line_1_85' title="bbox 2209 2624 3836 2708; baseline -0.015 -4"><span class='ocrx_word' id='word_1_618' title='bbox 2209 2645 2337 2704; x_wconf 89' lang='lat' dir='ltr'><strong>ldeo</strong></span> <span class='ocrx_word' id='word_1_619' title='bbox 2361 2653 2416 2700; x_wconf 91' lang='lat' dir='ltr'><strong>et</strong></span> <span class='ocrx_word' id='word_1_620' title='bbox 2456 2642 2547 2698; x_wconf 91' lang='lat' dir='ltr'><strong>illa</strong></span> <span class='ocrx_word' id='word_1_621' title='bbox 2595 2637 2899 2708; x_wconf 90' lang='lat' dir='ltr'><strong>conscripta</strong></span> <span class='ocrx_word' id='word_1_622' title='bbox 2928 2642 3084 2699; x_wconf 91' lang='lat' dir='ltr'><strong>sunt,</strong></span> <span class='ocrx_word' id='word_1_623' title='bbox 3115 2640 3174 2687; x_wconf 90' lang='lat' dir='ltr'><strong>et</strong></span> <span class='ocrx_word' id='word_1_624' title='bbox 3201 2630 3316 2684; x_wconf 70' lang='lat' dir='ltr'><strong>haec</strong></span> <span class='ocrx_word' id='word_1_625' title='bbox 3340 2626 3720 2696; x_wconf 83' lang='lat' dir='ltr'><strong>excipiuntur.</strong></span> <span class='ocrx_word' id='word_1_626' title='bbox 3774 2624 3836 2679; x_wconf 88' lang='lat' dir='ltr'><strong>Si</strong></span> 
     </span>
    </p>
   </div>
   <div class='ocr_carea' id='block_1_86' title="bbox 2207 2717 3835 2813">
    <p class='ocr_par' dir='ltr' id='par_1_86' title="bbox 2207 2717 3835 2813">
     <span class='ocr_line' id='line_1_86' title="bbox 2207 2717 3835 2813; baseline -0.016 -16"><span class='ocrx_word' id='word_1_627' title='bbox 2207 2741 2335 2813; x_wconf 89' lang='lat' dir='ltr'><strong>quid</strong></span> <span class='ocrx_word' id='word_1_628' title='bbox 2364 2735 2683 2794; x_wconf 89' lang='lat' dir='ltr'><strong>memoriam</strong></span> <span class='ocrx_word' id='word_1_629' title='bbox 2713 2732 2868 2797; x_wconf 81' lang='lat' dir='ltr'><strong>fallit,</strong></span> <span class='ocrx_word' id='word_1_630' title='bbox 2901 2738 2953 2785; x_wconf 90' lang='lat' dir='ltr'><strong>et</strong></span> <span class='ocrx_word' id='word_1_631' title='bbox 2987 2740 3087 2798; x_wconf 85' lang='lat' dir='ltr'><strong>ego</strong></span> <span class='ocrx_word' id='word_1_632' title='bbox 3119 2737 3339 2794; x_wconf 86' lang='lat' dir='ltr'><strong>possunt</strong></span> <span class='ocrx_word' id='word_1_633' title='bbox 3374 2728 3552 2790; x_wconf 80' lang='lat' dir='ltr'><strong>petere</strong></span> <span class='ocrx_word' id='word_1_634' title='bbox 3583 2727 3644 2771; x_wconf 89' lang='lat' dir='ltr'><strong>ut</strong></span> <span class='ocrx_word' id='word_1_635' title='bbox 3685 2717 3835 2772; x_wconf 84' lang='lat' dir='ltr'><strong>mihi</strong></span> 
     </span>
    </p>
   </div>
   <div class='ocr_carea' id='block_1_87' title="bbox 2208 2799 3831 2904">
    <p class='ocr_par' dir='ltr' id='par_1_87' title="bbox 2208 2799 3831 2904">
     <span class='ocr_line' id='line_1_87' title="bbox 2208 2799 3831 2904; baseline -0.017 -12"><span class='ocrx_word' id='word_1_636' title='bbox 2208 2836 2277 2892; x_wconf 89' lang='lat' dir='ltr'><strong>de</strong></span> <span class='ocrx_word' id='word_1_637' title='bbox 2321 2832 2549 2904; x_wconf 84' lang='lat' dir='ltr'><strong>epistola</strong></span> <span class='ocrx_word' id='word_1_638' title='bbox 2604 2827 2895 2888; x_wconf 86' lang='lat' dir='ltr'><strong>recitetnr;</strong></span> <span class='ocrx_word' id='word_1_639' title='bbox 2947 2830 3003 2877; x_wconf 92' lang='lat' dir='ltr'><strong>et</strong></span> <span class='ocrx_word' id='word_1_640' title='bbox 3043 2818 3145 2892; x_wconf 90' lang='lat' dir='ltr'><strong>ipsi</strong></span> <span class='ocrx_word' id='word_1_641' title='bbox 3180 2823 3444 2887; x_wconf 90' lang='lat' dir='ltr'><strong>possunt,</strong></span> <span class='ocrx_word' id='word_1_642' title='bbox 3492 2819 3552 2866; x_wconf 91' lang='lat' dir='ltr'><strong>ut</strong></span> <span class='ocrx_word' id='word_1_643' title='bbox 3588 2799 3715 2866; x_wconf 89' lang='lat' dir='ltr'><strong>illis</strong></span> <span class='ocrx_word' id='word_1_644' title='bbox 3765 2828 3831 2866; x_wconf 80' lang='lat' dir='ltr'><strong>ex</strong></span> 
     </span>
    </p>
   </div>
   <div class='ocr_carea' id='block_1_88' title="bbox 2209 2907 3834 2990">
    <p class='ocr_par' dir='ltr' id='par_1_88' title="bbox 2209 2907 3834 2990">
     <span class='ocr_line' id='line_1_88' title="bbox 2209 2907 3834 2990; baseline -0.016 -4"><span class='ocrx_word' id='word_1_645' title='bbox 2209 2928 2486 2986; x_wconf 89' lang='lat' dir='ltr'><strong>codicibus</strong></span> <span class='ocrx_word' id='word_1_646' title='bbox 2513 2924 2771 2981; x_wconf 90' lang='lat' dir='ltr'><strong>recitetnr</strong></span> <span class='ocrx_word' id='word_1_647' title='bbox 2797 2960 2812 2987; x_wconf 89' lang='lat'><strong>,</strong></span> <span class='ocrx_word' id='word_1_648' title='bbox 2842 2915 3087 2990; x_wconf 74' lang='lat' dir='ltr'><strong>przcbere</strong></span> <span class='ocrx_word' id='word_1_649' title='bbox 3114 2911 3413 2968; x_wconf 87' lang='lat' dir='ltr'><strong>silentium.</strong></span> <span class='ocrx_word' id='word_1_650' title='bbox 3446 2908 3702 2977; x_wconf 81' lang='lat' dir='ltr'><strong>Agamus</strong></span> <span class='ocrx_word' id='word_1_651' title='bbox 3731 2907 3834 2960; x_wconf 63' lang='grc' dir='ltr'><strong>³ῑί-</strong></span> 
     </span>
    </p>
   </div>
   <div class='ocr_carea' id='block_1_89' title="bbox 2210 2998 3830 3096">
    <p class='ocr_par' dir='ltr' id='par_1_89' title="bbox 2210 2998 3830 3096">
     <span class='ocr_line' id='line_1_89' title="bbox 2210 2998 3830 3096; baseline -0.019 -17"><span class='ocrx_word' id='word_1_652' title='bbox 2210 3023 2356 3096; x_wconf 91' lang='lat' dir='ltr'><strong>quid.</strong></span> <span class='ocrx_word' id='word_1_653' title='bbox 2387 3020 2458 3077; x_wconf 93' lang='lat' dir='ltr'><strong>Ut</strong></span> <span class='ocrx_word' id='word_1_654' title='bbox 2479 3031 2611 3088; x_wconf 80' lang='lat' dir='ltr'><strong>ergo</strong></span> <span class='ocrx_word' id='word_1_655' title='bbox 2651 3014 2835 3069; x_wconf 90' lang='lat' dir='ltr'><strong>dicere</strong></span> <span class='ocrx_word' id='word_1_656' title='bbox 2859 3021 3130 3079; x_wconf 69' lang='lat' dir='ltr'><strong>coeperam</strong></span> <span class='ocrx_word' id='word_1_657' title='bbox 3149 3046 3166 3072; x_wconf 91' lang='lat'><strong>,</strong></span> <span class='ocrx_word' id='word_1_658' title='bbox 3195 3003 3325 3071; x_wconf 72' lang='lat' dir='ltr'><strong>ipsis</strong></span> <span class='ocrx_word' id='word_1_659' title='bbox 3353 2998 3794 3056; x_wconf 82' lang='lat' dir='ltr'><strong>admonentibus</strong></span> <span class='ocrx_word' id='word_1_660' title='bbox 3815 3037 3830 3060; x_wconf 86' lang='lat'><strong>,</strong></span> 
     </span>
    </p>
   </div>
   <div class='ocr_carea' id='block_1_90' title="bbox 2133 3095 3831 3198">
    <p class='ocr_par' dir='ltr' id='par_1_90' title="bbox 2133 3095 3831 3198">
     <span class='ocr_line' id='line_1_90' title="bbox 2133 3095 3831 3198; baseline -0.019 -22"><span class='ocrx_word' id='word_1_661' title='bbox 2133 3132 2180 3198; x_wconf 64' lang='grc' dir='ltr'><strong>(ζ</strong></span> <span class='ocrx_word' id='word_1_662' title='bbox 2214 3115 2523 3174; x_wconf 90' lang='lat' dir='ltr'><strong>invenimus</strong></span> <span class='ocrx_word' id='word_1_663' title='bbox 2545 3113 2597 3166; x_wconf 92' lang='lat' dir='ltr'><strong>in</strong></span> <span class='ocrx_word' id='word_1_664' title='bbox 2619 3107 2904 3179; x_wconf 85' lang='lat' dir='ltr'><strong>scripturis</strong></span> <span class='ocrx_word' id='word_1_665' title='bbox 2925 3101 3111 3159; x_wconf 90' lang='lat' dir='ltr'><strong>mundi</strong></span> <span class='ocrx_word' id='word_1_666' title='bbox 3136 3114 3332 3156; x_wconf 86' lang='lat' dir='ltr'><strong>nomen</strong></span> <span class='ocrx_word' id='word_1_667' title='bbox 3358 3097 3410 3151; x_wconf 92' lang='lat' dir='ltr'><strong>in</strong></span> <span class='ocrx_word' id='word_1_668' title='bbox 3438 3095 3582 3150; x_wconf 88' lang='lat' dir='ltr'><strong>malo</strong></span> <span class='ocrx_word' id='word_1_669' title='bbox 3609 3135 3625 3158; x_wconf 94' lang='lat'><strong>,</strong></span> <span class='ocrx_word' id='word_1_670' title='bbox 3663 3109 3831 3147; x_wconf 83' lang='lat' dir='ltr'><strong>mun-</strong></span> 
     </span>
    </p>
   </div>
   <div class='ocr_carea' id='block_1_91' title="bbox 2212 3188 3830 3267">
    <p class='ocr_par' dir='ltr' id='par_1_91' title="bbox 2212 3188 3830 3267">
     <span class='ocr_line' id='line_1_91' title="bbox 2212 3188 3830 3267; baseline -0.016 0"><span class='ocrx_word' id='word_1_671' title='bbox 2212 3211 2265 3267; x_wconf 92' lang='lat' dir='ltr'><strong>di</strong></span> <span class='ocrx_word' id='word_1_672' title='bbox 2297 3223 2492 3266; x_wconf 90' lang='lat' dir='ltr'><strong>nomen</strong></span> <span class='ocrx_word' id='word_1_673' title='bbox 2527 3206 2580 3261; x_wconf 93' lang='lat' dir='ltr'><strong>in</strong></span> <span class='ocrx_word' id='word_1_674' title='bbox 2607 3204 2771 3260; x_wconf 87' lang='lat' dir='ltr'><strong>bono.</strong></span> <span class='ocrx_word' id='word_1_675' title='bbox 2794 3199 2927 3256; x_wconf 87' lang='lat' dir='ltr'><strong>Nam</strong></span> <span class='ocrx_word' id='word_1_676' title='bbox 2953 3195 3134 3252; x_wconf 91' lang='lat' dir='ltr'><strong>mundi</strong></span> <span class='ocrx_word' id='word_1_677' title='bbox 3161 3207 3360 3248; x_wconf 87' lang='lat' dir='ltr'><strong>nomen</strong></span> <span class='ocrx_word' id='word_1_678' title='bbox 3393 3191 3446 3245; x_wconf 91' lang='lat' dir='ltr'><strong>in</strong></span> <span class='ocrx_word' id='word_1_679' title='bbox 3475 3188 3647 3252; x_wconf 88' lang='lat' dir='ltr'><strong>malo,</strong></span> <span class='ocrx_word' id='word_1_680' title='bbox 3681 3188 3830 3242; x_wconf 80' lang='lat' dir='ltr'><strong>sicut</strong></span> 
     </span>
    </p>
   </div>
   <div class='ocr_carea' id='block_1_92' title="bbox 2209 3280 3823 3378">
    <p class='ocr_par' dir='ltr' id='par_1_92' title="bbox 2209 3280 3823 3378">
     <span class='ocr_line' id='line_1_92' title="bbox 2209 3280 3823 3378; baseline -0.018 -16"><span class='ocrx_word' id='word_1_681' title='bbox 2209 3304 2314 3378; x_wconf 88' lang='lat' dir='ltr'><strong>ipsi</strong></span> <span class='ocrx_word' id='word_1_682' title='bbox 2340 3304 2590 3359; x_wconf 85' lang='lat' dir='ltr'><strong>dixerunt</strong></span> <span class='ocrx_word' id='word_1_683' title='bbox 2618 3317 2631 3354; x_wconf 90' lang='lat'><strong>:</strong></span> <span class='ocrx_word' id='word_1_684' title='bbox 2663 3296 2728 3352; x_wconf 82' lang='lat' dir='ltr'><strong>Et</strong></span> <span class='ocrx_word' id='word_1_685' title='bbox 2753 3294 2974 3349; x_wconf 86' lang='lat' dir='ltr'><strong>mundus</strong></span> <span class='ocrx_word' id='word_1_686' title='bbox 2995 3307 3107 3347; x_wconf 88' lang='lat' dir='ltr'><strong>eum</strong></span> <span class='ocrx_word' id='word_1_687' title='bbox 3135 3305 3240 3343; x_wconf 84' lang='lat' dir='ltr'><strong>non</strong></span> <span class='ocrx_word' id='word_1_688' title='bbox 3267 3283 3499 3358; x_wconf 75' lang='lat' dir='ltr'><strong>cognovit</strong></span> <span class='ocrx_word' id='word_1_689' title='bbox 3533 3281 3732 3355; x_wconf 75' lang='lat' dir='ltr'><strong>(loca.</strong></span> <span class='ocrx_word' id='word_1_690' title='bbox 3761 3280 3823 3348; x_wconf 90' lang='grc' dir='ltr'><strong>ι).</strong></span> 
     </span>
    </p>
   </div>
   <div class='ocr_carea' id='block_1_93' title="bbox 2207 3373 3827 3468">
    <p class='ocr_par' dir='ltr' id='par_1_93' title="bbox 2207 3373 3827 3468">
     <span class='ocr_line' id='line_1_93' title="bbox 2207 3373 3827 3468; baseline -0.018 -11"><span class='ocrx_word' id='word_1_691' title='bbox 2207 3373 2276 3456; x_wconf 79' lang='lat' dir='ltr'><strong>Et</strong></span> <span class='ocrx_word' id='word_1_692' title='bbox 2305 3417 2320 3455; x_wconf 91' lang='lat'><strong>:</strong></span> <span class='ocrx_word' id='word_1_693' title='bbox 2351 3397 2414 3454; x_wconf 88' lang='lat' dir='ltr'><strong>Si</strong></span> <span class='ocrx_word' id='word_1_694' title='bbox 2435 3395 2548 3468; x_wconf 89' lang='lat' dir='ltr'><strong>quis</strong></span> <span class='ocrx_word' id='word_1_695' title='bbox 2571 3390 2810 3447; x_wconf 81' lang='lat' dir='ltr'><strong>dilexerit</strong></span> <span class='ocrx_word' id='word_1_696' title='bbox 2836 3385 3118 3450; x_wconf 81' lang='lat' dir='ltr'><strong>mundum,</strong></span> <span class='ocrx_word' id='word_1_697' title='bbox 3154 3397 3254 3435; x_wconf 91' lang='lat' dir='ltr'><strong>non</strong></span> <span class='ocrx_word' id='word_1_698' title='bbox 3275 3390 3348 3434; x_wconf 84' lang='lat' dir='ltr'><strong>est</strong></span> <span class='ocrx_word' id='word_1_699' title='bbox 3372 3377 3602 3433; x_wconf 81' lang='lat' dir='ltr'><strong>charitas</strong></span> <span class='ocrx_word' id='word_1_700' title='bbox 3636 3373 3827 3429; x_wconf 84' lang='lat' dir='ltr'><strong>Patris</strong></span> 
     </span>
    </p>
   </div>
   <div class='ocr_carea' id='block_1_94' title="bbox 2208 3471 3826 3557">
    <p class='ocr_par' dir='ltr' id='par_1_94' title="bbox 2208 3471 3826 3557">
     <span class='ocr_line' id='line_1_94' title="bbox 2208 3471 3826 3557; baseline -0.017 -9"><span class='ocrx_word' id='word_1_701' title='bbox 2208 3494 2261 3548; x_wconf 91' lang='lat' dir='ltr'><strong>in</strong></span> <span class='ocrx_word' id='word_1_702' title='bbox 2292 3490 2387 3546; x_wconf 90' lang='lat' dir='ltr'><strong>illo</strong></span> <span class='ocrx_word' id='word_1_703' title='bbox 2436 3489 2477 3557; x_wconf 96' lang='grc' dir='ltr'><strong>(Ι</strong></span> <span class='ocrx_word' id='word_1_704' title='bbox 2504 3479 2665 3541; x_wconf 74' lang='lat' dir='ltr'><strong>.lban.</strong></span> <span class='ocrx_word' id='word_1_705' title='bbox 2694 3482 2778 3555; x_wconf 89' lang='lat' dir='ltr'><strong>tt),</strong></span> <span class='ocrx_word' id='word_1_706' title='bbox 2811 3490 2867 3537; x_wconf 91' lang='lat' dir='ltr'><strong>et</strong></span> <span class='ocrx_word' id='word_1_707' title='bbox 2895 3488 3111 3535; x_wconf 67' lang='lat' dir='ltr'><strong>caetera.</strong></span> <span class='ocrx_word' id='word_1_708' title='bbox 3155 3471 3340 3530; x_wconf 83' lang='lat' dir='ltr'><strong>Mundi</strong></span> <span class='ocrx_word' id='word_1_709' title='bbox 3379 3480 3563 3526; x_wconf 87' lang='lat' dir='ltr'><strong>autem</strong></span> <span class='ocrx_word' id='word_1_710' title='bbox 3613 3481 3826 3522; x_wconf 82' lang='lat' dir='ltr'><strong>nomen</strong></span> 
     </span>
    </p>
   </div>
   <div class='ocr_carea' id='block_1_95' title="bbox 2210 3560 3827 3643">
    <p class='ocr_par' dir='ltr' id='par_1_95' title="bbox 2210 3560 3827 3643">
     <span class='ocr_line' id='line_1_95' title="bbox 2210 3560 3827 3643; baseline -0.02 0"><span class='ocrx_word' id='word_1_711' title='bbox 2210 3586 2264 3643; x_wconf 88' lang='lat' dir='ltr'><strong>in</strong></span> <span class='ocrx_word' id='word_1_712' title='bbox 2306 3585 2468 3642; x_wconf 85' lang='lat' dir='ltr'><strong>bono.</strong></span> <span class='ocrx_word' id='word_1_713' title='bbox 2509 3580 2576 3636; x_wconf 91' lang='lat' dir='ltr'><strong>Ut</strong></span> <span class='ocrx_word' id='word_1_714' title='bbox 2620 3577 2796 3633; x_wconf 85' lang='lat' dir='ltr'><strong>credat</strong></span> <span class='ocrx_word' id='word_1_715' title='bbox 2846 3573 3067 3628; x_wconf 88' lang='lat' dir='ltr'><strong>ntundus</strong></span> <span class='ocrx_word' id='word_1_716' title='bbox 3105 3567 3348 3638; x_wconf 86' lang='lat' dir='ltr'><strong>quoniam</strong></span> <span class='ocrx_word' id='word_1_717' title='bbox 3405 3573 3459 3617; x_wconf 86' lang='lat' dir='ltr'><strong>tu</strong></span> <span class='ocrx_word' id='word_1_718' title='bbox 3503 3579 3586 3618; x_wconf 83' lang='lat' dir='ltr'><strong>me</strong></span> <span class='ocrx_word' id='word_1_719' title='bbox 3628 3560 3827 3615; x_wconf 78' lang='lat' dir='ltr'><strong>misisti</strong></span> 
     </span>
    </p>
   </div>
   <div class='ocr_carea' id='block_1_96' title="bbox 2215 3655 3821 3754">
    <p class='ocr_par' dir='ltr' id='par_1_96' title="bbox 2215 3655 3821 3754">
     <span class='ocr_line' id='line_1_96' title="bbox 2215 3655 3821 3754; baseline -0.017 -18"><span class='ocrx_word' id='word_1_720' title='bbox 2215 3681 2400 3754; x_wconf 86' lang='lat' dir='ltr'><strong>(Joan.</strong></span> <span class='ocrx_word' id='word_1_721' title='bbox 2440 3674 2604 3748; x_wconf 88' lang='lat' dir='ltr'><strong>xvn).</strong></span> <span class='ocrx_word' id='word_1_722' title='bbox 2638 3671 2756 3729; x_wconf 84' lang='lat' dir='ltr'><strong>Non</strong></span> <span class='ocrx_word' id='word_1_723' title='bbox 2781 3669 2926 3725; x_wconf 83' lang='lat' dir='ltr'><strong>enim</strong></span> <span class='ocrx_word' id='word_1_724' title='bbox 2949 3663 3173 3722; x_wconf 90' lang='lat' dir='ltr'><strong>credere</strong></span> <span class='ocrx_word' id='word_1_725' title='bbox 3199 3660 3465 3716; x_wconf 89' lang='lat' dir='ltr'><strong>malorum</strong></span> <span class='ocrx_word' id='word_1_726' title='bbox 3493 3665 3598 3713; x_wconf 88' lang='lat' dir='ltr'><strong>est.</strong></span> <span class='ocrx_word' id='word_1_727' title='bbox 3629 3655 3821 3710; x_wconf 76' lang='lat' dir='ltr'><strong>Mundi</strong></span> 
     </span>
    </p>
   </div>
   <div class='ocr_carea' id='block_1_97' title="bbox 2213 3749 3823 3830">
    <p class='ocr_par' dir='ltr' id='par_1_97' title="bbox 2213 3749 3823 3830">
     <span class='ocr_line' id='line_1_97' title="bbox 2213 3749 3823 3830; baseline -0.02 1"><span class='ocrx_word' id='word_1_728' title='bbox 2213 3749 2409 3830; x_wconf 85' lang='lat' dir='ltr'><strong>nomen</strong></span> <span class='ocrx_word' id='word_1_729' title='bbox 2442 3771 2494 3826; x_wconf 92' lang='lat' dir='ltr'><strong>in</strong></span> <span class='ocrx_word' id='word_1_730' title='bbox 2522 3770 2683 3824; x_wconf 87' lang='lat' dir='ltr'><strong>bono.</strong></span> <span class='ocrx_word' id='word_1_731' title='bbox 2724 3763 2847 3818; x_wconf 88' lang='lat' dir='ltr'><strong>Non</strong></span> <span class='ocrx_word' id='word_1_732' title='bbox 2901 3760 3034 3816; x_wconf 77' lang='lat' dir='ltr'><strong>venit</strong></span> <span class='ocrx_word' id='word_1_733' title='bbox 3062 3767 3118 3811; x_wconf 90' lang='lat' dir='ltr'><strong>ut</strong></span> <span class='ocrx_word' id='word_1_734' title='bbox 3153 3755 3356 3830; x_wconf 79' lang='lat' dir='ltr'><strong>judicet</strong></span> <span class='ocrx_word' id='word_1_735' title='bbox 3400 3751 3657 3805; x_wconf 76' lang='lat' dir='ltr'><strong>mundum</strong></span> <span class='ocrx_word' id='word_1_736' title='bbox 3683 3791 3699 3814; x_wconf 88' lang='lat'><strong>,</strong></span> <span class='ocrx_word' id='word_1_737' title='bbox 3736 3749 3823 3800; x_wconf 85' lang='lat' dir='ltr'><strong>sed</strong></span> 
     </span>
    </p>
   </div>
   <div class='ocr_carea' id='block_1_98' title="bbox 2211 3840 3821 3927">
    <p class='ocr_par' dir='ltr' id='par_1_98' title="bbox 2211 3840 3821 3927">
     <span class='ocr_line' id='line_1_98' title="bbox 2211 3840 3821 3927; baseline -0.022 -2"><span class='ocrx_word' id='word_1_738' title='bbox 2211 3879 2268 3926; x_wconf 90' lang='lat' dir='ltr'><strong>ut</strong></span> <span class='ocrx_word' id='word_1_739' title='bbox 2293 3867 2519 3924; x_wconf 85' lang='lat' dir='ltr'><strong>salvetur</strong></span> <span class='ocrx_word' id='word_1_740' title='bbox 2565 3858 2788 3915; x_wconf 83' lang='lat' dir='ltr'><strong>mundus</strong></span> <span class='ocrx_word' id='word_1_741' title='bbox 2817 3872 2907 3926; x_wconf 85' lang='lat' dir='ltr'><strong>per</strong></span> <span class='ocrx_word' id='word_1_742' title='bbox 2928 3854 3098 3927; x_wconf 87' lang='lat' dir='ltr'><strong>ipsum</strong></span> <span class='ocrx_word' id='word_1_743' title='bbox 3125 3847 3292 3919; x_wconf 87' lang='lat' dir='ltr'><strong>(Ibid.</strong></span> <span class='ocrx_word' id='word_1_744' title='bbox 3325 3846 3403 3916; x_wconf 73' lang='grc' dir='ltr'><strong>ὅ).</strong></span> <span class='ocrx_word' id='word_1_745' title='bbox 3427 3843 3547 3898; x_wconf 75' lang='lat' dir='ltr'><strong>Non</strong></span> <span class='ocrx_word' id='word_1_746' title='bbox 3578 3840 3821 3897; x_wconf 78' lang='lat' dir='ltr'><strong>salvahi-</strong></span> 
     </span>
    </p>
   </div>
   <div class='ocr_carea' id='block_1_99' title="bbox 2214 3935 3819 4018">
    <p class='ocr_par' dir='ltr' id='par_1_99' title="bbox 2214 3935 3819 4018">
     <span class='ocr_line' id='line_1_99' title="bbox 2214 3935 3819 4018; baseline -0.019 0"><span class='ocrx_word' id='word_1_747' title='bbox 2214 3975 2301 4018; x_wconf 90' lang='lat' dir='ltr'><strong>tur</strong></span> <span class='ocrx_word' id='word_1_748' title='bbox 2331 3960 2431 4016; x_wconf 90' lang='lat' dir='ltr'><strong>nisi</strong></span> <span class='ocrx_word' id='word_1_749' title='bbox 2459 3954 2701 4012; x_wconf 86' lang='lat' dir='ltr'><strong>Ecclesia</strong></span> <span class='ocrx_word' id='word_1_750' title='bbox 2733 3952 2787 4006; x_wconf 92' lang='lat' dir='ltr'><strong>in</strong></span> <span class='ocrx_word' id='word_1_751' title='bbox 2826 3946 3048 4003; x_wconf 90' lang='lat' dir='ltr'><strong>mundo.</strong></span> <span class='ocrx_word' id='word_1_752' title='bbox 3097 3943 3229 3999; x_wconf 89' lang='lat' dir='ltr'><strong>Cum</strong></span> <span class='ocrx_word' id='word_1_753' title='bbox 3276 3954 3408 4009; x_wconf 89' lang='lat' dir='ltr'><strong>ergo</strong></span> <span class='ocrx_word' id='word_1_754' title='bbox 3448 3946 3505 3990; x_wconf 86' lang='lat' dir='ltr'><strong>et</strong></span> <span class='ocrx_word' id='word_1_755' title='bbox 3559 3935 3614 3990; x_wconf 91' lang='lat' dir='ltr'><strong>in</strong></span> <span class='ocrx_word' id='word_1_756' title='bbox 3677 3935 3819 3989; x_wconf 90' lang='lat' dir='ltr'><strong>bono</strong></span> 
     </span>
    </p>
   </div>
   <div class='ocr_carea' id='block_1_100' title="bbox 2214 4028 3818 4116">
    <p class='ocr_par' dir='ltr' id='par_1_100' title="bbox 2214 4028 3818 4116">
     <span class='ocr_line' id='line_1_100' title="bbox 2214 4028 3818 4116; baseline -0.021 -4"><span class='ocrx_word' id='word_1_757' title='bbox 2214 4053 2470 4116; x_wconf 90' lang='lat' dir='ltr'><strong>mundus,</strong></span> <span class='ocrx_word' id='word_1_758' title='bbox 2496 4057 2554 4106; x_wconf 92' lang='lat' dir='ltr'><strong>et</strong></span> <span class='ocrx_word' id='word_1_759' title='bbox 2575 4048 2627 4103; x_wconf 95' lang='lat' dir='ltr'><strong>in</strong></span> <span class='ocrx_word' id='word_1_760' title='bbox 2659 4044 2802 4100; x_wconf 86' lang='lat' dir='ltr'><strong>malo</strong></span> <span class='ocrx_word' id='word_1_761' title='bbox 2832 4037 3088 4100; x_wconf 85' lang='lat' dir='ltr'><strong>mundus,</strong></span> <span class='ocrx_word' id='word_1_762' title='bbox 3117 4031 3261 4089; x_wconf 90' lang='lat' dir='ltr'><strong>unde</strong></span> <span class='ocrx_word' id='word_1_763' title='bbox 3283 4031 3386 4086; x_wconf 90' lang='lat' dir='ltr'><strong>ista</strong></span> <span class='ocrx_word' id='word_1_764' title='bbox 3419 4028 3818 4097; x_wconf 85' lang='lat' dir='ltr'><strong>scripturarum</strong></span> 
     </span>
    </p>
   </div>
   <div class='ocr_carea' id='block_1_101' title="bbox 2213 4121 3818 4205">
    <p class='ocr_par' dir='ltr' id='par_1_101' title="bbox 2213 4121 3818 4205">
     <span class='ocr_line' id='line_1_101' title="bbox 2213 4121 3818 4205; baseline -0.02 0"><span class='ocrx_word' id='word_1_765' title='bbox 2213 4146 2367 4205; x_wconf 69' lang='lat' dir='ltr'><strong>rixa?</strong></span> <span class='ocrx_word' id='word_1_766' title='bbox 2411 4144 2468 4202; x_wconf 89' lang='lat' dir='ltr'><strong>Si</strong></span> <span class='ocrx_word' id='word_1_767' title='bbox 2505 4141 2845 4198; x_wconf 90' lang='lat' dir='ltr'><strong>intellectore</strong></span> <span class='ocrx_word' id='word_1_768' title='bbox 2891 4140 3114 4195; x_wconf 89' lang='lat' dir='ltr'><strong>careat,</strong></span> <span class='ocrx_word' id='word_1_769' title='bbox 3169 4125 3366 4183; x_wconf 88' lang='lat' dir='ltr'><strong>adhibe</strong></span> <span class='ocrx_word' id='word_1_770' title='bbox 3395 4124 3582 4178; x_wconf 91' lang='lat' dir='ltr'><strong>lumen</strong></span> <span class='ocrx_word' id='word_1_771' title='bbox 3609 4121 3818 4176; x_wconf 83' lang='lat' dir='ltr'><strong>intelli-</strong></span> 
     </span>
    </p>
   </div>
   <div class='ocr_carea' id='block_1_102' title="bbox 2213 4213 3820 4315">
    <p class='ocr_par' dir='ltr' id='par_1_102' title="bbox 2213 4213 3820 4315">
     <span class='ocr_line' id='line_1_102' title="bbox 2213 4213 3820 4315; baseline -0.02 -17"><span class='ocrx_word' id='word_1_772' title='bbox 2213 4241 2432 4315; x_wconf 61' lang='lat' dir='ltr'><strong>gentia).</strong></span> <span class='ocrx_word' id='word_1_773' title='bbox 2489 4233 2627 4290; x_wconf 81' lang='lat' dir='ltr'><strong>Vide</strong></span> <span class='ocrx_word' id='word_1_774' title='bbox 2675 4228 2930 4286; x_wconf 90' lang='lat' dir='ltr'><strong>mundum</strong></span> <span class='ocrx_word' id='word_1_775' title='bbox 2980 4223 3036 4281; x_wconf 92' lang='lat' dir='ltr'><strong>in</strong></span> <span class='ocrx_word' id='word_1_776' title='bbox 3100 4219 3241 4276; x_wconf 91' lang='lat' dir='ltr'><strong>malo</strong></span> <span class='ocrx_word' id='word_1_777' title='bbox 3283 4230 3476 4272; x_wconf 88' lang='lat' dir='ltr'><strong>omnes</strong></span> <span class='ocrx_word' id='word_1_778' title='bbox 3521 4213 3820 4269; x_wconf 84' lang='lat' dir='ltr'><strong>dilectores</strong></span> 
     </span>
    </p>
   </div>
   <div class='ocr_carea' id='block_1_103' title="bbox 2216 4306 3817 4405">
    <p class='ocr_par' dir='ltr' id='par_1_103' title="bbox 2216 4306 3817 4405">
     <span class='ocr_line' id='line_1_103' title="bbox 2216 4306 3817 4405; baseline -0.019 -15"><span class='ocrx_word' id='word_1_779' title='bbox 2216 4329 2598 4405; x_wconf 89' lang='lat' dir='ltr'><strong>temporalium</strong></span> <span class='ocrx_word' id='word_1_780' title='bbox 2628 4341 2724 4397; x_wconf 91' lang='lat' dir='ltr'><strong>per</strong></span> <span class='ocrx_word' id='word_1_781' title='bbox 2755 4323 3034 4376; x_wconf 86' lang='lat' dir='ltr'><strong>universas</strong></span> <span class='ocrx_word' id='word_1_782' title='bbox 3058 4323 3247 4386; x_wconf 87' lang='lat' dir='ltr'><strong>gentes</strong></span> <span class='ocrx_word' id='word_1_783' title='bbox 3275 4330 3289 4364; x_wconf 87' lang='lat'><strong>:</strong></span> <span class='ocrx_word' id='word_1_784' title='bbox 3320 4309 3444 4366; x_wconf 89' lang='lat' dir='ltr'><strong>vide</strong></span> <span class='ocrx_word' id='word_1_785' title='bbox 3474 4306 3744 4362; x_wconf 89' lang='lat' dir='ltr'><strong>mundum</strong></span> <span class='ocrx_word' id='word_1_786' title='bbox 3768 4306 3817 4360; x_wconf 86' lang='lat' dir='ltr'><strong>in</strong></span> 
     </span>
    </p>
   </div>
   <div class='ocr_carea' id='block_1_104' title="bbox 2215 4401 3820 4484">
    <p class='ocr_par' dir='ltr' id='par_1_104' title="bbox 2215 4401 3820 4484">
     <span class='ocr_line' id='line_1_104' title="bbox 2215 4401 3820 4484; baseline -0.02 -1"><span class='ocrx_word' id='word_1_787' title='bbox 2215 4401 2360 4484; x_wconf 85' lang='lat' dir='ltr'><strong>bono</strong></span> <span class='ocrx_word' id='word_1_788' title='bbox 2397 4435 2588 4478; x_wconf 91' lang='lat' dir='ltr'><strong>omnes</strong></span> <span class='ocrx_word' id='word_1_789' title='bbox 2628 4415 2819 4472; x_wconf 75' lang='lat' dir='ltr'><strong>ﬁdeles</strong></span> <span class='ocrx_word' id='word_1_790' title='bbox 2859 4421 2916 4468; x_wconf 90' lang='lat' dir='ltr'><strong>et</strong></span> <span class='ocrx_word' id='word_1_791' title='bbox 2958 4424 3108 4480; x_wconf 79' lang='lat' dir='ltr'><strong>spem</strong></span> <span class='ocrx_word' id='word_1_792' title='bbox 3150 4412 3401 4477; x_wconf 84' lang='lat' dir='ltr'><strong>gerentes</strong></span> <span class='ocrx_word' id='word_1_793' title='bbox 3431 4413 3658 4456; x_wconf 65' lang='lat' dir='ltr'><strong>aeterna:</strong></span> <span class='ocrx_word' id='word_1_794' title='bbox 3701 4401 3820 4452; x_wconf 67' lang='lat' dir='ltr'><strong>vita:</strong></span> 
     </span>
    </p>
   </div>
   <div class='ocr_carea' id='block_1_105' title="bbox 2025 4493 3813 4618">
    <p class='ocr_par' dir='ltr' id='par_1_105' title="bbox 2025 4493 3813 4618">
     <span class='ocr_line' id='line_1_105' title="bbox 2025 4493 3813 4618; baseline -0.025 -35"><span class='ocrx_word' id='word_1_795' title='bbox 2025 4493 2105 4618; x_wconf 54' lang='grc' dir='ltr'><strong>ἓξ</strong></span> <span class='ocrx_word' id='word_1_796' title='bbox 2139 4535 2186 4593; x_wconf 66' lang='grc' dir='ltr'>[ι</span> <span class='ocrx_word' id='word_1_797' title='bbox 2216 4533 2315 4590; x_wconf 91' lang='lat' dir='ltr'><strong>per</strong></span> <span class='ocrx_word' id='word_1_798' title='bbox 2339 4516 2619 4572; x_wconf 86' lang='lat' dir='ltr'><strong>universas</strong></span> <span class='ocrx_word' id='word_1_799' title='bbox 2663 4517 2876 4580; x_wconf 86' lang='lat' dir='ltr'><strong>gentes.</strong></span> <span class='ocrx_word' id='word_1_800' title='bbox 2908 4500 3050 4556; x_wconf 84' lang='lat' dir='ltr'><strong>Deus</strong></span> <span class='ocrx_word' id='word_1_801' title='bbox 3101 4505 3210 4552; x_wconf 89' lang='lat' dir='ltr'><strong>erat</strong></span> <span class='ocrx_word' id='word_1_802' title='bbox 3249 4497 3302 4549; x_wconf 87' lang='lat' dir='ltr'><strong>in</strong></span> <span class='ocrx_word' id='word_1_803' title='bbox 3326 4493 3530 4550; x_wconf 78' lang='lat' dir='ltr'><strong>Christo</strong></span> <span class='ocrx_word' id='word_1_804' title='bbox 3555 4533 3569 4557; x_wconf 90' lang='lat'><strong>,</strong></span> <span class='ocrx_word' id='word_1_805' title='bbox 3601 4493 3774 4560; x_wconf 81' lang='lat' dir='ltr'><strong>inquit</strong></span> <span class='ocrx_word' id='word_1_806' title='bbox 3802 4531 3813 4548; x_wconf 82' lang='grc'>,</span> 
     </span>
     <span class='ocr_line' id='line_1_106' title="bbox 2365 4587 3813 4618; baseline -0.01 0"><span class='ocrx_word' id='word_1_807' title='bbox 2365 4612 2375 4618; x_wconf 92' lang='grc'>.</span> <span class='ocrx_word' id='word_1_808' title='bbox 2693 4603 2745 4618; x_wconf 86' lang='grc'><strong>...</strong></span> <span class='ocrx_word' id='word_1_809' title='bbox 2829 4617 2838 4618; x_wconf 58' lang='lat'><strong><em>,</em></strong></span> <span class='ocrx_word' id='word_1_810' title='bbox 2896 4597 2984 4618; x_wconf 65' lang='grc' dir='ltr'><strong>,ξιξ</strong></span> <span class='ocrx_word' id='word_1_811' title='bbox 3024 4592 3214 4618; x_wconf 74' lang='grc' dir='ltr'><strong>ηερ..-</strong></span> <span class='ocrx_word' id='word_1_812' title='bbox 3265 4588 3319 4618; x_wconf 89' lang='lat'><strong>..\</strong></span> <span class='ocrx_word' id='word_1_813' title='bbox 3367 4589 3422 4618; x_wconf 69' lang='grc' dir='ltr'>ει</span> <span class='ocrx_word' id='word_1_814' title='bbox 3472 4587 3813 4618; x_wconf 56' lang='grc' dir='ltr'><strong>-..ηηηηςηης</strong></span> 
     </span>
    </p>
   </div>
   <div class='ocr_carea' id='block_1_106' title="bbox 2215 4587 3813 4669">
    <p class='ocr_par' dir='ltr' id='par_1_106' title="bbox 2215 4587 3813 4669">
     <span class='ocr_line' id='line_1_107' title="bbox 2215 4587 3813 4669; baseline -0.019 0"><span class='ocrx_word' id='word_1_815' title='bbox 2215 4587 2467 4669; x_wconf 72' lang='lat' dir='ltr'><strong>mundum</strong></span> <span class='ocrx_word' id='word_1_816' title='bbox 2504 4603 2843 4663; x_wconf 88' lang='lat' dir='ltr'><strong>reconcilians</strong></span> <span class='ocrx_word' id='word_1_817' title='bbox 2889 4597 2984 4652; x_wconf 86' lang='lat' dir='ltr'><strong>sibi</strong></span> <span class='ocrx_word' id='word_1_818' title='bbox 3022 4594 3088 4666; x_wconf 91' lang='lat' dir='ltr'><strong>(Il</strong></span> <span class='ocrx_word' id='word_1_819' title='bbox 3112 4592 3235 4648; x_wconf 87' lang='lat' dir='ltr'><strong>Cor.</strong></span> <span class='ocrx_word' id='word_1_820' title='bbox 3265 4588 3341 4662; x_wconf 91' lang='lat' dir='ltr'><strong>v).</strong></span> <span class='ocrx_word' id='word_1_821' title='bbox 3367 4589 3424 4644; x_wconf 92' lang='lat' dir='ltr'><strong>Si</strong></span> <span class='ocrx_word' id='word_1_822' title='bbox 3472 4587 3813 4644; x_wconf 84' lang='lat' dir='ltr'><strong>reconciliari</strong></span> 
     </span>
    </p>
   </div>
   <div class='ocr_carea' id='block_1_107' title="bbox 2216 4680 3818 4778">
    <p class='ocr_par' dir='ltr' id='par_1_107' title="bbox 2216 4680 3818 4778">
     <span class='ocr_line' id='line_1_108' title="bbox 2216 4680 3818 4778; baseline -0.018 -18"><span class='ocrx_word' id='word_1_823' title='bbox 2216 4713 2393 4778; x_wconf 90' lang='lat' dir='ltr'><strong>potest</strong></span> <span class='ocrx_word' id='word_1_824' title='bbox 2423 4703 2532 4757; x_wconf 92' lang='lat' dir='ltr'><strong>Deo</strong></span> <span class='ocrx_word' id='word_1_825' title='bbox 2555 4698 2854 4754; x_wconf 86' lang='lat' dir='ltr'><strong>detestatus</strong></span> <span class='ocrx_word' id='word_1_826' title='bbox 2891 4691 2983 4746; x_wconf 90' lang='lat' dir='ltr'><strong>ille</strong></span> <span class='ocrx_word' id='word_1_827' title='bbox 3007 4685 3238 4743; x_wconf 90' lang='lat' dir='ltr'><strong>mundus</strong></span> <span class='ocrx_word' id='word_1_828' title='bbox 3266 4683 3333 4738; x_wconf 92' lang='lat' dir='ltr'><strong>de</strong></span> <span class='ocrx_word' id='word_1_829' title='bbox 3355 4696 3466 4753; x_wconf 88' lang='lat' dir='ltr'><strong>quo</strong></span> <span class='ocrx_word' id='word_1_830' title='bbox 3503 4680 3715 4736; x_wconf 80' lang='lat' dir='ltr'><strong>dictum</strong></span> <span class='ocrx_word' id='word_1_831' title='bbox 3741 4687 3818 4734; x_wconf 61' lang='grc' dir='ltr'><strong>εμι</strong></span> 
     </span>
    </p>
   </div>
   <div class='ocr_carea' id='block_1_108' title="bbox 2215 4775 3818 4872">
    <p class='ocr_par' dir='ltr' id='par_1_108' title="bbox 2215 4775 3818 4872">
     <span class='ocr_line' id='line_1_109' title="bbox 2215 4775 3818 4872; baseline -0.019 -16"><span class='ocrx_word' id='word_1_832' title='bbox 2215 4775 2338 4872; x_wconf 83' lang='lat' dir='ltr'><strong>quia</strong></span> <span class='ocrx_word' id='word_1_833' title='bbox 2367 4811 2473 4853; x_wconf 92' lang='lat' dir='ltr'><strong>non</strong></span> <span class='ocrx_word' id='word_1_834' title='bbox 2500 4802 2583 4849; x_wconf 90' lang='lat' dir='ltr'><strong>est</strong></span> <span class='ocrx_word' id='word_1_835' title='bbox 2603 4790 2841 4846; x_wconf 90' lang='lat' dir='ltr'><strong>charitas</strong></span> <span class='ocrx_word' id='word_1_836' title='bbox 2867 4782 3069 4840; x_wconf 86' lang='lat' dir='ltr'><strong>Christi</strong></span> <span class='ocrx_word' id='word_1_837' title='bbox 3101 4781 3154 4836; x_wconf 92' lang='lat' dir='ltr'><strong>in</strong></span> <span class='ocrx_word' id='word_1_838' title='bbox 3182 4793 3248 4835; x_wconf 88' lang='lat' dir='ltr'><strong>eo</strong></span> <span class='ocrx_word' id='word_1_839' title='bbox 3269 4777 3358 4848; x_wconf 88' lang='lat' dir='ltr'><strong>qui</strong></span> <span class='ocrx_word' id='word_1_840' title='bbox 3379 4775 3640 4831; x_wconf 80' lang='lat' dir='ltr'><strong>dilexerit</strong></span> <span class='ocrx_word' id='word_1_841' title='bbox 3669 4789 3818 4826; x_wconf 71' lang='lat' dir='ltr'><strong>ninn-</strong></span> 
     </span>
    </p>
   </div>
   <div class='ocr_carea' id='block_1_109' title="bbox 2214 4870 3819 4961">
    <p class='ocr_par' dir='ltr' id='par_1_109' title="bbox 2214 4870 3819 4961">
     <span class='ocr_line' id='line_1_110' title="bbox 2214 4870 3819 4961; baseline -0.018 -10"><span class='ocrx_word' id='word_1_842' title='bbox 2214 4870 2376 4960; x_wconf 89' lang='lat' dir='ltr'><strong>dum,</strong></span> <span class='ocrx_word' id='word_1_843' title='bbox 2402 4888 2645 4961; x_wconf 81' lang='lat' dir='ltr'><strong>judicent</strong></span> <span class='ocrx_word' id='word_1_844' title='bbox 2673 4882 2763 4954; x_wconf 88' lang='lat' dir='ltr'><strong>qui</strong></span> <span class='ocrx_word' id='word_1_845' title='bbox 2795 4881 3108 4950; x_wconf 90' lang='lat' dir='ltr'><strong>loquuntur.</strong></span> <span class='ocrx_word' id='word_1_846' title='bbox 3141 4872 3340 4929; x_wconf 82' lang='lat' dir='ltr'><strong>Audiat</strong></span> <span class='ocrx_word' id='word_1_847' title='bbox 3385 4885 3517 4941; x_wconf 90' lang='lat' dir='ltr'><strong>ergo</strong></span> <span class='ocrx_word' id='word_1_848' title='bbox 3550 4870 3819 4941; x_wconf 83' lang='lat' dir='ltr'><strong>patienter</strong></span> 
     </span>
    </p>
   </div>
   <div class='ocr_carea' id='block_1_110' title="bbox 2213 4961 3817 5044">
    <p class='ocr_par' dir='ltr' id='par_1_110' title="bbox 2213 4961 3817 5044">
     <span class='ocr_line' id='line_1_111' title="bbox 2213 4961 3817 5044; baseline -0.019 0"><span class='ocrx_word' id='word_1_849' title='bbox 2213 4986 2466 5044; x_wconf 89' lang='lat' dir='ltr'><strong>nobilitas</strong></span> <span class='ocrx_word' id='word_1_850' title='bbox 2489 4991 2598 5036; x_wconf 90' lang='lat' dir='ltr'><strong>tua.</strong></span> <span class='ocrx_word' id='word_1_851' title='bbox 2629 4977 2798 5033; x_wconf 80' lang='lat' dir='ltr'><strong>Video</strong></span> <span class='ocrx_word' id='word_1_852' title='bbox 2838 4973 3159 5042; x_wconf 90' lang='lat' dir='ltr'><strong>scripturam</strong></span> <span class='ocrx_word' id='word_1_853' title='bbox 3206 4974 3451 5022; x_wconf 89' lang='lat' dir='ltr'><strong>sanetam</strong></span> <span class='ocrx_word' id='word_1_854' title='bbox 3493 4961 3640 5036; x_wconf 87' lang='lat' dir='ltr'><strong>[per]</strong></span> <span class='ocrx_word' id='word_1_855' title='bbox 3672 4977 3817 5018; x_wconf 82' lang='lat' dir='ltr'><strong>com-</strong></span> 
     </span>
    </p>
   </div>
   <div class='ocr_carea' id='block_1_111' title="bbox 2215 5057 3816 5138">
    <p class='ocr_par' dir='ltr' id='par_1_111' title="bbox 2215 5057 3816 5138">
     <span class='ocr_line' id='line_1_112' title="bbox 2215 5057 3816 5138; baseline -0.018 1"><span class='ocrx_word' id='word_1_856' title='bbox 2215 5084 2416 5138; x_wconf 84' lang='lat' dir='ltr'><strong>mixtos</strong></span> <span class='ocrx_word' id='word_1_857' title='bbox 2443 5077 2616 5133; x_wconf 89' lang='lat' dir='ltr'><strong>bonos</strong></span> <span class='ocrx_word' id='word_1_858' title='bbox 2645 5083 2699 5126; x_wconf 93' lang='lat' dir='ltr'><strong>et</strong></span> <span class='ocrx_word' id='word_1_859' title='bbox 2720 5068 2913 5135; x_wconf 82' lang='lat' dir='ltr'><strong>malos,</strong></span> <span class='ocrx_word' id='word_1_860' title='bbox 2940 5066 3079 5120; x_wconf 89' lang='lat' dir='ltr'><strong>sicut</strong></span> <span class='ocrx_word' id='word_1_861' title='bbox 3103 5061 3210 5132; x_wconf 89' lang='lat' dir='ltr'><strong>ipsi</strong></span> <span class='ocrx_word' id='word_1_862' title='bbox 3229 5061 3298 5116; x_wconf 88' lang='lat' dir='ltr'><strong>de</strong></span> <span class='ocrx_word' id='word_1_863' title='bbox 3323 5057 3533 5114; x_wconf 88' lang='lat' dir='ltr'><strong>retibus</strong></span> <span class='ocrx_word' id='word_1_864' title='bbox 3549 5058 3664 5127; x_wconf 83' lang='lat' dir='ltr'><strong>jam</strong></span> <span class='ocrx_word' id='word_1_865' title='bbox 3694 5071 3816 5111; x_wconf 81' lang='lat' dir='ltr'><strong>eoa-</strong></span> 
     </span>
    </p>
   </div>
   <div class='ocr_carea' id='block_1_112' title="bbox 2217 5149 3816 5236">
    <p class='ocr_par' dir='ltr' id='par_1_112' title="bbox 2217 5149 3816 5236">
     <span class='ocr_line' id='line_1_113' title="bbox 2217 5149 3816 5236; baseline -0.019 -5"><span class='ocrx_word' id='word_1_866' title='bbox 2217 5174 2349 5231; x_wconf 80' lang='lat' dir='ltr'><strong>l’essi</strong></span> <span class='ocrx_word' id='word_1_867' title='bbox 2399 5177 2547 5233; x_wconf 89' lang='lat' dir='ltr'><strong>sunt,</strong></span> <span class='ocrx_word' id='word_1_868' title='bbox 2594 5163 2953 5236; x_wconf 74' lang='lat' dir='ltr'><strong>praesignasse</strong></span> <span class='ocrx_word' id='word_1_869' title='bbox 2984 5154 3304 5212; x_wconf 89' lang='lat' dir='ltr'><strong>Ecelesiam.</strong></span> <span class='ocrx_word' id='word_1_870' title='bbox 3354 5149 3585 5205; x_wconf 80' lang='lat' dir='ltr'><strong>Etcum</strong></span> <span class='ocrx_word' id='word_1_871' title='bbox 3633 5149 3816 5202; x_wconf 72' lang='lat' dir='ltr'><strong>diceret</strong></span> 
     </span>
    </p>
   </div>
   <div class='ocr_carea' id='block_1_113' title="bbox 2215 5244 3814 5340">
    <p class='ocr_par' dir='ltr' id='par_1_113' title="bbox 2215 5244 3814 5340">
     <span class='ocr_line' id='line_1_114' title="bbox 2215 5244 3814 5340; baseline -0.019 -15"><span class='ocrx_word' id='word_1_872' title='bbox 2215 5282 2428 5340; x_wconf 84' lang='lat' dir='ltr'><strong>cumque</strong></span> <span class='ocrx_word' id='word_1_873' title='bbox 2443 5270 2779 5332; x_wconf 88' lang='lat' dir='ltr'><strong>streperetur,</strong></span> <span class='ocrx_word' id='word_1_874' title='bbox 2810 5253 3026 5326; x_wconf 83' lang='lat' dir='ltr'><strong>Alypius</strong></span> <span class='ocrx_word' id='word_1_875' title='bbox 3057 5250 3328 5322; x_wconf 81' lang='lat' dir='ltr'><strong>episcOpus</strong></span> <span class='ocrx_word' id='word_1_876' title='bbox 3355 5244 3615 5301; x_wconf 67' lang='lat' dir='ltr'><strong>Ecclesia</strong></span> <span class='ocrx_word' id='word_1_877' title='bbox 3639 5245 3814 5299; x_wconf 75' lang='lat' dir='ltr'><strong>catlto-</strong></span> 
     </span>
    </p>
   </div>
   <div class='ocr_carea' id='block_1_114' title="bbox 2209 5345 3505 5424">
    <p class='ocr_par' dir='ltr' id='par_1_114' title="bbox 2209 5345 3505 5424">
     <span class='ocr_line' id='line_1_115' title="bbox 2209 5345 3505 5424; baseline -0.019 -6"><span class='ocrx_word' id='word_1_878' title='bbox 2209 5364 2325 5424; x_wconf 75' lang='lat' dir='ltr'><strong>lica:</strong></span> <span class='ocrx_word' id='word_1_879' title='bbox 2353 5359 2504 5414; x_wconf 88' lang='lat' dir='ltr'><strong>dixit.</strong></span> <span class='ocrx_word' id='word_1_880' title='bbox 2536 5353 2808 5422; x_wconf 87' lang='lat' dir='ltr'><strong>Scriptum</strong></span> <span class='ocrx_word' id='word_1_881' title='bbox 2837 5348 2909 5401; x_wconf 85' lang='lat' dir='ltr'><strong>sit</strong></span> <span class='ocrx_word' id='word_1_882' title='bbox 2937 5387 2952 5412; x_wconf 89' lang='lat'><strong>,</strong></span> <span class='ocrx_word' id='word_1_883' title='bbox 2985 5345 3109 5416; x_wconf 91' lang='lat' dir='ltr'><strong>quia</strong></span> <span class='ocrx_word' id='word_1_884' title='bbox 3137 5349 3505 5414; x_wconf 89' lang='lat' dir='ltr'><strong>perstrepunt.</strong></span> 
     </span>
    </p>
   </div>
   <div class='ocr_carea' id='block_1_115' title="bbox 2285 5450 3817 5549">
    <p class='ocr_par' dir='ltr' id='par_1_115' title="bbox 2285 5450 3817 5549">
     <span class='ocr_line' id='line_1_116' title="bbox 2285 5450 3817 5549; baseline -0.036 -16"><span class='ocrx_word' id='word_1_885' title='bbox 2285 5473 2443 5549; x_wconf 78' lang='lat'><strong>317</strong></span> <span class='ocrx_word' id='word_1_886' title='bbox 2460 5461 2936 5525; x_wconf 78' lang='lat' dir='ltr'><strong>273.Marcellinus</strong></span> <span class='ocrx_word' id='word_1_887' title='bbox 2960 5458 3037 5513; x_wconf 76' lang='lat' dir='ltr'><strong>vir</strong></span> <span class='ocrx_word' id='word_1_888' title='bbox 3052 5455 3369 5513; x_wconf 60' lang='lat' dir='ltr'><strong>clarissimus</strong></span> <span class='ocrx_word' id='word_1_889' title='bbox 3396 5450 3638 5506; x_wconf 66' lang='grc' dir='ltr'><strong>ιτξιαιηη</strong></span> <span class='ocrx_word' id='word_1_890' title='bbox 3661 5460 3711 5504; x_wconf 62' lang='grc' dir='ltr'><em>α</em></span> <span class='ocrx_word' id='word_1_891' title='bbox 3732 5465 3817 5503; x_wconf 58' lang='grc' dir='ltr'><strong>πο,</strong></span> 
     </span>
    </p>
   </div>
   <div class='ocr_carea' id='block_1_116' title="bbox 2217 5543 3813 5629">
    <p class='ocr_par' dir='ltr' id='par_1_116' title="bbox 2217 5543 3813 5629">
     <span class='ocr_line' id='line_1_117' title="bbox 2217 5543 3813 5629; baseline -0.021 -2"><span class='ocrx_word' id='word_1_892' title='bbox 2217 5543 2537 5626; x_wconf 62' lang='lat' dir='ltr'><strong>larius—dixit.</strong></span> <span class='ocrx_word' id='word_1_893' title='bbox 2556 5559 2707 5629; x_wconf 87' lang='lat' dir='ltr'><strong>Ipsos</strong></span> <span class='ocrx_word' id='word_1_894' title='bbox 2729 5563 3073 5626; x_wconf 87' lang='lat' dir='ltr'><strong>perstrepere</strong></span> <span class='ocrx_word' id='word_1_895' title='bbox 3099 5557 3216 5604; x_wconf 86' lang='lat' dir='ltr'><strong>acta</strong></span> <span class='ocrx_word' id='word_1_896' title='bbox 3242 5544 3585 5604; x_wconf 82' lang='lat' dir='ltr'><strong>contineant.</strong></span> <span class='ocrx_word' id='word_1_897' title='bbox 3605 5543 3813 5614; x_wconf 68' lang='lat' dir='ltr'><strong>Alypius</strong></span> 
     </span>
    </p>
   </div>
   <div class='ocr_carea' id='block_1_117' title="bbox 2219 5636 3808 5734">
    <p class='ocr_par' dir='ltr' id='par_1_117' title="bbox 2219 5636 3808 5734">
     <span class='ocr_line' id='line_1_118' title="bbox 2219 5636 3808 5734; baseline -0.025 -14"><span class='ocrx_word' id='word_1_898' title='bbox 2219 5662 2490 5734; x_wconf 81' lang='lat' dir='ltr'><strong>episcOpus</strong></span> <span class='ocrx_word' id='word_1_899' title='bbox 2518 5650 2765 5707; x_wconf 76' lang='lat' dir='ltr'><strong>Ecclesia:</strong></span> <span class='ocrx_word' id='word_1_900' title='bbox 2791 5645 3074 5703; x_wconf 72' lang='lat' dir='ltr'><strong>Catholicw</strong></span> <span class='ocrx_word' id='word_1_901' title='bbox 3105 5642 3258 5698; x_wconf 85' lang='lat' dir='ltr'><strong>dixit.</strong></span> <span class='ocrx_word' id='word_1_902' title='bbox 3285 5638 3386 5697; x_wconf 86' lang='lat' dir='ltr'><strong>Ubi</strong></span> <span class='ocrx_word' id='word_1_903' title='bbox 3433 5648 3520 5695; x_wconf 88' lang='lat' dir='ltr'><strong>est</strong></span> <span class='ocrx_word' id='word_1_904' title='bbox 3550 5636 3808 5710; x_wconf 72' lang='lat' dir='ltr'><strong>promissa</strong></span> 
     </span>
    </p>
   </div>
   <div class='ocr_carea' id='block_1_118' title="bbox 2223 5730 3807 5831">
    <p class='ocr_par' dir='ltr' id='par_1_118' title="bbox 2223 5730 3807 5831">
     <span class='ocr_line' id='line_1_119' title="bbox 2223 5730 3807 5831; baseline -0.02 -16"><span class='ocrx_word' id='word_1_905' title='bbox 2223 5730 2482 5831; x_wconf 83' lang='lat' dir='ltr'><strong>patientia</strong></span> <span class='ocrx_word' id='word_1_906' title='bbox 2501 5791 2516 5819; x_wconf 90' lang='lat'><strong>,</strong></span> <span class='ocrx_word' id='word_1_907' title='bbox 2545 5760 2733 5820; x_wconf 71' lang='lat' dir='ltr'><strong>qumve</strong></span> <span class='ocrx_word' id='word_1_908' title='bbox 2758 5741 3075 5800; x_wconf 84' lang='lat' dir='ltr'><strong>vicissitudo</strong></span> <span class='ocrx_word' id='word_1_909' title='bbox 3118 5734 3434 5811; x_wconf 85' lang='lat' dir='ltr'><strong>rependitur</strong></span> <span class='ocrx_word' id='word_1_910' title='bbox 3459 5733 3482 5788; x_wconf 74' lang='grc' dir='ltr'><strong>’ἒ</strong></span> <span class='ocrx_word' id='word_1_911' title='bbox 3520 5732 3716 5791; x_wconf 81' lang='lat' dir='ltr'><strong>Nonne</strong></span> <span class='ocrx_word' id='word_1_912' title='bbox 3733 5730 3807 5791; x_wconf 72' lang='lat' dir='ltr'><strong>in,</strong></span> 
     </span>
    </p>
   </div>
  </div>
