3996 6332
233 244 374 303 Ml?

1202 255 1428 314 CESTA
1464 257 1916 322 COLLATIONIS
1952 263 2578 331 CARTHAGINENSlS.

3389 290 3530 349 ωε

229 359 416 418 dicant
439 362 889 466 quemadmodum
915 365 1185 428 dissidant
1211 374 1239 430 ?
1264 372 1337 430 Et
1372 376 1478 432 alia
1507 393 1685 436 manu.
1719 378 1831 437 Re-
1858 384 1913 447 Α
1935 384 2045 441 rint
2085 387 2283 458 quibus
2309 390 2436 446 mali
2480 390 2612 463 quid
2650 394 2705 450 in
2735 394 2978 454 Ecclesia
3023 399 3352 470 apparuerit.
3411 405 3532 477 Ipsa

227 467 482 525 cognovn

299 548 428 605 274.
459 548 750 610 Petilianus
769 556 1044 631 episcopus
1081 561 1236 620 dixit.
1259 563 1400 634 Quid
1426 565 1499 623 sit
1545 568 1782 627 mundus
1815 611 1831 637 ,

227 639 361 712 quid
391 641 464 698 sit
489 641 734 704 Ecclesia
756 688 774 717 ,
805 651 1152 722 apertissime
1175 655 1460 716 definitum
1491 669 1578 718 est
1615 663 1684 720 ab
1714 662 1833 736 ipso

227 743 458 794 auctore
512 738 698 796 mundi
757 751 922 815 atque
984 745 1230 820 factore,
1282 754 1380 822 per.
1433 768 1595 826 quem
1647 756 1831 812 omnia

227 825 370 884 facta
393 841 550 900 sunt,
597 841 652 889 et
671 833 789 892 sine
813 851 924 908 quo
954 838 1090 896 nihil
1135 854 1221 898 est
1262 843 1486 902 factum.
1519 846 1642 918 Ipse
1684 848 1830 906 enim

226 917 494 980 Dominus
547 923 686 982 dixit
717 944 732 984 :
766 927 995 986 blandus
1023 932 1108 990 hic
1135 952 1278 1007 ager.
1307 937 1526 1010 (Matth.
1559 944 1704 1013 xm.)
1729 941 1834 999 Po-

227 1015 424 1072 tuisset
471 1016 696 1077 dicere:
747 1019 980 1081 Mundus
1034 1025 1277 1086 Ecclesia
1327 1038 1432 1087 est.
1463 1033 1612 1100 ,Quis
1668 1033 1834 1106 igitur

227 1107 512 1168 hominum
542 1112 706 1171 audet
746 1115 972 1175 definire
998 1121 1125 1193 quid
1153 1123 1386 1181 mundus
1429 1126 1528 1194 sit,
1553 1141 1675 1184 cum
1714 1129 1832 1200 ipse

228 1202 497 1264 Dominus
545 1207 708 1280 hujus
755 1209 928 1269 factor
975 1224 1137 1288 atque
1188 1218 1372 1290 opifex
1413 1221 1526 1292 jam
1577 1221 1832 1294 dignatus

226 1296 690 1358 fueritdclinire?
739 1302 807 1358 Et
828 1304 936 1360 alia
980 1323 1156 1362 manu.
1200 1309 1501 1369 Petilianus
1542 1315 1832 1386 episcopus

226 1393 547 1464 recognovi.

300 1488 430 1546 275.
449 1490 786 1566 Marcellinus
805 1493 882 1550 vir
907 1494 1224 1554 clarissimus
1253 1499 1490 1558 tribunus
1517 1511 1566 1558 et
1594 1504 1830 1559 notarius

226 1581 382 1638 dixit.
416 1582 557 1654 Quid
604 1586 838 1644 mundus
865 1587 974 1656 sit,
1001 1589 1093 1662 qui
1125 1590 1418 1652 salvandus
1461 1592 1694 1664 dicitur,
1719 1595 1831 1652 evi-

226 1674 426 1734 denter
446 1679 740 1738 ostendite.

298 1767 430 1828 276.
475 1771 768 1832 Petiliantts
809 1779 1056 1850 epicopus
1086 1778 1236 1835 dixit.
1287 1756 1462 1837 Homo
1511 1779 1691 1838 dictus
1748 1790 1834 1839 est
1863 1795 1912 1856 Β

226 1863 495 1932 mtmdus,
544 1867 634 1925 ubi
664 1867 806 1950 dixit
830 1912 846 1936 ,
900 1871 1150 1926 mundum
1180 1873 1519 1930 reconcilians
1544 1875 1675 1943 sibi,
1722 1890 1830 1932 non

225 1960 376 2014 enim
404 1959 506 2017 sibi
539 1959 681 2017 Deus
712 1961 921 2020 belluas
943 2004 962 2032 ,
1000 1963 1097 2021 sed
1127 1964 1376 2023 homines
1418 1966 1588 2023 voluit
1641 1982 1834 2024 recon-

223 2050 421 2108 ciliari.
446 2051 516 2108 Et
535 2055 642 2109 alia
665 2072 844 2113 manu.
876 2055 1174 2115 Petilianns
1194 2059 1483 2129 epiSCOptts
1514 2061 1830 2132 recognovi.

296 2145 424 2201 277.
450 2146 786 2204 Marcellinus
816 2149 892 2205 vir
919 2151 1244 2208 clarissimus
1259 2153 1494 2209 tribunus
1525 2164 1571 2209 et
1597 2156 1832 2212 notarius

205 2223 380 2296 dixit.
413 2238 495 2296 Ex
527 2240 612 2296 his
639 2242 892 2301 omnibus
918 2244 1008 2315 qui
1038 2245 1225 2301 mundi
1258 2247 1481 2303 nomine
1518 2262 1832 2320 nuncupan-

225 2340 344 2398 tur,
373 2331 508 2390 dicis
538 2333 838 2392 Ecclesiam
869 2351 1034 2409 posse
1080 2347 1367 2407 constare,
1413 2351 1603 2413 postea
1647 2341 1832 2398 decla-

222 2434 400 2482 ratam
421 2469 436 2494 ,
467 2443 534 2485 an
561 2442 712 2488 certe
734 2430 917 2488 renuis
946 2431 970 2487 ‘l

294 2521 423 2578 278.
459 2521 714 2580 Enteritus
737 2525 1010 2598 episcopus
1038 2526 1194 2583 dixit.
1227 2528 1396 2586 'l‘ollis
1426 2542 1527 2586 nos
1577 2545 1609 2586 a
1653 2531 1830 2586 mani-

222 2613 363 2670 festa
391 2617 823 2688 praescriptione.
856 2617 947 2674 Ait
979 2619 1241 2678 Dominus
1276 2619 1526 2679 Christus
1555 2621 1611 2678 in
1652 2621 1832 2679 Evan-

225 2707 373 2781 gelio
399 2727 412 2762 :
436 2709 573 2782 Ager
594 2713 816 2772 mundus
837 2722 931 2768 est.
955 2713 1026 2768 Et
1055 2731 1168 2769 cum
1195 2715 1404 2771 diceret.
1435 2713 1503 2770 Et
1522 2715 1630 2771 alia
1648 2732 1826 2772 manu.

223 2800 499 2860 Emeritus
525 2805 814 2878 episcopus
858 2809 1172 2880 recognovi.
1203 2807 1545 2867 Marcellinus
1589 2811 1670 2866 vir
1721 2811 1832 2867 cla-

220 2897 462 2954 rissimus
487 2898 724 2954 tribunus
746 2908 794 2956 et
819 2903 1056 2956 notarius
1081 2902 1232 2958 dixit.
1284 2902 1538 2960 Patimini
1594 2919 1745 2977 ergo,
1772 2913 1833 2962 ut

219 2989 294 3046 ad
318 2993 498 3049 omnia
521 3010 642 3067 quae
655 2996 902 3069 epistolae
928 3006 1111 3055 textus
1138 3001 1414 3069 continet,
1439 3001 1828 3074 respondeant,

220 3093 281 3141 et
311 3094 437 3143 tunc
465 3088 782 3161 plenissime
810 3090 880 3148 de
905 3092 1161 3149 omnibus
1185 3092 1465 3164 indicabo.

1937 477 2169 549 quaestio
2201 489 2308 539 est.
2338 481 2453 541 Hoc
2478 485 2795 556 probamus.
2831 487 3069 548 Dicimus
3111 493 3254 550 enim
3294 510 3398 554 nos
3425 514 3533 556 non

1936 570 2313 642 negligendam
2336 575 2552 647 quidem
2585 577 3024 639 Ecclesiasticam
3047 581 3386 656 disciplinam
3421 633 3434 657 ,
3479 601 3535 648 et

1936 660 2264 736 ubicumque
2281 667 2482 725 fuerint
2495 670 2695 742 proditi
2725 673 2876 742 mali,
2911 677 3248 736 coercendos
3275 696 3370 739 eos
3410 698 3534 742 esse
3601 689 3612 695 ’

1936 765 1997 812 ιιι
2045 760 2426 832 corrigantur,
2475 779 2582 820 non
2603 766 2781 823 solum
2830 783 3089 828 sermone
3128 775 3486 834 correctionis
3514 820 3531 849 ,

1935 861 2125 907 verum
2147 853 2310 908 etiam
2338 859 2989 918 excommunicationibus
3019 875 3075 920 et
3128 864 3533 939 degradationi-

1936 942 2036 1000 hus
2059 986 2077 1014 ,
2107 953 2168 1001 ut
2194 943 2452 1006 humilem
2479 949 2656 1008 locum
2685 954 2876 1010 salutis
2897 955 2950 1011 in
2974 956 3218 1015 Ecclesia
3239 972 3487 1031 quaerant
3513 980 3530 1030 ;

1934 1035 2002 1094 ad
2030 1037 2356 1098 medicinam
2403 1043 2642 1115 ipsorum
2691 1047 2841 1116 fieri,
2874 1065 2980 1105 non
3006 1051 3162 1119 odio,
3208 1053 3304 1111 sed
3353 1058 3534 1115 studio

1935 1131 2129 1189 salutis
2148 1132 2401 1191 fraternae
2426 1155 2440 1192 :
2467 1138 2608 1195 sicut
2633 1139 2867 1211 quodam
2897 1142 3015 1199 loco
3037 1145 3197 1200 etiam
3224 1145 3340 1217 ipse
3360 1149 3535 1219 Apos-

1938 1229 2078 1284 tolns
2095 1230 2503 1290 evidentissime
2549 1234 2794 1293 declarat
2822 1236 3051 1295 dicens:
3081 1240 3140 1295 Si
3165 1242 3278 1310 quis
3309 1259 3413 1298 non
3445 1243 3535 1298 ob-

1934 1322 2132 1377 audioit
2170 1324 2320 1378 verba
2366 1336 2573 1396 nostra,
2625 1345 2716 1400 per
2745 1330 3017 1401 epistolam
3047 1333 3186 1389 hunc
3232 1345 3435 1405 notate,
3487 1348 3534 1393 ct

1936 1415 2095 1472 nolite
2119 1418 2438 1475 commisceri
2457 1437 2573 1477 cum
2593 1438 2672 1478 eo.

2005 1529 2074 1587 N.
2106 1532 2167 1587 Β.
2199 1533 2402 1590 Cretera
2424 1551 2540 1606 qua:
2565 1538 2909 1610 sequebantur
2928 1584 2942 1606 ,
2976 1545 3099 1613 quia
3137 1545 3440 1603 exciderunt
3485 1547 3539 1603 in

1934 1625 2230 1681 collectione
2253 1626 2548 1695 Gestorum,
2580 1633 2897 1703 requirenda
2917 1646 3038 1690 sunt
3059 1679 3074 1702 ,
3117 1637 3164 1693 si
3192 1639 3341 1707 libet,
3395 1640 3539 1712 apud

1935 1718 1998 1775 S.
2026 1719 2374 1793 Augustinum
2392 1725 2447 1779 in
2477 1723 2776 1782 libratertio
2817 1726 3077 1786 Brcriculi
3109 1733 3402 1790 collationis
3427 1734 3541 1792 Do-

1938 1812 2270 1870 natistarum.
2319 1815 2452 1872 Vide
2482 1826 2607 1872 tom.
2655 1835 2740 1888 Ix,
2771 1837 2890 1892 cap.
2924 1822 2956 1877 9
3011 1823 3168 1897 hujus
3211 1827 3347 1881 tertii
3376 1828 3496 1884 libri
3517 1871 3535 1898 ,

1936 1906 2040 1962 col.
2058 1907 2185 1974 652,
2206 1925 2352 1965 num.
2374 1910 2442 1967 16
2457 1952 2473 1978 ,
2502 1913 2591 1984 qui
2610 1912 2794 1984 incipit
2815 1916 2896 1970 his
2918 1919 3079 1974 verbis
3106 1936 3119 1973 :
3143 1919 3537 1993 Flagitantibus

1936 1997 2119 2070 itaque
2151 2002 2472 2072 patientiam
2501 2019 2690 2062 eorum
2720 2008 3006 2066 catholicis
3033 2052 3049 2077 ,
3081 2020 3190 2069 etc.

2305 2139 2696 2202 SENTENTIA
2745 2146 3177 2209 COGNITORIS.

2009 2248 2230 2310 Flavius
2258 2255 2599 2315 Marcellinus
2623 2261 2701 2316 oir
2742 2264 3060 2321 clarissimus
3094 2269 3329 2326 tribunus
3369 2281 3416 2328 et
3446 2291 3539 2330 no-

1935 2347 2099 2403 tarius
2138 2349 2287 2404 dixit.
2322 2351 2529 2410 Vellem
2557 2355 2800 2426 quidem,
2833 2361 2976 2429 quod
3029 2369 3084 2418 et
3115 2365 3262 2420 omni
3294 2364 3362 2422 de
3388 2377 3540 2425 voto-

1935 2455 2055 2495 rum
2088 2441 2390 2501 intentione
2410 2460 2556 2502 nunc
2584 2449 2765 2519 cupio,
2802 2460 2860 2505 ut
2883 2463 3080 2522 quanta
3112 2471 3179 2511 ex
3203 2457 3543 2516 demonstra-

1935 2531 2083 2589 tione
2114 2535 2362 2592 veritatis
2393 2547 2450 2594 et
2491 2539 2710 2596 tandem
2742 2543 2940 2613 proditi
2969 2548 3174 2604 erroris
3204 2558 3323 2604 orta
3357 2552 3538 2608 ltetitia

1933 2634 2040 2696 est,
2083 2636 2229 2684 tanta
2278 2645 2346 2687 ex
2374 2632 2738 2690 conversione
2779 2639 3182 2708 superstitionis
3219 2642 3459 2714 antiqua:
3486 2654 3542 2702 et

1934 2718 1989 2776 in
2033 2721 2228 2777 melius
2273 2733 2495 2781 mutatae
2539 2728 2827 2784 sententiae
2864 2731 3154 2802 gratulatio
3201 2747 3539 2795 nasceretur.

1933 2811 2122 2885 Magna
2156 2815 2299 2871 enim
2324 2817 2518 2887 gaudia
2547 2835 2671 2878 esse
2691 2822 2814 2892 quis
2845 2823 3054 2881 dubitet
3081 2841 3202 2883 cum
3226 2829 3540 2889 inveterata:

1934 2906 2239 2978 a-gritudini
2283 2910 2530 2979 provenit
2587 2912 2859 2984 insperata
2916 2919 3157 2985 curatio;
3211 2935 3540 2993 causamque

1933 2999 2288 3057 exultationis
2314 3001 2367 3058 in
2389 3003 2585 3062 talibus
2602 3006 2864 3079 majorem
2891 3009 3018 3068 facit
3045 3016 3254 3072 sanitas
3289 3019 3537 3074 restituta

1933 3108 2094 3164 quam
2127 3109 2345 3166 semper
2370 3107 2601 3154 retenta.
2645 3099 2754 3157 Sed
2782 3103 2908 3173 quia
2953 3103 3248 3164 obstinatio
3275 3113 3538 3167 mentium

293 3180 421 3238 279.
467 3180 682 3240 Hilarus
721 3193 965 3256 exceptor
1012 3185 1163 3241 dixit.
1193 3186 1464 3256 Quoniam
1523 3204 1554 3244 a
1592 3189 1832 3248 diluculo
1863 3197 1910 3263 ο
1942 3186 2291 3258 perditarum,
2325 3206 2461 3261 quas
2491 3207 2674 3263 prava:
2715 3194 2876 3250 simul
2926 3200 3296 3268 persuasionis
3322 3204 3536 3261 vincula

219 3281 408 3345 partes
428 3287 684 3345 egerunt,
713 3288 766 3334 et
783 3277 1001 3335 codices
1023 3277 1183 3335 binos
1201 3279 1546 3351 implevimus
1568 3324 1583 3349 ,
1606 3283 1650 3338 si
1673 3282 1830 3354 jubet

213 3369 536 3438 praestantia
580 3376 668 3424 tua
689 3410 705 3437 ,
737 3369 827 3425 alii
850 3369 1008 3426 nobis
1037 3381 1361 3441 exceptores
1410 3374 1776 3446 subrogentur
1809 3390 1825 3441 ;

217 3469 278 3515 ut
301 3459 368 3517 ad
396 3460 785 3518 conferendum
807 3479 1067 3521 exeamus
1090 3505 1106 3532 ,
1139 3465 1280 3522 datis
1298 3466 1457 3524 nobis
1481 3467 1825 3526 custodibus.

228 3551 417 3609 Yitalis
447 3551 701 3611 Notarius
732 3554 977 3613 Ecclesite
1011 3556 1294 3615 Catholica:
1323 3560 1474 3615 dixit.
1504 3561 1617 3617 lloc
1645 3572 1701 3619 et
1725 3577 1828 3635 ego

215 3660 452 3718 suggero
479 3647 625 3721 quod
655 3656 711 3706 et
729 3660 988 3723 exceptor
1016 3651 1288 3708 nobilitati
1320 3661 1425 3710 tua:
1445 3653 1671 3712 adstans
1698 3671 1829 3729 sug-

217 3741 416 3811 gessit.

195 3857 200 3860 ·
289 3833 422 3893 280.
454 3835 787 3896 Marcellinus
811 3841 888 3896 vir
908 3841 1226 3898 clarissimus
1256 3843 1491 3901 tribunus
1511 3854 1557 3902 et
1592 3846 1825 3904 notarius

214 3929 371 3984 dixit.
405 3930 557 3988 Sicut
585 3933 750 3989 etiam
798 3935 1083 4005 superiore
1119 3935 1328 4007 judicio
1359 3936 1560 3996 factum
1609 3947 1696 3996 est
1724 3983 1738 4009 ,
1768 3939 1822 3997 bi

212 4022 313 4095 qui
339 4038 398 4079 se
429 4024 641 4083 tabulas
684 4025 942 4099 implesse
987 4041 1415 4087 commemorant
1442 4073 1458 4100 ,
1488 4047 1612 4089 cum
1644 4042 1826 4090 custo-

210 4116 380 4174 dibus
396 4127 593 4176 exeant
614 4161 629 4187 ,
651 4121 706 4177 in
727 4135 917 4202 eorum
941 4122 1063 4180 loco
1083 4123 1208 4181 aliis
1234 4125 1567 4200 subrogatis.
1597 4125 1828 4200 Cumque

213 4211 273 4266 id
298 4213 465 4282 ﬁeret.

293 4307 421 4364 281.
452 4308 770 4380 Augustinus
798 4309 1070 4381 episcOpus
1095 4310 1346 4367 Ecclesia:
1373 4311 1639 4369 catholica:
1666 4314 1817 4369 dixit.

217 4401 455 4458 Mundus
481 4417 644 4474 ergo,
677 4418 782 4459 non
804 4403 950 4460 enim
977 4404 1135 4460 aliter
1161 4416 1216 4460 et
1243 4405 1398 4462 nobis
1419 4405 1594 4461 videri
1624 4407 1820 4477 potuit,

213 4494 270 4548 in
305 4493 615 4551 hominibus
643 4495 995 4569 intelligitur:
1029 4512 1138 4552 non
1168 4499 1351 4570 utique
1379 4501 1451 4554 ita
1473 4499 1624 4555 stulti
1652 4500 1823 4554 simus

1930 3290 2254 3348 nexuerant,
2281 3280 2348 3337 ad
2369 3283 2511 3338 viam
2543 3285 2735 3342 salutis
2775 3296 3008 3345 ostensa:
3048 3301 3140 3347 aut
3170 3292 3352 3351 redire
3379 3295 3542 3353 dissi-

1929 3373 2100 3428 mulat
2129 3382 2243 3441 aut,
2271 3375 2415 3446 quod
2438 3386 2525 3433 est
2553 3379 2814 3447 deterius,
2841 3381 3172 3454 impudentia
3198 3387 3536 3456 reformidat,

1929 3465 2232 3522 exserenda
2258 3467 2372 3537 jam
2401 3469 2581 3541 legum
2611 3479 2776 3528 estet
2802 3475 3108 3532 exercenda
3155 3481 3447 3548 sententia,
3481 3489 3540 3537 ut

1929 3573 2066 3630 quos
2097 3558 2165 3616 ad
2199 3558 2395 3616 bonam
2442 3562 2814 3622 valetudinem
2864 3566 3072 3624 leniora
3117 3580 3240 3642 post
3295 3585 3538 3644 apertam

1928 3654 2178 3712 cominus
2201 3656 2485 3713 veritatem
2515 3659 2875 3718 medicamina
2905 3678 3010 3720 non
3053 3675 3333 3735 revocant,
3360 3669 3539 3725 acrior

1927 3747 2494 3808 restituatcurationis
2522 3751 2771 3810 intentio.
2799 3753 2895 3811 Cui
2925 3755 3068 3813 enim
3095 3759 3234 3815 ratio
3259 3762 3531 3832 proxima,

1927 3841 2066 3898 sicut
2092 3850 2368 3914 gestorum
2409 3846 2582 3903 series
2619 3847 2864 3919 subjecta
2891 3849 3249 3923 demonstrat,
3282 3854 3424 3912 sicut
3453 3858 3537 3913 di-

1927 3935 2178 3994 vinorum
2229 3953 2446 4010 quoque
2473 3940 2808 3998 voluminum
2858 3943 3025 4000 indita
3055 3947 3302 4018 exempla
3332 3957 3536 4007 testan-

1931 4037 2036 4096 tur,
2066 4044 2176 4088 non
2222 4029 2426 4104 liquido
2450 4031 2696 4091 declaret
2720 4034 2905 4104 alieni,
2937 4037 3150 4095 etiamsi
3190 4043 3407 4111 probari
3439 4059 3534 4114 po-

1929 4121 2141 4192 tuisset,
2190 4124 2415 4182 sceleris
2442 4141 2586 4183 noxa
2613 4127 2777 4183 alium
2811 4127 2930 4186 ﬁeri
2968 4145 3119 4188 reum
3168 4135 3392 4193 omnino
3423 4153 3530 4196 non

1926 4231 2111 4289 posse,
2145 4227 2201 4276 et
2229 4220 2550 4278 universalis
2574 4221 2834 4279 Ecclesiae
2860 4233 3061 4282 statum
3087 4226 3366 4286 Caeciliani
3399 4232 3528 4294 insi-

1928 4311 2244 4374 mulatione,
2274 4311 2345 4369 de
2362 4328 2469 4384 quo
2499 4313 2636 4370 nihil
2665 4317 3093 4386 reprehensibile
3120 4323 3294 4393 potuit
3334 4340 3533 4398 appro-

1928 4401 2070 4470 bari,
2096 4420 2202 4462 non
2223 4405 2424 4464 debere
2449 4408 2713 4475 subverti,
2743 4426 2845 4468 nec
2878 4413 3040 4469 etiam
3071 4431 3259 4473 eorum
3300 4421 3390 4490 qui
3420 4437 3479 4478 sc
3502 4439 3532 4477 a

1927 4509 2157 4567 corpore
2179 4497 2438 4554 Ecclesiae
2463 4511 2788 4570 separarunt
2818 4504 2923 4559 lata
2954 4506 3218 4565 adversus
3239 4525 3362 4567 eum
3392 4531 3530 4585 prx-

214 4593 276 4642 nt
308 4587 518 4643 belluas
569 4588 734 4644 etiam
781 4598 834 4646 et
863 4604 1218 4661 qumcutnqne
1269 4589 1662 4647 irrationabilia
1705 4590 1821 4646 ani-
1850 4592 1900 4654 D
1920 4589 2171 4661 judicare
2190 4592 2427 4650 valuisse
2444 4595 2736 4663 sententia,
2765 4597 2907 4652 sicut
2937 4614 3036 4656 nec
3061 4615 3088 4653 a
3122 4603 3534 4664 Maximianistis

216 4681 423 4736 mantia
456 4680 524 4737 ad
543 4681 774 4739 salutem
793 4723 808 4751 ,
832 4697 994 4754 quam
1039 4682 1290 4740 Christus
1318 4685 1606 4756 promisit,
1651 4685 1821 4758 perti-

1925 4683 2126 4739 recenti
2180 4692 2427 4754 tempore
2480 4686 2533 4740 in
2580 4686 2862 4744 absentem
2917 4689 3248 4750 Primianum
3318 4698 3527 4767 prolata

214 4789 354 4832 nere
382 4775 644 4831 dicamus.
666 4775 900 4832 Prorsus
930 4775 1034 4832 hoc
1061 4776 1294 4833 dicimus
1321 4796 1334 4833 :
1363 4777 1595 4834 Mundus
1616 4780 1670 4834 in
1710 4795 1822 4834 ma-
1923 4775 2203 4833 damnatio
2223 4775 2398 4834 eidem
2427 4793 2624 4835 nocere
2650 4781 2970 4850 praevaluit?
2991 4782 3088 4840 Cui
3114 4786 3276 4842 etiam
3310 4788 3436 4845 illud
3458 4790 3528 4847 ad

214 4871 360 4943 ligno
391 4871 584 4943 positus
615 4881 690 4926 est
724 4887 737 4926 :
792 4869 1041 4928 homines
1080 4881 1227 4928 sunt.
1268 4871 1336 4928 Ut
1375 4873 1552 4928 credat
1599 4872 1822 4930 mundus

213 4965 340 5035 quia
359 4973 412 5019 tu
443 4982 523 5020 me
552 4965 738 5020 misisti
763 4983 776 5020 :
826 4965 1081 5022 homines
1124 4975 1274 5021 sunt.
1305 4964 1563 5020 Mundam
1591 4968 1822 5022 reconci-

215 5058 356 5114 lians
378 5056 476 5113 sibi
495 5075 508 5126 ;
525 5057 776 5114 homines
802 5065 1026 5127 suntget
1053 5067 1248 5115 caetera
1270 5073 1394 5130 qua:
1425 5057 1478 5114 in
1510 5058 1654 5114 malo
1677 5057 1824 5116 dicta

213 5159 380 5215 Sunt,
420 5149 668 5206 homines
705 5151 821 5220 illi,
865 5152 1114 5208 homines
1172 5150 1270 5206 illi.
1318 5151 1422 5207 Per
1464 5159 1637 5207 totum
1672 5152 1818 5208 enim

215 5241 481 5309 mundum
513 5243 734 5313 utrique
757 5284 774 5311 ,
803 5243 930 5298 mali
959 5243 1110 5298 mixti
1137 5241 1318 5299 bonis.
1348 5242 1438 5300 Sic
1459 5253 1516 5298 et
1549 5242 1817 5312 Ecclesia,

215 5352 384 5411 quam
405 5336 639 5395 confessi
668 5337 1001 5394 suntretium
1027 5337 1245 5393 nomine
1266 5337 1596 5393 declaratam
1623 5339 1822 5395 habere

217 5433 432 5501 malos,
482 5433 577 5490 sed
605 5433 860 5490 dixerunt
880 5431 1050 5488 latere
1079 5441 1425 5504 peccatores,
1479 5433 1820 5504 constatjam

217 5527 368 5600 quod
398 5527 594 5586 habeat
614 5529 792 5586 bonos
820 5536 875 5585 et
904 5526 1096 5584 malos.
1141 5528 1219 5584 De
1263 5526 1485 5584 latendo
1515 5536 1571 5584 et
1615 5527 1683 5585 de
1715 5543 1820 5584 non

215 5620 438 5678 latendo
479 5623 712 5696 quaestio
739 5631 826 5681 est
880 5630 1059 5679 utrum
1091 5622 1414 5694 pertinuerit
1445 5621 1513 5678 ad
1565 5623 1824 5694 pietatem

217 5714 490 5773 bonorum
522 5716 686 5773 etiam
721 5716 895 5775 malos
946 5715 1191 5789 cognitos
1240 5715 1473 5773 tolerare
1497 5756 1512 5782 ,
1561 5729 1630 5773 ne
1670 5714 1827 5773 desc-

217 5817 411 5868 rerent
439 5809 632 5884 bonos,
656 5825 725 5868 an
739 5818 961 5884 propter
980 5809 1156 5866 malos
1180 5816 1351 5868 totum
1373 5808 1629 5870 deserere
1643 5806 1828 5869 voluc-

757 5904 1035 5968 Ρηιιοι..
1095 5901 1210 5966 Xl.

1925 4869 2286 4940 correptionis
2312 4885 2529 4927 causam
2564 4887 2669 4927 non
2698 4874 2844 4930 omni
2875 4890 2941 4931 ex
2970 4886 3124 4945 parte
3170 4878 3406 4936 sufficiat
3451 4892 3531 4940 tot

1921 4959 2142 5032 judiciis
2161 4962 2428 5035 patefacta
2449 4963 2660 5022 Donato
2685 4978 2909 5024 auctore
2938 4969 3251 5028 schismatis
3278 4979 3531 5048 compro~

1928 5055 2095 5124 batio,
2123 5056 2400 5114 Caeciliani
2423 5061 2717 5130 persolutio
2739 5072 2898 5133 atque
2923 5065 3192 5136 purgatio,
3229 5067 3526 5141 ultimaque

1925 5151 2195 5207 sententia
2246 5150 2648 5222 triumphahilis
2682 5157 2963 5212 memoria:
3003 5157 3368 5226 Constantini,
3420 5178 3527 5234 qua

1925 5242 2230 5299 evidentius
2255 5242 2483 5301 docetur
2509 5261 2774 5317 expressa
2820 5259 2876 5305 et
2901 5249 3176 5306 Caeciliani
3223 5252 3529 5312 innocentia

1925 5341 1985 5390 et
2026 5334 2221 5391 Donati
2251 5337 2631 5410 sociorumque
2671 5340 2788 5410 ejus
2817 5341 3152 5398 calumniosa
3190 5345 3525 5418 criminatio,

1927 5428 2124 5486 Felicis
2154 5447 2368 5504 quoque
2394 5434 2760 5504 Aptugnensis
2786 5435 3116 5493 ordinatoris
3143 5438 3262 5509 ejus
3289 5454 3527 5509 procon-

1927 5523 2125 5580 sularis
2145 5526 2432 5583 sententia:
2457 5526 2798 5583 documentis
2819 5535 3040 5585 ostensa
3073 5531 3356 5602 purgatio?
3373 5533 3530 5594 Unde

1929 5616 1975 5671 si
2028 5615 2144 5674 haec
2189 5626 2298 5674 tam
2347 5619 2631 5690 perspicua
2677 5627 2840 5690 atque
2887 5621 3175 5679 manifesta
3223 5622 3530 5685 inveterato

1931 5708 2136 5767 mederi
2190 5718 2469 5782 nequeunt
2506 5709 2721 5781 morbo,
2754 5713 2932 5783 putris
2959 5724 3045 5772 est
3086 5717 3330 5772 vulneris
3352 5719 3536 5777 sanies

1931 5805 2311 5880 reprimenda;
2358 5815 2418 5866 ut
2444 5805 2696 5868 libertate
2739 5811 3025 5885 praeclusa,
3059 5813 3163 5870 sibi
3197 5821 3402 5872 tantum
3432 5833 3534 5876 no-

3088 5905 3173 5974 £5
