3996 6332
575 277 718 339 ιιιο

1243 268 1672 336 MONUMENTA
1708 267 2263 338 CARTHAGINENSI
2299 273 2715 338 COLLA'I'IONI
2755 266 3210 341 POSTERIORA.

3655 296 3754 358 14Ξο

568 406 717 461 cere,
746 391 874 466 quia
903 392 1007 449 hoc
1039 391 1221 463 potius
1263 390 1438 463 eligit,
1474 386 1718 462 incipiat.
1749 389 1855 447 Per
1882 389 1999 447 hac
2024 390 2168 448 enim
2196 394 2252 458 Α
2273 398 2622 463 cognoscant.
2648 390 2960 462 Superioris
2981 402 3159 449 autem
3183 386 3337 448 edicti
3357 390 3496 452 ﬁdem
3516 396 3759 464 inomnibus

575 490 669 545 tiet
699 494 759 544 ut
785 486 915 545 velit
950 484 1241 556 aliquando
1272 485 1474 542 sanari.
1511 484 1812 541 Declaratur
1843 483 2006 557 igitur
2030 485 2173 543 veri-

576 582 672 638 tati
706 581 921 637 detecta
951 577 1160 636 falsitas
1185 578 1326 635 colla
1360 578 1660 635 submittat.
1705 576 1859 635 Unde
1888 579 2173 636 universos

571 672 781 732 ordinis
837 673 1002 741 viros,
1050 671 1305 729 dominos
1353 671 1516 728 etiam
1565 669 1880 739 fundorum,
1935 679 2171 741 actores,

571 766 932 824 conductores
972 774 1079 820 tam
1108 764 1303 820 domus
1324 763 1523 820 divinae
1547 777 1707 835 quam
1733 764 1895 819 etiam
1941 764 2174 835 privata-

570 875 693 917 rum
739 859 1169 931 possessionum,
1221 858 1577 929 senioresque
1625 859 1867 913 omnium
1902 856 2173 925 locorum,

575 953 736 1025 hujus
768 952 931 1009 edicti
961 952 1287 1008 auctoritate
1314 963 1634 1007 cummoneo
1672 956 1940 1022 quatenus
1971 960 2179 1007 memo—

570 1061 661 1103 res
688 1046 887 1118 legum,
915 1045 1261 1117 dignitatum,
1310 1044 1687 1101 aestimationis
1732 1044 2028 1115 salutisque
2053 1059 2179 1115 pro-

570 1140 723 1210 prias,
757 1138 1159 1195 Donatistarum
1202 1138 1585 1195 conventicula
1616 1138 1670 1193 in
1711 1136 1964 1193 omnibus
1990 1136 2177 1192 civita-

568 1232 715 1289 tibus
741 1241 799 1289 et
828 1232 965 1287 locis
992 1231 1288 1304 prohibere
1315 1231 1648 1288 contendant
1666 1273 1680 1298 ,
1722 1231 1799 1286 ita
1826 1239 1887 1287 ut
1915 1231 2175 1288 ecclesias

569 1340 706 1397 quas
725 1324 808 1381 eis
832 1325 1176 1382 immanitate
1203 1339 1325 1382 mea
1369 1326 1573 1397 absque
1601 1325 1868 1397 imperiali
1906 1333 2179 1399 praecepto

571 1432 743 1489 usque
769 1416 837 1473 ad
868 1416 1013 1474 diem
1060 1419 1345 1476 sententiae
1372 1426 1588 1475 constat
1617 1418 1855 1475 indultae
1881 1419 2179 1476 Catholicis

569 1509 790 1567 tradere
830 1511 952 1568 sine
995 1511 1103 1568 ulla
1129 1512 1396 1569 dilatione
1425 1513 1706 1578 festinent,
1747 1512 1801 1568 ni
1849 1513 2060 1569 malunt
2099 1520 2180 1569 tot

572 1604 921 1662 sanctionum
951 1604 1163 1678 laqueis
1191 1606 1429 1663 irretiri:
1476 1621 1612 1678 quas
1638 1605 1880 1678 quidem,
1913 1609 1958 1662 si
1987 1589 2179 1663 unitati

560 1698 850 1759 catholicae
876 1701 1191 1757 consentire
1222 1701 1517 1769 voluerint,
1557 1715 1750 1757 eorum
1791 1715 1915 1757 esse
1942 1709 2031 1758 sat
2057 1715 2181 1758 cer-

2276 494 2487 540 certum
2513 494 2596 541 est
2623 485 2916 541 reservari.
2950 484 3106 543 Unde
3130 487 3472 559 unusquisque
3487 492 3641 550 Donati
3654 513 3763 557 com-

2278 578 2551 635 munionis
2594 577 2883 650 episcopus
2912 578 2978 634 ad
3028 579 3144 635 loca
3178 570 3384 651 propria
3409 583 3511 641 sine
3535 576 3621 643 ulla
3649 589 3763 652 debet

2278 668 2652 743 inquietudine
2680 685 2743 726 ac
2781 671 3031 728 molestia
3060 684 3304 729 remeare
3323 686 3337 741 ;
3358 686 3588 745 quatenus
3612 668 3657 736 in
3677 699 3764 752 pro-

2280 763 2411 835 priis
2450 764 2798 830 constitutus,
2826 772 2921 819 aut
2949 762 3016 819 ad
3055 779 3216 822 unam
3245 770 3508 840 Veramqu'e
3543 770 3765 834 Ecclesiam

2278 864 2605 924 revertatur,
2643 865 2737 913 aut
2783 856 2917 914 satis
2961 856 3168 929 legibus
3209 858 3379 917 facere
3404 860 3511 918 sine
3533 862 3767 924 dissimula-

2278 950 2427 1009 tione
2457 962 2561 1007 nan
2588 944 2822 1008 dlll‘erat.
2856 948 2921 1007 Hi
2948 958 3129 1009 autem
3159 953 3250 1025 qui
3291 953 3340 1009 in
3372 950 3564 1026 praediis
3593 960 3681 1017 suis
3698 963 3770 1020 cir-

2279 1046 2694 1104 Cumcelllonum
2745 1046 2934 1104 turbas
2971 1060 3031 1104 se
3062 1048 3264 1105 habere
3292 1063 3604 1120 cognoscunt,
3630 1056 3768 1125 sciant,

2281 1140 2383 1197 nisi
2428 1156 2616 1197 eorum
2663 1140 3011 1198 insolentiam
3057 1140 3381 1199 omnimodis
3418 1145 3773 1216 comprimereet

2280 1232 2573 1291 refrenare
2612 1230 2914 1306 gestierint,
2956 1235 3191 1291 maxime
3236 1251 3297 1292 ea
3336 1235 3442 1291 loca
3481 1252 3509 1293 a
3548 1232 3651 1295 fisco
3685 1255 3773 1299 mox

2281 1325 2615 1398 occupanda.
2694 1325 2973 1399 Siquidem
3050 1334 3158 1383 tam
3226 1328 3489 1386 catholicm
3536 1329 3623 1402 legi
3661 1348 3774 1403 quam

2280 1422 2450 1493 quieti
2476 1422 2729 1493 publicai,
2755 1429 2817 1477 ut
2843 1435 3034 1477 eorum
3061 1420 3408 1492 conquiescat
3430 1422 3625 1490 insania,
3651 1422 3692 1479 in
3705 1422 3776 1481 hac

2280 1524 2436 1587 parte
2462 1515 2785 1571 consulitur.
2824 1513 3117 1571 GeStorum
3144 1518 3324 1569 autem
3364 1505 3566 1571 reiectio
3591 1532 3670 1588 qua
3690 1532 3781 1588 pro-

2282 1604 2456 1667 fertur
2509 1610 2762 1683 superius
2809 1617 3169 1667 memoratum
3218 1626 3248 1666 a
3298 1608 3567 1667 Donatistis
3602 1622 3777 1669 errorem

2282 1701 2594 1758 scbismatis
2623 1702 2946 1768 exstitisse;
2965 1710 3127 1772 atque
3155 1685 3490 1759 Caecilianum
3528 1710 3576 1760 et
3596 1712 3779 1775 caeteros,

573 1804 685 1850 tum
713 1802 820 1852 est.
852 1794 1058 1867 Maiore
1089 1805 1274 1852 autem
1295 1810 1459 1869 causa
1484 1805 1646 1865 atque
1671 1794 1894 1851 solertia
1920 1804 2044 1865 post
2085 1794 2180 1851 de-
2209 1788 2258 1855 Β
2285 1810 2421 1867 quos
2449 1794 2697 1867 improbe
2725 1792 3074 1851 crediderant
3099 1792 3449 1863 accusandus,
3473 1792 3616 1852 fuisse
3641 1812 3781 1869 purga-

568 1894 769 1945 tectam
807 1889 985 1947 modis
1025 1889 1278 1948 omnibus
1306 1889 1575 1945 unitatem
1620 1889 2181 1960 superstitionemque

569 1987 872 2042 convictam
901 2003 930 2042 a
962 1988 1169 2059 pr0prii
1196 1987 1401 2043 debent
1448 1987 1706 2042 facinoris
1742 1987 2044 2043 intentione
2081 1986 2179 2044 de-

570 2080 722 2151 pelli.
753 2079 817 2135 iii
839 2086 1021 2136 autem
1044 2076 1134 2152 qui
1170 2089 1293 2151 post
1321 2081 1486 2134 vetita
1510 2080 1688 2152 legum
1712 2095 1902 2136 eorum
1935 2094 1997 2136 se
2025 2080 2180 2136 emti-

571 2173 674 2229 bus
714 2173 1058 2238 miscuerint,
1105 2172 1479 2229 indubitanter
1521 2171 1827 2243 intelligant
1873 2187 2087 2243 pmnam
2120 2186 2183 2231 se

574 2265 852 2335 imperiali
895 2267 1123 2323 arbitrio
1169 2267 1529 2337 praestitutam
1577 2266 1808 2323 ulterius
1851 2267 2022 2323 vitare
2068 2274 2180 2323 non

568 2372 755 2427 posse,
796 2372 936 2430 quos
959 2358 1205 2431 principe
1233 2358 1355 2416 loco
1396 2363 1519 2429 post
1559 2358 1757 2431 agnitae
1781 2357 2064 2416 catholicas
2092 2372 2183 2417 re-

567 2451 870 2509 verentiam
899 2454 1035 2525 legis
1061 2453 1126 2508 ad
1150 2454 1409 2525 profanos
1433 2468 1623 2510 eorum
1646 2464 1822 2510 coetus
1842 2452 2181 2510 communio-

568 2558 806 2616 nemque
854 2545 1084 2601 rediisse
1111 2554 1197 2600 sat
1223 2546 1429 2601 clarum
1476 2552 1581 2601 est.
1611 2544 1769 2615 Quod
1813 2552 1869 2601 ut
1899 2554 2026 2602 ante
2071 2560 2181 2601 non

572 2638 752 2706 ﬂeret,
769 2639 1047 2710 patientia:
1076 2647 1285 2695 tantum
1307 2638 1743 2695 consideratione
1764 2646 1818 2695 et
1848 2646 1945 2711 spe
1964 2653 2184 2696 correc—

569 2730 738 2788 tionis
788 2731 966 2801 aliqua
1021 2739 1175 2802 parte
1215 2746 1287 2788 ex
1335 2739 1490 2802 parte
1517 2730 1857 2788 distuleram.
1907 2731 2183 2789 Hactenus

568 2823 737 2894 igitur
784 2822 1036 2878 inimicos
1089 2822 1215 2880 iidei
1244 2821 1573 2878 Christiana:
1625 2821 1839 2895 legibus
1888 2824 2183 2881 insultasse

563 2916 825 2983 sufficiat,
858 2917 1101 2973 maxime
1135 2931 1259 2972 cum
1300 2928 1493 2973 eorum
1525 2926 1683 2972 notas
1709 2928 1920 2974 certum
1958 2916 2031 2973 sit
2058 2930 2182 2974 esse

565 3022 850 3079 personas.
878 3007 1020 3076 Quid
1047 3022 1275 3065 necesse
1306 3017 1390 3065 est
1413 3017 1493 3065 tot
1518 3010 1888 3078 sanctionum,
1922 3010 2181 3083 quoniam

568 3103 717 3159 nulla
737 3103 1049 3161 emendatio
1070 3104 1364 3161 subsecuta
1389 3114 1492 3172 est,
1523 3105 1759 3161 nexibus
1778 3105 1978 3163 subdi?
2003 3105 2181 3178 Ipsam

2283 1894 2389 1956 tos,
2437 1889 2778 1946 sanctitatem
2805 1897 3038 1944 vestram
3071 1887 3384 1959 plenissime
3409 1886 3782 1960 poteritcdocere.

2287 1981 2383 2057 (Et
2425 1984 2531 2039 alia
2584 1980 2787 2053 manu).
2840 1979 3223 2039 Pnorom'rcu.
3276 1981 3485 2053 (Datum
3528 1968 3782 2053 Carthagini)

2282 2085 2407 2149 post
2431 2076 2773 2133 consulatum
2794 2074 3024 2131 Varanis
3055 2092 3105 2130 v.
3129 2088 3180 2131 c.
3209 2092 3285 2142 vi,
3315 2073 3420 2132 kal.
3445 2070 3578 2132 Julii.

2285 2164 2519 2244 Explica
2570 2182 2713 2224 num.
2771 2182 2949 2223 xxxut
2995 2166 3447 2223 Maunmentorum
3481 2167 3543 2223 ad
3569 2158 3787 2226 Donatista-

2675 2278 2789 2318 rum
2813 2258 3081 2318 historiam
3111 2260 3487 2333 pertinentium.

2843 2353 3306 2416 -ακοὲοοκ-

2702 2478 2869 2553 m
2894 2493 3035 2536 anno
3063 2494 3253 2537 DOIlNi
3283 2494 3473 2538 ccccu.

2438 2601 2466 2629 ι
2490 2590 2736 2649 XXXIV.
2776 2592 2919 2649 LEX
2947 2591 3696 2667 HONORIIJMPERATORIS.

2361 2702 2469 2754 QUA
2494 2701 2727 2744 IULC'LB
2751 2702 3087 2745 PECUNIARMB
3111 2702 3454 2755 ιιιιιῡιειιητιιι
3479 2697 3742 2744 ιιοιιιτιειιι.

2432 2802 2539 2876 (Ea:
2556 2800 2688 2859 Cod.
2715 2802 2942 2873 Tum,
2973 2802 3079 2859 rn.
3107 2804 3175 2860 de
3204 2804 3509 2871 ﬂmreticis,
3536 2804 3589 2859 L.
3610 2801 3700 2874 δι).

2287 2896 2460 2968 lmpp.
2489 2896 2763 2954 Honorius
2792 2904 2849 2954 'et
2871 2896 3217 2955 Theodosius
3241 2898 3362 2956 AA.
3387 2898 3597 2956 Seleuco
3620 2896 3669 2951 Ρ.
3687 2893 3734 2950 ι’.
3748 2890 3793 2948 Ρ.

2359 3009 2621 3079 Cassatis,
2646 3026 2769 3083 quae
2808 3010 3149 3083 pragmatici,
3179 3010 3264 3067 vel
3308 3009 3629 3067 adnotatione
3665 3016 3795 3061 manus

2287 3116 2511 3172 nosme,
2538 3104 2818 3175 potuerint
2843 3102 3144 3176 impetrari,
3186 3112 3243 3160 et
3274 3102 3597 3160 manentibus
3616 3100 3696 3167 his,
3718 3110 3797 3169 qus

564 3212 699 3254 vero
741 3186 1133 3254 catholicorum
1163 3199 1564 3269 episcoporum,
1620 3199 1784 3254 etiam
1833 3208 1957 3271 post
2007 3199 2182 3256 victo-
2208 3182 2256 3248 C
2290 3196 2452 3254 etiam
2474 3195 2679 3253 dudum
2703 3210 2868 3269 super
2888 3194 2991 3254 hoc
3018 3196 3238 3254 definita
3258 3202 3387 3254 sunt
3405 3206 3458 3254 et
3475 3202 3683 3252 veterum
3701 3191 3798 3264 prin-

565 3290 705 3346 riam
736 3288 1003 3355 veritatis,
1050 3290 1305 3347 noverint
1345 3291 1643 3347 Donatistae
1688 3304 1911 3348 manere
1955 3302 2179 3349 senten-

565 3384 719 3449 tiam,
770 3387 834 3437 ut
876 3382 1163 3454 completis
1208 3383 1593 3440 collationibus
1641 3398 1775 3455 quas
1828 3385 1909 3441 eis
1954 3392 2009 3441 et
2050 3394 2179 3443 ante

564 3474 778 3531 oblatas
804 3474 1017 3545 publica
1045 3474 1376 3531 conscientia
1409 3475 1698 3543 retinetur,
1728 3484 1785 3532 et
1812 3489 1958 3532 nunc
1990 3475 2178 3534 oﬂerri

563 3566 685 3624 sine
711 3566 1054 3625 dubitatione
1079 3575 1166 3624 sat
1207 3574 1421 3625 certum
1451 3575 1561 3635 est,
1601 3580 1723 3623 sese
1762 3568 1965 3639 suscipi
2017 3580 2179 3640 posse

2287 3291 2468 3360 cipum
2498 3290 2783 3346 sanctione
2830 3297 3066 3359 servata,
3114 3289 3217 3345 nisi
3266 3305 3336 3346 ex
3368 3288 3456 3346 die
3490 3287 3678 3359 prolata:
3709 3279 3797 3353 legis

2288 3395 2482 3437 omnes
2511 3381 2831 3450 Donatistae,
2866 3392 2975 3438 tam
3004 3380 3322 3439 sacerdotes
3351 3394 3507 3455 quam
3534 3376 3706 3445 clerici,
3733 3370 3799 3429 lti-

2288 3477 2448 3547 cique
2469 3475 2753 3533 catholicae
2779 3491 2861 3543 se,
2889 3490 2919 3532 a
2956 3494 3059 3548 qua
3086 3477 3355 3550 sacrilege
3382 3476 3652 3539 descivere,
3678 3467 3799 3527 reddi-

2287 3569 2493 3637 derint,
2527 3579 2657 3626 tunc
2680 3570 2918 3627 illustres
2947 3570 3262 3642 singillatim
3298 3582 3470 3642 paenae
3511 3562 3799 3627 neminetisco

1558 3678 1796 3740 JACOBI
1834 3682 2282 3742 GOTHOFREDI
2319 3680 2888 3743 COMMENTARIUS.

640 3796 1202 3860 XXXIV.'Douatistis
1222 3798 1287 3855 ad
1300 3798 1622 3856 catholicam
1637 3799 1799 3855 tidem
1822 3801 2170 3869 revocandis,

573 3886 736 3946 atque
757 3873 1069 3930 rcsecandis
1098 3872 1257 3928 enixe
1282 3872 1546 3946 incumbit
1574 3872 1839 3928 Honorius
1871 3871 2172 3943 imperator

573 3944 677 4004 hac
712 3947 1119 4012 constitutione,
1144 3958 1264 4012 qua:
1290 3944 1414 3999 data
1442 3946 1625 3998 statim
1653 3951 1778 4014 post
1818 3946 2169 4001 collationem

573 4018 1058 4091 Girtbaginensem
1089 4030 1233 4091 anno
1258 4014 1661 4091 D.4l%.Primo
1674 4016 1853 4091 capite
1876 4017 2172 4091 Donatistis

611 4107 749 4148 (eum
782 4087 890 4147 seu
927 4090 1142 4144 mulctze
1170 4089 1543 4157 imponuntur,
1598 4087 1702 4141 nisi
1743 4088 1810 4141 ad
1846 4088 2170 4144 catholicam

611 4107 749 4148 (eum
792 4107 890 4147 seu
927 4107 1142 4144 titillth
1170 4107 1543 4157 imponuntur,
1598 4107 1702 4141 ltlSl
1743 4107 1810 4141 au
1846 4107 2170 4144 catttottcatn

571 4107 873 4219 Ecclesium
902 4158 1183 4225 redierint,
1214 4174 1322 4213 non
1370 4158 1621 4229 obstante
1672 4172 2009 4229 quaecunque
2053 4167 2172 4214 lan-

573 4234 697 4289 dem
746 4231 1005 4302 principis
1048 4228 1500 4302 pragmatica‘vel
1547 4228 1935 4302 adnotatione.’
1962 4230 2061 4294 Eo,
2097 4230 2180 4287 in-

649 4298 765 4369 am,
789 4298 1026 4373 pertinet
1046 4301 1204 4373 hujus
1231 4300 1357 4371 tegis
1382 4298 1783 4373 initium,gquod
1811 4301 1881 4355 ita
1912 4304 2176 4359 restituo:

649 4320 760 4369 am,
789 4320 1026 4373 pertinet
1046 4320 1204 4373 ηαμιι
1231 4320 1357 4371 ως]
1382 4320 1613 4360 ιιιιιιιιηι,
1638 4320 1781 4370 quoa
1811 4320 1881 4355 Ιῐὲ
1912 4320 2139 4357 1⁸05111.Πο
2160 4320 2176 4359 ἶ

573 4320 720 4437 ﬁsi,
746 4382 853 4430 etc.
887 4371 1174 4429 Catholicae
1206 4388 1261 4427 se
1287 4388 1317 4425 a
1354 4388 1455 4442 qua
1479 4371 1726 4441 sacrilege
1751 4372 2030 4441 descivere,
2060 4374 2180 4430 red-

576 4447 821 4502 diderint.
857 4445 931 4500 De
973 4459 1039 4500 eo
1064 4443 1261 4515 quippe
1288 4441 1431 4513 quad
1463 4441 1573 4498 dixi
1607 4443 1690 4513 agi
1721 4446 1958 4499 ostendit
2007 4445 2180 4501 mani-

578 4518 717 4574 feste
742 4532 847 4573 vox
883 4516 1213 4575 Descwnns.
1240 4528 1361 4585 qum
1386 4516 1609 4569 omnino
1634 4517 1864 4584 pertinet
1892 4516 1958 4571 ad
1990 4532 2181 4587 perso-

579 4606 702 4655 nae,
731 4605 833 4645 nou
877 4591 949 4643 ad
974 4604 1059 4643 res
1085 4589 1315 4659 ablatas.
1346 4587 1413 4642 Et
1435 4597 1579 4642 totus
1599 4588 1857 4658 deinceps
1883 4588 2019 4659 legis
2047 4604 2180 4644 eon-

582 4643 844 4719 lentius—id
872 4660 1088 4726 evincit,
1116 4660 1201 4729 agi
1230 4658 1299 4732 de
1341 4661 1634 4732 Donatistis
1662 4675 1692 4714 a
1725 4643 1886 4729 prava
1915 4643 2177 4732 r'éligione
2203 4643 2259 4704 D

582 4732 920 4794 revocandis.
954 4735 1097 4803 quod
1135 4741 1191 4786 et
1217 4730 1417 4786 diserte
1457 4730 1805 4803 codcmloco
1851 4730 2066 4786 dicitur.
2101 4733 2176 4788 De

580 4806 825 4861 ecclesiis
865 4801 1009 4859 enim
1048 4803 1265 4857 demum
1311 4805 1487 4873 agitur
1539 4806 1590 4858 in
1647 4801 1752 4857 line
1792 4803 1923 4873 legis
1957 4821 1970 4856 :
2012 4803 2177 4873 idque

581 4878 759 4947 ipsum
785 4884 1103 4947 argumento
1130 4873 1289 4947 dicta:
1314 4874 1439 4947 legis
1468 4875 1557 4941 54,
1587 4874 1712 4944 infr.
1746 4874 1949 4929 ﬁrmari
1978 4883 2173 4947 potest.

627 4962 767 5002 tense
794 4945 996 5012 autem,
1025 4945 1166 5017 quod
1195 4945 1515 5017 secundum,
1542 4960 1636 5014 per
1660 4948 1871 5016 singula
1897 4946 2177 5003 hominum

586 5032 783 5089 genera
811 5016 1200 5089 proponuntur,
1226 5017 1338 5072 sive
1356 5016 1681 5089 indignitate
1704 5019 2026 5088 positorum,
2059 5018 2176 5076 sive

586 5086 951 5160 popularium,
982 5089 1097 5141 sive
1116 5087 1622 5142 Circumcellionum
1653 5086 1742 5158 (de
1766 5089 1961 5160 quibus
1989 5100 2175 5160 postea

584 5158 841 5231 plenius).
896 5158 1077 5231 Tertio
1102 5160 1352 5231 proponit
1396 5172 1608 5226 poenam
1644 5158 2014 5214 occultantibus
2057 5176 2173 5228 eos,

586 5228 751 5288 etiam
798 5228 1239 5293 conducturibus,
1292 5231 1732 5295 procuratoribus
1766 5241 1823 5287 et
1867 5231 2176 5289 hominibus

586 5302 782 5359 domus
813 5301 1093 5375 principis,
1124 5297 1487 5375 uxoribusque
1529 5315 1736 5375 eorum.
1780 5303 2004 5370 Quarto,
2057 5316 2177 5375 post

591 5371 848 5430 mulctam
879 5372 1143 5446 inﬂictain
1165 5371 1584 5446 contumacibus
1602 5372 1865 5446 bonorum
1901 5371 2174 5446 proscrip-

591 5447 794 5502 tionem
823 5447 1079 5499 minatur.
1110 5443 1333 5510 Quinto,
1364 5451 1419 5498 et
1442 5443 1677 5499 dominis
1707 5445 1866 5500 etiam
1894 5443 2177 5504 catholicis

592 5518 838 5575 eamdem
870 5516 1122 5571 mulctam
1152 5516 1396 5585 imponit,
1443 5515 1547 5570 nisi
1589 5529 1777 5571 servos
1807 5526 1863 5571 et
1887 5518 2109 5573 colonos
2145 5533 2176 5574 ιι

590 5605 752 5662 prava
784 5587 1047 5662 religione
1069 5588 1461 5662 revocaverint.
1495 5587 1685 5662 Sesto,
1731 5586 2002 5662 Honorius
2028 5588 2180 5662 cleri-

586 5658 694 5727 eos,
740 5658 998 5713 ministros
1033 5658 1371 5713 sacerdotales
1415 5658 1812 5715 Donatistarum
1852 5658 1908 5714 in
1955 5660 2179 5717 exilium

590 5731 831 5797 singulos
857 5744 952 5798 per
982 5729 1216 5799 singulas
1245 5729 1497 5799 regiones
1530 5731 1668 5799 mitti
1699 5731 1800 5785 sub
1848 5729 1950 5785 ﬁda
1995 5746 2180 5799 prose-

586 5796 804 5859 cutione
839 5796 1011 5873 jubet.
1061 5796 1338 5857 Postremo
1380 5803 1575 5871 capite,
1601 5796 1865 5871 Εεοιεείω,
1912 5796 2183 5860 Conventu-

2281 3799 2422 3873 cuia,
2455 3798 2789 3873 praediaque,
2818 3799 3205 3873 haereticorum
3229 3800 3481 3873 largitate
3501 3800 3548 3855 in
3573 3811 3720 3873 eorum
3741 3806 3800 3849 ec-

2281 3868 2482 3928 clesias
2552 3868 2778 3938 collata,
2828 3871 3115 3928 catholicis
3165 3868 3417 3929 ecclesiis
3461 3872 3599 3942 jutta
3656 3868 3798 3942 priore

2286 3943 2704 4000 constitutiones
2731 3942 2821 4014 (id
2856 3952 2941 3999 est
2980 3944 3137 4016 juxta
3169 3945 3208 4000 Ι.
3237 3944 3333 4012 45,
3360 3948 3379 4017 )
3407 3938 3800 4011 vindicarejuben-

2288 4024 2395 4070 tur.

2359 4088 2423 4142 Et
2454 4086 2537 4159 ha:
2564 4087 2783 4159 quidem
2813 4097 3023 4159 septem
3063 4088 3308 4159 rationes
3335 4098 3461 4144 sunt
3488 4086 3656 4158 mribus
3682 4083 3799 4136 Dm-

2284 4158 2439 4213 tistns
2460 4158 2526 4213 ad
2561 4158 2721 4215 fidem
2751 4158 3076 4214 catholicam
3106 4158 3417 4226 traducere,
3448 4166 3802 4228 corutnqueper-

2289 4230 2437 4302 tinax
2465 4230 2766 4286 institutum
2796 4231 3068 4302 frangere,
3099 4246 3354 4289 resecare
3385 4233 3488 4288 hoc
3509 4232 3800 4299 temporesllr

2286 4301 2403 4357 duit
2456 4302 2744 4374 Honorius,
2788 4301 2989 4374 quibus
3018 4302 3313 4360 validiores
3361 4304 3485 4371 tingi
3513 4302 3709 4374 rationes
3728 4306 3800 4349 non

2287 4378 2517 4443 possint.
2566 4373 2619 4429 1⁰
2663 4372 2836 4431 Metus
2866 4375 3048 4431 damni
3080 4376 3403 4443 pecuniarii.
3430 4377 3492 4431 2°
3517 4372 3799 4443 Conductqu

2285 4438 2340 4500 et
2384 4454 2764 4514 procuratores
2808 4449 2860 4502 in
2906 4462 3002 4503 eos
3038 4438 3257 4503 escitati
3302 4450 3370 4502 ad
3417 4463 3509 4503 eos
3534 4438 3797 4514 detegetldos-

2285 4516 2348 4571 5°
2381 4516 2492 4571 lino
2520 4527 2576 4572 et
2605 4532 2826 4575 uxores.
2870 4516 2935 4572 4°
2969 4516 3245 4575 Bonorum
3275 4517 3664 4590 proscriptionis
3684 4518 3799 4590 ιιιεωε

2287 4599 2409 4659 post
2425 4591 2948 4664 _contumaeiatn._5°
3000 4591 3209 4645 Domini
3255 4583 3308 4645 in
3338 4583 3523 4646 servos
3547 4598 3613 4664 _et
3642 4583 3798 4664 colone

2284 4655 2560 4734 concitati.
2593 4662 2655 4716 6°
2689 4662 2911 4734 Clerici_
2910 4662 2964 4716 in
2990 4664 3214 4734 exilium
3248 4664 3426 4718 missi.
3455 4664 3516 4717 7°
3546 4655 3799 4734 Ecclesia}!!!

2281 4731 2830 4805 donariacatholicte
2875 4732 3137 4805 Ecclesia:
3180 4734 3442 4790 vindicari
3477 4734 3631 4805 jussa.
3659 4724 3800 4805 Quill}?

2281 4802 2477 4930 similia
2516 4802 2628 4873 jam
2669 4806 2950 4877 complura
2995 4805 3033 4861 ι.
3066 4803 3160 4872 54,
3211 4805 3342 4879 infr.
3393 4792 3496 4861 ubi
3530 4812 3580 4859 et
3615 4792 3800 4856 nonnulli

2282 4889 2309 4928 a
2392 4890 2487 4928 ta.

2282 4886 2487 4928 addlla.

2357 4945 2426 5019 Ut
2455 4947 2573 5002 hcce
2596 4946 2824 5019 hujusce
2855 4948 2990 5018 legis
3029 4948 3086 5003 in
3127 4949 3440 5005 universum
3468 4958 3552 5005 est
3587 4936 3797 5019 σαρκικῨὸ

2283 5018 2352 5092 ita
2382 5015 2740 5092 Augustinus
2758 5018 2875 5088 ejus
2900 5015 3012 5092 vim
3039 5020 3119 5075 sic
3163 5022 3400 5076 breviter
3427 5015 3667 5092 expressit
3695 5015 3795 5092 9M

2282 5084 2372 5155 50,
2406 5084 3007 5163 αἱΒὸηὶῙαείιιῐιιεΙαιιι
3036 5093 3171 5145 enim
3201 5092 3310 5148 LEX
3346 5084 3512 5163 fuero?
3539 5084 3797 5163 promulgat!»

2283 5172 2339 5214 ut
2361 5151 2523 5214 tanta
2560 5151 2896 5217 immanitatis
2923 5163 3132 5218 hwresis
3163 5151 3568 5225 Donatistarum,
3592 5151 3797 5215 cum

2282 5232 2383 5306 tius
2406 5232 2548 5305 parci
2584 5232 2869 5301 videbatur,
2898 5248 3056 5304 quam
3083 5237 3199 5306 ipsa
3236 5237 3493 5301 seuiebat,
3548 5247 3636 5288 non
3662 5228 3795 5306 tu!!!

2282 5304 2505 5360 uiolenta
2534 5320 2644 5359 esse
2665 5345 2682 5373 ,
2724 5306 2814 5360 sed
2844 5321 3047 5363 onmno
3069 5304 3196 5364 esse
3223 5324 3325 5365 non
3352 5320 3635 5365 sinesine
3656 5304 3797 5367 in!“

2282 5375 2684 5453 (limc‘primum
2729 5386 2813 5453 est
2854 5378 3011 5449 hujus
3050 5379 3151 5453 leg.
3204 5380 3518 5453 sententia).
3549 5375 3654 5453 Non

2281 5432 2533 5521 iuppn’cio
2561 5448 2794 5521 capitali,
2830 5432 3040 5521 pro’pzér
3065 5432 3545 5507 emansisse.
3570 5449 3683 5503 circa
3704 5432 3797 5521 uti;

2281 5519 2409 5589 gnos
2437 5519 2871 5589 miscricordiam,
2901 5519 2992 5577 sed
3018 5522 3366 5579 Pecumsnus
3391 5532 3575 5579 uilius
3599 5526 3707 5591 πυμ

2284 5584 2606 5668 (secundum
2652 5584 2946 5668 hoccaput
2988 5593 3149 5668 hujus
3204 5595 3350 5668 tegis,
3403 5596 3491 5651 ubi
3536 5584 3702 5664 pariter
3727 5584 3794 5668 *ξι

2282 5664 2494 5729 damna,
2530 5675 2585 5717 ut
2607 5680 2675 5719 ex
2702 5664 2852 5738 (.54,
2886 5663 3168 5738 occurrit).
3206 5663 3270 5721 Εῐ
3306 5669 3362 5721 in
3394 5676 3663 5724 EPISCOPOS,
3685 5663 3797 5738 ιιεες

2282 5714 3793 5815 [itacarerent;“aggerata:‘jreaiamﬁneenimp

2283 5806 2621 5877 Quamquam
2634 5815 2693 5864 et
2707 5807 2755 5863 si
2771 5807 3023 5866 ordinem
3041 5800 3327 5868 verborum
3344 5800 3791 5884 AugustiniW
3836 5872 3841 5891 .
