3996 6332
227 356 371 416 “25

1440 360 1665 422 LEGES
1701 359 1772 420 IN
1811 359 2262 423 DONATISTAS.

3383 367 3530 428 1626

224 478 553 546 potestatem
604 473 834 547 alicujus
876 475 1098 534 ineundi
1131 475 1366 547 habere,
1401 475 1531 535 sed-
1561 485 1826 550 perpetua
1851 481 1907 545 Δ
1929 479 2086 537 rabili
2125 480 2384 538 Ecclesiae
2412 480 2720 540 sociemur:
2745 483 2803 539 3°
2829 479 2906 542 Ita
2938 492 2994 541 ut
3024 483 3270 559 episcopi,
3300 484 3529 559 presby-

226 567 438 637 inustos
466 568 686 625 infamia
714 584 745 625 a
767 570 997 629 coetibus
1028 571 1275 628 honestis
1298 582 1356 629 et
1381 587 1412 627 a
1434 580 1706 629 conventu
1730 588 1829 645 pu-

228 664 372 722 blico
419 664 804 738 segregandos.
834 666 893 722 2°
926 667 1002 724 Ea
1050 681 1180 724 vero
1221 667 1357 733 loca,
1382 667 1437 723 in
1489 668 1685 742 quibus
1707 668 1827 726 dira

226 757 546 832 superstitio
571 774 719 817 nunc
749 774 921 834 usque
949 770 1163 820 servata
1208 769 1313 829 est,
1345 761 1628 819 catholicae
1662 777 1827 821 vene-

1936 573 2064 642 teri,
2086 588 2386 646 omnesque
2412 576 2683 634 antistites
2711 592 2925 646 eorum,
2957 588 3013 635 et
3040 577 3281 635 ministri
3310 577 3536 651 spoliati

1930 670 2182 728 omnibus
2220 669 2569 730 facultatibus
2610 673 2679 729 ad
2728 673 2972 746 singulas
3026 688 3270 747 quasque
3320 674 3531 732 insulas

1932 775 2097 840 atque
2124 767 2431 840 provincias
2456 769 2711 827 exulandi
2736 771 2911 843 gratia
2934 768 3258 843 dirigantur.
3279 768 3340 825 4°
3369 770 3530 841 Quis-

1214 894 1454 955 JACOBI
1491 896 1941 960 GOTHOFREDI
1975 901 2541 966 COMMENTARIUS.

226 1016 455 1091 liac‘leg.
487 1014 708 1091 statutis
735 1015 928 1091 subjici
955 1015 1159 1091 passim
1178 1015 1334 1091 jubet
1364 1036 1377 1073 :
1410 1018 1520 1091 imo
1539 1027 1700 1091 estet
1741 1020 1832 1078 ubi

226 1088 297 1144 de
326 1087 419 1161 his
436 1088 503 1145 ad
526 1103 588 1146 se
615 1087 846 1161 referri.
865 1088 933 1144 Et
962 1087 1078 1144 haec
1117 1090 1336 1161 quidem
1383 1089 1530 1155 ideo,
1554 1090 1697 1161 quod
1730 1091 1836 1147 Do-

217 1160 553 1233 natistarum
602 1159 823 1216 vesania
878 1159 1280 1233 tantumgabest
1306 1174 1427 1233 pos1
1472 1159 1832 1221 Collationem

225 1231 713 1302 Carthaginiensem
767 1245 1031 1303 expressa
1087 1230 1270 1301 fuerit,
1307 1230 1371 1288 ut
1410 1244 1594 1289 contra
1627 1233 1680 1289 in
1729 1234 1831 1290 im-

227 1318 478 1375 mensum
500 1303 835 1375 exoraverit,
863 1304 932 1359 de
956 1319 1066 1372 quo
1082 1306 1232 1359 teStis
1256 1306 1452 1375 passim
1478 1306 1829 1373 Augustinus.

224 1372 338 1448 ifios
373 1390 561 1443 omnes
586 1374 723 1431 istas
753 1390 896 1431 nunc
939 1372 1267 1431 summatim'
1294 1372 1631 1448 apponamus
1665 1395 1677 1431 :
1708 1394 1831 1447 quae

224 1445 418 1503 decem
447 1447 673 1503 omnino
700 1456 846 1513 sunt,
880 1447 933 1502 in
955 1456 1085 1515 quot
1104 1448 1268 1503 etiam
1300 1445 1491 1504 versus
1520 1447 1662 1505 hanc
1696 1445 1831 1505 con-

225 1518 592 1592 stitutionem
618 1518 809 1592 ordine
837 1518 1118 1575 divisimus
1167 1536 1181 1575 :
1223 1534 1254 1575 e
1307 1520 1503 1592 quibus
1539 1520 1830 1592 singularia

224 1600 419 1663 postea
440 1590 686 1663 quaedam
707 1590 1001 1647 educemus
1020 1608 1033 1643 :
1054 1592 1274 1663 summa
1303 1590 1420 1647 haec
1448 1603 1552 1658 est;
1578 1590 1830 1649 l°'Dona°

226 1663 385 1718 tistas
408 1662 471 1718 in
488 1676 780 1721 commune
838 1662 1178 1718 intestabiles
1205 1677 1351 1731 esse,
1393 1665 1723 1720 commercio
1764 1664 1833 1721 iis

225 1733 509 1803 interdici,
542 1733 761 1791 infamia
798 1748 895 1806 eos
936 1734 1134 1800 notari,
1181 1734 1252 1790 de-
1275 1750 1384 1805 qua
1414 1734 1650 1806 inl'amite
1673 1750 1833 1806 paena

226 1806 501 1862 haereticis
527 1806 775 1878 imposita
806 1805 921 1878 dixi
953 1806 1124 1878 semel
1173 1806 1230 1861 d.
1279 1807 1317 1862 ι.
1371 1806 1423 1862 7.
1468 1805 1528 1861 2°
1581 1805 1832 1864 Conven-

228 1853 401 1933 nEina'
438 1853 635 1934 ἐδτιᾞῆ
668 1853 978 1934 catholicae
1000 1853 1504 1933 Ecclesiar'sociari
1553 1853 1829 1949 opoi‘tere.
1857 1853 1909 1915 Β

226 1948 288 2005 5°
320 1949 630 2005 Sacerdotes
658 1960 714 2005 et
745 1949 1025 2021 ministros
1069 1964 1258 2005 eorum
1304 1949 1461 2005 bonis
1511 1948 1831 2021 prescriptis

225 2021 617 2091 deportandos.
661 2021 719 2076 4⁸
749 2020 819 2078 Ut
867 2030 919 2076 et
949 2021 1315 2078 ocoultatores
1352 2036 1564 2078 eorum.
1613 2021 1671 2077 5°
1698 2021 1833 2078 Mul-

225 2103 372 2148 ctam
409 2093 699 2150 Donatistis
736 2092 790 2148 in
816 2106 1109 2165 commune
1159 2092 1313 2160 viris,
1345 2093 1682 2163 mulieribus,
1738 2093 1831 2165 qui

128 2226 139 2233 _
231 2166 300 2218 ad
324 2165 763 2220 communionem
813 2164 1216 2237 Donatistarum
1268 2164 1831 2237 accesserint,rquiin

225 2250 394 2307 grege
436 2237 840 2291 Donatistarum
900 2236 1104 2292 inventi
1136 2234 1358 2303 fuerint,
1404 2238 1495 2307 qui
1528 2237 1581 2290 in
1631 2234 1830 2293 haeresi

227 2322 549 2379 permanere
575 2308 880 2374 maluerint,
905 2317 961 2362 et
987 2308 1039 2363 in
1070 2309 1345 2378 proposito
1362 2307 1673 2373 perdurare.
1695 2309 1832 2363 irro-

223 2380 457 2450 gandam
489 2394 586 2444 pro
612 2380 872 2451 cujusque
911 2379 1224 2435 conditione
1248 2389 1303 2435 et
1328 2380 1591 2451 dignitate
1622 2397 1650 2451 A:
1702 2395 1831 2450 pro-

227 2449 629 2517 consularibus,
662 2449 898 2517 vicariis,
922 2450 1211 2507 comitibus
1256 2449 1414 2522 primi
1456 2449 1831 2518 ordinis,’du-

225 2531 510 2579 cenuirum
562 2524 771 2593 argenti
817 2522 1116 2579 librarum:
1158 2523 1539 2589 senatoribus,
1569 2533 1827 2579 centum:

225 2594 610 2666 decemprimis
634 2594 951 2661 curialibus,
975 2596 1356 2666 quinquaginta
1383 2612 1396 2648 :
1425 2595 1647 2664 reliquis
1665 2593 1830 2651 decu-

225 2666 794 2739 rionibus,decem.t_i°
816 2667 923 2722 Eos
946 2668 1040 2737 qui
1061 2667 1239 2723 locum
1264 2666 1577 2739 praeberent
1588 2666 1754 2739 329
1774 2669 1827 2723 in

226 2738 424 2811 alienis
450 2737 761 2811 praediisad
788 2739 1045 2811 mysteria
1066 2737 1411 2811 celebranda,
1442 2737 1825 2811 conducioi-es,

228 2810 475 2880 inquam,
500 2812 577 2865 rei
607 2809 857 2880 privatze,
883 2822 941 2865 ut
971 2819 1028 2866 et
1052 2809 1589 2882 emph'yteuticarios,
1619 2821 1828 2866 tantum

225 2884 365 2938 lisco
391 2897 563 2953 pinna:
579 2883 799 2937 nomine
822 2882 1034 2939 solvere
1068 2894 1344 2952 Oporterc,
1374 2894 1634 2953 quantum
1691 2897 1827 2953 pen-

226 2952 402 3009 sionis
431 2969 527 3010 seu
552 2953 933 3010 conductionis
955 2955 1174 3009 nomine
1199 2953 1409 3009 solvere
1430 2952 1627 3009 solent.
1659 2952 1718 3008 7°
1760 2954 1829 3010 Ut

232 3037 286 3079 et
320 3027 558 3095 privatos
584 3026 836 3082 dominos
866 3024 1214 3095 prmdiorum,
1243 3025 1287 3080 si
1310 3025 1671 3081 conductores
1695 3039 1826 3081 suos

228 3107 481 3154 errantes
504 3112 610 3153 non
632 3097 990 3166 correxerint,
1014 3098 1094 3152 vel
1116 3105 1527 3166 perseverantes
1547 3112 1656 3152 non
1678 3112 1828 3151 com-

229 3173 511 3241 mutarint.
538 3169 596 3225 8°
616 3168 889 3225 Ol'llciales
913 3184 1127 3241 quoque
1153 3167 1395 3241 judicum
1425 3170 1480 3223 in
1508 3167 1611 3223 hoc
1637 3183 1827 3241 errore

1940 1023 2448 1098 culisrepelleretur.
2496 1025 2644 1084 Idem
2667 1028 2816 1098 epist.
2844 1026 2916 1086 48
2936 1072 2953 1098 ,
2979 1031 3047 1086 ad
3083 1029 3409 1088 Vincentium
3436 1033 3532 1091 ubi

1938 1093 2057 1175 haec
2081 1093 2223 1175 inter
2250 1097 2357 1175 alia
2378 1099 2584 1155 ironice
2599 1118 2612 1154 :
2628 1093 2716 1154 Ita
2735 1118 2862 1175 sane
2885 1093 3005 1157 huic
3028 1106 3304 1175 provisioni
3325 1117 3533 1161 contra-

1938 1166 2107 1245 dicere
2131 1168 2303 1245 debui,
2332 1185 2397 1224 ne
2432 1187 2516 1227 res
2556 1188 2683 1245 quas
2710 1166 3113 1245 dicitisﬂuestras
3140 1178 3418 1245 perderetis
3435 1218 3452 1245 ,
3482 1186 3534 1232 et

1938 1239 2105 1294 securi
2134 1236 2830 1319 Christumproscriberetis.
2855 1243 2944 1319 ‘Ut
2960 1248 3085 1319 jure
3111 1236 3346 1303 Romano
3376 1236 3531 1303 testa-

1938 1320 2108 1364 menla
2153 1312 2471 1388 canderelis,
2530 1324 2577 1388 et
2594 1317 2719 1388 jure
2759 1316 2933 1371 divino
2960 1312 3230 1378 'Patribus
3269 1321 3531 1375 conditum

1939 1391 2297 1436 testamentum
2324 1383 2438 1452 (ubi
2467 1383 2718 1457 scriptum
2761 1399 2873 1453 est,
2896 1390 2949 1443 in
2979 1392 3170 1445 semine
3211 1401 3299 1445 tuo
3323 1390 3531 1446 benedi—

1936 1464 2114 1530 centur
2134 1470 2309 1530 omnes
2335 1456 2532 1530 gentes)
2559 1456 2893 1514 calumniosis
2918 1461 3361 1518 criminationibus
3389 1478 3536 1517 rum-

1937 1526 2142 1594 peretis.
2174 1523 2252 1599 AUt
2277 1523 2694 1599 in'einpti'onibus
2719 1541 2766 1584 et
2796 1532 3167 1589 venditionibus
3196 1536 3383 1589 liberos
3404 1549 3534 1589 con-

1937 1605 2132 1675 tractus
2161 1596 2451 1675 haberetis,
2476 1611 2525 1655 et
2547 1600 2689 1675 nobis
2710 1601 2954 1664 dividere.
2981 1604 3119 1675 quod
3149 1604 3387 1661 Christus
3414 1606 3536 1660 emit

1933 1668 2186 1747 venditus.
2215 1670 2497 1747 audentis.
2560 1669 2630 1727 Ut
2675 1674 2811 1743 quod
2837 1668 3132 1747 guisguam
3172 1688 3392 1732 vestrum
3420 1678 3533 1731 cui-

1937 1755 2089 1814 quam
2115 1740 2377 1806 donasset,
2400 1742 2612 1809 valeret,
2642 1740 2845 1814 etquod
2871 1740 3077 1802 donauit
3102 1747 3239 1802 Deus
3264 1749 3479 1802 deorum
3500 1765 3535 1803 α

1937 1810 2061 1888 solis
2080 1824 2195 1867 ortu
2224 1829 2381 1888 usque
2406 1815 2476 1868 ad
2495 1810 2732 1870 occasum
2757 1819 2945 1872 vocatis
2962 1819 3084 1888 ﬁliis
3099 1835 3202 1873 non
3221 1820 3430 1873 ualeret.
3458 1818 3532 1874 Ut

1938 1883 2000 1935 de
2016 1890 2153 1938 terra
2174 1886 2406 1958 corporis
2426 1888 2577 1941 vestri
2598 1887 2651 1941 in
2672 1889 2880 1942 exilium
2902 1883 3004 1943 non
3026 1891 3375 1958 mitteremini,
3396 1900 3444 1944 et
3466 1890 3530 1945 de

1934 1968 2091 2031 regno
2121 1956 2390 2031 sanguinis
2417 1959 2528 2024 sui,
2552 1974 2595 2031 γα
2636 1960 2769 2013 mari
2810 1976 2970 2026 usque
2998 1964 3066 2015 ad
3088 1978 3256 2029 mare,
3302 1956 3409 2016 et‘a
3432 1962 3533 2031 ﬂu-

1933 2029 2070 2080 mine
2112 2040 2272 2097 usque
2299 2028 2368 2082 ad
2414 2030 2657 2084 terminos
2685 2030 2823 2085 orbis
2850 2042 3002 2087 terris
3031 2028 3296 2089 Christum
3322 2028 3529 2088 exulem

1934 2100 2105 2180 [acere
2166 2100 2523 2180 conaremini?
2553 2099 2724 2180 ,Ιηιο-
2753 2118 2867 2158 vero
2909 2106 3351 2180 seruiuntfeges
3378 2115 3529 2180 terra:

1934 2165 2138 2247 Christo
2162 2171 2312 2247 etiam
2336 2170 2511 2247 beatas
2542 2173 2756 2247 ferendo
2778 2189 2872 2247 pro
2898 2172 3120 2231 Christo.
3152 2165 3297 2232 ldein
3321 2176 3389 2232 de
3409 2177 3528 2232 nvi-

1933 2239 2033 2321 bus
2056 2258 2174 2309 cap.
2211 2243 2301 2309 15,
2346 2239 2573 2321 Vigilat};
2616 2239 2844 2321 haeretici
2870 2289 2884 2313 ,
2929 2248 3102 2321 audite
3127 2265 3159 2302 a
3197 2256 3399 2321 pastore
3428 2257 3529 2321 tes-

1932 2320 2214 2386 tamentam
2240 2316 2419 2386 pacis,
2451 2317 2616 2369 venite
2634 2318 2704 2369 ad
2722 2334 2935 2386 pacem,
2966 2316 3247 2374 irascimini
3271 2318 3530 2374 Christia-

1930 2384 2010 2457 nis
2052 2384 2485 2457 imperatoribus,
2537 2387 2659 2457 quia
2705 2384 3003 2444 testamenta
3030 2402 3197 2445 vestra
3223 2394 3392 2447 valere
3434 2407 3534 2445 no-

1931 2454 2136 2533 luerunt
2156 2456 2211 2509 in
2231 2455 2463 2533 domibus
2490 2454 2669 2512 vestris
2692 2474 2710 2512 :
2737 2460 2901 2514 videte
2926 2478 3077 2530 quam
3096 2462 3253 2533 digna
3269 2464 3335 2517 sit
3357 2478 3531 2529 paena,

1932 2536 1981 2581 et
2010 2525 2136 2597 quid
2167 2538 2239 2581 est
2264 2528 2402 2596 quod
2429 2536 2788 2584 testamentum
2816 2525 3097 2586 non'valet
3125 2525 3179 2586 in
3218 2525 3395 2589 domo.
3419 2525 3529 2588 ves;

1931 2599 2056 2652 tra‘t
2084 2598 2211 2667 quid
2234 2598 2347 2653 est?
2372 2610 2618 2670 quantum
2644 2611 2717 2656 est
2739 2601 2765 2656 ?
2792 2600 2958 2658 Dolor
2980 2603 3070 2657 ille
3106 2603 3389 2659 admonitio
3415 2613 3491 2659 est
3510 2646 3527 2670 ,

1931 2670 2160 2724 nondum
2188 2671 2476 2728 damnatio.

2002 2740 2252 2798 Secundo
2297 2742 2590 2799 notandum
2634 2743 3053 2802 Occultatoribus
3077 2745 3419 2802 sacerdotum
3469 2756 3530 2804 et

1931 2812 2300 2887 ministrorum
2326 2815 2728 2873 Donatistarum
2756 2819 2999 2873 eamdem
3026 2824 3235 2887 pinnam
3258 2816 3528 2876 bonorum

1931 2885 2355 2959 proscriptionis
2401 2896 2457 2943 et
2501 2889 2894 2959 deportationis
2940 2885 3243 2946 imminere.
3302 2888 3444 2946 Sane
3470 2897 3529 2946 et

1932 2955 2066 3012 alias
2087 2955 2517 3014 eiecrandorum
2542 2955 2780 3017 maxime
2813 2963 3193 3018 haereticorum
3225 2962 3525 3016 occultato-

1930 3027 2089 3105 ribus
2112 3043 2301 3105 pgnai
2322 3030 2567 3105 indicite,
2600 3033 2763 3105 veluti
2809 3033 3225 3090 Manichaeorum
3256 3048 3354 3105 per
3379 3031 3527 3089 Alri-

1928 3113 2048 3179 cum
2069 3100 2108 3155 ι.
2139 3101 2242 3179 55,
2268 3100 2669 3179 Donatistarum
2692 3103 2802 3160 haec
2822 3106 2923 3177 leg.
2956 3114 3013 3179 et
3033 3106 3070 3160 l.
3099 3105 3171 3161 52
3190 3100 3335 3177 supr.
3406 3177 3416 3179 Α
3448 3177 3458 3179 ᾼ
3524 3172 3529 3179 η

2004 3170 2190 3227 Tertio
2238 3182 2477 3245 notetur,
2524 3174 2843 3245 dignitatum
2869 3170 2940 3232 'et
2992 3170 3266 3232 honorum'
3306 3177 3519 3242 notitia,

227 3240 635 3319 dejn'eliensos,
690 3239 944 3312 triginta'
981 3241 1138 3319 libris
1187 3240 1393 3311 argenti
1460 3239 1822 3319 tnulctandos.
1853 3242 1899 3308 C
1932 3256 2139 3319 pquue
2163 3259 2351 3319 eorum
2380 3239 2698 3319 diversii‘ate
2726 3249 2941 3303 mulctm
2968 3264 3185 3319 quoque
3215 3262 3311 3303 seu
3346 3239 3523 3319 poenae

229 3312 290 3369 9°
322 3310 559 3370 Colonas
585 3310 881 3383 servosque
908 3310 1225 3368 verberibus
1248 3310 1604 3378 coercendos,
1631 3320 1687 3367 et
1705 3328 1828 3383 per-

227 3396 548 3442 severantes
588 3385 742 3440 tertia
770 3384 969 3456 peculii
996 3393 1152 3456 parte
1176 3383 1663 3456 mulctandosJO"
1691 3383 1828 3456 Pos-

229 3465 466 3512 tremum
498 3457 681 3512 omnia
711 3453 834 3525 qtite
863 3472 932 3512 ex
960 3453 1093 3511 locis
1120 3456 1206 3510 vel
1226 3455 1439 3510 mulctis
1460 3455 1686 3512 collecta
1710 3453 1829 3512 fue-

228 3528 363 3593 rint,
415 3528 483 3583 ad
540 3528 796 3599 principis
840 3527 1091 3583 aerarium
1142 3527 1288 3582 illico
1322 3527 1630 3599 dirigenda.
1676 3527 1825 3595 llaec,

227 3602 476 3672 inquam,
506 3598 640 3672 legis
677 3598 835 3672 iStius
886 3613 1095 3654 summa
1135 3607 1220 3653 est
1252 3616 1265 3672 ;
1319 3598 1500 3669 inqua
1532 3607 1825 3672 praeterea

226 3670 354 3742 quae
384 3672 450 3726 ad
482 3672 521 3727 l.
548 3671 641 3738 52,
683 3671 811 3727 huic
837 3672 1071 3727 similem
1122 3670 1467 3737 notabamus,
1510 3671 1682 3726 multa
1707 3671 1824 3727 sin-

225 3744 437 3817 gularia
466 3742 699 3817 notanda
726 3743 968 3817 veniunt.

304 3815 488 3870 Primo
511 3816 765 3886 quidem,
809 3814 951 3886 quod
1002 3813 1313 3869 Testamenti
1359 3812 1597 3870 factione
1649 3812 1824 3870 Dona-

229 3887 375 3945 lists:
418 3885 720 3960 priv’entur,
773 3887 916 3959 quod
965 3896 1018 3942 et
1074 3889 1250 3955 ipsum
1298 3887 1552 3960 statuitur
1599 3901 1664 3941 ne
1700 3902 1823 3960 san-

227 3956 561 4031 ctumrbapt.
616 3957 653 4014 ι.
684 3958 752 4026 4,
790 3956 908 4014 imo
935 3967 993 4014 et
1038 3959 1355 4031 commercii
1395 3957 1549 4029 jure,
1601 3956 1819 4031 tandem

224 4044 284 4089 et
320 4030 536 4087 infamia
566 4039 824 4086 notentur
858 4049 871 4084 :
914 4036 970 4085 et
1006 4029 1086 4085 sic
1109 4028 1356 4084 Romano
1381 4028 1657 4086 Communi
1697 4030 1824 4099 jure

226 4104 532 4177 priventur,
561 4101 990 4177 dequojaniad
1034 4101 1348 4177 aliasleges
1395 4119 1426 4177 :_
1454 4111 1513 4177 et
1531 4103 1824 4177 sicineque

226 4172 592 4232 morientibus
642 4172 697 4229 id
748 4174 925 4228 solatii
973 4172 1236 4244 relinqui,
1266 4172 1349 4228 'ut
1395 4172 1465 4230 de
1504 4176 1661 4230 bonis
1707 4172 1822 4231 suis

228 4249 427 4305 testari
456 4247 694 4318 possint,
725 4250 1243 4318 nequesuperstites
1264 4245 1497 4314 alicujus
1527 4247 1546 4316 (
1563 4254 1819 4318 contrac-

226 4330 322 4376 tus
348 4316 553 4376 scilicet
581 4335 595 4370 ε
627 4334 747 4373 nam
780 4318 831 4372 id
861 4316 946 4371 hic
972 4316 1332 4387 supplendum
1359 4318 1378 4387 )
1402 4316 1618 4372 ineundi
1643 4328 1822 4387 potes-

227 4401 403 4448 tatem
430 4392 696 4455 habeant,
737 4398 793 4445 et
840 4389 986 4445 velut
1032 4389 1258 4443 infames
1312 4389 1366 4442 in
1409 4397 1723 4458 perpetuum
1750 4388 1821 4443 ab

224 4464 584 4519 honestorum
609 4472 750 4517 cmtu
773 4468 828 4517 et
855 4469 1127 4516 conventu
1154 4459 1369 4529 publico
1394 4460 1815 4516 submovendas.

226 4537 312 4592 De
343 4534 608 4590 haireticis
632 4533 1033 4589 intestabilibus
1054 4532 1167 4602 jam
1211 4531 1330 4587 aliis
1359 4531 1568 4602 legibus
1611 4539 1815 4602 actum.

229 4608 308 4665 Ut
359 4606 650 4661 Donatisla':
699 4620 827 4659 vero
872 4601 1207 4659 intestabiles
1252 4601 1471 4670 essent,
1520 4602 1572 4658 id
1591 4603 1702 4672 jam
1750 4601 1819 4658 ab

229 4679 478 4735 llonorio
498 4676 835 4746 expctierant
861 4674 1052 4730 Patres
1074 4674 1312 4746 Africani
1341 4682 1469 4730 ante
1498 4673 1820 4746 decennium

227 4764 382 4805 anno
421 4748 548 4813 tot,
572 4743 639 4801 ἰιι
666 4748 826 4802 docet
853 4762 970 4802 can.
1000 4745 1071 4819 95
1090 4787 1104 4811 ,
1152 4743 1281 4819 Cod.
1310 4747 1477 4819 Afric.
1509 4746 1563 4802 id
1585 4746 1738 4819 quod
1756 4744 1826 4802 ad

225 4836 425 4880 eorum
470 4819 887 4889 postulationem
915 4819 985 4874 ab
1018 4818 1254 4875 Honorio
1278 4817 1672 4886 constitutum,
1724 4817 1828 4874 ini-

230 4897 315 4951 tio
339 4895 464 4949 anni
520 4893 767 4960 proxime
795 4891 1070 4961 sequentis
1116 4890 1248 4946 405.
1284 4889 1323 4945 Ι.
1374 4891 1432 4955 4,
1482 4907 1547 4945 ne
1588 4901 1827 4946 sanctum

229 4968 380 5035 bapt.
411 4979 533 5036 qua:
562 4964 649 5018 lex
680 4963 1056 5036 huie__nostrte
1090 4962 1554 5036 quamsimillitna
1586 4974 1692 5018 est.
1716 4963 1828 5036 Mes

230 5031 396 5095 minit
429 5031 776 5104 'Augustinus
812 5033 945 5089 lib.t
986 5031 1165 5088 contra
1186 5034 1459 5104 epistolam
1493 5031 1830 5089 Parmenioni

229 5109 400 5179 hujus
438 5109 616 5164 omnis
637 5108 713 5162 rei
738 5148 754 5173 ,
794 5114 955 5179 atque
1004 5105 1144 5179 adeo
1171 5104 1332 5179 hujus
1356 5106 1501 5179 legis
1543 5122 1557 5160 :
1595 5105 1745 5179 ‘Sunt
1773 5115 1826 5160 et

228 5176 357 5237 aliis
369 5181 631 5254 jussiones
657 5176 917 5254 generales
937 5216 954 5243 ,
983 5176 1165 5254 quibus
1193 5176 1265 5254 eis
1294 5176 1624 5254 calfaciendi
1663 5187 1819 5254 testa-

230 5248 447 5319 menta,
479 5251 557 5307 vel
586 5248 676 5323 per
720 5248 1231 5323 donationes__alicui
1268 5249 1567 5323 conferendi
1595 5251 1820 5323 facultas

230 5325 507 5389 adimitur,
558 5320 635 5378 vel
661 5339 725 5377 ea:
772 5320 1132 5375 donationibus
1159 5329 1246 5374 aut
1284 5320 1603 5376 testamentis
1622 5321 1821 5391 aliquid

231 5396 498 5467 capiendi.
558 5393 698 5449 Nam
729 5394 783 5447 in
809 5394 1033 5462 quadam
1078 5407 1235 5467 causa
1270 5407 1386 5446 cum
1431 5392 1584 5467 homo
1637 5393 1823 5467 nobilis

216 5462 633 5539 imperatoribus
673 5466 1045 5539 supplicasset.
1066 5462 1209 5539 guod
1260 5479 1407 5517 soror
1442 5466 1559 5539 ejus
1605 5479 1721 5539 quae
1760 5466 1825 5520 de

234 5533 390 5613 parte
411 5537 603 5613 Donati
651 5533 959 5613 fueratcum
986 5533 1372 5613 defungeretur,
1405 5533 1579 5613 nescio
1617 5536 1672 5590 in
1691 5552 1826 5613 _quos

233 5605 614 5670 communionis
640 5605 750 5664 sua:
767 5608 845 5662 uel
865 5608 1087 5661 maxime
1110 5607 1166 5660 in
1185 5607 1454 5676 quemdam
1483 5605 1826 5680 Augustinum

234 5685 538 5757 episcopum
563 5697 738 5736 eorum
766 5679 992 5750 plurima
1018 5679 1329 5757 contulisset.
1346 5720 1359 5740 ,
1388 5692 1454 5757 ea:
1476 5679 1578 5731 illa
1596 5680 1828 5757 generali

222 5748 358 5828 tege
380 5748 787 5828 praceptumest
802 5793 817 5819 ,
841 5761 896 5805 ut
925 5748 1104 5828 omnia
1119 5750 1271 5828 fratri
1289 5748 1677 5828 restituerentur
1704 5767 1716 5803 :
1741 5750 1829 5806 ubi

237 5821 400 5884 etiam
422 5821 904 5882 Circumcellionum
949 5821 1136 5876 mentio
1179 5823 1320 5893 facta
1341 5832 1443 5888 est,
1471 5823 1515 5878 si
1546 5838 1688 5878 more
1732 5839 1827 5881 suo

239 5898 491 5958 violenter
514 5894 812 5954 obsisterent
839 5912 940 5967 quo
984 5906 1165 5965 genere
1193 5893 1504 5950 auxiliorum
1533 5895 1830 5969 egadmini—

1845 4641 1903 4705 D

1930 3314 2237 3371 diversitas.
2272 3316 2680 3373 Proconsulares
2707 3319 2941 3386 scilicet,
2987 3314 3255 3375 Virdriano
3311 3314 3523 3377 honore

1929 3388 2233 3463 succincti,
2257 3391 2467 3444 comites
2517 3391 2702 3463 primi_
2723 3392 2917 3447 ordinis
2951 3411 2962 3446 :
2993 3392 3060 3447 de
3107 3391 3428 3463 quibusulib.
3466 3406 3523 3463 vt

1929 3474 2074 3530 supr.
2120 3460 2248 3533 Hos
2301 3471 2601 3530 sequuntur
2652 3460 2909 3518 Honorati
2963 3463 3087 3527 alii,
3124 3460 3246 3518 'nnn
3304 3461 3378 3517 illi
3427 3462 3521 3533 qui

1929 3532 2190 3605 ementita
2211 3531 2418 3605 honore
2441 3547 2546 3605 per
2569 3535 2876 3605 provincias
2899 3535 3194 3604 pollebant,
3225 3533 3294 3589 de
3323 3531 3519 3603 quibus

1928 3602 1995 3656 ad
2018 3606 2053 3657 ι.
2082 3619 2098 3658 ι
2127 3603 2190 3659 de
2232 3603 2397 3675 Ofﬁc.
2421 3602 2599 3676 ludia.
2641 3605 2780 3659 civil.
2813 3602 2998 3662 verum
3045 3602 3522 3676 sequentessena-

1928 3682 2082 3748 tores,
2126 3676 2296 3748 nudi,
2374 3675 2524 3730 nullo
2598 3677 2790 3732 muniti
2838 3675 3178 3734 extrinsecus
3242 3677 3524 3748 dignitatis

1928 3745 2242 3821 privilegio,
2274 3761 2467 3821 omnes
2510 3748 2736 3821 alterius
2781 3749 3056 3821 dignitatis
3083 3745 3335 3821 expertes
3386 3766 3398 3803 :
3450 3749 3521 3805 de

1925 3818 2120 3894 qnibus
2141 3818 2250 3894 dixi
2280 3819 2441 3894 etiam
2468 3818 2535 3894 a_d
2587 3819 2625 3874 ι.
2675 3819 2768 3887 52,
2810 3818 2953 3894 supr.
3010 3820 3519 3894 δαεενάοιᾳιεελῃιιί

1924 3888 2133 3945 scilicet
2159 3890 2302 3945 inter
2330 3889 2653 3948 decuriones
2682 3895 2856 3961 primo
2873 3888 2998 3948 loco
3024 3899 3209 3958 erant,
3236 3891 3304 3946 de
3326 3888 3522 3960 quibus

1925 3976 2071 4033 s_upr.
2103 3976 2316 4032 quoque
2344 3961 2382 4015 ι.
2412 3961 2503 4029 5'2,
2534 3972 2588 4017 et
2617 3964 2698 4017 tit.
2742 3965 2806 4018 de
2846 3963 3032 4018 Decur.
3063 3972 3112 4017 et
3147 3964 3289 4033 infra
3328 3964 3406 4018 tit.
3455 3963 3521 4017 de

1925 4031 2178 4108 Paganis.
2202 4031 2328 4108 llos
2354 4044 2657 4108 sequuntur
2682 4035 3009 4108 deceniprimi
3048 4031 3373 4108 decuriones
3404 4051 3417 4087 :
3447 4033 3519 4108 de

1924 4107 2122 4175 quibus
2154 4105 2340 4159 itidem
2380 4106 2538 4176 plene
2566 4106 2647 4160 tit.
2695 4106 2758 4161 de
2785 4104 3347 4162 Decurionibnandem
3386 4107 3517 4160 reli-

1925 4176 2017 4248 qui
2065 4176 2386 4250 decuriones.
2444 4176 2732 4234 Poenarum
2780 4194 2910 4234 vero
2976 4180 3174 4250 gradus
3215 4176 3303 4232 hic
3359 4176 3518 4232 :200

1924 4249 2424 4323 argentilihraruni
2458 4250 2657 4305 mulcta
2702 4252 2893 4323 primis
2921 4249 3254 4323 imponitur:
3296 4252 3520 4321 senato;

1923 4318 2075 4393 nibus
2099 4320 2257 4375 nudis
2277 4360 2293 4387 ,
2328 4318 2433 4393 100
2460 4331 2532 4393 ut,
2563 4333 2614 4376 et
2644 4318 3077 4378 sacerdotalibus
3102 4321 3266 4393 (unde
3294 4318 3522 4393 apparet

1923 4389 1992 4445 de
2013 4390 2209 4464 horum
2233 4392 2650 4464 sacerdotalium
2674 4393 2937 4464 dignitate
2966 4389 3120 4463 {aqua
3139 4389 3481 4449 senatoribus
3501 4433 3519 4459 ,

1922 4463 2024 4534 etsi
2076 4458 2794 4534 prosimaj‘decemprimis,
2845 4464 2949 4534 50,
2997 4458 3382 4521 decurionibus
3409 4458 3520 4519 cae;

1920 4532 2050 4589 teris
2074 4575 2091 4601 ,
2126 4532 2215 4589 10.

1995 4603 2200 4673 Quarto
2229 4604 2578 4671 observetur,
2612 4604 2757 4675 quod
2784 4604 3010 4675 duobus
3047 4603 3208 4674 hujus
3252 4606 3519 4662 constitu-

1931 4675 2094 4731 tionis
2144 4676 2277 4731 locis
2322 4675 2565 4731 additum
2596 4674 2725 4730 vers.
2761 4674 2796 4729 5
2825 4687 2880 4732 et
2918 4680 2950 4732 8
2978 4676 3046 4731 de
3070 4679 3250 4747 quinta
3279 4678 3520 4732 condem-

1930 4748 2137 4803 natione
2167 4765 2186 4803 :
2208 4762 2403 4819 nempe
2444 4747 2732 4818 quinquies
2762 4749 2975 4818 lapsos,
3007 4749 3325 4816 mult-tatus,
3357 4762 3515 4803 coer-

1930 4820 2090 4889 citos,
2137 4820 2316 4891 lapsos
2356 4832 2567 4875 rursum
2601 4833 2707 4875 non
2734 4820 2846 4890 jam
2897 4819 3171 4876 ordinaria
3212 4833 3369 4890 paena
3412 4824 3514 4889 seu

1931 4893 2138 4948 mulcta
2157 4934 2171 4957 ,
2198 4906 2387 4947 verum
2416 4891 2845 4963 extraordinaria
2879 4892 3189 4963 plectendos
3220 4909 3235 4946 :
3267 4892 3516 4963 Quinque

1929 4967 2180 5039 equidem
2208 4964 2390 5035 lapsus
2415 4960 2603 5039 eadem
2633 4967 2834 5039 mulcta
2871 4960 3111 5039 coerceri
3134 4976 3390 5039 ,_sextutn
3422 4960 3521 5039 ver

1927 5034 1992 5092 ro
2021 5045 2076 5091 ct
2098 5034 2354 5106 deinceps
2388 5034 2476 5090 vel
2502 5034 2571 5090 ad
2598 5034 2895 5106 principem
2926 5034 3269 5092 referendum
3289 5077 3303 5101 ,
3344 5036 3389 5090 si
3430 5034 3517 5090 vi:-

1930 5108 2129 5163 delicet
2165 5107 2234 5162 de
2288 5105 2372 5160 his
2428 5106 2520 5176 qni
2588 5105 2640 5162 in
2687 5105 3035 5179 dignitatibus
3086 5108 3172 5163 vel
3222 5106 3519 5179 honoribus

1925 5180 2087 5251 positi
2137 5185 2351 5251 agatur,
2403 5192 2512 5250 quo
2542 5177 2789 5235 acerbius
2834 5182 2885 5235 in
2924 5195 3019 5237 eos
3064 5177 3516 5251 vindicetur;_vel

1928 5248 2074 5322 illico
2096 5264 2126 5304 a
2152 5248 2433 5321 jinlicibus
2446 5251 2668 5322 gravius
2688 5253 3021 5309 coercendos
3046 5252 3213 5306 veluti
3233 5249 3512 5322 ofﬁciales.

1928 5321 2057 5377 Haec
2084 5319 2566 5378 contumaciae'bac
2585 5324 2639 5379 in
2672 5339 2733 5381 re
2760 5335 2882 5397 post
2900 5324 3142 5395 quintam
3174 5319 3517 5376 emendatio-

1930 5408 2054 5450 nem
2088 5408 2267 5465 pinna.

2003 5464 2203 5534 Quinto
2242 5465 2562 5523 observetur
2602 5467 2937 5523 enumeratio
2981 5465 3209 5522 aliarum
3258 5478 3520 5535 persona-

1931 5552 2093 5605 rum,
2145 5548 2267 5609 post
2311 5538 2412 5593 hos
2449 5539 2539 5610 qui
2586 5539 2642 5593 in
2674 5537 3044 5610 dignitatibus
3099 5543 3169 5592 et'
3216 5536 3517 5610 honoribus

1930 5606 2211 5665 constituti
2249 5619 2403 5682 erant
2433 5606 2777 5682 {etquidem
2806 5624 2904 5682 per
2946 5607 3184 5682 Africam
3215 5606 3519 5682 Donatista-

1928 5697 2049 5736 rum
2083 5697 2294 5753 qneque
2314 5680 2509 5737 bzeresi
2532 5677 2959 5752 itnplicitornm,
2980 5679 3181 5753 hisque
3203 5677 3518 5737 faventium.

1930 5753 2132 5821 Primo,
2162 5751 2563 5827 coiiductorutn
2592 5751 2940 5827 triagenera:
2961 5751 3310 5827 Conductores
3329 5759 3524 5827 domo-

1934 5840 2053 5898 rum
2079 5837 2135 5898 et
2164 5826 2488 5898 praediorum
2522 5827 2599 5898 rei
2624 5822 2847 5898 privatae
2880 5826 3135 5898 principis
3159 5841 3173 5880 :
3203 5822 3527 5898 Enipltgteu-

1940 5896 2243 5966 ticarii,’id
2268 5907 2381 5966 est,
2432 5896 2791 5956 conductores
2850 5896 3175 5971 pra-diorum
3226 5896 3534 5980 ad’respu-
