3996 6332
256 338 396 398 H55

1175 327 1510 387 VETERUM
1551 321 1985 384 FRAGMENTA
2023 322 2111 381 DE
2150 320 2577 380 DONATISTIS.

3410 314 3552 373 M34

258 454 613 515 tcntaverint.
648 450 969 510 Eunomiani
1018 462 1179 517 vero,
1213 446 1615 512 Valentiniani,
1684 442 1840 499 Mon-
1873 440 2115 506 Ationis
2169 436 2427 493 facienda:
2476 435 2694 509 utrique
2745 430 3064 507 deneganda
3124 429 3369 489 licentia.
3427 428 3561 498 Qua

256 553 505 617 tauistm,
534 564 629 605 seu
668 544 1125 611 Priscillianistm,
1171 542 1410 615 Fryges,
1452 538 1846 606 Marcianistte,

256 640 580 701 Borboriani
598 683 612 705 ,
646 636 979 703 Messaliani,
1007 636 1291 709 Euehytte,
1318 635 1435 691 sive
1464 632 1849 705 Enthysiastte,

258 737 580 802 Donatistae,
608 732 842 790 Andiani
863 773 879 801 ,
915 731 1413 804 llydrOparastataa,
1442 726 1849 798 Ascodrogitae,

258 830 565 895 Fotiniani,
616 825 896 895 Pauliani,
935 824 1299 889 Marcelliani,
1344 831 1399 879 et
1444 822 1539 895 qui
1578 820 1647 877 ad
1688 820 1851 877 imam

258 940 433 998 usque
463 923 730 980 scelerum
780 919 1075 993 nequitiam
1124 924 1523 991 pervenerunt,
1570 912 1854 971 Manichrei

259 1035 529 1093 nusquam
575 1018 628 1074 in
656 1016 905 1072 Romano
950 1014 1068 1071 solo
1112 1011 1507 1077 conveniendi,
1549 1009 1855 1081 orandique

260 1115 498 1172 habeant
540 1112 872 1177 facultatem,
906 1109 1219 1166 Manichaeis
1258 1108 1422 1165 etiam
1449 1106 1517 1163 de
1542 1105 1854 1162 civitatibus

257 1207 598 1279 expellendis
625 1225 637 1262 :
668 1208 925 1277 quoniam
954 1204 1085 1261 nihil
1110 1203 1193 1260 his
1223 1202 1479 1259 omnibus
1506 1199 1855 1273 relinquendi

258 1302 364 1357 loci
394 1312 509 1369 est,
554 1301 607 1356 in
647 1314 755 1369 quo
786 1299 922 1371 ipsis
962 1299 1128 1355 etiam
1172 1297 1458 1354 elementis
1495 1295 1591 1351 ﬁat
1632 1294 1852 1365 injuria.

256 1392 415 1450 Nulla
440 1391 525 1447 his
554 1394 767 1463 penitus
794 1400 996 1463 praeter
1017 1389 1410 1446 cohortalinam
1439 1389 1490 1443 in
1522 1387 1813 1459 provinciis
1835 1428 1852 1457 ,

256 1495 315 1542 et
344 1492 677 1541 castrensem
702 1526 717 1549 ,
759 1484 1087 1555 indulgenda
1120 1484 1331 1539 militia.
1361 1482 1519 1538 Nullo
1546 1482 1856 1539 donationis

256 1577 523 1634 facienda:
553 1578 807 1645 invicem,
833 1578 983 1634 nullo
1011 1577 1319 1634 testamenti
1343 1586 1437 1632 aut
1466 1577 1759 1633 voluntatis
1783 1577 1857 1632 ul-

257 1672 404 1727 timm
429 1671 782 1742 penitusjure
805 1684 1090 1727 concesso.
1122 1670 1451 1742 Cunctisque
1481 1670 1708 1742 legibus,
1735 1686 1856 1743 qua:

256 1773 446 1822 contra
470 1764 591 1831 hos,
614 1774 973 1836 caeterosque,
1002 1764 1091 1835 qui
1114 1773 1313 1820 nostra:
1340 1763 1466 1820 ﬁdei
1491 1765 1853 1836 refragantur,

256 1859 391 1917 olim
420 1860 543 1915 latae
565 1868 722 1925 sunt,
750 1858 1089 1928 diversisque
1114 1859 1470 1931 promulgata:
1493 1858 1851 1929 temporibus,
1883 1851 1931 1912 B
1959 1848 1991 1904 Β

261 1971 483 2025 semper
533 1955 690 2011 viridi
722 1955 1064 2011 observantia
1115 1954 1389 2021 valituris,
1422 1956 1536 2010 sive
1575 1954 1642 2010 de
1689 1953 1855 2009 dona-

259 2048 501 2104 tionibus
528 2048 579 2103 in
612 2047 990 2103 haereticorum
1024 2045 1180 2104 factis
1206 2048 1500 2115 ecclesias,
1532 2047 1647 2103 sive
1694 2048 1853 2121 332

258 2158 327 2198 ex
354 2142 540 2198 ultima
582 2141 860 2197 voluntate
887 2142 1048 2197 rebus
1086 2141 1555 2212 qualitercumque
1598 2141 1804 2197 relictis
1840 2157 1852 2195 :

261 2235 381 2293 sive
411 2235 477 2291 de
505 2236 727 2306 privatis
773 2233 1055 2300 aediﬁciis,
1096 2235 1148 2291 in
1194 2250 1315 2306 qute
1349 2235 1577 2290 Domino
1633 2234 1855 2305 permit-

263 2338 442 2396 tente,
479 2328 563 2384 vel
591 2328 883 2384 cohibente
911 2328 1296 2393 convenerint,
1335 2325 1660 2382 venerandze
1700 2326 1859 2382 nobis

259 2423 544 2481 catholica:
592 2422 932 2478 vindicandis
983 2423 1241 2478 Ecclesiae
1274 2439 1286 2477 :
1315 2422 1434 2478 sive
1482 2421 1549 2477 de
1602 2434 1859 2491 procura-

262 2526 403 2585 tore,
436 2516 530 2588 qui
557 2515 660 2572 hoc
688 2516 965 2572 nesciente
994 2515 1214 2571 domino
1242 2516 1451 2581 fecerit,
1481 2515 1666 2571 decem
1698 2514 1859 2569 libra-

261 2626 382 2664 rum
414 2610 530 2664 auri
565 2609 840 2674 mulctam,
866 2609 951 2665 vel
979 2609 1222 2676 exilium,
1252 2609 1296 2663 si
1320 2610 1390 2664 sit
1417 2610 1678 2680 ingenuus
1708 2609 1858 2665 subi-

264 2712 386 2758 turo
420 2721 431 2756 :
465 2703 740 2758 metallum
765 2716 894 2758 vero
915 2712 1039 2773 post
1067 2702 1291 2758 verbera
1313 2744 1326 2767 ,
1357 2703 1400 2756 si
1439 2701 1648 2757 servilis
1672 2702 1862 2758 condi-

263 2796 429 2852 tionis
454 2796 525 2852 sit
554 2812 569 2853 :
600 2796 674 2851 ita
704 2805 763 2850 ut
789 2810 890 2851 nec
918 2795 970 2850 in
999 2796 1216 2866 publico
1251 2796 1545 2851 convenire
1578 2795 1727 2863 loco,
1762 2810 1862 2851 nec

263 2889 533 2946 mdiﬁcarc
573 2888 678 2945 sibi
713 2890 1006 2957 ecclesias,
1051 2904 1150 2946 nec
1187 2889 1253 2944 ad
1303 2889 1859 2961 circumsCriptiotient

265 2986 447 3057 legum
494 2986 782 3057 quicquam
831 2985 1080 3042 meditari
1122 2986 1385 3043 valeant:
1424 2987 1571 3042 omni
1617 2986 1763 3044 civili
1809 2997 1863 3043 et

266 3081 507 3149 militari,
527 3079 809 3135 Curiarum
830 3080 1013 3146 etiam,
1040 3089 1094 3134 et
1114 3078 1486 3145 defensorum,
1516 3091 1571 3136 et
1594 3079 1861 3152 iudicum,

266 3174 371 3230 sub
394 3174 581 3245 viginti
605 3174 865 3230 librarum
887 3173 1005 3229 auri
1035 3173 1501 3239 interminatione,
1537 3174 1858 3245 prohibendi

265 3268 493 3323 auxilio.
525 3267 635 3323 Illis
672 3270 835 3323 etiam
879 3269 931 3323 in
975 3282 1069 3324 sua
1109 3268 1360 3324 omnibus
1402 3270 1746 3326 manentibus
1775 3270 1864 3326 ﬁr-
1893 3258 1939 3322 C

266 3366 489 3429 unitate,
523 3378 643 3433 quae
688 3364 756 3418 de
787 3363 980 3418 militia
1011 3371 1067 3419 et
1097 3364 1335 3419 donandi
1374 3364 1532 3434 jure,
1592 3380 1655 3422 ac
1696 3373 1863 3421 testa—

236 3459 438 3515 .menti
472 3458 739 3524 factione,
772 3458 854 3514 vel
902 3459 1130 3530 negandi
1167 3460 1413 3530 penitus,
1466 3460 1549 3516 vel
1591 3460 1644 3515 in
1688 3471 1865 3517 certas

268 3551 357 3606 vix
385 3565 640 3607 concessa
673 3565 929 3621 personas
950 3594 963 3615 ,
1013 3552 1296 3623 pmnisque
1323 3552 1486 3607 Variis
1520 3551 1588 3608 de
1634 3551 1867 3609 diversis

265 3658 395 3703 sunt
420 3645 690 3703 ba'reticis
720 3646 1073 3717 promulgatae
1102 3665 1114 3700 :
1155 3647 1223 3701 ita
1258 3655 1314 3701 ut
1351 3662 1451 3702 nec
1480 3647 1716 3717 speciale
1740 3648 1863 3719 qui-

266 3743 393 3800 dem
426 3742 749 3800 beneﬁcium
790 3742 1051 3798 adversus
1094 3742 1240 3811 leges
1279 3742 1455 3797 valeat
1497 3742 1861 3813 impetratum.

266 3835 414 3893 Nulli
443 3835 821 3891 luereticorum
846 3834 1018 3890 danda
1051 3833 1263 3890 licentia
1282 3875 1297 3901 ,
1328 3834 1411 3889 vel
1442 3834 1706 3906 ingenuos
1732 3876 1745 3898 ,
1782 3833 1869 3890 vel

266 3945 462 3987 servos
506 3916 794 4001 proprios,
850 3930 939 4000 qui
1004 3927 1442 3984 Urtbodoxorum
1499 3936 1625 3983 sunt
1674 3927 1868 3984 initiati

269 4024 581 4097 mysteriis,
628 4021 697 4077 ad
747 4037 904 4077 suum
962 4037 1148 4077 rursus
1202 4021 1465 4092 baptisma
1516 4020 1867 4076 deducendi:

271 4134 373 4174 nec
397 4134 528 4173 vero
557 4116 682 4171 illos
710 4131 848 4187 quos
871 4118 1134 4182 emerint,
1165 4116 1245 4170 vel
1275 4117 1744 4188 qualitercumque
1778 4114 1871 4170 ha-

272 4211 521 4279 buerint,
549 4210 777 4267 necdum
807 4226 919 4266 suae
945 4210 1315 4281 superstitioni
1347 4210 1668 4281 conjunctos
1690 4253 1704 4277 ,
1750 4227 1871 4281 pro-

272 4305 496 4362 bibendi
530 4304 815 4361 catholica:
846 4294 1000 4372 sequi
1047 4305 1363 4375 religionem
1406 4305 1685 4361 Ecclesiae.
1720 4306 1872 4373 Quod

270 4400 367 4473 qui
401 4398 628 4465 fecerit,
657 4398 741 4454 vel
772 4414 893 4453 cum
922 4398 990 4452 sit
1021 4399 1320 4469 ingenuus,
1356 4398 1409 4452 in
1449 4412 1507 4451 se
1538 4399 1652 4453 fieri
1686 4414 1875 4469 passus

272 4495 380 4556 sit,
416 4492 498 4549 vel
530 4492 725 4548 factum
761 4507 866 4547 non
894 4490 1176 4556 detulerit,
1205 4490 1369 4546 exilio
1401 4505 1465 4547 ac
1491 4490 1678 4546 decem
1710 4491 1876 4545 libra-

274 4606 397 4646 rum
447 4589 562 4646 auri
594 4587 793 4645 mulcta
842 4586 1228 4653 damnabitur,
1263 4586 1570 4641 testamenti
1619 4595 1674 4641 et
1702 4585 1874 4641 dona-

1958 532 2140 589 omnia
2187 532 2259 587 ita
2290 530 2555 588 custodiri
2602 528 2951 587 decernimus
2978 570 2993 595 ,
3045 534 3105 582 ut
3135 524 3265 582 nulli
3312 521 3558 595 judicum

1958 626 2117 683 liceat
2141 624 2377 681 delatum
2406 622 2475 680 ad
2507 638 2566 680 se
2593 622 2802 695 crimen
2840 620 3037 677 minori
3066 659 3081 686 ,
3120 626 3214 674 aut
3240 615 3375 673 nulli
3405 628 3563 672 coer-

1957 719 2143 776 citioni
2187 717 2481 782 mandare,
2521 716 2627 773 nisi
2653 716 2770 789 ipse
2820 714 2872 771 id
2917 713 3025 785 pati
3053 712 3216 779 velit,
3263 707 3408 781 quod
3437 706 3561 763 aliis

1957 811 2351 870 dissimulando
2380 809 2737 867 concesserit.
2763 808 2886 866 Dat.
2911 822 2971 865 ιιι
2991 805 3115 864 Kal.
3139 804 3268 863 Jun.
3288 803 3558 862 Constan-

1960 906 2133 979 tinop.
2170 903 2355 961 Felice
2374 911 2429 960 et
2459 900 2643 959 Tauro
2671 914 2818 958 coss.

2366 1040 2528 1112 333
2568 1054 2705 1097 anno
2732 1039 2913 1096 bonum
2938 1052 3136 1096 CCCXL.

2398 1155 2645 1214 XXXIX.
2687 1154 2824 1213 LEO
2860 1154 3036 1212 PAPA
3081 1154 3123 1210 1.

2160 1272 2228 1313 AD
2266 1269 2547 1313 EPISCOPOS
2584 1266 2925 1309 IAURITANIJS
2964 1260 3336 1306 CESABIENSIS.

2454 1350 2563 1426 (Ea:
2592 1349 2809 1423 epistola
2842 1346 3056 1420 prima).

2031 1453 2381 1514 Maximinum
2422 1460 2635 1521 quoque
2662 1460 2733 1501 ex
2771 1443 2907 1499 laico
2935 1435 3443 1513 reprehensibiliter
3471 1448 3563 1491 or-

1961 1552 2224 1615 dinatum,
2260 1555 2438 1602 tamen
2462 1542 2507 1597 si
2547 1540 2826 1597 Donatista
2850 1536 2962 1608 jam
2987 1549 3095 1591 non
3118 1544 3225 1600 est,
3257 1539 3312 1588 et
3337 1545 3368 1586 a
3398 1530 3564 1602 spiri-

1962 1656 2015 1702 tu
2056 1641 2416 1701 schismatica:
2466 1634 2745 1709 pravitatis
2794 1633 3046 1698 alienus,
3093 1631 3161 1685 ab
3210 1625 3511 1701 episcopali
3542 1666 3560 1693 ,

1960 1754 2118 1809 quam
2143 1748 2358 1807 quoquo
2386 1730 2547 1788 modo
2577 1727 2806 1799 adeptus
2827 1733 2933 1790 est,
2965 1738 3075 1780 non
3098 1710 3446 1793 repellimus,
3479 1717 3567 1809 di-

1996 1833 2202 1889 nitate:
2251 1830 2322 1883 ita
2350 1834 2412 1882 ut
2437 1834 2492 1879 et
2523 1822 2639 1894 ipse
2670 1819 2852 1877 libello
2883 1815 2951 1873 ad
2982 1829 3082 1872 nos
3109 1813 3257 1871 edito
3278 1854 3293 1883 ,
3321 1808 3563 1867 Catholi-

1959 1942 2079 1983 cum
2104 1939 2162 1981 se
2182 1937 2303 1979 esse
2332 1917 2658 1975 manifestet.

2270 2056 2383 2112 XL.
2425 2049 2866 2111 FASTIDIOSUS
2909 2045 3231 2105 ARIANUS.

2348 2171 2522 2244 (Apud
2554 2167 2912 2242 Fulgentium;
2942 2164 3045 2237 Ep.
3070 2163 3173 2230 Ix.)

2037 2291 2328 2349 Donatistis
2358 2291 2519 2343 etiam
2562 2283 2983 2357 prmdicantibus
3022 2278 3402 2337 communione
3446 2291 3561 2333 ma—

1962 2387 2138 2442 lorum
2168 2384 2341 2439 bonos
2372 2379 2560 2451 pollui.
2591 2376 2656 2433 Et
2689 2386 2882 2447 postea.
2912 2374 3211 2429 Donatiana
3232 2372 3432 2443 quippe
3456 2385 3554 2425 va-

1964 2482 2103 2537 nitas
2140 2493 2245 2535 non
2276 2474 2508 2531 attendit
2538 2472 2604 2527 ad
2635 2471 2739 2527 hoc
2780 2469 3035 2525 collatum
3078 2466 3392 2522 hominibus
3426 2466 3563 2538 bap-

1965 2572 2106 2629 tismi
2138 2568 2457 2626 beneﬁcium
2483 2606 2498 2630 ,
2534 2574 2590 2619 ut
2627 2563 2716 2634 qui
2748 2560 3085 2630 originaliter
3113 2557 3306 2615 alienis
3333 2571 3568 2629 gravan-

1966 2676 2055 2721 tur
2079 2662 2375 2727 erroribus,
2408 2657 2596 2729 gratia:
2626 2654 2894 2711 medentis
2918 2652 3121 2708 auxilio
3151 2650 3399 2715 relevati,
3433 2663 3564 2720 pro-

1968 2757 2082 2830 pria
2110 2756 2366 2824 deinceps
2394 2746 2768 2807 tantummodo
2793 2745 3127 2814 bajularent,
3182 2757 3283 2798 nec
3324 2755 3571 2798 commu-

1967 2852 2056 2909 nio
2085 2846 2435 2915 sacramenti,
2460 2842 2556 2901 sed
2588 2853 2882 2898 consensus
2903 2836 3186 2893 damnaret
3209 2848 3567 2905 unumquem-

1966 2961 2071 3021 que
2098 2944 2325 3018 peccati.
2674 2988 2679 2992 .

2083 3083 2220 3140 XLI.
2265 3076 2576 3139 SANCTUS
2612 3072 2883 3132 PETRUS
2922 3064 3446 3127 CIIRYSOLOGUS.

2351 3205 2792 3252 ARCIIIEPlSCOPUS
2832 3199 3190 3242 RAVENNATIS.

2587 3311 2795 3385 (Serm.
2832 3307 2958 3377 ‘15.)

2043 3434 2296 3494 Consiliis
2320 3433 2433 3489 suis
2458 3447 2518 3487 se
2540 3428 2788 3485 diabolus
2813 3423 3010 3497 prodit.
3044 3418 3193 3476 Mitte
3215 3432 3264 3475 te
3294 3419 3557 3473 deorsum.

1975 3532 2185 3603 Lapsus
2211 3527 2447 3601 quaerit,
2479 3522 2775 3598 praecipitia
2818 3521 3044 3591 imperat
3074 3560 3087 3579 ,
3136 3523 3191 3571 ct
3216 3512 3310 3569 tali
3343 3509 3575 3567 consilio

1975 3639 2073 3698 per
2102 3623 2336 3679 Africam
2381 3627 2645 3690 martyres
2679 3615 2802 3669 facit
2827 3653 2844 3681 ,
2882 3612 2999 3666 sine
3026 3610 3265 3664 clamore
3292 3602 3527 3661 dicendo
3555 3620 3569 3659 :

1973 3696 2030 3775 Si
2061 3718 2140 3772 vis
2167 3726 2371 3787 martyr
2406 3726 2548 3777 esse,
2576 3711 2728 3765 mitte
2758 3718 2812 3764 te
2843 3706 3104 3762 deorsum
3131 3744 3146 3766 ,
3180 3710 3238 3756 ut
3262 3714 3360 3755 eos
3385 3696 3576 3766 impel-

1975 3814 2047 3869 lat
2069 3812 2136 3868 de
2164 3811 2272 3866 alto
2291 3808 2357 3865 ad
2382 3817 2636 3874 mortem,
2662 3819 2769 3861 non
2807 3802 2875 3858 de
2905 3798 3097 3856 ltumili
3125 3796 3277 3852 tollat
3315 3801 3367 3849 et
3395 3791 3573 3847 elevet

1974 3904 2042 3962 ad
2070 3916 2350 3961 coronam.

2424 4011 2588 4070 XLII.
2618 4003 3112 4067 CASSIODORUS.

2558 4106 2650 4169 (In
2680 4104 2824 4161 Psal.
2860 4102 2979 4173 ιχ.)

2050 4210 2286 4268 Audiant
2331 4206 2620 4263 Donatistae
2661 4219 2689 4258 a
2725 4200 2919 4257 ﬁnibus
2946 4207 3105 4253 terrae
3136 4189 3431 4249 Ecelesiam
3463 4185 3580 4244 cla-

1980 4321 2150 4370 mare,
2175 4313 2228 4357 et
2252 4302 2352 4373 ipsi
2384 4316 2502 4356 eam
2540 4296 2769 4354 localem
2801 4292 2983 4349 dicere
3005 4287 3251 4361 protinus
3292 4281 3582 4352 conquies-

1978 4408 2123 4455 cant.
2165 4396 2366 4451 Contra
2424 4407 2611 4448 vocem
2646 4388 2831 4445 mundi
2859 4388 2978 4453 quis
3008 4382 3175 4454 possit
3203 4377 3421 4433 audiri?
3469 4376 3578 4431 Im-

1981 4491 2433 4565 pudentissimum
2474 4498 2558 4544 est
2586 4487 2871 4539 adversum
2906 4478 3066 4534 trium
3100 4472 3470 4530 testimonium
3500 4470 3580 4524 lo-

1980 4563 2095 4657 qui,
2128 4594 2183 4640 et
2207 4591 2395 4639 contra
2422 4577 2730 4652 generalem
2756 4569 3081 4630 sententiam
3116 4580 3227 4622 non
3253 4563 3583 4620 erubescunt

1241 4699 1479 4758 JACOBI
1517 4699 1965 4758 GO'l‘llOFREDl
2002 4693 2572 4756 COMMENTARIUS.

277 4834 380 4903 leg.
418 4844 447 4885 a
478 4824 791 4903 Theodosio
818 4822 941 4877 Jun.
989 4818 1424 4903 promulgatam”
1472 4816 1708 4903 [gestor-ii
1737 4818 1756 4884 (
1781 4816 1874 4887 qui

278 4888 367 4959 his
395 4916 566 4965 COSs.,
590 4897 872 4966 superiore
913 4888 1120 4955 mense,
1144 4888 1340 4966 fidus
1368 4888 1569 4966 Aprilis
1591 4889 1877 4966 episcopus

275 4960 917 5039 Constantinopolitanus
938 4973 1155 5019 creatus
1173 4961 1313 5039 fuit.
1344 4961 1489 5039 quod
1522 4970 1749 5039 testatur
1774 4960 1877 5016 So-

278 5056 460 5102 crates
488 5043 579 5099 lib.
611 5032 705 5106 vit,
738 5057 784 5092 ε.
819 5037 913 5107 29)
944 5035 1316 5108 persuasione.
1347 5032 1480 5108 Nam
1506 5047 1619 5108 non
1643 5032 1878 5108 Vincen-

281 5120 391 5174 tius
419 5104 734 5172 Lcriuensis
764 5104 968 5165 tantum
1002 5108 1021 5177 (
1034 5107 1124 5177 qui
1161 5105 1416 5160 octennio
1446 5112 1572 5177 post
1600 5104 1751 5177 hanc
1773 5105 1872 5175 leg.

280 5186 635 5257 scribebat),
688 5192 921 5238 testatur
949 5175 1066 5233 eunt
1109 5187 1413 5257 cunctarum
1444 5175 1702 5257 [iwreseon
1734 5175 1877 5257 blas_-

283 5262 513 5333 plmnins
546 5247 852 5333 insectatum
900 5266 1140 5333 :verum
1173 5256 1229 5333 et
1276 5249 1533 5331 Socrates
1587 5248 1772 5302 diserte
1818 5247 1873 5302 ά.

284 5320 402 5404 Cap.
436 5332 508 5387 2:9
531 5326 816 5404 ,Ascribit,
871 5321 1186 5404 euu_t__simnl
1221 5336 1297 5404 _ac
1336 5320 1628 5404 episcopus
1662 5329 1878 5404 creatus

285 5390 411 5469 fuit,
441 5390 688 5459 ora'tiOne
712 5397 777 5453 ad
798 5398 933 5466 imp.
964 5393 1328 5469 Theodosium
1350 5390 1476 5446 Jun.
1495 5391 1711 5469 habita,
1738 5391 1874 5454 lucc,

324 5464 410 5533 ιιιιέ
434 5474 719 5547 posteain
753 5464 1044 5547 multorum
1074 5480 1171 5547 ore
1203 5464 1414 5520 fuerunt
1437 5464 1635 5547 ,βηιθς
1670 5471 1877 5545 extera

326 5532 491 5605 ixisse
532 5563 545 5600 :
581 5544 749 5603 Mihi,
798 5558 829 5596 ο
872 5540 1187 5605 imperator,
1222 5546 1410 5591 (errant
1456 5532 1707 5605 ha’reticis
1755 5550 1879 5605 pur-

287 5604 461 5695 gatam
501 5617 699 5695 tribue,
728 5623 775 5669 et
817 5628 910 5695 ego
938 5604 1038 5695 tibi.
1060 5608 1239 5691 uelum
1277 5604 1631 5695 tribuatnzlftt
1672 5604 1796 5659 mihi
1810 5606 1879 5695 “in

292 5677 919 5763 proﬂigandisliwreticis
957 5680 1199 5763 subveni,
1246 5688 1294 5733 et
1334 5696 1425 5763 ego
1478 5678 1660 5763 tibi-in
1706 5677 1887 5763 paro/Ii-

1030 5769 1049 5807 :
1069 5736 1309 5831 ΔΑὐξίμῳ,
1335 5736 1632 5831 liberatis?
1660 5736 1888 5831 κοξᾷαρἀν

291 5819 385 5897 έήν
412 5844 506 5910 γῆν
524 5841 624 5889 τῶν
645 5833 930 5907 αἱρετικῶν,
948 5828 1093 5910 κᾲσγὰτ
1121 5819 1212 5880 σοι’
1228 5826 1318 5910 ςτόγ
1348 5823 1554 5910 oblocutor
1571 5819 1850 5910 ‘G‘W‘rt66m;m‘
1872 5837 1885 5874 :

296 5894 562 5984 σὺγγίάθελέ
589 5926 677 5977 μοι
700 5894 824 5965 ἒούς
852 5894 1157 5977 αἰρετὶνὶοὺς,
1185 5897 1323 5972 κᾲγὼ
1351 5894 1641 5967 eameam
1668 5916 1750 5952 σοι
1770 5896 1892 5955 τοὺς

1905 4819 1956 4881 D
1982 4820 2201 4894 Πέρσας.
2235 4815 2368 4894 Quae
2394 4807 2575 4893 .verba
2600 4848 2615 4872 ,
2661 4802 2910 4894 ut’etiatn
2950 4797 3176 4894 abdis}.

2453 4859 2677 4963 accepta
2712 4875 2933 4963 fuerit“,
2966 4866 3181 4954 subjicit
3208 4859 3580 4963 ςξίεῗηιξῗιέξέη

2420 4934 2493 5030 in
2511 4934 2745 5030 Arianos
2775 4987 2789 5011 ,
2805 4934 3147 5030 _Novatianos
3169 4977 3184 5001 ,

1984 5009 2189 5086 hisne?
2204 5009 2421 5083 molitus
2450 5024 2522 5081 sit
2550 5022 2616 5077 ad
2644 5009 3010 5090 tumultumet
3033 5009 3345 5090 incendium
3370 5018 3577 5090 usque;

2277 5081 2457 5173 tamen
2508 5094 2628 5173 ejus
2670 5094 2729 5173 itt_
2767 5081 3580 5173 NovatianosBttligimpcaaltor‘e

2538 5147 2585 5242 7|:
2594 5147 2848 5242 liteodosii
2871 5151 3293 5242 moderationis”
3308 5150 3360 5242 i2

2556 5218 2720 5293 fidem
2748 5231 2933 5304 facit).
2965 5228 3129 5286 Addit
3156 5224 3297 5304 idem
3325 5218 3581 5304 Socrates

1986 5293 2159 5372 35M
2186 5293 2574 5386 tibicen-El,
2601 5319 2656 5365 et
2685 5293 3436 5386 Macedonianosattigisse=1
3463 5298 3583 5386 tiu:-

2593 5361 2927 5459 pers—uasisse
2958 5386 3017 5457 ut

1987 5439 2406 5516 {n'éié‘afuffei
2442 5472 2568 5512 vero
2594 5439 2922 5517 'adcmptam
2970 5445 3048 5499 eis
3089 5439 3395 5517 ecclesiam
3423 5442 3579 5488 extra

1988 5506 2861 5593 vetera‘urhisvtlonstantinopol.
2891 5517 3090 5593 mmnia
3123 5517 3282 5567 sitam
3305 5549 3319 5573 ,
3348 5506 3576 5593 alteram

1986 5602 2165 5676 Qyzici
2187 5644 2203 5667 ,
2242 5614 2297 5658 et
2328 5601 2455 5658 alibi
2486 5589 2763 5676 praeterea
2781 5589 3582 5676 complures,Jquaginmag‘t‘tf

1989 5651 2635 5746 ᾗίεῖιξέιῖοἶιτῑὶνίᾷἰῖθὺείηι.
2666 5667 2828 5722 Juxta
2861 5651 3005 5746 bane
3029 5651 3214 5746 legem

1990 5720 2517 5804 ῐῖξ”ίῖι”¹ἒὶξῖὶιιὶἷι’›ἰῖξ
2549 5720 2757 5796 manu
2810 5720 3187 5804 ecclesiaevcis
3254 5720 3576 5804 interdictae.

1991 5790 2924 5893 'E‘i-gii'qifa'iiiiéi.§5.-.}I's.3&aes,
2961 5802 3266 5881 posteriora
3311 5800 3439 5852 sunt
3485 5790 3589 5848 hac

1994 5894 2131 5964 lege.
