3996 6332
503 249 646 312 1435

1182 237 1617 308 ΜΟΝΠΜΕΝΤΑ
1657 238 2092 312 ΒΑΒΤΗΔΕΙΝΕ

2197 238 2213 302 Ι
2252 238 2668 312 ϐοιωτιοΜ
2706 239 3155 300 POSTEBIORA.

3607 251 3712 308 “36

498 367 846 440 impudenter
870 369 1089 430 armari.
1139 369 1249 428 Cur
1275 370 1424 428 novis
1454 367 1856 432 inventionibus
1889 366 2099 422 animas
2127 367 2177 438 Α
2201 364 2409 426 deliciis
2442 367 2494 422 in
2523 365 2661 424 hanc
2684 381 3043 432 mrumnosam
3069 367 3229 428 vitam
3255 364 3432 428 callida
3467 374 3711 440 persuasio.

498 461 762 534 fatigant?
790 463 1072 534 Accipiunt
1097 474 1244 520 certe
1271 463 1412 534 quod
1441 461 1687 527 credant,
1713 476 1819 520 non
1841 458 1982 530 quod
2001 473 2096 524 sua

499 555 785 629 iniquitate
816 567 1147 627 pervertant.
1193 556 1327 614 Orat
1379 556 1552 613 fidelis
1598 555 1828 626 populus
1856 553 2097 624 afﬁnibus

500 660 652 711 terra:
675 655 798 722 quia
825 657 992 726 factus
1021 665 1093 709 est
1123 653 1379 709 Dominus
1409 669 1522 722 spes
1554 651 1684 722 ejus.
1718 658 2013 720 posteaque
2038 662 2097 702 se

501 746 748 802 auditum
800 746 1108 820 hymnidica
1157 744 1322 818 33‘,
1374 743 1705 801 exultatione
1763 740 2094 813 gratulatur:

501 841 756 914 quoniam
810 841 864 896 in
912 850 1206 911 conspectu
1259 839 1467 898 Domini
1530 837 1732 908 iugiter
1779 833 2095 904 apparebit:

501 933 628 1005 quid
676 934 786 1003 jam
832 933 1162 1004 satisfaciat,
1211 931 1258 987 si
1306 934 1407 986 hoc
1436 945 1542 986 non
1585 928 1786 996 satiat?
1837 926 2098 982 Videmus

500 1027 742 1098 quotidie
771 1026 887 1082 fieri
916 1025 1059 1096 quod
1102 1023 1394 1097 promisit:
1437 1023 1682 1077 videmus
1726 1020 1982 1075 mundum
2029 1019 2096 1074 ad

503 1119 629 1176 fidei
658 1119 979 1176 Christianas
1006 1120 1216 1191 regulas
1242 1115 1536 1174 convenire
1563 1135 1575 1170 :
1628 1117 1694 1171 Et
1736 1114 1870 1186 proh
1899 1114 2054 1170 dolor
2079 1116 2092 1170 l

501 1213 733 1271 Falsitas
762 1216 950 1271 nititur
975 1214 1313 1271 abscondere
1333 1213 1477 1285 quod
1505 1211 1747 1268 decrevit
1789 1210 1989 1267 veritas
2015 1209 2098 1264 in-

499 1309 702 1367 dicare.

1055 1417 1193 1459 ANNO
1231 1415 1413 1458 DOIINI
1454 1416 1546 1458 Dll.

813 1516 995 1574 XLIII.
1040 1516 1438 1575 GREGORIUS
1478 1515 1780 1573 MAGNUS.

730 1631 866 1706 (Lib.
899 1649 936 1702 t,
975 1631 1165 1706 Epist,
1204 1630 1396 1687 Indici.
1429 1648 1499 1700 tx,
1534 1631 1631 1705 Ep.
1664 1628 1864 1702 Lxxtt.)

2198 473 2267 514 ne
2292 458 2543 530 deposuit
2569 501 2582 522 ,
2621 470 2674 513 et
2716 463 2767 516 in
2799 474 2866 515 eo
2890 459 3003 530 jam
3034 470 3159 515 tunc
3187 457 3414 514 humano
3440 463 3600 530 generi
3625 479 3710 532 pte-

2197 565 2323 608 nam
2373 551 2715 612 mortalitatis
2760 550 2954 616 inﬂixit
2993 567 3009 620 ;
3057 555 3246 607 eadem
3300 567 3430 606 nunc
3476 553 3718 614 calliditate

2197 644 2378 700 ovium
2407 644 2799 702 dominicarum
2826 654 3070 716 pastores
3101 686 3116 710 ,
3165 660 3270 715 quo
3318 644 3508 700 facilius
3546 662 3718 719 gregem

2198 737 2416 808 capiat,
2470 738 2754 796 transfusis
2774 746 2996 794 conetur
3023 738 3242 792 venenis
3276 737 3510 802 iniicere,
3550 749 3596 793 et
3627 739 3722 810 jure

2192 830 2302 900 jatn
2351 831 2602 904 potestati
2653 833 2882 904 propria:
2909 830 3208 887 vindicare.
3252 830 3354 886 Sed
3387 845 3477 884 nos
3512 831 3591 902 qui
3627 833 3722 900 licet

2200 923 2454 982 immeriti
2487 924 2669 984 sedem
2701 925 3048 996 apostolicam
3084 924 3201 980 vice
3234 923 3377 980 Petri
3414 925 3722 996 apostolorum

2199 1018 2459 1089 principis
2489 1020 2824 1094 suscepimus
2852 1018 3278 1092 gubernandum,
3306 1017 3418 1088 ipso
3444 1021 3725 1090 pontiﬁcatus

2198 1111 2378 1166 ollicio
2427 1113 2670 1182 cogimur
2717 1111 2957 1183 generali
2986 1111 3123 1176 hosu
3154 1110 3348 1181 quibus
3374 1110 3588 1166 valemus
3627 1113 3725 1168 nisi-

2201 1208 2303 1264 bus
2335 1209 2572 1264 obviare.
2608 1209 2863 1268 Porrecta
2895 1208 3055 1277 igitur
3087 1207 3343 1278 petitione
3385 1208 3728 1264 insinuaverunt

2199 1303 2358 1360 nobis
2391 1304 2738 1374 prmsentium
2787 1302 2985 1358 latores
3016 1300 3363 1364 Constantius
3391 1311 3440 1357 et
3466 1300 3728 1372 Mustellus,

2199 1404 2252 1452 et
2283 1406 2533 1450 asserunt
2565 1395 2820 1451 Ecclesia:
2847 1393 3194 1450 Pudentiana:
3225 1393 3472 1448 diacones
3516 1393 3562 1448 in
3589 1393 3731 1448 Numio

2198 1488 2285 1544 dia
2317 1491 2590 1560 provincia
2637 1489 2948 1545 constituta:
2996 1488 3375 1544 Maximianum
3422 1486 3633 1557 ejusdem
3667 1503 3732 1542 ec-

2199 1583 2379 1640 clesia:
2403 1583 2720 1650 antistitem,
2754 1583 2807 1640 in
2842 1583 2959 1638 loco
2991 1596 3098 1653 quo
3127 1583 3294 1652 degit,
3319 1590 3603 1652 corruptum
3630 1595 3732 1650 pra:-

2200 1677 2309 1731 mio
2332 1677 2733 1740 Donatistarum
2766 1677 3078 1745 episcopum
3122 1691 3256 1730 nova
3288 1675 3495 1732 licentia
3527 1674 3622 1728 ﬁeri
3643 1689 3732 1745 per-

571 1767 864 1840 Gregorius
894 1767 1174 1824 Gennadio
1203 1768 1429 1838 patricio
1456 1776 1511 1823 et
1541 1767 1786 1824 exarcho
1808 1765 2024 1823 Africa.
2129 1767 2177 1828 B
2204 1769 2448 1836 misisse;
2478 1785 2597 1824 cum
2626 1769 2726 1824 etsi
2759 1767 2859 1823 hoc
2887 1769 3124 1824 anterior
3156 1782 3283 1823 usus
3312 1768 3732 1839 pertnitteret,ma-

573 1863 724 1917 Sit'lll.
765 1862 1143 1918 excellentiam
1176 1873 1412 1918 vestram
1437 1903 1452 1926 ,
1501 1860 1786 1916 hostilibus
1817 1860 1973 1916 bellis
1999 1902 2014 1924 ,
2044 1857 2097 1914 in

499 1954 599 2012 hac
627 1957 732 2011 vita
767 1956 1026 2028 Domipus
1052 1957 1398 2022 victoriarum
1431 1955 1554 2010 fecit
1579 1954 1700 2010 luce
1739 1953 1942 2024 fulgere
1969 1969 1984 2017 ;
2028 1954 2099 2008 ita

499 2057 718 2119 Oportet
751 2047 912 2102 etiam
946 2048 1176 2102 inimicis
1212 2046 1469 2101 Ecclesiae
1492 2046 1610 2115 ejus
1641 2045 1787 2100 omni
1814 2044 2101 2100 vivacitate

497 2141 696 2197 mentis
720 2152 773 2194 et
802 2140 1046 2210 corporis
1072 2138 1291 2194 obviare
1318 2156 1330 2192 :
1358 2147 1622 2208 quatenus
1645 2138 1764 2207 ejus
1792 2147 1846 2192 et
1874 2145 2101 2208 utroque

496 2230 774 2302 triumpho
812 2231 983 2302 magis
1006 2246 1072 2286 ac
1113 2231 1283 2300 magis
1321 2230 1583 2286 enitescat
1609 2230 1832 2300 opinio:
1878 2245 2000 2284 cum
2045 2237 2102 2285 et

497 2321 807 2378 forensibus
837 2323 992 2378 bellis
1015 2322 1343 2378 adversariis
1386 2321 1669 2378 catholicae
1697 2321 1960 2378 Ecclesia:
2007 2337 2100 2378 ve-

497 2417 787 2473 hementer
813 2417 1077 2472 obsistere
1105 2426 1160 2473 et
1189 2416 1565 2474 Ecclesiastica
1592 2417 1776 2486 praelia
1813 2417 1949 2472 sicut
1979 2416 2100 2471 bel-

499 2513 702 2568 latores
732 2511 942 2566 Domini
991 2510 1202 2568 fortiter
1245 2512 1535 2568 dimicatis.
1590 2511 1786 2567 Notum
1824 2521 1910 2566 est
1951 2509 2097 2566 enim

495 2607 762 2663 haeretica;
789 2605 1062 2676 religionis
1092 2608 1257 2675 viros,
1288 2608 1334 2662 si
1361 2609 1462 2670 eis,
1491 2606 1633 2674 quod
1661 2605 1824 2671 absit,
1856 2606 2098 2675 suppetit

493 2700 725 2756 nocendi
755 2700 969 2756 licentia
992 2742 1006 2766 ,
1037 2710 1224 2756 contra
1255 2701 1572 2756 catholicam
1610 2699 1769 2754 fidem
1802 2698 2093 2754 vehemen-

498 2805 581 2850 ter
603 2798 901 2866 insurgere,
920 2804 1186 2867 quatenus
1215 2797 1488 2851 hmreseos
1526 2809 1638 2850 sua:
1665 2809 1873 2850 venena
1905 2793 1971 2848 ad
2019 2802 2098 2849 ta-

496 2887 812 2944 belacienda
861 2904 918 2943 se
945 2889 1214 2944 valuerint
1239 2888 1533 2944 Christiani
1563 2889 1806 2958 corporis
1853 2888 2097 2946 membra

498 2982 896 3040 transfundam.
944 2982 1311 3054 Cognovimus
1347 2983 1493 3040 enim
1544 2996 1638 3036 eos
1683 2991 1867 3037 contra
1912 2981 2098 3036 Eccle-

496 3073 632 3130 siam
659 3075 979 3132 catholicam
1006 3076 1234 3131 Domino
1276 3076 1355 3131 eis
1396 3075 1714 3131 adversante
1744 3076 1882 3131 colla
1919 3075 2096 3130 Subri-

2203 1879 2334 1920 nere
2365 1874 2524 1935 atque
2555 1863 2840 1936 persistere
2877 1862 3009 1917 ﬁdes
3046 1861 3312 1916 catholica
3341 1861 3641 1933 prohiberet.
3673 1861 3729 1915 0b

2204 1957 2308 2015 Itoc
2356 1973 2486 2028 ergo
2536 1957 2926 2012 fraternitatem
2981 1965 3120 2010 tuattt
3172 1955 3389 2024 scriptis
3442 1953 3733 2028 praesentibus

2202 2051 2513 2108 necessario
2541 2050 2793 2103 duximus
2833 2048 3221 2104 adhortandatu
3271 2060 3332 2104 ut
3371 2048 3596 2102 veniente
3623 2045 3673 2100 ail
3696 2054 3736 2100 te

2202 2142 2404 2198 Hilario
2461 2142 2790 2197 cbartulario
2859 2149 3085 2209 nostro,
3135 2140 3373 2196 adunato
3421 2141 3735 2211 episcoporum

2202 2236 2492 2292 universali
2523 2234 2776 2299 Concilio,
2813 2234 2994 2288 habito
3022 2249 3129 2304 pra:
3159 2232 3335 2287 oculis
3360 2241 3554 2286 terrore
3574 2229 3737 2285 venturi

2195 2328 2395 2399 judicis
2425 2342 2584 2382 causa
2619 2327 2804 2381 eadem
2830 2326 3014 2382 subtili
3041 2342 3103 2381 ac
3134 2327 3325 2381 Solcrli
3356 2325 3537 2379 debeat
3563 2325 3734 2393 indagi-

2199 2425 2347 2479 tione
2374 2423 2632 2494 perquiri.
2689 2422 2752 2476 Et
2799 2423 2843 2476 si
2893 2421 3182 2490 capitulum
3234 2420 3340 2474 hoc
3388 2435 3416 2474 a
3448 2417 3734 2490 prtcsentium

2200 2516 2464 2572 latoribus
2495 2514 2754 2586 pracdicto
2777 2515 3032 2586 episcopo
3059 2514 3399 2568 documentis
3439 2511 3622 2566 idoneis
3648 2510 3736 2564 fue-

2199 2610 2269 2665 rit
2299 2609 2679 2680 approbatum,
2709 2623 2736 2660 a
2770 2609 3033 2678 dignitate
3062 2606 3355 2678 ofﬁcioque
3383 2621 3486 2678 quo
3515 2607 3736 2675 iungitur,

2197 2704 2448 2759 omnibus
2480 2702 2651 2758 modis
2675 2701 3000 2773 degradetur
3025 2719 3037 2755 :
3085 2711 3143 2756 ut
3167 2710 3221 2756 et
3251 2702 3343 2758 ille
3371 2702 3433 2755 ad
3467 2701 3737 2771 paenitentia:

2198 2798 2345 2853 lucra
2375 2811 2471 2869 per
2499 2797 2824 2866 agnitiOnem
2853 2796 3038 2851 delicti
3072 2795 3276 2861 redeat,
3305 2805 3361 2852 et
3387 2796 3556 2851 caeteri
3578 2802 3740 2848 tentare

2199 2893 2322 2948 talia
2358 2910 2462 2947 non
2493 2892 2654 2964 335
2686 2899 3031 2961 pnesumant.
3072 2888 3307 2960 IEquum
3340 2901 3423 2944 est
3451 2890 3581 2943 enim
3609 2886 3740 2955 utqui

2196 2983 2378 3040 Jesum
2397 2983 2667 3038 Christum
2695 2982 2978 3038 Dominum
3004 2993 3245 3036 nostrum
3279 2981 3540 3038 lmretico
3567 2987 3737 3048 accepta

2201 3079 2424 3150 pecunia
2458 3077 2786 3133 venuudedit
2813 3119 2827 3144 ,
2861 3087 2918 3131 ut
2944 3075 3116 3132 fertur
3141 3119 3154 3144 ,
3191 3077 3258 3131 ab
3284 3075 3405 3147 ejus
3438 3074 3740 3130 videlicetsa-

495 3181 626 3239 gere
650 3209 664 3232 ,
717 3177 772 3222 et
814 3169 969 3223 tidem
1022 3169 1159 3224 velle
1187 3167 1478 3223 ChriSIiani
1531 3168 1764 3223 nominis
1811 3168 2091 3224 inclinare.
2124 3166 2170 3231 C
2200 3171 2471 3228 crosancti
2502 3171 2746 3240 corporis
2790 3182 2846 3225 et
2877 3169 3152 3240 sanguinis
3183 3168 3478 3223 tractandis
3525 3165 3741 3238 mysteriis

497 3259 605 3316 Sed
635 3261 929 3317 eminentia
961 3273 1136 3318 vestra
1159 3271 1389 3317 conatus
1415 3277 1601 3317 eorum
1633 3263 1990 3332 comprimat,
2042 3270 2097 3317 et

495 3355 761 3425 superbas
785 3370 972 3414 eorum
1004 3355 1246 3413 cervices
1271 3355 1400 3429 jugo
1420 3355 1758 3426 rectitudinis
1788 3365 2020 3432 premat.

730 3513 917 3572 XLIV.
953 3513 1101 3571 Idem
1130 3516 1305 3570 eodem
1334 3516 1386 3570 in
1410 3514 1521 3569 Lib.
1554 3513 1657 3583 Ep.
1689 3529 1853 3569 Lxxv.

697 3628 991 3700 Gregorius
1019 3629 1287 3700 universis
1316 3631 1586 3702 episcOpis
1615 3610 1900 3704 Numidiae.

551 3744 787 3800 Petiistis
811 3746 1012 3801 etenim
1039 3760 1132 3815 per
1154 3746 1414 3802 Hilarium
1433 3747 1822 3806 chartularium
1847 3755 2094 3804 nostrum

493 3851 525 3892 a
557 3837 620 3892 Β.
669 3839 944 3894 memoriae
972 3839 1373 3910 praedecessore
1405 3851 1595 3896 nosuo
1621 3850 1678 3894 ιιι
1723 3854 1914 3902 omnes
1943 3841 2098 3903 vobis

493 3944 642 3991 retro
675 3943 976 4006 temporum
1001 3932 1425 3993 eonsuetudiuos
1464 3944 1810 4004 servarentur
1836 3976 1850 3999 ,
1893 3949 2027 4004 quas
2063 3949 2092 3988 a

492 4027 636 4083 beati
673 4029 812 4086 Petri
841 4031 1212 4100 apostolorum
1248 4029 1510 4100 principis
1552 4025 1958 4082 ordinationum
1995 4026 2096 4078 ini-

495 4121 586 4177 tiis
615 4121 875 4178 hactenus
901 4131 1144 4178 vetustas
1173 4123 1330 4190 longa
1354 4119 1616 4180 servavit.
1649 4118 1718 4184 Et
1749 4131 1846 4172 nos
1877 4116 2093 4190 quidem

491 4211 640 4282 juxta
672 4214 868 4270 seriem
901 4213 1180 4269 relationis
1221 4222 1418 4276 vestrae
1443 4209 1930 4275 consuetudinem,
1975 4223 2096 4280 qua:

494 4313 674 4370 tamen
722 4315 912 4360 contra
960 4305 1121 4362 Iidem
1149 4303 1483 4362 Catholicam
1513 4303 1644 4359 nihil
1678 4317 1938 4374 usurpare
1970 4302 2092 4375 dig-

493 4397 737 4453 noscitur
766 4398 1042 4456 immotam
1076 4414 1398 4471 permanere
1439 4397 1788 4470 concedimus
1813 4439 1828 4463 ,
1871 4399 1984 4453 sive
2024 4397 2094 4454 de

491 4491 810 4562 primatibus
840 4495 1232 4551 constituendis
1260 4493 1576 4564 caeterisque
1604 4491 1876 4561 capitulis,
1896 4506 2091 4563 excep-

2199 3265 2602 3330 subtnoveatur.
2649 3262 2704 3318 Si
2754 3277 2856 3333 qua
2890 3270 3067 3316 autem
3096 3261 3237 3315 inter
3266 3276 3366 3315 eos
3413 3270 3551 3314 extra
3580 3259 3739 3312 crimen

2200 3359 2304 3415 hoc
2330 3359 2650 3413 damnorum
2685 3355 3041 3428 quorumdam
3069 3355 3151 3410 vel
3183 3355 3511 3426 privatorum
3553 3351 3742 3423 negotio-

2199 3470 2316 3510 rum
2348 3495 2362 3520 ,
2402 3452 2558 3508 sicuti
2613 3451 2800 3522 petitio
2840 3449 3189 3506 diaconornm
3231 3450 3474 3518 ipsorum
3513 3448 3739 3508 continet,

2201 3555 2447 3601 versatur
2481 3543 2731 3610 intentio,
2763 3545 2900 3598 hanc
2935 3555 3020 3596 tua
3055 3543 3366 3598 fraternitas
3387 3559 3506 3600 cum
3536 3538 3743 3612 przedicto

2198 3638 2531 3695 chartulario
2573 3647 2760 3691 nostro
2795 3637 2993 3706 privata
3025 3636 3335 3707 cognitione
3386 3637 3670 3708 perquirat,
3704 3640 3743 3682 et

2199 3734 2341 3790 inter
2371 3742 2655 3799 utramque
2685 3741 2892 3800 partem
2919 3731 3128 3801 justitia
3175 3732 3509 3802 procedente
3550 3725 3740 3783 delinial.

2199 3825 2370 3882 Porro
2401 3831 2580 3877 autem
2612 3822 2956 3892 praesentium
2989 3824 3217 3878 latorum
3262 3824 3612 3880 insinuatione
3637 3817 3740 3872 didi-

2201 3919 2378 3976 cimus
2437 3916 2840 3972 Donatistarum
2883 3916 3132 3972 hmreshn
3178 3934 3273 3986 pro
3299 3919 3539 3991 peccatis
3589 3913 3744 3970 nostris

2198 4010 2440 4082 quotidie
2463 4009 2700 4076 dilatari,
2733 4021 2786 4066 et
2815 4011 2968 4066 valde
3000 4011 3212 4083 plures,
3247 4011 3377 4067 data
3409 4028 3503 4082 per
3527 4008 3741 4064 venalita-

2200 4115 2305 4160 teut
2337 4106 2570 4170 licentia,
2603 4114 2721 4180 post
2771 4105 3096 4161 catholicum
3143 4089 3418 4174 baptisma
3444 4121 3470 4160 a
3506 4098 3745 4159 Donatistis

2197 4196 2376 4254 denuo
2399 4200 2679 4273 baptizari.
2709 4200 2862 4270 Quod
2894 4216 3052 4272 quam
3077 4215 3240 4270 grave
3261 4202 3355 4266 sit,
3387 4199 3588 4262 Frater,
3618 4208 3742 4264 θρον-

2199 4300 2274 4348 tet
2307 4310 2404 4349 nos
2432 4304 2540 4349 tota
2575 4296 2772 4351 mentis
2804 4294 3102 4349 intentione
3132 4292 3492 4364 perpendere.
3537 4289 3658 4346 Ecce
3686 4286 3743 4342 lu-

2197 4400 2298 4457 pus
2341 4388 2674 4444 Dominicum
2717 4402 2934 4459 gregem
2969 4402 3073 4439 non
3120 4367 3230 4455 jam
3275 4385 3330 4438 in
3377 4393 3530 4440 nocte
3561 4382 3743 4435 latenter

2197 4478 2292 4534 sed
2323 4480 2373 4534 in
2406 4491 2592 4554 aperta
2622 4481 2740 4534 luce
2769 4478 2990 4533 dilaniat
3018 4520 3032 4544 ,
3078 4486 3132 4532 et
3182 4492 3280 4531 nos
3312 4492 3440 4532 eum
3480 4473 3682 4546 grassari
3705 4471 3742 4522 in

491 4585 563 4642 tis
595 4586 678 4641 his
704 4585 793 4650 nui
815 4604 878 4642 ex
907 4589 1195 4644 Donatistis
1224 4589 1291 4644 ad
1321 4589 1690 4659 episcopatum
1724 4586 2048 4656 perveniunt
2071 4631 2086 4657 ,
2117 4567 2172 4629 D
2199 4575 2376 4629 ovium
2407 4591 2539 4631 nece
2561 4575 2860 4638 cernimus,
2891 4582 2945 4628 ct
2973 4572 3116 4626 nulla
3140 4573 3188 4626 ei
3217 4571 3597 4632 sollicitudine,
3622 4564 3743 4659 nullis

489 4693 626 4750 quos
650 4679 874 4752 provehi
917 4681 984 4735 ad
1020 4681 1280 4750 primatus
1301 4681 1639 4750 dignitatem,
1665 4680 1824 4734 etiam
1854 4695 1974 4734 cum
2001 4695 2091 4734 or-

489 4771 561 4828 do
582 4773 902 4830 clericorum
935 4789 1029 4828 eos
1061 4773 1125 4827 ad
1157 4774 1332 4828 locum
1366 4773 1615 4829 eumdem
1647 4772 1876 4835 delerat,
1910 4772 2089 4828 modis

490 4869 740 4923 omnibus
768 4871 1135 4938 prohibemus.
1168 4867 1410 4925 Sufliciat
1436 4878 1614 4924 autem
1648 4867 1753 4926 illis
1779 4867 2086 4922 commissae

490 4958 594 5014 sibi
624 4959 797 5029 plebis
839 4961 1212 5017 tantummodo
1255 4977 1440 5018 curam
1482 4977 1672 5032 gerere
1699 5003 1715 5028 ,
1757 4978 1864 5018 non
1904 4971 2088 5020 autem

489 5053 654 5110 etiam
699 5053 818 5109 illos
859 5056 1132 5112 antistites
1167 5072 1301 5128 quos
1337 5057 1599 5112 catholica
1649 5056 1782 5112 fides
1831 5057 2088 5114 Ecclesiae

489 5147 614 5204 sinu
653 5157 708 5204 et
734 5149 955 5207 edocuit
980 5158 1031 5206 et
1055 5151 1242 5224 genuit
1265 5150 1331 5206 ad
1353 5149 1705 5206 obtinendum
1734 5150 1948 5208 culmen
1979 5152 2089 5224 pri-

488 5251 668 5299 matus
691 5245 922 5302 anteire.

995 5375 1133 5417 auuo
1173 5375 1355 5417 uomat
1395 5373 1564 5426 oxcn.

796 5473 960 5532 XLV.
992 5476 1187 5532 IDEM
1227 5477 1344 5533 Lib.
1374 5493 1435 5546 n,
1466 5476 1570 5550 Ep.
1595 5491 1786 5534 xxxtu.

701 5586 998 5660 Gregorius
1018 5589 1280 5650 Columbo
1305 5594 1564 5664 episcopo
1591 5589 1879 5648 Numidiae.

492 5708 496 5715 ‘
566 5702 765 5774 Notum
809 5717 934 5786 est,
975 5709 1291 5765 charissime
1338 5709 1390 5764 in
1421 5709 1639 5765 Christo
1665 5707 1898 5774 Frater,
1941 5708 2084 5784 quod

491 5807 744 5872 antiquus
784 5802 954 5868 hostis
990 5804 1080 5880 qui
1127 5805 1359 5870 primum
1405 5803 1679 5868 hominem
1731 5803 1799 5866 de
1842 5801 2084 5874 Paradisi

2199 4667 2489 4723 verborum
2515 4667 2710 4737 jaculis
2736 4667 3038 4721 ohviamus.
3088 4665 3234 4732 Quos
3279 4679 3413 4734 ergo
3457 4663 3645 4718 fructus
3668 4656 3743 4712 Do-

2195 4761 2345 4817 mino
2381 4760 2719 4830 multiplicati
2763 4759 2945 4830 gregis
2983 4757 3337 4819 ostendemus
3365 4800 3383 4824 ,
3435 4759 3478 4812 si
3516 4765 3568 4812 et
3609 4757 3742 4824 ipsum

2196 4870 2352 4926 quem
2390 4853 2713 4925 pascendum
2743 4853 3083 4922 suscepimus
3110 4855 3281 4906 otiosa
3312 4860 3495 4908 mente
3520 4849 3743 4906 cernimus

2194 4964 2223 5003 a
2255 4950 2423 5006 bestia
2451 4948 2794 5010 devorari,...
2831 4946 3124 5018 \‘igilemus
3152 4961 3281 5017 ergo
3329 4962 3396 5000 ne
3433 4943 3556 5018 quid
3579 4946 3740 5012 pereat,

2197 5054 2254 5102 et
2298 5045 2343 5100 si
2382 5045 2519 5100 forte
2564 5043 2688 5112 quid
2716 5052 2932 5114 captum
2973 5042 3176 5108 fuerit,
3220 5041 3444 5096 vocibus
3486 5039 3742 5096 divinorqu

2193 5141 2532 5213 eloquiorum
2577 5140 2642 5193 ad
2688 5153 2908 5210 gregem
2941 5135 3281 5192 Dominicum
3329 5135 3663 5194 reducamus.
3702 5135 3742 5180 ut

2192 5233 2283 5290 ille
2329 5233 2420 5304 qui
2453 5241 2635 5305 pastor
2666 5240 2941 5302 pastorum
2972 5238 3056 5284 est
3083 5228 3333 5302 vigilasse
3371 5243 3470 5282 nos
3495 5228 3627 5282 circa
3653 5234 3739 5293 gre-

2189 5343 2312 5398 gem
2344 5341 2499 5381 suum
2528 5340 2627 5382 suo
2653 5324 2963 5380 misericors
2993 5321 3248 5392 dignetur
3286 5321 3487 5391 judicio
3533 5327 3734 5386 compro-

2193 5422 2342 5478 bare.
2376 5421 2488 5476 Hoc
2516 5434 2730 5492 quoque
2758 5433 2854 5473 vos
2882 5431 3106 5473 necesse
3136 5417 3465 5473 estsolerter
3485 5410 3738 5470 intendere.

2193 5525 2252 5573 ut
2281 5517 2324 5574 si
2370 5531 2471 5598 qua
2520 5523 2709 5569 contra
2756 5513 2961 5568 latores
2991 5512 3344 5584 praesentium
3373 5509 3604 5581 ejusdem
3631 5501 3738 5572 epis-

2192 5614 2311 5688 copi
2362 5621 2508 5666 recta
2555 5608 2719 5664 fuerit
2746 5607 2934 5678 petitio
2973 5605 3160 5662 subtili
3210 5605 3404 5662 debeat
3447 5599 3738 5672 indagatioue

2195 5705 2434 5778 perquiri
2461 5721 2472 5756 :
2504 5711 2560 5758 et
2587 5703 2631 5756 si
2663 5700 2892 5756 fortasse
2913 5699 3014 5770 ipsi
3039 5715 3139 5769 pro
3161 5711 3254 5753 sua
3278 5697 3435 5766 culpa
3453 5697 3568 5766 jure
3589 5689 3738 5747 ferien-

2193 5799 2245 5855 di
2277 5810 2424 5869 sunt,
2459 5809 2795 5880 nequaquam
2825 5806 3114 5872 censemus
3134 5805 3259 5854 esse
3293 5787 3624 5874 parcendum.
