3996 6332
239 329 368 386 ΗΠ

758 467 892 508 ANNO
923 467 1102 516 DOMlNl
1132 469 1308 510 DXCIV.

528 566 712 622 XLVI.
756 566 947 621 IDEM
983 567 1099 624 Lib.
1127 585 1208 636 nt,
1237 568 1341 640 Ep.
1366 585 1533 624 χχιιι.

446 678 743 750 Gregorius
770 679 1086 742 Pantaleoni
1116 681 1372 751 praefecto
1394 680 1613 738 Africat.

311 770 700 827 Haereticurum
741 771 1184 828 nefandissimam
1217 775 1535 844 pravitatem
1560 814 1573 838 ,
1600 772 1832 844 qualiter

217 861 320 931 lex
365 872 717 934 persequatur
759 865 1046 920 instantius
1087 866 1432 924 excellentiae
1478 874 1674 922 vestrae
1722 880 1830 922 non

237 956 466 1012 habetur
496 957 849 1028 incognitum.
897 958 962 1013 lli
1011 960 1173 1030 igitur
1214 976 1350 1031 quos
1389 970 1444 1016 et
1484 959 1608 1030 ﬁdei
1634 971 1833 1028 nostra:

237 1049 516 1120 integritas
559 1059 613 1104 et
645 1051 824 1121 legum
853 1050 1072 1107 damnat
1094 1052 1361 1109 districtio
1401 1054 1791 1109 mundanarttm
1813 1096 1829 1124 ,

237 1157 341 1197 non
369 1143 485 1197 leve
514 1151 788 1212 peccatum
820 1153 924 1208 est,
956 1145 1001 1200 si
1031 1147 1226 1200 vestris
1265 1145 1542 1201 inveniant
1575 1146 1832 1218 tempori-

237 1233 336 1290 bus
388 1235 660 1292 licentiam
708 1237 1046 1314 raserpendi.
1106 1238 1162 1296 In
1221 1238 1330 1304 illis
1376 1239 1537 1312 igitur
1591 1239 1833 1310 partibus

235 1337 494 1399 quantum
545 1327 856 1395 didicimus,
885 1330 954 1386 ita
977 1331 1377 1388 Donatistarum
1399 1333 1830 1401 crevitaudacia,

234 1432 427 1478 utnon
461 1422 631 1478 solum
673 1423 741 1479 de
771 1426 884 1479 suis
924 1426 1167 1481 ecclesiis
1215 1427 1536 1490 auctoritate
1577 1428 1830 1500 pestifera

236 1515 454 1586 ejiciant
501 1515 627 1572 ﬁdei
675 1516 958 1572 catholica:
1006 1519 1356 1577 sacerdotes:
1402 1521 1497 1577 sed
1549 1521 1648 1577 hos
1697 1535 1834 1592 quos

235 1627 364 1667 vera
409 1612 758 1667 confessione
786 1627 924 1683 aqua
955 1615 1384 1684 regenerationis
1422 1615 1708 1682 abluerat,
1748 1630 1835 1671 ['8‘.

235 1705 508 1774 baptizare
536 1721 642 1761 non
672 1715 950 1772 metuant,
981 1707 1247 1777 valdeque
1277 1708 1556 1773 miramur,
1580 1709 1624 1763 si
1654 1717 1832 1776 tamen

236 1799 308 1855 ita
336 1809 417 1854 est
446 1840 460 1864 ,
504 1808 561 1852 ut
591 1799 738 1854 vobis
767 1799 873 1854 illic
901 1801 1092 1870 positis
1134 1800 1294 1855 liceat
1323 1800 1695 1871 hujuscemodi
1725 1801 1823 1856 ho-

236 1897 474 1953 minibus
511 1895 688 1966 pravis
732 1896 1019 1953 excedere.
1068 1896 1310 1952 Primum
1359 1896 1628 1968 siquidem
1676 1897 1833 1969 quale

237 1990 305 2047 de
330 1990 483 2046 vobis
508 1990 769 2060 judicium
815 1990 1123 2046 hominibus
1154 1991 1476 2062 relinquatis
1511 1990 1773 2046 attendite
1819 1973 1832 2045 ὲ

237 2084 285 2142 si
311 2083 365 2139 lii
390 2087 475 2153 qui
508 2084 735 2138 aliorum
763 2084 1098 2154 temporibus
1120 2083 1259 2156 justa
1292 2084 1503 2139 ratione
1536 2085 1833 2158 compressi

236 2190 362 2235 sunt
385 2180 536 2235 vobis
565 2179 1070 2234 administrantibus
1094 2179 1232 2234 viam
1277 2180 1357 2235 Sui
1386 2196 1642 2236 excessus
1689 2181 1836 2236 inve-

237 2274 410 2332 niaut.
454 2273 654 2328 Deinde
693 2273 1026 2344 perditorum
1055 2276 1262 2329 animas
1293 2275 1461 2329 Deum
1495 2286 1738 2330 nostrum
1767 2275 1836 2330 de

237 2383 402 2424 manu
447 2377 624 2422 vestra
678 2371 876 2424 scitote
911 2369 1192 2439 requirere
1232 2370 1275 2423 si
1328 2379 1532 2424 tantum
1583 2368 1733 2425 nefas
1781 2370 1835 2424 in

243 2471 505 2532 quantum
531 2461 861 2532 possibilitas
889 2462 1055 2532 exigit
1085 2462 1373 2518 emendare
1402 2462 1686 2533 negligitis.

526 2571 737 2630 XLVII.
789 2571 1012 2638 IDEM,
1040 2571 1203 2639 me,
1253 2572 1356 2647 Ep.
1383 2590 1548 2628 xxxv.

335 2687 627 2763 Gregorius
650 2688 852 2748 Victori
875 2698 928 2744 et
955 2688 1220 2746 Columbo
1251 2691 1522 2761 episcopis
1549 2691 1762 2748 Africis.

316 2779 692 2856 Comperimus
718 2781 1112 2841 Donatistarum
1133 2783 1382 2840 stimulos
1408 2783 1488 2840 sic
1517 2784 1569 2840 in
1593 2783 1697 2840 illis
1720 2799 1834 2854 par-

242 2874 388 2930 tibus
414 2889 630 2946 gregem
667 2874 913 2930 turbasse
947 2874 1282 2938 Dominicum
1307 2917 1321 2942 ,
1353 2891 1416 2932 ac
1442 2876 1485 2932 si
1521 2877 1718 2932 nullius
1746 2891 1841 2947 pa-

240 2968 405 3030 storis
457 2967 825 3026 moderamine
855 2978 1133 3042 regeretur
1159 3010 1172 3033 ,
1226 2970 1633 3040 nuntiatumque
1677 2970 1834 3028 nobis

241 3072 326 3118 est
374 3060 515 3132 quod
553 3060 736 3115 dicere
783 3059 903 3116 sine
942 3060 1091 3132 gravi
1137 3059 1326 3118 dolore
1373 3077 1479 3118 nou
1530 3077 1839 3132 possumus.

239 3155 384 3228 quod
409 3155 623 3228 plurimi
654 3170 840 3216 eorum
867 3154 1146 3216 venenatis
1189 3155 1301 3226 jam
1330 3157 1440 3212 sint
1479 3156 1732 3218 dentibus
1761 3158 1838 3213 la-

1201 334 1530 392 vmmun
1572 331 1997 404 trasennam
2039 333 2126 400 DE
2172 331 2592 391 ltONATlS’l‘lS.

1855 453 1905 530 Α
1933 450 2223 516 emendare
2253 469 2264 505 :
2292 458 2557 528 quatenus
2584 446 2865 520 sinceritas
2890 445 3012 502 fidei
3036 452 3230 516 vestra:
3272 444 3534 511 sollicitu-

3390 331 3534 394 N58

1933 543 2060 598 dine
2081 544 2398 598 intemerata
2418 543 2700 610 consistat,
2729 550 2782 595 et
2810 540 3126 595 innocentes
3172 537 3369 593 animm
3411 553 3533 609 qua:

1934 635 2205 698 catholico
2237 635 2558 714 baptismate
2583 633 2778 702 salvari
2810 639 3102 704 poterant,
3150 630 3532 702 haereticorum

1933 729 2222 785 infectionc
2247 747 2349 784 non
2377 738 2622 799 pereant.
2654 727 2907 799 Quisquis
2934 743 3061 797 ergo
3088 726 3156 782 de
3182 726 3264 780 his
3289 725 3536 797 personis

1933 836 2068 893 quas
2116 821 2368 892 superius
2423 822 2842 877 memoravimus
2875 861 2890 886 ,
2939 835 3263 892 quemquam
3308 833 3532 874 suorum

1933 915 2076 990 apud
2109 916 2413 971 Donatistas
2445 930 2634 986 passus
2659 923 2742 970 est
2774 913 3031 984 baptizari
3061 954 3075 980 ,
3110 912 3178 967 ad
3207 911 3530 967 catholicam

1934 1022 2028 1066 eos
2074 1005 2234 1080 ﬁdem
2284 1007 2432 1072 omni
2474 1007 2674 1062 virtute
2722 1006 2973 1076 omnique
3013 1004 3267 1059 instantia
3310 1003 3535 1058 studeat

1933 1119 2211 1160 revocare.
2263 1102 2320 1184 Si
2346 1102 2466 1174 quis
2498 1117 2626 1156 vero
2657 1100 2842 1155 talium
2872 1101 2938 1156 de
2964 1110 3161 1154 extero
3189 1099 3291 1153 hoc
3326 1096 3439 1154 ﬁeri
3466 1097 3535 1154 de

1934 1198 2050 1262 suis
2075 1197 2314 1270 qualibet
2344 1195 2691 1268 e;cusatione
2719 1193 3000 1272 pertulerit
3026 1235 3040 1260 ,
3087 1209 3118 1248 a
3143 1192 3291 1249 clero
3317 1193 3388 1250 sit
3413 1207 3534 1249 om—

1935 1291 2094 1352 nibus
2117 1289 2292 1350 tnodis
2317 1288 2543 1348 alienus.

2147 1429 2312 1514 336
2336 1427 2525 1494 XLIX.
2557 1426 2772 1500 IDEM,
2804 1425 2910 1492 ibid
2931 1467 2966 1494 .,
3001 1425 3101 1498 Ep.
3136 1440 3283 1481 unt.

2300 1540 2591 1612 Gregorius
2629 1540 2867 1596 Maurico
2904 1539 3170 1611 Augusto.

2007 1659 2151 1715 inter
2194 1673 2470 1714 armorum
2509 1672 2667 1713 curas
2704 1664 2760 1712 et
2788 1656 3097 1712 innumeras
3127 1655 3524 1717 sollicitudines

1938 1770 2074 1826 quas
2103 1752 2375 1808 indefesso
2402 1752 2581 1808 studio
2604 1766 2701 1823 pro
2746 1750 3058 1820 Christianae
3100 1751 3409 1821 reipublicae
3452 1766 3539 1806 re-

1862 1851 1910 1911 B
1938 1850 2138 1922 gimine
2167 1848 2445 1906 sustinetis
2471 1889 2487 1915 ,
2519 1863 2709 1918 magna
2739 1846 2870 1902 mihi
2900 1863 3021 1901 cuin
3052 1846 3304 1901 universo
3333 1845 3536 1900 mundo

1938 1945 2140 2001 lzctitiae
2170 1959 2332 1999 causa
2363 1955 2468 2011 est,
2500 1943 2642 2015 quod
2679 1944 2848 2014 pietas
2878 1951 3053 1997 vestra
3083 1939 3344 1996 custodim
3391 1939 3534 2004 fidei,

1938 2055 2041 2111 qua
2071 2038 2412 2102 dominorum
2440 2037 2607 2108 fulget
2633 2037 2942 2105 imperium,
2974 2034 3242 2106 praecipua
3273 2032 3538 2090 sollicitu-

1939 2133 2066 2189 dine
2092 2146 2306 2201 semper
2334 2129 2598 2202 invigilat.
2654 2129 2809 2185 Unde
2856 2127 3077 2182 omnino
3119 2125 3334 2182 conﬁdo
3361 2167 3375 2191 ,
3412 2125 3534 2196 quia

1938 2228 2076 2281 sicut
2103 2241 2198 2279 vos
2228 2225 2320 2279 Dei
2348 2239 2564 2290 causam
2603 2223 2870 2295 religiosae
2904 2222 3099 2278 mentis
3128 2234 3315 2275 amore
3341 2218 3535 2274 tuemi-

1939 2319 2034 2384 ni,
2069 2319 2140 2372 ita
2175 2317 2318 2373 Deus
2349 2325 2558 2371 vestras
2603 2315 2902 2385 maiestatis
2929 2331 3038 2370 sum
3064 2313 3233 2384 gratia
3274 2319 3451 2366 tuetur
3482 2319 3538 2366 et

1940 2409 2176 2480 adjuvat.
2243 2407 2487 2477 Qualiter
2530 2416 2708 2462 autem
2756 2407 2970 2478 pictatis
3022 2415 3212 2460 vestrae
3266 2401 3532 2458 serenitas

1940 2512 2128 2560 contra
2199 2501 2598 2556 Donatistarum
2667 2498 3142 2569 ﬂagitiosissimam
3219 2496 3541 2566 pravitatem

1940 2595 2375 2654 consideratione
2392 2593 2617 2664 justitiai
2641 2599 2696 2647 et
2709 2592 3099 2647 sincerissima:
3125 2589 3402 2661 religionis
3425 2586 3546 2642 zelo

1941 2696 2213 2747 commota
2259 2689 2329 2743 sit
2370 2686 2697 2741 directarum
2738 2683 3070 2740 lucidissime
3116 2691 3272 2737 tenor
3302 2679 3542 2736 insinuat

1938 2785 2266 2857 jussionum.
2326 2782 2430 2839 Sed
2485 2781 2768 2836 venientes
2825 2778 2923 2833 viri
2987 2774 3427 2834 reverendissimi
3472 2787 3539 2828 ex

1943 2880 2194 2936 Africana
2243 2877 2515 2948 provincia
2541 2874 2783 2947 episcopi
2804 2881 3056 2930 asserunt
3077 2872 3148 2926 ita
3182 2885 3303 2926 esse
3326 2871 3542 2924 incauta

1943 2974 2376 3034 dissimulatione
2404 2972 2752 3043 postpositas,
2784 2979 2841 3025 ut
2891 2984 2989 3026 nec
3019 2967 3110 3023 Dei
3137 2966 3248 3022 illic
3272 2964 3539 3037 judicium

1944 3070 2235 3126 haberetur
2266 3068 2318 3123 in
2348 3078 2494 3123 metu
2515 3110 2530 3132 ,
2565 3081 2665 3121 nec
2705 3063 3032 3136 principales
3063 3062 3323 3118 hactenus
3346 3058 3548 3130 iussio-

1946 3171 2030 3218 tes
2052 3163 2375 3218 sortirentur
2415 3158 2665 3214 effectum
2721 3156 2879 3211 :huc
2931 3157 3093 3210 etiam
3155 3153 3546 3223 suhjttngentes

243 3250 401 3308 niati.
462 3249 701 3320 Denique
732 3248 1042 3305 sacerdotes
1080 3251 1372 3315 canonicos
1415 3250 1730 3320 pravissima
1769 3251 1838 3306 de
1867 3247 1912 3320 (1
1945 3255 2087 3326 quod
2143 3255 2199 3309 in
2259 3251 2484 3323 przefata
2531 3249 2807 3320 provincia
2856 3241 3267 3304 Donatistarunf
3295 3244 3546 3316 praemiis

237 3348 354 3404 suis
391 3347 635 3402 ecclesiis
667 3346 973 3402 temeritate
1002 3346 1294 3416 repellere,
1317 3354 1371 3406 et
1392 3346 1592 3402 multos
1617 3345 1842 3418 insuper.

236 3442 435 3514 quibus
476 3441 707 3496 salutem
754 3440 1186 3512 regenerationis
1237 3455 1372 3510 aqua
1415 3441 1720 3510 prrebuerat
1758 3455 1842 3497 re—

234 3541 594 3612 baptizantes,
629 3539 891 3612 pravitate
919 3538 1305 3604 nefandissima
1336 3539 1615 3607 necavisse
1650 3538 1842 3594 dicun-

239 3642 344 3690 tur.
377 3632 507 3700 Qute
532 3649 620 3688 res
648 3634 858 3692 animos
888 3615 1106 3690 nostras
1130 3631 1285 3698 valde
1313 3632 1660 3688 mmstilicant
1695 3631 1839 3703 quod

184 3771 190 3776 .
236 3725 395 3779 vobis
425 3723 534 3779 illic
558 3723 748 3794 positis
771 3724 1038 3786 damnata:
1064 3725 1467 3794 prirsumptioni
1493 3732 1698 3782 tantum
1723 3739 1842 3781 sce-

237 3817 327 3872 lus
358 3825 672 3886 pcrpetrare
702 3815 952 3882 licuerit,
983 3830 1085 3884 qua
1126 3814 1196 3874 de
1233 3830 1292 3871 re
1316 3816 1708 3871 fraternitatem
1749 3832 1842 3872 ve-

236 3919 409 3966 stram
432 3912 648 3980 scriptis
676 3909 1095 3972 decurrentibus
1124 3909 1478 3970 adhortamur
1505 3951 1520 3975 ,
1571 3919 1630 3965 ut
1660 3910 1840 3967 habito

236 4013 469 4060 tractatu
501 4004 740 4074 iuitoque
765 4002 999 4058 concilio
1025 4043 1041 4068 ,
1093 4004 1165 4058 ita
1211 4006 1450 4062 nascenti
1504 4004 1628 4060 huic
1661 4003 1840 4060 adhuc

233 4096 432 4154 marbo
466 4095 734 4154 inliiauter
759 4111 822 4162 ac
853 4104 965 4158 tota
1004 4097 1204 4154 virtute
1248 4097 1493 4154 debeatis
1539 4099 1836 4166 obsistere,

234 4189 535 4246 dummodo
585 4204 684 4254 nec
726 4189 870 4244 vires
915 4203 982 4244 ex
1035 4189 1280 4259 neglectu
1312 4192 1606 4261 percipiat,
1641 4207 1741 4248 nec
1786 4193 1838 4250 in

230 4281 532 4346 Commisso
561 4280 716 4338 Vobis
755 4295 919 4352 grege
964 4282 1289 4351 pestilentiae
1319 4281 1514 4340 damna
1543 4286 1836 4341 concutiat.

743 4431 883 4472 ANNO
921 4432 1106 4473 DDHINI
1144 4433 1322 4475 DXCVI.

491 4529 724 4586 XLVIII.
769 4528 986 4598 IDEM,
1021 4529 1135 4596 Lib.
1159 4547 1214 4601 v,
1238 4517 1348 4606 Ep.
1379 4549 1575 4590 xxxvr.

454 4644 747 4718 Gregorius
776 4643 1040 4702 Columbo
1065 4645 1319 4723 episcopo
1347 4647 1633 4714 Numidian.

313 4745 584 4802 Praeterea
634 4762 720 4802 res
767 4747 834 4802 ad
887 4761 986 4804 nos
1027 4748 1248 4804 omnino
1270 4748 1401 4808 dura
1431 4757 1487 4806 et
1523 4761 1684 4810 rectae
1717 4750 1841 4818 ﬁdei

231 4840 459 4896 inimica
495 4841 772 4911 pervenit,
817 4842 941 4910 quia
981 4843 1121 4914 quod
1145 4843 1246 4908 dici
1281 4843 1432 4900 nefas
1465 4853 1550 4902 est
1587 4845 1844 4903 catholici

228 4932 494 4998 homines
525 4941 579 4988 et
607 4932 865 5006 religiosi,
895 4934 1036 5006 quod
1066 4945 1147 4990 est
1170 4935 1441 5000 deterius,
1473 4937 1612 4994 ﬁlios
1639 4943 1840 4994 manci-

227 5027 440 5099 piaque
471 5044 566 5082 sua
595 5028 676 5083 vel
708 5027 846 5082 alios
875 5044 1010 5098 quos
1043 5029 1093 5084 in
1123 5040 1388 5099 potestate
1419 5030 1712 5098 habent,in
1735 5033 1844 5088 Do-

227 5121 562 5177 natistarum
595 5121 787 5180 haeresi
815 5123 1072 5193 baptizari
1096 5126 1463 5182 consentiunt.
1521 5125 1588 5186 Et
1629 5127 1751 5186 ideo
1795 5129 1840 5184 si

228 5226 428 5269 verum
460 5224 541 5272 cst
567 5213 875 5272 fraternitas
897 5225 1076 5274 vestra
1120 5215 1223 5282 hoc
1247 5233 1600 5291 summOpere
1627 5220 1843 5278 studeat

1945 3347 2365 3421 prmvaleutibus
2399 3347 2531 3402 ﬁdes
2557 3345 2820 3402 catholica
2847 3344 3059 3416 publice
3085 3341 3446 3398 vennndetnr.
3472 3339 3543 3394 At

1944 3449 2130 3496 contra
2161 3441 2434 3512 gloriosus
2458 3439 2540 3494 vir
2569 3437 2881 3495 Gennadius
2929 3435 2996 3491 de
3027 3451 3136 3490 uno
3170 3449 3358 3490 eorum
3409 3430 3542 3487 mihi

1942 3536 2143 3593 similia
2178 3544 2402 3606 questus
2433 3544 2516 3590 est
2558 3533 2650 3601 qui
2681 3533 2802 3588 talia
2833 3531 3162 3603 querebatur
3185 3571 3201 3595 ,
3251 3529 3336 3585 cui
3376 3529 3541 3583 etiam

1943 3629 2050 3684 duo
2073 3627 2162 3682 alii
2191 3628 2324 3682 certi
2355 3627 2407 3681 in
2429 3625 2617 3681 eadem
2652 3642 2710 3680 re
2734 3623 3098 3680 testimonium
3125 3621 3386 3678 ferebant.
3425 3621 3533 3676 Sed

1942 3721 2066 3792 quia
2108 3735 2271 3787 causa
2301 3719 2415 3790 ipsa
2450 3718 2648 3790 judicis
2686 3717 2960 3772 surcularis
2987 3717 3281 3778 intererat,
3309 3713 3530 3771 eosdem

1941 3814 2232 3884 episcopos
2275 3813 2340 3866 ad
2370 3812 2586 3883 pietatis
2617 3821 2811 3868 vestra:
2838 3810 3141 3867 existimavi
3173 3824 3294 3865 esse
3320 3808 3544 3877 vestigia

1943 3908 2258 3980 dirigendos
2283 3949 2297 3972 ,
2344 3917 2404 3970 ut
2458 3922 2554 3978 per
2582 3907 2904 3978 semetipsos
2928 3905 3293 3962 serenissimis
3325 3903 3546 3957 auribus

1942 4011 2233 4073 suggerant
2275 4015 2396 4072 qua)
2425 4016 2485 4057 se
2509 4000 2744 4055 fatentur
2783 4014 2879 4068 pro
2917 3999 3018 4052 ﬁde
3049 3996 3313 4052 catholica
3361 4004 3546 4066 pertu-

1942 4096 2090 4153 lisse.
2141 4095 2214 4150 Ea
2246 4102 2465 4166 propter
2493 4093 2719 4149 obsecro
2759 4100 2819 4146 ut
2858 4090 3199 4146 dominorum
3227 4087 3546 4143 Christiani-

1945 4201 2029 4247 tas
2059 4205 2159 4260 pro
2184 4189 2356 4246 salute
2383 4187 2573 4243 animae
2619 4194 2675 4241 et
2718 4185 2828 4239 vita
2877 4183 3133 4253 piissimus
3175 4181 3378 4238 sobolis
3406 4194 3542 4244 suae,

1942 4299 2040 4342 eos
2065 4298 2203 4355 quos
2225 4282 2358 4337 tales
2389 4295 2509 4336 esse
2539 4278 2838 4350 cognoscit,
2861 4276 3106 4332 districta
3138 4273 3324 4330 ulcisci
3343 4272 3546 4343 jussio-

1941 4392 2014 4436 ne
2045 4376 2342 4446 praecipiat,
2370 4383 2426 4430 et
2451 4373 2662 4428 ruinam
2693 4370 3030 4441 pereuntium
3057 4367 3354 4438 ereptionis
3377 4380 3541 4420 manu

1940 4468 2260 4538 suSpendat,
2290 4476 2453 4536 atque
2486 4464 2688 4520 insanis
2732 4463 3002 4518 mentibus
3029 4457 3392 4528 correptionis
3432 4472 3547 4512 nte-

1943 4553 2178 4617 dicinam
2205 4558 2500 4623 adhibeat,
2545 4566 2600 4612 et
2624 4570 2876 4612 errorum
2899 4553 2969 4609 ab
3005 4552 3085 4607 eis
3122 4551 3342 4606 morbos
3364 4549 3548 4620 expel-

1866 4654 1922 4718 D
1947 4656 2021 4711 lat
2046 4672 2058 4709 :
2091 4661 2361 4725 quatenus
2387 4650 2515 4707 dum
2545 4651 2646 4720 pia:
2678 4647 3006 4719 provisiouis
3036 4655 3233 4702 vestrae
3262 4643 3505 4700 remedio
3527 4685 3542 4707 ,

1951 4749 2219 4820 pestifcrte
2249 4745 2528 4816 pravitatis
2546 4741 2711 4797 fuerit
2738 4740 2914 4811 caligo
2940 4739 3184 4810 depulsa,
3212 4746 3266 4798 et
3288 4751 3411 4791 vera
3437 4735 3545 4790 illic

1946 4841 2083 4897 ﬁdes
2113 4839 2296 4896 radios
2326 4854 2438 4893 suae
2468 4836 2776 4892 serenitatis
2804 4833 3097 4905 asperserit
3124 4872 3140 4898 ,
3183 4829 3422 4900 οῳιυειίε
3449 4841 3545 4882 vos

1945 4945 2072 4993 ante
2100 4933 2476 5003 Redemptoris
2518 4930 2690 4987 nostri
2732 4930 2918 4986 oculos
2968 4926 3274 4996 triumphus
3321 4937 3548 4995 exspecv

1946 5039 2058 5086 tet:
2107 5029 2230 5100 quia
2278 5041 2414 5098 quos
2456 5025 2698 5082 exterius
2734 5025 2802 5078 ab
2829 5022 2984 5082 ltosle
3012 5019 3306 5077 defenditis
3335 5063 3349 5087 ,
3379 5018 3542 5075 etiarn

1945 5124 2172 5180 interius
2195 5138 2224 5178 a
2254 5123 2535 5180 diabolica:
2562 5118 2763 5178 fraudis
2790 5129 3022 5188 veneno‘,
3057 5119 3201 5191 quod
3235 5126 3320 5174 est
3346 5115 3546 5188 glorio-

1943 5220 2078 5289 sius,
2109 5219 2369 5276 liberatis.
