3996 6332
469 270 612 331 N39

1918 262 2290 323 APPENDIX.

768 562 930 639 337
1004 575 1572 655 APPENDIX
1624 575 1774 651 AD
1846 573 2559 650 MONUMENTA
2619 577 3440 655 PB/ECEDENTIA.

1820 735 2424 767 μ

1279 925 1321 972 ω
1643 898 2585 1012 HISTORIA

659 1083 2228 1280 CARTHAGINENSIS
2347 1145 3579 1288 COLLATIONIS

1045 1374 1247 1438 OLIM
1299 1372 1627 1438 HABITE
1681 1371 1928 1434 INTER
1979 1371 2485 1440 CATHOLICOS
2533 1375 2639 1442 ET
2689 1381 3218 1448 DONATISTAS.

1552 1540 1848 1587 AUCTOBE
1890 1541 2506 1612 FBANC.£ALDUINL
2551 1547 2604 1590 J.
2651 1548 2711 1592 C.

1968 1665 2330 1681 -μ

2264 1679 2279 1680 κ
2314 1679 2327 1681 -

560 1764 625 1825 Β.
671 1766 736 1824 D.
775 1761 1021 1822 JOANNI
1055 1761 1240 1820 TlLIO
1291 1759 1622 1821 EPISCOPO
1663 1757 2016 1818 MELDENSI
2111 1763 2166 1823 Δ
2193 1765 2419 1820 trimenti
2444 1770 2637 1840 capiat.
2670 1769 2980 1846 Exemplum
3001 1777 3135 1830 enim
3158 1785 3206 1832 et
3234 1778 3388 1833 veluti
3415 1781 3655 1850 formulam
3675 1792 3728 1838 at—

945 1873 1139 1916 l-‘BANC.
1169 1873 1466 1914 BALDUINUS
1503 1873 1553 1913 S.
1583 1874 1635 1913 Ι).

557 1959 686 2015 Cum
711 1957 851 2012 hisce
886 1954 1066 2010 diebus
1109 1952 1361 2024 Optatum
1405 1961 1658 2018 nostrum,
1700 1965 1850 2022 quem
1893 1964 1989 2021 ape
2017 1947 2092 2003 tui

485 2053 678 2111 codicis
719 2053 906 2108 iterum
945 2047 1268 2104 emendatum
1301 2063 1482 2102 rursus
1509 2046 1659 2102 edere
1696 2045 1930 2110 instituo,
1961 2042 2092 2112 forte

486 2151 789 2222 relegerem,
834 2147 925 2201 diu
973 2144 1288 2216 multumque
1337 2142 1574 2216 cogitaui,
1626 2139 1751 2212 quid
1799 2139 1895 2194 sibi
1945 2136 2096 2193 vellet

490 2241 630 2311 quod
659 2241 752 2304 ait,
784 2238 1155 2306 rempublicam
1198 2251 1301 2292 non
1340 2251 1447 2292 esse
1481 2235 1535 2288 in
1572 2231 1829 2298 Ecclesia,
1861 2229 1951 2285 sed
1993 2229 2096 2284 Ec—

491 2337 699 2392 clesium
729 2350 836 2390 esse
865 2334 919 2388 in
950 2329 1232 2403 republica.
1269 2327 1338 2386 Ut
1379 2340 1546 2384 autem
1587 2326 1906 2400 gravissima
1941 2324 2096 2396 hujus

496 2430 762 2487 sententia:
789 2430 1044 2483 rationem
1070 2434 1118 2482 et
1157 2440 1366 2480 causam
1392 2423 1567 2478 videor
1607 2419 1734 2476 mihi
1775 2417 1981 2475 tandem
2010 2432 2098 2470 as-

493 2533 720 2590 secutus,
741 2521 817 2577 sic
829 2520 1110 2593 respiciens
1123 2528 1408 2591 temporum
1426 2525 1719 2572 nostrorum
1735 2512 2098 2579 conditionem,

491 2618 570 2673 uel
595 2617 762 2687 potius
783 2615 1157 2686 confusionem,
1173 2612 1411 2688 judicavi
1430 2621 1564 2667 recte
1580 2609 1685 2665 dici
1706 2625 1908 2680 quoque
1929 2622 2098 2676 posse,

495 2709 865 2781 rempublicam
895 2709 1061 2781 magis
1103 2724 1214 2764 esse
1241 2709 1297 2762 in
1331 2706 1586 2770 Ecclesia,
1626 2720 1781 2774 quam
1819 2705 1883 2757 sit
1927 2700 2104 2757 Eccle-

495 2805 573 2860 sia
597 2803 649 2858 in
680 2803 965 2876 republica.
1003 2801 1100 2856 Est
1130 2801 1266 2856 enim
1306 2801 1602 2870 reipublicae
1631 2808 1892 2868 tamquam
1921 2811 2107 2864 corpo-

500 2898 597 2961 ris,
627 2896 740 2969 ipsa
776 2893 1011 2950 Ecclesia
1051 2893 1207 2949 veluti
1235 2893 1442 2960 anima;
1485 2902 1541 2946 ut
1583 2893 1626 2948 si
1658 2891 1767 2946 hwc
1795 2890 1988 2960 sapiat,
2028 2888 2106 2943 illi

2192 1875 2290 1930 que
2319 1861 2445 1915 adeo
2485 1863 2649 1934 legem
2688 1866 2877 1937 ofﬁcii,
2923 1877 2971 1923 et
3019 1870 3361 1942 conspirantis
3399 1889 3506 1926 cum
3538 1874 3731 1944 religione

2195 1952 2482 2023 sapientiai,
2521 1971 2637 2024 qum
2670 1957 2846 2012 turbas
2887 1975 3062 2015 ontnes
3104 1972 3153 2015 et
3196 1963 3321 2017 olim
3364 1967 3677 2036 composuerit,
3699 1975 3733 2022 et

2197 2060 2336 2098 nunc
2362 2063 2665 2119 componere
2689 2052 2870 2122 possit,
2900 2053 3018 2124 ipsa
3050 2065 3175 2110 uete:
3186 2057 3232 2109 is
3265 2055 3500 2112 Ecclesia:
3521 2069 3646 2128 atque
3660 2061 3734 2114 rei-

2199 2136 2415 2207 publicae
2448 2140 2664 2196 historia
2689 2145 3001 2216 suppeditat.
3035 2145 3176 2220 Ergo
3201 2165 3402 2222 semper
3415 2151 3638 2222 judicavi,
3663 2153 3734 2207 im-

2202 2233 2384 2302 primis
2407 2235 2774 2291 consulendam
2801 2238 2966 2312 338
2986 2257 3095 2295 esse
3119 2243 3403 2307 sapientem
3430 2254 3477 2299 et
3499 2245 3736 2315 religiosam

2201 2329 2551 2396 antiquitatem
2594 2346 2612 2384 :
2653 2347 2816 2402 neque
2852 2343 3098 2405 prwterea
3132 2344 3336 2389 tantum
3361 2337 3482 2391 mihi
3505 2353 3675 2409 arrogo,
3698 2347 3738 2394 ut

2203 2419 2266 2473 de
2299 2436 2355 2475 re
2383 2429 2526 2478 tanta
2564 2425 2866 2479 sententiam
2903 2425 3074 2481 dicere
3115 2443 3286 2482 meam
3316 2429 3463 2484 celim
3500 2447 3518 2485 :
3557 2447 3684 2502 neque
3709 2434 3739 2485 si

2204 2519 2402 2566 tantum
2431 2514 2558 2568 mihi
2585 2531 2803 2583 sumam,
2831 2518 2926 2572 sim
2954 2518 3220 2588 ferendus.
3255 2519 3283 2573 Ι
3294 2519 3405 2575 llud
3430 2525 3566 2577 modo
3587 2523 3739 2577 dicant:

2205 2605 2255 2693 si
2265 2606 2446 2675 quales
2472 2608 2593 2662 olim
2613 2608 2947 2666 Marcellinos
2970 2613 3387 2685 Augustinosque
3405 2616 3567 2670 habuit
3587 2616 3739 2688 Africa,

2206 2717 2342 2756 nunc
2371 2702 2574 2757 haberet
2617 2701 2810 2769 Callia,
2845 2725 3084 2778 magnam
3113 2711 3318 2782 sperari
3344 2728 3487 2783 posse
3508 2714 3744 2768 levationem

2205 2812 2381 2852 earum
2403 2798 2674 2864 malorum,
2702 2801 2885 2870 quibus
2908 2818 3046 2855 nunc
3067 2803 3359 2870 respublica
3384 2806 3623 2873 premitur.
3645 2804 3746 2872 Quid

2212 2897 2381 2943 autem
2409 2891 2582 2961 magni
2619 2891 2699 2946 illi
2726 2893 2823 2946 viri
2859 2901 2904 2947 et
2935 2895 3089 2949 ueluti
3121 2894 3318 2952 Heroes
3353 2899 3570 2969 fecerint,
3607 2897 3747 2952 tumul-

502 2989 628 3044 bene
651 3004 784 3056 esse;
805 2988 850 3042 si
876 2987 1124 3053 insaniat,
1148 2986 1283 3041 male
1301 3002 1410 3041 esse
1435 2995 1744 3040 statuamus.
1775 2981 1843 3036 Et
1860 2998 1979 3040 uero
2002 2981 2110 3035 sine
2213 2981 2471 3038 tuantibus
2498 2985 2551 3038 in
2580 2985 2760 3056 Africa
2799 2983 3105 3056 Donatistis,
3137 2999 3185 3043 et
3216 3007 3376 3062 quam
3400 2991 3550 3046 secuti
3580 2990 3663 3044 sint
3682 3004 3745 3041 ra-

508 3081 744 3138 Ecclesia
773 3080 898 3136 bene
927 3080 1228 3148 constituta,
1258 3095 1421 3150 neque
1461 3077 1599 3133 ullus
1627 3075 1922 3148 reipublicai
1949 3084 2110 3128 status
2214 3077 2401 3132 tionem
2426 3094 2605 3132 eorum
2630 3079 3070 3149 revincendorum,
3098 3093 3154 3136 ut
3183 3085 3354 3156 magis
3383 3085 3690 3157 intelligerent,
3711 3092 3749 3136 ts

505 3173 704 3230 stabilis
725 3173 832 3231 esl'e
855 3183 1036 3246 potest,
1065 3188 1228 3244 neque
1255 3181 1308 3226 ut
1329 3172 1599 3241 quisquam
1624 3185 1735 3224 esse
1756 3167 1936 3239 possit,
1962 3165 2113 3222 valde
2142 3179 2191 3241 Β
2218 3170 2329 3238 ipse
2374 3170 2560 3242 fecisti,
2605 3173 2692 3242 qui
2733 3172 2860 3226 mihi
2903 3174 3190 3229 collationis
3236 3173 3635 3249 Cartliaginensis
3670 3183 3749 3228 acts

508 3266 794 3339 optandum
826 3275 924 3331 est,
958 3265 1002 3320 si
1029 3265 1182 3320 modo
1204 3264 1317 3336 quis
1338 3280 1446 3319 esse
1473 3262 1650 3316 debeat
1672 3261 1793 3332 ﬁnis
1819 3276 1992 3315 rerum
2011 3258 2113 3313 hu-

509 3379 804 3428 manarum,
853 3361 1260 3416 meminerimus.
1294 3356 1482 3413 Fuisse
1519 3366 1692 3411 autem
1730 3370 1930 3427 semper
1951 3356 2118 3427 majo-

511 3473 594 3512 res
627 3454 878 3511 Ecclesia:
907 3469 1062 3524 quant
1096 3452 1395 3522 reipublicae
1427 3450 1550 3507 bene
1583 3447 1952 3505 constituenda:
1977 3447 2119 3518 diffi-

521 3549 740 3606 cultates
766 3564 868 3603 non
896 3563 1164 3619 negamus,
1195 3561 1359 3617 neque
1386 3545 1440 3598 in
1466 3545 1566 3598 ista
1593 3543 1823 3612 corrupti
1855 3542 1991 3597 orbis
2015 3550 2121 3594 ter-

516 3661 698 3701 rarum
721 3643 1014 3698 colluvione
1044 3643 1294 3696 miramur
1321 3649 1424 3694 tam
1457 3653 1676 3708 magnas
1711 3653 1911 3707 semper
1943 3635 2121 3708 fuisse,

518 3755 636 3795 cum
665 3738 948 3792 etiamnum
977 3734 1225 3790 acerrime
1247 3732 1578 3804 disceptetur,
1607 3729 1732 3803 quid
1760 3739 1807 3784 et
1835 3729 1921 3783 ubi
1949 3727 2127 3782 Eccle-

521 3834 602 3888 sia
628 3832 717 3897 sit,
753 3841 801 3885 et
833 3844 1070 3902 quaenam
1105 3835 1195 3882 aut
1233 3843 1295 3881 ea
1318 3826 1402 3892 sit,
1434 3834 1525 3879 aut
1552 3825 1665 3895 ejus
1691 3823 1861 3894 forma
1903 3839 2013 3878 esse
2037 3821 2128 3876 de-

525 3927 657 3982 beat.
691 3923 821 3980 Haec
869 3939 988 3980 vero
1028 3922 1244 3994 qumstio
1281 3929 1423 3976 tanto
1450 3921 1621 3990 major
1646 3928 1738 3985 est,
1780 3935 1881 3989 quo
1919 3917 2132 3990 majoris

525 4022 768 4093 ponderis
790 4031 837 4075 et
869 4021 1112 4075 momenti
1146 4035 1254 4073 rem
1278 4033 1389 4073 esse
1429 4023 1628 4073 constat
1660 4030 1680 4068 :
1705 4025 1750 4069 et
1783 4012 2029 4068 Ecclesia:
2050 4029 2134 4065 sa-

525 4117 650 4180 lute,
672 4112 970 4184 reipublica:
997 4111 1214 4166 salutem
1243 4110 1492 4164 contineri
1533 4109 1609 4178 (ut
1637 4117 1684 4161 et
1708 4105 1850 4161 illius
1872 4105 2135 4176 perturba-

527 4209 716 4264 tionem
740 4207 898 4277 hujus
923 4221 1124 4276 quoque
1139 4204 1454 4273 perturbatio
1485 4202 1758 4274 sequitur),
1777 4217 1977 4257 necesse
1996 4212 2065 4257 est
2085 4210 2140 4258 ut

529 4315 868 4373 agnoscamus
890 4316 910 4354 :
925 4315 1024 4371 quo
1044 4299 1206 4370 magis
1224 4308 1273 4353 et
1290 4308 1556 4368 utramque
1569 4297 1764 4352 salvam
1779 4312 1886 4352 esse
1901 4296 2136 4364 velimus,

532 4402 580 4448 et
593 4391 861 4463 utriusque
873 4391 1137 4448 servanda:
1148 4392 1400 4447 rationem
1413 4401 1692 4457 teneamus,
1707 4390 2011 4462 quicumque
2028 4406 2142 4458 pro—

534 4485 802 4555 spicimus,
848 4485 1016 4556 qualis
1057 4485 1251 4557 alioqui
1290 4484 1493 4556 utrique
1524 4483 1818 4553 impendeat
1848 4483 2138 4537 calamitas.

2221 3265 2457 3335 quaedam
2487 3269 2713 3321 nondum
2741 3267 2974 3339 evulgato
3019 3271 3432 3325 communicasti.
3469 3268 3639 3324 Eorum
3669 3281 3751 3321 vero

2226 3358 2376 3412 lectio
2406 3375 2485 3413 me
2503 3359 2732 3430 impulit,
2765 3369 2820 3415 ut
2848 3377 2958 3416 eam
2986 3361 3252 3416 historiam
3293 3364 3448 3418 altius
3476 3375 3703 3430 repeterem
3720 3367 3753 3413 et

2226 3451 2526 3524 diligentius
2556 3469 2903 3525 persequerer,
2931 3465 2978 3510 et
3005 3457 3320 3528 familiarius
3361 3473 3653 3528 exponerem.
3676 3469 3755 3508 cum

2228 3544 2454 3599 historia
2482 3543 2876 3614 Ecclesiasticte,
2904 3550 3055 3621 cujus
3081 3548 3370 3602 studiosum
3391 3565 3496 3604 esse
3523 3565 3591 3602 me
3609 3563 3686 3600 non
3701 3546 3756 3596 in-

2229 3638 2397 3709 ﬁcior,
2426 3655 2528 3693 non
2550 3639 2824 3711 ignobilem
2859 3650 3052 3711 partem
3081 3657 3192 3696 esse
3219 3643 3480 3709 sentirem,
3507 3651 3548 3695 et
3574 3640 3664 3711 ejus
3684 3652 3756 3690 me-

2232 3731 2446 3786 moriam
2476 3733 2612 3786 hisce
2641 3733 2950 3804 temporibus
2975 3733 3123 3789 valde
3151 3734 3330 3790 utilem
3361 3750 3467 3790 esse
3487 3750 3616 3804 posse
3634 3731 3759 3786 tristi-

2232 3823 2460 3880 mareml
2488 3824 2569 3878 Ad
2593 3841 2746 3896 quem
2774 3837 2945 3881 autem
2978 3843 3092 3882 eam
3117 3831 3386 3898 referrem,
3422 3828 3600 3881 diutius
3627 3825 3759 3878 delibe-

2234 3917 2458 3988 randum
2487 3932 2591 3971 non
2630 3934 2737 3972 esse
2781 3919 3089 3987 existimavi,
3134 3935 3250 3974 cum
3291 3929 3347 3974 tu
3392 3933 3669 3980 occurreres,
3701 3914 3760 3984 qui

2238 4013 2417 4067 auctor
2442 4022 2492 4067 et
2520 4016 2735 4086 adjutor
2763 4015 2928 4086 fuisti,
2969 4024 3024 4068 ut
3051 4015 3279 4086 aliquam
3310 4015 3431 4070 huic
3469 4009 3761 4068 commentario

2239 4122 2448 4178 Operam
2492 4107 2702 4162 darent:
2731 4119 2776 4161 et
2814 4109 3028 4164 idoneus
3061 4109 3319 4181 imprimis
3353 4111 3426 4166 sis
3443 4109 3597 4182 judea:
3629 4106 3762 4158 narunt

2240 4215 2411 4255 rerum
2445 4211 2494 4255 et
2542 4203 2898 4274 antiquitatum
2929 4200 3412 4258 Ecclesiasticarum
3440 4219 3585 4274 neque
3611 4215 3689 4253 non
3717 4193 3762 4247 ad

2244 4296 2518 4368 Augustini
2545 4298 2822 4368 quamdam
2848 4298 3183 4353 imitationem
3213 4308 3261 4353 te
3281 4314 3544 4370 compares
3569 4313 3586 4351 :
3609 4293 3764 4359 denique

2243 4389 2379 4444 venit
2407 4389 2460 4443 in
2490 4401 2727 4454 mentem,
2759 4406 2859 4446 non
2888 4390 3055 4447 solum
3080 4392 3455 4463 rempublicam
3477 4401 3523 4447 et
3547 4385 3764 4443 Ecclesium

2248 4483 2525 4554 plurimum
2569 4483 2660 4538 tibi
2703 4484 2900 4549 debere,
2950 4484 3041 4539 sed
3075 4495 3121 4539 et
3163 4485 3402 4555 privatim
3431 4500 3508 4538 me
3532 4482 3610 4537 tibi
3644 4477 3766 4532 multis

540 4574 718 4648 Neque
743 4593 882 4644 uero,
904 4578 1069 4647 qualis
1084 4588 1372 4650 quantaque
1393 4593 1530 4632 nunc
1549 4577 1816 4648 utriusque
1844 4592 1946 4630 non
1974 4577 2141 4631 solum
2166 4575 2212 4639 C
2247 4576 2536 4632 nominibus
2567 4578 2853 4632 devinctum
2875 4593 2984 4632 esse
3009 4595 3029 4633 :
3057 4594 3218 4648 neque
3242 4577 3335 4632 tibi
3364 4576 3531 4641 modo,
3560 4573 3637 4629 sed
3655 4579 3691 4625 et
3707 4584 3765 4622 ar-

539 4670 871 4743 perturbatio,
920 4671 1011 4726 sed
1039 4672 1191 4726 etiam
1219 4671 1453 4742 confusio
1500 4672 1590 4738 sit,
1633 4670 1880 4742 quarritur
1909 4684 1929 4724 :
1952 4669 2141 4724 scimus

541 4769 675 4820 enim
694 4767 965 4838 plusquam
979 4765 1130 4820 etiam
1143 4765 1401 4829 vellemus,
1417 4782 1525 4820 esse
1540 4765 1882 4820 tristissimam
1898 4773 1945 4818 et
1961 4764 2143 4817 miser-

545 4860 752 4916 rimam.
792 4861 981 4916 Verum
997 4862 1266 4932 qua'ritur,
1299 4875 1472 4931 ecqua:
1493 4869 1750 4914 tantorum
1777 4859 2034 4913 malorum
2052 4857 2142 4911 de-

546 4952 736 5022 pulsio,
757 4969 857 5007 non
875 4956 1039 5008 solum
1064 4955 1251 5025 optari,
1270 4955 1360 5008 sed
1377 4953 1530 5006 etiam
1547 4955 1746 5022 sperari
1768 4954 1947 5024 possit.
1975 4950 2141 5007 Audio

546 5047 680 5101 enim
708 5048 947 5102 attonitos
977 5049 1358 5120 gubernatores,
1388 5048 1432 5103 si
1458 5049 1544 5118 qui
1580 5049 1802 5120 sapiant,
1836 5049 1890 5103 id
1925 5048 2144 5103 sollicite

545 5157 794 5211 quaerere,
827 5157 952 5212 quos
980 5140 1175 5212 alioqui
1211 5157 1314 5194 non
1352 5141 1518 5194 solum
1551 5151 1725 5206 terret,
1756 5141 1845 5195 sed
1884 5141 2038 5196 etiam
2062 5142 2151 5195 de-

548 5234 837 5303 speratione
862 5232 1086 5305 quadam
1132 5232 1324 5304 fractos
1368 5243 1416 5287 et
1455 5231 1752 5301 debilitatos
1778 5233 2007 5304 percellit
2043 5235 2153 5288 haec

552 5335 820 5396 tempestas
837 5329 1044 5400 ejusque
1060 5329 1398 5403 intemperies.
1428 5328 1535 5384 Sed
1567 5344 1682 5381 cum
1710 5329 2027 5383 meminerim
2051 5345 2153 5384 non

553 5421 777 5478 minores
806 5422 936 5477 olim'
955 5423 1116 5494 fuisse
1141 5425 1350 5495 fluctus,
1384 5440 1447 5479 ea:
1479 5423 1662 5494 quibus
1690 5431 1856 5478 tamen
1893 5426 2153 5480 emet-serit

552 5523 599 5570 et
620 5515 909 5586 respublica
940 5526 986 5572 et
1010 5514 1264 5584 Ecclesia,
1297 5518 1513 5574 consilio
1541 5527 1588 5573 et
1614 5516 1800 5572 uirtute
1819 5533 2029 5573 suorum
2057 5519 2150 5575 de-

554 5610 819 5678 fensorum
847 5606 1104 5676 liberata;
1152 5625 1255 5665 non
1293 5611 1527 5665 existimo
1557 5609 1731 5665 deesse
1768 5609 2062 5677 consilium,
2109 5611 2155 5667 si

555 5702 653 5758 sibi
683 5713 732 5760 et
761 5720 856 5758 suo
883 5706 1085 5761 muneri
1115 5721 1219 5760 non
1239 5705 1405 5761 desint
1431 5705 1530 5777 ipsi
1557 5714 1777 5760 rectores
1800 5703 1984 5776 quibus
2007 5721 2155 5760 man-

557 5795 734 5852 datum
755 5807 847 5866 est,
878 5815 1085 5869 operam
1112 5808 1165 5854 ut
1191 5801 1332 5867 dent,
1370 5815 1436 5856 ne
1463 5798 1586 5870 quid
1601 5799 1679 5858 vel
1703 5800 1812 5856 lucc
1837 5797 1917 5854 vel
1945 5799 2037 5858 illa
2066 5799 2155 5855 de-

2245 4668 2644 4742 chigrammateo
2673 4669 2823 4742 fratri
2850 4680 2958 4735 tuo,
2985 4680 3033 4725 et
3067 4670 3290 4726 dominis
3316 4689 3348 4725 a
3386 4670 3448 4726 S.
3477 4668 3673 4729 Andrea,
3694 4667 3768 4732 frte

2248 4763 2430 4828 tribus,
2460 4763 2558 4818 tuis
2589 4763 2846 4834 affinibus,
2868 4763 2992 4819 uiris
3015 4762 3318 4818 clarissimis
3339 4773 3488 4833 atque
3511 4752 3764 4814 doctissimis.

2251 4857 2428 4930 Neque
2457 4874 2581 4912 sane
2620 4858 2961 4928 testificanda:
2988 4873 3112 4912 mea:
3140 4873 3261 4928 erga
3283 4865 3331 4910 te
3354 4866 3404 4910 et
3433 4866 3541 4908 tuos
3567 4855 3770 4906 observan-

2247 4953 2332 5007 tia:
2360 4953 2609 5006 rationem
2639 4952 2897 5007 meliorem
2919 4968 3026 5006 esse
3037 4951 3296 5025 judicavi,
3318 4965 3472 5022 quam
3497 4947 3675 5020 hujusce
3687 4953 3769 4994 σοπ-

2250 5047 2355 5102 silii
2381 5047 2677 5102 relationem
2711 5063 2729 5100 .'
2760 5062 2921 5117 neque
2943 5047 2989 5100 si
3033 5045 3096 5098 de
3132 5045 3329 5115 privato
3367 5052 3536 5097 nostro
3551 5043 3657 5112 jure
3678 5029 3772 5086 εἱάῆ

2253 5140 2470 5194 otiosam
2498 5147 2544 5193 et
2583 5137 2828 5192 humilem
2855 5147 2900 5192 et
2925 5138 3095 5192 tritam
3119 5137 3348 5207 aliquam
3367 5151 3430 5189 ea:
3453 5129 3612 5186 subtili
3629 5123 3770 5190 pulte"

2255 5235 2332 5289 uel
2357 5233 2460 5304 fori
2486 5232 2565 5288 uel
2589 5232 2840 5286 auditorii
2867 5232 3092 5304 alicujus
3122 5229 3519 5301 disputationem
3543 5227 3770 5291 repetat”.

2257 5324 2543 5380 existimavi
2569 5326 2842 5392 gratiorem
2868 5323 2958 5377 tibi
2987 5325 3097 5394 fore
3132 5325 3244 5396 ejus
3287 5319 3506 5374 niuneris
3533 5312 3771 5369 editionem:

2257 5419 2448 5476 veritus
2469 5436 2582 5474 sum
2612 5419 2805 5491 potius,
2838 5434 2899 5472 ne
2924 5428 3044 5472 tunc
3070 5416 3299 5472 audirem
3326 5426 3466 5470 vetus
3484 5411 3616 5479 illud,

2329 5556 2448 5613 Non
2477 5555 2580 5612 hoc
2610 5555 2712 5612 ista
2741 5554 2844 5611 sibi
2873 5562 3086 5626 tempus
3112 5551 3420 5625 spectacula
3446 5549 3618 5622 poscit.

2339 5693 2488 5765 Vale,
2517 5691 2736 5750 liutetice
2765 5690 3092 5749 Parisiorum
3114 5688 3317 5747 kalend.
3345 5685 3489 5759 April
3515 5680 3653 5739 £566.
3748 5651 3766 5664 "
