3996 6332
249 253 355 312 HM

555 376 719 452 339
771 375 1263 455 LECTORI.

310 537 373 594 De
390 535 561 594 Enea
583 543 863 607 spectante
889 531 1371 606 Cartliaginensem
1396 529 1659 603 picturam
1686 527 1816 587 belli

250 631 442 706 Trojani
473 631 693 702 scripsit
722 630 853 686 olim
893 629 1071 686 bonus
1101 629 1305 684 Poeta:

532 747 762 797 Animum
777 745 968 808 pictura
993 741 1150 808 pascit
1168 741 1302 792 inani

408 809 558 862 Multa
581 821 915 872 gemens......

313 917 412 991 Ego
443 931 578 975 vero
605 923 665 971 ut
703 912 992 970 Eneidem
1037 911 1188 967 illam
1221 907 1512 982 aliquando
1550 905 1822 996 relegens,

253 1028 390 1086 quam
415 1009 547 1066 mihi
582 1023 752 1080 puero
798 1007 852 1062 in
882 1004 1010 1060 ludo
1036 1003 1351 1075 praelectam
1385 1001 1552 1059 fuisse
1576 997 1824 1068 memini,

255 1121 303 1169 et
318 1123 546 1166 meorum
569 1118 790 1161 casuum
810 1100 1179 1159 conditionem
1199 1111 1520 1169 comparans
1533 1096 1680 1153 varie
1704 1093 1828 1150 afﬁ-

255 1205 373 1273 cior,
399 1202 629 1259 multum
653 1200 769 1271 ipse
798 1204 854 1253 et
882 1196 1046 1252 terris
1087 1194 1322 1266 jactatus
1374 1201 1431 1248 et
1467 1191 1621 1247 alto:
1665 1189 1746 1246 sic
1775 1189 1828 1244 in

256 1299 343 1354 ista
372 1295 623 1354 Ecclesiae
652 1308 824 1367 prope
853 1289 1154 1362 deploratzc
1176 1287 1489 1345 calamitate
1517 1296 1570 1343 et
1590 1300 1833 1342 commu-

257 1393 399 1449 nibus
439 1389 752 1461 reipublicae
789 1385 1052 1452 miseriis,
1094 1383 1287 1455 quibus
1316 1397 1423 1437 non
1465 1382 1644 1437 minus
1670 1393 1832 1451 quam

256 1484 460 1558 privatis
487 1483 746 1539 aerumnis
773 1493 1144 1544 commoveor,
1179 1483 1430 1533 moestum
1469 1473 1709 1528 animum
1749 1480 1836 1527 ut-

256 1593 468 1650 cumque
493 1591 656 1650 pasco
686 1583 934 1631 veterum
959 1571 1309 1627 historiarum
1347 1566 1746 1631 recordatione,
1781 1563 1836 1620 in

260 1674 438 1746 quibus
468 1672 634 1727 multa
673 1669 836 1726 etiam
875 1673 1187 1744 occurrunt,
1218 1677 1340 1735 qum
1371 1677 1457 1717 me
1500 1660 1840 1732 gemitusque

258 1782 394 1824 meos
435 1763 810 1822 consolentur.
843 1760 978 1817 Cum
1011 1769 1195 1814 autem
1242 1755 1297 1810 id
1338 1769 1502 1824 agens
1534 1753 1674 1808 forte
1701 1748 1916 1851 inci-B

257 1860 445 1916 dissem
489 1859 542 1914 in
580 1855 827 1928 qumdam
873 1859 1223 1909 monumenta
1251 1848 1511 1905 Ecclesiae
1554 1843 1838 1915 Carthagi-

259 1953 450 2018 ncnsis,
490 1949 545 2006 in
595 1948 814 2019 quibus,
866 1960 974 2002 non
1016 1952 1077 1999 ut
1107 1942 1199 2000 ille
1242 1943 1293 1996 in
1337 1939 1540 2009 templo
1592 1936 1839 2004 Didonis,

257 2049 440 2119 pictam
469 2044 596 2101 belli
625 2041 847 2114 Trojani
875 2038 1154 2095 historiam
1185 2035 1282 2092 sed
1311 2031 1709 2090 Ecclesiasticae
1734 2046 1844 2087 cu-

251 2140 453 2214 jusdam
482 2137 551 2194 de
585 2135 826 2192 Ecclesia
853 2148 976 2190 cum
1005 2128 1300 2186 Donatistis
1327 2124 1713 2197 disputationis
1740 2138 1844 2179 no-

256 2231 586 2289 hillissimam
613 2225 1037 2297 descriptionem
1068 2221 1338 2294 legebam,
1371 2220 1450 2275 sic
1469 2219 1589 2290 ejus
1619 2233 1706 2272 me
1735 2216 1846 2272 lec-

258 2331 328 2384 tio
349 2323 628 2389 recreavit,
661 2331 723 2378 ut
747 2319 906 2376 simul
934 2317 1177 2389 cogitans
1198 2315 1267 2371 de
1289 2320 1598 2369 nostrorum
1631 2318 1845 2381 tempo-

257 2436 368 2477 rum
403 2415 791 2475 certaminibus
834 2426 979 2483 saepe
1024 2406 1401 2482 ingentuerim.
1439 2403 1679 2473 Memini,
1723 2417 1847 2459 cum

256 2516 558 2573 Ratisbona:
589 2512 646 2568 in
677 2507 968 2568 Germania
1007 2505 1235 2562 Carolus
1265 2502 1307 2558 V
1351 2503 1482 2572 imp.
1525 2499 1764 2566 comitia,
1794 2496 1847 2553 in

255 2609 442 2681 quibus
470 2605 538 2662 de
576 2603 840 2676 religione
869 2598 1154 2671 quaisitutn
1188 2607 1352 2666 atque
1377 2594 1710 2663 diSputatum
1741 2599 1847 2656 est,

257 2703 493 2769 haberet,
526 2697 806 2755 laudatum
835 2693 1005 2750 fuisse
1031 2700 1186 2748 vetus
1215 2689 1523 2760 exemplum
1552 2687 1696 2742 illius
1724 2685 1852 2740 Car-

256 2791 584 2867 thaginensis
605 2791 689 2864 (ut
711 2797 899 2846 vocata
931 2784 1036 2860 est)
1061 2783 1371 2842 collationis
1396 2799 1408 2835 :
1429 2791 1481 2838 et
1513 2780 1718 2851 aliquot
1735 2785 1856 2849 post

209 2899 214 2903 ’
253 2889 428 2954 annis,
459 2900 585 2943 cum
615 2886 666 2939 in
693 2882 924 2940 Galliam
955 2892 1218 2936 reversus
1257 2875 1421 2932 etiam
1452 2874 1768 2952 incidissem
1799 2871 1853 2928 in

255 2994 576 3044 conventum
625 2981 771 3037 illmn
822 2978 1132 3043 Posiacum,
1181 2977 1236 3031 in
1269 2990 1377 3045 quo
1423 2986 1531 3026 non
1575 2967 1854 3025 dissimilis

253 3077 468 3135 collatio
498 3089 687 3130 rursus
725 3071 971 3128 instituta
1017 3083 1138 3125 esse
1184 3066 1492 3129 dicebatur,
1543 3076 1651 3117 non
1697 3059 1856 3114 dissi-

1087 239 1414 304 HISTORIA
1450 236 2056 303 CARTHAGINENSIS
2092 233 2569 297 COLLATIONIS.

1837 368 1892 430 Α
1918 357 2114 430 quique
2141 356 2438 415 etiamnum
2463 354 2658 413 eodem
2687 349 2939 425 exemplo
2955 362 3304 425 compescere
3329 358 3514 424 posset

3367 232 3509 294 1442

1921 451 2061 508 alios
2086 449 2205 522 ejus
2245 450 2464 522 generis
2488 446 2806 520 ordinisque
2843 454 3057 520 togatos
3088 459 3198 503 non
3225 442 3511 516 leguleius,

1922 543 2018 601 sed
2060 545 2385 601 nebulones.
2428 543 2561 600 Nam
2599 553 2653 600 et
2700 543 2834 598 tales
2864 539 3162 598 etiamnum
3209 537 3517 596 ardeliones

1923 635 2091 693 simili
2119 635 2441 708 intemperie
2489 634 2804 703 incitantur,
2857 643 2918 692 ut
2960 633 3235 701 allatrent,
3283 645 3513 703 quorum

1926 729 2145 802 linguae,
2201 729 2327 800 quia
2382 728 2675 786 meritoria:
2734 736 2880 797 sunt,
2926 724 3265 784 meretricias
3301 736 3520 796 quoque

1926 838 2074 880 nunc
2100 836 2222 880 esse
2251 821 2518 880 videmus.
2562 821 2679 879 Non
2707 822 2882 879 ausim
2921 836 3042 879 cum
3087 818 3353 877 Petiliano
3387 831 3522 875 con-

1928 916 2076 974 ferre
2107 915 2308 974 bonum
2341 916 2493 972 illum
2531 914 2900 982 Theodorum,
2927 930 3089 988 quem
3119 913 3333 987 quidam
3364 926 3525 970 vesa-

1930 1028 2059 1067 num
2089 1019 2308 1078 vocant,
2340 998 2682 1074 aliiinarrant
2712 1012 2764 1067 in
2787 1011 3010 1068 Posiaca
3036 1009 3118 1082 (ut
3138 1009 3258 1082 ipse
3288 1005 3525 1079 vocavit)

1933 1103 2273 1170 velitatione,
2306 1103 2483 1160 visum
2504 1118 2638 1162 esse
2666 1103 2825 1159 valde
2850 1112 3150 1170 versutum,
3176 1103 3223 1159 si
3251 1118 3357 1160 non
3382 1110 3530 1158 vete-

1933 1215 2148 1266 ranum,
2179 1206 2234 1254 at
2261 1206 2412 1255 certe
2436 1207 2824 1266 veteratorem.
2865 1197 3002 1254 lllud
3035 1197 3194 1253 modo
3219 1195 3376 1253 dico:
3407 1211 3532 1253 cum

1937 1293 1990 1348 in
2014 1292 2425 1367 Carthaginensi
2453 1293 2620 1350 veluti
2653 1308 2818 1349 arena
2845 1293 3013 1349 multa
3043 1300 3249 1360 essent,
3278 1306 3399 1364 quae
3425 1290 3532 1347 Pe-

1939 1385 2188 1442 tilianum
2237 1385 2613 1456 debilitarent,
2653 1387 2827 1443 multa
2875 1401 3007 1443 vero
3037 1387 3091 1442 in
3138 1385 3386 1453 Posiaca,
3416 1400 3538 1457 qua:

1939 1478 2261 1549 adiuvarent
2297 1478 2669 1549 Theodorum,
2704 1479 2908 1537 factum
2943 1489 3124 1537 tamen
3167 1493 3311 1549 esse,
3356 1486 3416 1534 ut
3453 1478 3541 1536 hic

1943 1587 2048 1627 non
2088 1573 2268 1628 minus
2293 1588 2453 1645 quam
2485 1574 2575 1631 ille
2621 1574 2676 1630 in
2709 1573 2822 1630 luto
2869 1574 3112 1640 haeserit,
3162 1589 3285 1630 cum
3321 1582 3554 1630 ventum.

1942 1675 2087 1723 esset
2111 1666 2177 1722 ad
2205 1668 2544 1738 questionem
2576 1667 2644 1724 de
2687 1667 2958 1736 Ecclesia,
3011 1669 3063 1724 in
3092 1683 3196 1739 qua
3227 1682 3414 1723 rursus
3444 1681 3541 1723 oc-

1942 1760 2200 1815 currebat
2228 1760 2585 1833 Augustinus,
2641 1768 2913 1832 tamquam
2957 1760 3236 1831 scopulus.
3277 1759 3390 1816 Imo
3417 1774 3542 1816 cum

1945 1852 2264 1910 Theodorus
2288 1855 2379 1912 ille
2401 1863 2529 1911 ante
2552 1854 2779 1925 primam
2803 1855 2970 1912 veluti
2996 1855 3309 1920 coitionem,
3331 1853 3548 1911 confes-

1947 1950 2155 2004 sionem
2183 1964 2294 2004 suae
2320 1949 2529 2005 scilicet
2559 1947 2706 2017 ﬁdei,
2739 1957 2848 2005 tam
2898 1964 3021 2017 suo,
3053 1964 3215 2021 quam
3246 1948 3546 2006 multorum

1947 2042 2248 2111 Gallorum,
2282 2043 2370 2114 qui
2420 2053 2601 2099 tamen
2649 2059 2768 2099 eam
2809 2058 3098 2114 numquam
3148 2045 3412 2116 legerant,
3450 2055 3549 2099 no-

1950 2137 2098 2194 mine
2127 2137 2371 2205 olferret,
2398 2137 2664 2210 principio
2692 2137 2975 2209 professus
2995 2145 3080 2194 est
3114 2152 3175 2194 se
3211 2137 3469 2194 damnare
3495 2143 3552 2194 et

1949 2227 2207 2284 detestari
2251 2238 2432 2285 sectas
2459 2244 2650 2286 omnes
2678 2239 2731 2285 et
2759 2229 3020 2298 haereses,
3060 2245 3180 2301 qua:
3204 2229 3333 2286 olim
3363 2230 3420 2284 in
3452 2229 3552 2285 Ec-

1955 2323 2118 2378 clesia
2155 2322 2425 2378 damnatae
2454 2333 2641 2380 essent
2668 2323 2766 2378 abs
2808 2325 3013 2379 sanctis
3061 2323 3402 2392 doctoribus,
3458 2322 3555 2380 abs

1952 2414 2142 2470 Hilarii
2167 2425 2222 2471 et
2249 2413 2535 2470 Athanasii
2567 2399 2904 2487 temporibus
2927 2430 3097 2488 usque
3121 2416 3188 2472 ad
3209 2415 3557 2473 Ambrosium

1955 2518 2009 2564 et
2040 2508 2328 2580 Cyrillum.
2365 2507 2624 2565 Riserunt
2652 2507 2872 2581 quidam
2900 2509 2953 2564 in
2987 2510 3081 2564 illo
3123 2519 3416 2578 conventu,
3449 2518 3560 2565 tam

1954 2601 2190 2672 ineptam
2218 2615 2341 2674 quae
2371 2609 2551 2658 tamen
2583 2610 2690 2657 tam
2716 2600 2809 2658 diu
2834 2612 2891 2658 et
2917 2601 3075 2658 valde
3115 2601 3393 2658 elaborata
3429 2601 3561 2660 aﬁ‘e—

1960 2698 2203 2766 rebatur,
2252 2697 2482 2770 proferri
2513 2698 2838 2766 orationem,
2875 2713 2997 2770 quae
3032 2697 3388 2770 conjungeret
3422 2695 3556 2754 Am-

1955 2793 2198 2849 brosium
2226 2807 2347 2850 cum
2375 2792 2600 2866 Cyrillo,
2636 2803 2692 2851 et
2733 2792 3065 2866 signiﬁcaret
3105 2808 3356 2865 magnum
3387 2791 3562 2865 quod-

1956 2887 2080 2943 dam
2121 2889 2380 2959 temporis
2402 2887 2747 2944 intervallum
2795 2887 2962 2945 fuisse
3006 2888 3148 2944 inter
3175 2886 3590 2956 Athanasium,.

1959 2981 2292 3038 llilarinmve
2323 2991 2377 3038 et
2406 2981 2774 3048 Ambrosium,
2807 2997 2930 3037 cum
2964 2989 3140 3037 tamen
3168 2980 3284 3052 ipse
3318 2980 3567 3037 Theodo-

1957 3095 2072 3142 rus.
2099 3080 2360 3136 miriﬁcus
2390 3077 2554 3152 31.0
2583 3077 2972 3150 cbronologus,
3022 3093 3196 3150 nuper
3224 3075 3292 3132 ad
3330 3075 3568 3132 Polonos

255 3169 454 3228 ntttlavi
481 3178 703 3225 exstare
747 3164 802 3220 in
830 3163 1098 3219 Africanrr.
1129 3158 1386 3216 Ecclesia:
1427 3155 1653 3212 historia
1683 3152 1855 3249 veteri
1883 3185 1930 3249 ρ
1961 3174 2226 3240 scribens,
2276 3175 2558 3247 scripserit
2607 3173 2867 3230 Hilarium
2918 3172 3089 3230 fuisse
3132 3175 3433 3249 σύγχρονον
3461 3170 3573 3226 Au-

255 3265 562 3337 exemplum
608 3258 987 3322 memorabile,
1036 3257 1089 3313 in
1135 3255 1280 3327 quod
1313 3254 1431 3308 haec
1481 3258 1615 3306 aetas
1660 3247 1856 3304 intueri

253 3361 498 3419 deberet.
524 3357 633 3416 Sed
653 3356 818 3430 quid?
843 3353 1030 3426 Neque
1052 3351 1350 3409 Marcellini
1376 3347 1660 3420 prresides,
1686 3359 1863 3418 neque

253 3455 540 3529 Augustini
567 3454 841 3508 antistites
867 3465 1009 3505 nunc
1036 3461 1226 3504 rursus
1252 3450 1572 3507 occurrunt,
1606 3451 1664 3497 ut
1694 3440 1863 3496 Cres-

253 3550 401 3607 conii
446 3546 782 3621 grammatici
827 3552 884 3600 et
920 3541 1170 3599 Petiliani
1205 3537 1488 3596 causidici.
1521 3536 1696 3591 Tanto
1734 3548 1866 3590 vero

256 3645 434 3716 magis
465 3651 549 3700 est
599 3654 826 3696 necesse
869 3648 930 3694 ut
957 3644 1269 3694 recurratur
1298 3633 1365 3689 ad
1407 3629 1697 3688 consilium
1728 3644 1868 3700 prte-

251 3739 566 3808 sidinmque
597 3736 753 3792 bonae
783 3731 1145 3803 antiquitatis,
1173 3729 1326 3800 cujus
1347 3742 1410 3783 ea
1437 3735 1521 3783 est
1547 3721 1864 3789 auctoritas,

254 3841 318 3887 nt
368 3829 762 3886 audacissimos
819 3825 983 3883 etiam
1031 3821 1379 3880 adversarios
1444 3834 1590 3890 smpe
1643 3826 1864 3874 terreat.

251 3925 390 3983 Feci
417 3924 598 3994 itaque
629 3920 997 3993 perlubenter,
1031 3926 1088 3973 ut
1110 3917 1255 3972 illius
1281 3912 1721 3983 Carthaginensis
1744 3910 1862 3984 (ους

244 4020 347 4091 jus
391 4017 554 4074 modo
610 4013 850 4086 memini)
907 4010 1219 4068 collationis
1267 4017 1414 4074 acta,
1459 4024 1579 4079 qutc
1628 4005 1868 4062 nondum

250 4113 405 4170 edita
436 4109 569 4166 mihi
617 4106 1041 4164 communicavit
1079 4103 1322 4160 Joannes
1361 4101 1536 4158 Titius
1581 4099 1872 4157 Meldensis

249 4209 552 4279 episcopus
589 4202 939 4260 doctissimus
970 4201 1303 4266 evolverem,
1332 4208 1389 4254 et
1429 4212 1552 4253 cum
1585 4195 1874 4267 Augustini

248 4299 550 4358 Breviculo
601 4296 930 4354 conferrem.
982 4294 1118 4350 Nam
1172 4301 1228 4349 et
1273 4293 1328 4348 in
1382 4291 1450 4346 iis
1478 4304 1699 4362 aspersa
1749 4296 1877 4345 sunt

249 4395 438 4451 multa
487 4391 624 4462 juris
671 4388 846 4445 nostri
884 4387 1052 4443 veluti
1099 4384 1452 4451 emblemata,
1502 4391 1557 4438 et
1603 4384 1876 4438 actionem

246 4485 826 4558 disceptationemque
847 4480 1128 4537 continent
1156 4477 1225 4534 de
1257 4475 1500 4533 Ecclesia
1541 4489 1710 4546 prope
1734 4473 1873 4531 civi.

1964 3268 2187 3340 gustini.
2218 3268 2324 3324 Sed
2349 3268 2486 3324 tales
2512 3267 2874 3336 seltecismos,
2897 3282 3035 3338 quos
3050 3265 3378 3323 scholastica
3403 3264 3571 3322 ferula

1965 3359 2276 3430 castigaret,
2307 3359 2534 3417 barbato
2565 3361 2829 3432 magistro
2857 3368 2964 3415 tam
2998 3358 3159 3416 facile
3194 3357 3574 3416 condonarunt

1967 3453 2094 3511 boni
2135 3453 2436 3520 auditores,
2465 3469 2626 3525 quam
2655 3453 2833 3510 mirati
2879 3461 3027 3521 sunt,
3068 3452 3148 3509 sic
3177 3466 3301 3510 eum
3345 3450 3494 3524 loqui
3519 3459 3578 3508 et

1967 3547 2233 3610 scribere,
2267 3557 2325 3602 ut
2354 3561 2486 3604 non.
2507 3545 2669 3602 modo
2706 3561 2814 3602 non
2847 3545 3127 3602 videretur
3154 3543 3419 3601 damnare
3462 3542 3578 3599 ha:-

1969 3654 2144 3708 reses,
2172 3653 2294 3709 qua:
2324 3649 2451 3694 ante
2486 3647 2729 3710 tempora
2775 3638 2963 3696 Hilarii
2991 3637 3276 3700 damnatae:
3304 3645 3451 3703 sunt,
3479 3633 3579 3694 sed

1971 3733 2132 3788 etiam
2183 3730 2520 3803 signiﬁcaret
2566 3731 2878 3803 approbare
2906 3746 2968 3788 se
3011 3731 3192 3787 omnia
3233 3729 3435 3788 veteris
3475 3727 3580 3785 Ec-

1969 3825 2150 3882 clesiae
2194 3823 2396 3894 judicia
2437 3841 2466 3879 a
2499 3825 2833 3897 temporibus
2879 3824 3069 3882 Hilarii
3101 3839 3270 3896 usque
3309 3822 3376 3880 ad
3405 3820 3581 3894 Cyril-

1970 3918 2104 3976 lum.
2137 3917 2244 3974 Sed
2269 3917 2361 3990 qni
2391 3917 2584 3975 sedato
2613 3917 2795 3973 animo
2821 3927 2928 3974 tam
2949 3916 3232 3973 confusam
3256 3925 3311 3972 et
3334 3914 3581 3972 incondi-

1973 4020 2080 4067 tam
2123 4009 2520 4068 confessionem
2569 4009 2886 4078 audiebant,
2929 4009 3242 4081 judicarunt
3289 4006 3580 4080 quamdam

1975 4121 2098 4164 esse
2128 4105 2546 4176 trepidationem
2577 4081 2856 4160 h‘ominum
2885 4102 2952 4159 ad
2995 4102 3266 4174 religiosae
3293 4100 3584 4173 antiquita-

1979 4199 2048 4256 tis
2087 4198 2320 4255 tribunal
2351 4198 2506 4255 velut
2532 4205 2880 4254 evocatorum
2911 4213 2925 4251 :
2966 4207 3018 4252 et
3045 4205 3320 4268 optarunt,
3363 4203 3421 4250 ut
3459 4209 3584 4250 cum

1977 4293 2046 4348 ad
2091 4309 2153 4349 se
2197 4291 2508 4358 rediissent,
2567 4301 2674 4348 tam
2723 4283 2852 4348 sibi'
2884 4299 3221 4359 constarent,
3275 4298 3334 4346 ut
3381 4289 3589 4360 simpli-

1979 4383 2114 4439 citer
2141 4390 2519 4454 agnoscerent,
2562 4383 2821 4439 Ecclesia:
2845 4383 2956 4454 jam
2999 4381 3124 4439 inde
3161 4383 3232 4439 ab
3274 4383 3587 4455 apostolicis

1983 4478 2316 4549 temporibus
2361 4486 2677 4549 perpetuam
2707 4479 3145 4544 consensionem,
3191 4479 3281 4536 ubi
3323 4479 3584 4547 occurrit,

241 4581 370 4637 lem
407 4597 420 4634 :
469 4587 524 4635 et
571 4588 628 4632 ut
670 4574 919 4648 cognitor
965 4580 1126 4644 atque
1153 4569 1324 4642 judex
1375 4577 1461 4626 est
1503 4567 1873 4637 Marcellinus,
1902 4584 1958 4646 Ι)
1983 4586 2190 4643 magna:
2221 4584 2344 4627 esse
2373 4570 2712 4626 auctoritatis
2747 4588 2762 4626 :
2793 4580 2849 4627 et
2873 4585 3007 4628 vero
3034 4586 3157 4628 cum
3189 4572 3254 4628 ad
3283 4587 3402 4629 eam
3432 4587 3590 4629 revo-

242 4688 520 4746 magnum
547 4667 998 4742 juris-prudentia:
1025 4664 1214 4731 decus,
1249 4664 1331 4719 sic
1357 4672 1572 4719 actores
1607 4670 1735 4716 sunt
1767 4674 1872 4716 non

241 4768 506 4840 imperiti
531 4765 860 4837 judiciorum
893 4761 1212 4816 forensium.
1257 4759 1369 4814 luto
1415 4757 1736 4823 Petilianus,
1783 4756 1876 4827 qui

243 4864 536 4920 malarum
561 4858 790 4931 partium
815 4865 1077 4928 patronus
1097 4863 1179 4910 est
1197 4853 1249 4908 in
1279 4853 1382 4908 hac
1404 4867 1585 4918 causa,
1614 4850 1882 4907 versutior

240 4957 369 5014 fuit
397 4953 728 5019 causidicus,
748 4961 803 5008 et
825 4949 1120 5008 forensium
1139 4947 1455 5004 cantionum
1478 4957 1640 5018 atque
1663 4945 1882 5002 cavilla-

242 5051 484 5108 tionum
506 5047 750 5120 peritior,
767 5060 929 5118 quam
949 5058 1108 5100 causa
1126 5041 1444 5113 postularet.
1463 5038 1581 5096 Non
1598 5040 1742 5096 enim
1762 5053 1885 5095 eum

241 5145 332 5202 ad
367 5141 822 5216 gubernationem
841 5138 1087 5196 ecclesiae
1123 5137 1527 5192 Donatistarum
1555 5135 1879 5200 transiisset,

239 5235 522 5294 oblivisci
545 5231 932 5306 potuitveteris
960 5245 1073 5286 sua:
1099 5228 1510 5306 consuetudinis
1527 5237 1581 5284 et
1608 5228 1761 5285 artis.
1785 5225 1884 5284 So-

237 5304 646 5397 lebatjactarc
664 5323 962 5396 potentiam
985 5304 1428 5393 quondam-suam
1450 5321 1504 5375 in
1529 5319 1885 5376 advocatione

241 5423 508 5489 forensi,
537 5431 592 5476 ut
634 5418 964 5491 Augustinus
991 5416 1066 5471 ait
1095 5415 1210 5489 (lib.
1242 5430 1302 5470 tu
1333 5425 1515 5470 contra
1549 5411 1731 5480 Petil.,
1761 5431 1879 5486 cap.

243 5517 395 5587 1⁵7).
430 5514 537 5572 Sed
569 5513 707 5568 bene
734 5511 918 5576 habet,
953 5509 1114 5566 talem
1140 5508 1383 5565 rabulam
1413 5523 1522 5566 non
1551 5509 1713 5565 modo
1743 5508 1884 5565 inci-

242 5609 432 5666 disse
464 5609 516 5664 in
543 5606 939 5669 Marcellinum,
965 5601 1061 5658 sed
1093 5603 1389 5659 incurrisse
1419 5603 1468 5658 in
1490 5603 1669 5674 ipsum
1701 5605 1888 5675 Angu-

234 5703 506 5770 stinum,
546 5699 638 5772 qui
679 5699 1047 5770 importunum
1098 5695 1351 5751 latratum
1401 5695 1552 5752 canis
1599 5697 1790 5768 impuri
1835 5707 1890 5752 et

239 5799 267 5857 i
279 5816 345 5857 m
351 5795 638 5873 pudentis,
661 5794 802 5868 justa
821 5791 1080 5866 gravique
1101 5791 1457 5863 responsione
1470 5792 1855 5863 comprimeret
1877 5807 1890 5846 :

1981 4677 2134 4724 catus
2158 4673 2305 4722 esset
2337 4665 2512 4721 bonus
2539 4664 2879 4734 Theodorus,
2911 4665 3033 4723 sine
3065 4665 3252 4722 fraude
3281 4673 3495 4737 poterat
3522 4665 3590 4723 lis

1985 4759 2236 4830 transigi,
2266 4757 2310 4813 si
2343 4757 2482 4813 bona
2527 4755 2617 4814 ille
2654 4755 2760 4813 ﬁde
2801 4758 3024 4829 egisset.
3058 4758 3192 4815 Nam
3217 4767 3273 4815 et
3313 4768 3371 4814 ut
3412 4759 3593 4815 minus

1984 4853 2278 4918 dubitaret,
2309 4851 2691 4924 proferebatur
2713 4853 2856 4925 quod
2882 4854 2951 4911 ah
2980 4854 3102 4926 ejus
3129 4853 3392 4926 magistro
3419 4853 3475 4912 in
3505 4855 3591 4912 in-

1985 4947 2272 5003 stitutione
2314 4945 2579 5017 scriptum
2620 4955 2759 5014 erat,
2793 4947 3154 5020 Augustinum
3199 4948 3400 5005 merito
3442 4947 3597 5021 obje-

1987 5043 2132 5097 cisse
2162 5040 2461 5097 Donatistis
2488 5042 2894 5099 successionem
2927 5041 3193 5100 Ecclesia:
3223 5043 3591 5101 continuatae:

1991 5150 2098 5191 non
2112 5133 2256 5190 enim
2275 5131 2494 5191 dubium
2511 5149 2652 5203 esse,
2676 5134 2811 5191 nihil
2830 5135 3062 5206 interea,
3079 5138 3368 5210 nequidem
3382 5136 3594 5205 Romae,

1992 5239 2259 5286 mutatum
2290 5229 2343 5284 in
2365 5228 2611 5286 doctrina
2649 5230 2767 5302 ipsa
2796 5229 2984 5288 fuisse.
3018 5231 3126 5287 Sed
3166 5246 3288 5287 cum
3320 5231 3596 5302 prospice-

1993 5331 2079 5380 ret
2104 5331 2295 5379 cautus
2320 5321 2666 5392 Theodorus,
2697 5339 2807 5396 quo
2833 5324 3123 5392 recideret,
3149 5324 3196 5379 si
3225 5323 3275 5380 id
3306 5325 3599 5385 conﬁtere-

1987 5425 2110 5485 tur;
2133 5433 2310 5491 neque
2336 5430 2513 5476 tamen
2544 5429 2651 5475 tam
2679 5419 2855 5475 adhuc
2873 5418 3044 5475 audax
3066 5429 3235 5487 esset,
3260 5427 3320 5476 ut
3341 5419 3393 5477 id
3411 5430 3600 5493 aperte

1988 5511 2222 5568 inﬁciari
2265 5511 2512 5581 auderet,
2557 5511 2742 5580 elusit,
2777 5510 3010 5570 obscure
3046 5523 3102 5570 et
3141 5512 3367 5572 confuse
3417 5515 3601 5572 nescio

1990 5603 2120 5676 quid
2146 5602 2615 5672 submnrmurans,
2636 5605 2689 5660 in
2712 5619 2820 5677 quo
2832 5619 3007 5678 neque
3018 5605 3291 5666 confessio
3321 5623 3495 5682 neque
3515 5607 3601 5665 in-

1994 5699 2196 5757 ﬁciatio
2226 5699 2632 5770 intelligeretur.
2660 5699 2752 5758 Sic
2770 5701 2914 5759 enim
2941 5711 2996 5758 et
3021 5701 3338 5770 Petilianus,
3366 5719 3487 5760 cum
3514 5719 3605 5760 ur-

1994 5804 2213 5867 geretur
2249 5801 2309 5850 ut
2349 5808 2470 5850 cum
2516 5793 2816 5854 Ecclesiam
2857 5795 3186 5869 jampridem
3222 5795 3605 5871 degenerando
