3996 6332
530 259 669 330 ιιιδ

2002 257 2372 320 M‘PENDIX.

3636 269 3745 329 HN

525 383 791 441 defecisse
810 380 1154 444 causabatur,
1183 384 1396 435 notaret
1418 383 1630 446 tempus
1651 381 1707 430 et
1726 374 1976 430 definiret
1996 387 2127 429 con-
2155 383 2208 440 Α
2235 376 2319 431 vel
2363 375 2525 432 etiam
2572 373 3042 445 praevaricatorem
3087 383 3207 432 esse
3247 369 3543 448 suspicatus,
3591 386 3752 451 putavit

525 479 788 534 ditionem
819 477 937 548 ejus
963 474 1272 546 apoStasizc,
1308 485 1483 544 neque
1510 470 1638 542 quid
1664 479 1791 527 tunc
1820 467 2022 540 liquido
2049 467 2133 523 di-

527 579 694 635 ceret,
723 568 966 633 haberet,
999 576 1251 623 causatus
1280 573 1362 620 est
1397 575 1519 618 sese
1550 561 1660 633 jam
1693 562 1848 632 longa
1891 561 2132 631 disputa~

526 664 672 718 tione
705 675 928 718 raucum
963 657 1159 716 factum
1188 671 1328 727 esse,
1357 665 1411 714 et
1445 670 1508 714 ea
1531 659 1886 714 excusatione
1929 655 2130 712 silentii

528 771 658 814 usus
702 757 926 830 aufugit.
969 755 1288 813 Theodorus
1328 755 1498 827 magis
1536 755 1804 826 gloriosus
1848 752 2002 808 miles
2025 762 2127 820 est,

524 863 684 921 quam
727 858 784 905 ut
814 847 1003 921 fugere
1045 848 1373 920 dignaretur.
1411 843 1518 904 Sed
1547 861 1671 903 cum
1713 846 2131 915 triumphantem

525 954 885 1014 sequerentur
905 942 1153 1010 clientes,
1183 942 1428 998 nonnulli
1451 943 1540 1014 qui
1566 939 1743 997 minus
1766 950 1924 996 erant
1943 942 2132 996 vesani

529 1040 796 1110 rogabant
817 1037 1024 1093 nihilne
1040 1046 1187 1094 esset
1203 1037 1345 1108 quod
1369 1021 1668 1092 Petilianus
1686 1035 2018 1108 respondere
2038 1030 2133 1106 pol

526 1132 689 1186 tuerit
720 1130 1026 1202 Augustino
1051 1130 1328 1201 obiicienti
1367 1129 1618 1185 vaticinia
1650 1128 2034 1200 praphetarum
2063 1127 2130 1184 de

538 1224 779 1279 Ecclesia
807 1229 922 1279 toto
948 1224 1082 1280 orbo
1110 1223 1455 1278 diffundenda
1484 1231 1538 1277 et
1567 1222 1934 1293 propaganda,
1959 1235 2133 1293 eaque

529 1315 594 1371 ad
613 1331 768 1370 suum
784 1316 1080 1371 etiamnum
1107 1326 1318 1386 tempus
1341 1313 1616 1371 referenti.
1643 1313 1966 1370 Theodorus
1984 1312 2133 1384 inge-

526 1407 732 1464 ttiosior
769 1418 918 1463 vates
964 1416 1157 1462 nasuto
1190 1406 1456 1462 cachinno
1505 1407 1721 1476 excepit
1755 1417 1770 1462 :
1822 1403 2132 1460 Parturient

530 1509 744 1568 montes,
785 1509 1024 1556 nascetur
1066 1499 1318 1554 ridiculus
1352 1509 1484 1553 mia.
1519 1497 1838 1554 Familiares
1865 1512 2131 1554 monuere

528 1594 690 1648 nimis
719 1603 965 1664 apertum
995 1609 1119 1649 esse
1163 1591 1268 1648 hoc
1309 1591 1655 1648 Lucianicum
1687 1591 1999 1647 ludibrium.
2034 1592 2134 1646 Er-

529 1704 598 1758 go
630 1687 805 1743 bonus
832 1688 1018 1755 Poeta,
1047 1698 1107 1743 ut
1133 1685 1339 1758 aliquid
1365 1687 1669 1753 simularet,
1701 1695 1971 1757 tamquam
1997 1700 2132 1740 nova

2233 469 2314 543 (ut
2340 480 2425 526 est
2450 471 2614 526 homo
2643 471 2927 540 ingenuus)
2955 469 3087 525 nihil
3116 485 3235 528 esse
3268 471 3686 543 dissimulandum,
3710 488 3754 535 et

2236 562 2452 620 tandem
2485 562 2749 634 agendum
2789 578 2910 619 esse
2937 561 3179 633 asperius
3221 582 3232 617 :
3271 580 3434 636 neque
3467 566 3576 637 quia
3603 567 3647 622 iu
3670 569 3752 626 Po-

2235 655 2381 712 siaca
2412 671 2507 712 sua
2538 656 2853 712 velitatioue
2900 655 3230 712 modctatior
3272 656 3406 714 forte
3431 659 3616 728 fuisset,
3642 677 3754 718 sent-

2237 769 2333 825 per
2367 769 2488 811 esse
2533 751 2943 824 indulgendum.
2982 751 3175 822 Quidni
3208 753 3364 810 vero?
3408 753 3493 812 Sic
3517 757 3618 828 ipse
3647 757 3754 814 Gau-

2235 845 2468 911 dentius,
2512 845 2653 901 alter
2695 847 3093 902 Donatistarum
3144 857 3412 917 patronus,
3448 852 3528 919 qui
3571 850 3616 906 itt
3653 851 3756 906 Car-

2237 935 2541 1010 thaginensi
2589 939 2877 995 collatione
2925 938 3297 1006 contenderat,
3338 955 3480 995 suam
3523 933 3754 999 factionem

2236 1050 2356 1091 esse
2399 1031 2694 1089 Ecclesiam
2723 1031 3046 1089 catholicam
3078 1043 3450 1104 :‘posteaquam
3480 1035 3625 1088 sensit
3655 1033 3696 1090 id
3714 1051 3757 1092 se

2236 1125 2490 1182 evincere
2529 1141 2635 1181 non
2669 1139 2850 1196 posse,
2885 1126 3024 1196 quod
3059 1126 3382 1197 Augustinus
3418 1141 3520 1180 sua:
3553 1123 3758 1182 Ecclesia:

2237 1216 2539 1285 asserebat,
2573 1232 2736 1272 ausus
2784 1226 2865 1273 est
2900 1217 3074 1286 palam
3123 1217 3324 1282 dicere,
3374 1217 3632 1271 lunnanum
3667 1233 3758 1274 esse

2239 1313 2576 1384 figmentum,
2616 1311 2870 1384 quicquid
2911 1312 2979 1368 de
3017 1311 3295 1368 Catholica
3333 1311 3552 1367 Ecclesia
3587 1312 3756 1369 dicitur.

2243 1409 2318 1462 lin
2359 1423 2466 1478 quo
2495 1405 2732 1463 evadunt
2768 1405 3083 1462 reciduntve
3117 1404 3362 1462 homines
3393 1407 3578 1461 vesani.

2310 1499 2573 1572 Equidem
2613 1500 2835 1555 minime
2883 1497 3124 1555 omnium
3159 1499 3371 1564 vellem,
3403 1515 3513 1554 cunt
3558 1500 3760 1556 Ecclesia:

2236 1610 2434 1663 corpus
2475 1593 2804 1654 defenditur,
2853 1591 3069 1648 defendi
3109 1592 3272 1648 etiam
3317 1591 3467 1666 3&1
3508 1595 3760 1647 excusante

2239 1704 2421 1744 meros
2449 1698 2501 1744 et
2534 1687 2774 1743 maculas
2798 1695 2852 1743 et
2879 1686 3052 1742 labes.
3089 1686 3202 1741 lmo
3231 1702 3358 1741 vero
3400 1685 3505 1741 hmc
3539 1685 3760 1742 hominum

524 1779 734 1852 Sibylla
763 1780 994 1852 subjecit
1024 1797 1038 1834 :
1074 1779 1267 1835 saltem
1306 1778 1614 1835 Donatistas
1651 1779 1848 1850 quibus
1880 1778 2135 1850 AuguSIi-
2164 1780 2210 1851 Β
2239 1792 2457 1854 peccata
2507 1781 2831 1852 gravissime
2894 1779 3195 1834 accusanda
3253 1787 3393 1832 sunt.
3447 1775 3542 1833 Sed
3593 1777 3758 1846 vellem,

528 1890 629 1929 nus
667 1874 980 1944 opponebat
1029 1874 1342 1944 prophetias
1390 1873 1458 1927 tle
1503 1871 1679 1926 futttra
1714 1869 1980 1932 Ecclesia.
2034 1886 2131 1942 po-

525 1967 695 2023 tuisse
723 1967 873 2022 illum
901 1966 1204 2036 Augustino
1231 1964 1471 2035 objicere
1512 1964 1865 2034 Virgilianum
1892 1966 2132 2020 versicu-

531 2060 643 2116 lum
672 2078 685 2114 :
721 2059 1001 2116 Ostendent
1032 2060 1184 2113 terris
1211 2057 1345 2112 hanc
1371 2067 1571 2111 tantum
1602 2058 1732 2128 fata,
1751 2073 1841 2112 nec
1867 2058 2004 2112 ultra
2052 2073 2134 2112 es-

523 2169 578 2208 se
606 2153 792 2208 sinent.
827 2152 959 2207 Cum
1003 2151 1275 2205 inlinitutn
1306 2149 1360 2204 id
1400 2165 1589 2204 rursus
1615 2163 1736 2204 esse
1779 2149 2054 2204 diceretur
2075 2159 2130 2204 et

527 2245 790 2316 ineptum,
822 2244 913 2299 ubi
940 2243 1200 2316 quaeritur
1223 2241 1441 2313 quando
1477 2249 1533 2296 et
1573 2241 1848 2312 quomodo
1889 2241 2131 2296 Ecclesia

523 2336 918 2406 aspectabililis
957 2350 1080 2392 esse
1127 2336 1354 2392 desierit
1391 2352 1406 2390 :
1453 2337 1624 2390 sensit
1650 2342 1842 2390 acutus
1878 2335 2133 2391 Theodo-

525 2446 618 2486 rus
661 2445 849 2487 rursus
900 2445 963 2486 se
1014 2430 1210 2501 premi.
1259 2429 1359 2486 Ubi
1404 2441 1584 2485 autem
1615 2429 1707 2484 diu
1753 2444 1814 2485 se
1858 2431 2129 2496 torsisset,

528 2523 737 2593 putavit
791 2523 986 2579 callide
1038 2537 1099 2578 se
1147 2522 1288 2578 elabi
1336 2536 1517 2592 posse,
1568 2536 1690 2576 cum
1755 2523 1806 2576 in
1857 2531 2130 2593 posuema

524 2631 624 2671 sua
672 2615 993 2686 praefatione
1057 2631 1230 2686 nuper
1287 2615 1530 2684 scripsit,
1583 2614 1908 2685 jampridem
1980 2614 2132 2672 defe-

524 2711 666 2767 cisse
695 2711 953 2767 Eeelesite
995 2713 1396 2767 successionem
1431 2718 1714 2782 tant0pere
1761 2711 1891 2766 olim
1941 2711 2130 2766 lauda-

525 2816 636 2860 tam
663 2822 676 2860 :
709 2821 834 2860 nam
858 2817 913 2859 et
937 2803 1268 2874 jampridem
1293 2805 1571 2874 improbos
1595 2805 1751 2859 bonis
1779 2805 2130 2861 successisse.

529 2901 783 2958 Dicebam
811 2901 1014 2954 nullam
1046 2914 1170 2955 esse
1201 2899 1340 2955 hanc
1379 2902 1789 2970 responsionem
1819 2910 1874 2956 et
1903 2902 2133 2958 alteram

526 3012 650 3052 esse
681 2995 968 3066 ineptiam,
1003 2995 1092 3050 ubi
1126 2995 1348 3066 perinde
1380 2995 1640 3064 loquitur,
1671 3010 1734 3051 ac
1763 2997 1808 3051 si
1848 2996 1916 3051 de
1947 3011 2135 3068 perso-

524 3102 741 3157 narum,
773 3097 830 3144 et
857 3104 966 3144 non
1011 3092 1189 3159 potius
1225 3087 1295 3144 de
1327 3104 1507 3144 rerum
1545 3091 1893 3146 successione
1921 3104 2136 3162 qua-re-

2238 1891 2397 1945 quem
2430 1873 2530 1944 ipsi
2557 1872 2906 1944 prophetaein
2927 1888 3021 1927 sua
3045 1873 3258 1927 actione
3293 1871 3496 1927 modtun
3517 1878 3760 1936 servarunt,

2237 1967 2340 2037 ipsi
2373 1969 2810 2031 observaremus,
2840 1981 2963 2022 cum
2995 1967 3115 2020 illos
3160 1965 3386 2036 legimus
3428 1963 3616 2020 divinos
3656 1977 3761 2033 pra:-

2236 2080 2406 2122 cones
2439 2061 2717 2128 Ecclesiae,
2761 2062 2923 2118 simul
2955 2070 3012 2118 et
3042 2074 3302 2116 censores
3328 2069 3379 2114 et
3400 2058 3621 2114 vitiorum
3646 2071 3762 2113 acer-

2239 2162 2405 2218 rimos
2435 2169 2782 2214 accusatores
2809 2199 2824 2224 ,
2880 2157 3038 2212 sicuti
3071 2156 3235 2211 etiam
3263 2154 3493 2210 dicemus
3528 2151 3572 2208 in
3595 2151 3762 2222 exposi<

2239 2256 2384 2310 tione
2410 2253 2720 2310 collationis
2755 2249 3228 2322 Carthaginensis.
3262 2248 3461 2304 Interea
3487 2246 3650 2307 fateor,
3689 2258 3762 2298 ne-

2237 2366 2339 2422 que
2368 2364 2528 2419 posse
2557 2361 2878 2418 quemquam
2909 2360 3107 2414 negare
3138 2343 3275 2409 scio,
3307 2339 3470 2413 qualis
3493 2348 3763 2410 quantusque

2238 2442 2452 2497 miserae
2495 2440 2710 2509 situque
2755 2437 2946 2493 obsita:
2990 2435 3257 2491 Ecclesia:
3294 2447 3430 2487 nunc
3468 2434 3656 2502 squalor
3693 2427 3758 2495 sit,

2239 2533 2416 2605 qualis
2440 2530 2758 2587 deformitas
2801 2528 3211 2594 contaminatae,
3244 2534 3433 2598 quanta
3473 2536 3761 2595 pessumeun-

2240 2629 2307 2681 tis
2353 2625 2630 2682 inclinatio
2659 2642 2672 2679 :
2705 2624 2883 2694 qualis
2909 2623 3144 2694 denique
3186 2630 3484 2694 quantaque
3518 2612 3762 2689 desperatio

2240 2719 2406 2774 veluti
2439 2717 2722 2788 depositae.
2756 2717 2898 2787 Ergo
2926 2715 3098 2769 fateor
3127 2729 3198 2769 eo
3229 2729 3342 2769 rem
3381 2710 3626 2773 recidisse,
3663 2706 3762 2760 nihil

2241 2822 2300 2870 ut
2337 2812 2492 2868 nobis
2517 2812 2773 2883 supersit,
2803 2826 2960 2882 quam
2992 2819 3047 2864 ut
3077 2809 3228 2864 illam
3269 2807 3533 2864 llicremire
3575 2801 3762 2859 tristissi-

2242 2903 2384 2961 mam
2417 2920 2622 2960 eversre
2651 2903 2992 2974 desertaeque
3022 2901 3408 2972 Hierosolyma:
3436 2898 3689 2953 vastitatem
3705 2893 3762 2946 lu-

2239 3000 2414 3071 gentis
2460 2997 2853 3069 ingeminemus
2895 2995 3292 3067 querimoniam
3332 3011 3345 3049 :
3388 2989 3622 3064 Expandit
3664 2985 3760 3042 Sion

2242 3114 2423 3152 manus
2451 3113 2604 3162 suas;
2632 3096 2720 3150 sed
2746 3093 2918 3148 nullus
2949 3104 3019 3148 est
3047 3093 3131 3163 qui
3164 3092 3446 3147 consoletur
3471 3105 3584 3142 eam.
3609 3083 3758 3138 Verum

527 3196 701 3252 retur,
729 3193 1065 3240 cumtamen
1111 3185 1166 3238 in
1213 3184 1435 3240 Posiaca
1468 3185 1832 3256 disputatione
1855 3184 2135 3256 professus
2162 3193 2209 3258 (ζ
2242 3194 2292 3248 in
2348 3194 2538 3248 mediis
2585 3192 2703 3264 ejus
2754 3189 2927 3246 ruinis
2977 3188 3218 3244 nondum
3273 3185 3507 3243 oblivisci
3548 3179 3759 3254 potuimus

524 3288 671 3332 esset
697 3276 832 3332 nihil
860 3291 923 3333 se
947 3275 1152 3332 morari
1179 3278 1588 3332 succeasionem
1619 3292 1999 3348 personarum,
2035 3277 2134 3334 sed

527 3369 792 3426 doctrinae
840 3379 896 3426 et
934 3385 1118 3427 rerum
1169 3372 1577 3427 successionem
1619 3385 1885 3442 quaerere.
1934 3368 2134 3426 Verum

525 3465 690 3536 quale
718 3480 908 3520 rursus
940 3465 1234 3520 ludibrium
1275 3476 1380 3532 est,
1423 3465 1567 3537 quod
1611 3467 1771 3522 toties
1801 3476 2020 3538 rogatus
2065 3465 2136 3523 de

529 3569 772 3632 tempore
825 3561 1170 3628 defectionis,
1228 3561 1363 3616 nihil
1416 3561 1562 3617 aliud
1614 3563 1913 3634 ingeminat
1970 3577 2135 3633 quam

525 3668 684 3708 suum
715 3653 844 3708 illud
876 3655 1234 3725 jampridem?
1265 3655 1378 3710 lmo
1405 3671 1538 3713 vero
1564 3671 1689 3713 cum
1725 3657 1930 3714 diutius
1955 3658 2132 3728 repri-

531 3761 681 3804 mere
707 3763 816 3802 non
858 3757 1046 3819 posset
1070 3749 1499 3820 indignationem
1539 3759 1940 3823 erumpentem,
1972 3751 2134 3807 audio

527 3851 652 3895 Cum
679 3841 732 3894 iu
760 3840 952 3897 eadem
981 3841 1073 3896 illa
1109 3857 1208 3897 sua
1250 3843 1569 3912 praefatione
1601 3845 1837 3911 militari,
1873 3860 2032 3916 quam
2076 3854 2137 3901 ut

528 3949 615 3990 me
653 3942 902 4001 terreret,
950 3935 1246 4007 Evangelio
1293 3937 1546 4008 praitlxit,
1577 3935 1772 3993 iratum
1805 3939 2132 4004 exclamare,

525 4045 650 4084 cum
692 4031 860 4107 multa
892 4030 994 4086 alia
1035 4032 1274 4102 indigna,
1328 4040 1386 4086 ut
1424 4032 1721 4088 Ecclesiam
1751 4032 1923 4100 illam,
1973 4048 2135 4103 quam

525 4139 649 4178 eum
679 4123 980 4195 Augustino
1009 4125 1375 4193 defendimus,
1403 4125 1694 4194 jugularet,
1730 4134 1840 4178 tum
1873 4139 2001 4179 vero
2033 4125 2135 4180 ista

527 4219 804 4275 veteribus
851 4220 1124 4289 episcopis
1162 4232 1460 4287 numquam
1511 4218 1565 4272 iu
1619 4223 1856 4272 ruentem
1897 4219 2133 4284 venisse,

530 4326 704 4379 neque
734 4311 1142 4381 judaizandum,
1173 4326 1350 4382 neque
1383 4310 1462 4384 (ut
1493 4311 1752 4382 loquitur)
1783 4312 2133 4382 gentilissan-

525 4403 656 4456 dum
683 4418 844 4459 esse:
877 4414 932 4459 et
955 4403 1320 4460 Christianam
1361 4412 1647 4475 propterea
1680 4403 1994 4475 religionem
2027 4405 2136 4460 cito

527 4509 584 4554 et
613 4499 839 4571 turpiter
881 4501 1248 4571 degenerasse
1293 4500 1346 4554 in
1375 4499 1712 4555 ceremonias
1747 4513 1934 4565 vanas,
1969 4499 2020 4554 in
2054 4499 2136 4554 lu-

2237 3288 2378 3356 quod
2406 3286 2643 3357 psalmus
2665 3285 2759 3350 ait,
2789 3297 2976 3338 servos
2999 3283 3216 3338 Domini
3245 3283 3399 3336 etiam
3427 3278 3619 3348 diligere
3639 3271 3758 3326 rude-

2238 3393 2294 3434 ra
2339 3390 2388 3434 et
2436 3378 2711 3450 pulverem
2744 3377 2944 3444 Sionis,
2991 3375 3146 3446 cujus
3181 3391 3275 3431 eos
3320 3373 3544 3429 miseret.
3579 3366 3758 3422 Tantum

2238 3488 2367 3528 vero
2404 3471 2574 3538 abest,
2613 3481 2671 3527 ut
2701 3473 2765 3527 iis
2795 3471 3156 3539 blandiamur,
3188 3486 3323 3542 quos
3359 3479 3458 3523 tam
3487 3462 3611 3520 domi
3637 3470 3756 3530 quam

2239 3565 2370 3620 foris
2408 3564 2482 3620 illi
2525 3564 2787 3621 insultare
2831 3565 3097 3627 videmus,
3129 3575 3188 3618 ut
3219 3563 3376 3618 etiam
3407 3573 3537 3629 smpe
3577 3555 3619 3610 in
3645 3565 3756 3608 men-

2240 3668 2348 3714 tem
2396 3658 2576 3714 veniat
2606 3659 2746 3729 quod
2779 3658 2919 3714 alter
2955 3657 3217 3729 propheta
3247 3655 3482 3712 Ezechiel
3510 3649 3642 3722 paulo
3665 3653 3756 3700 ante

2237 3752 2383 3808 illam
2413 3752 2774 3808 calamitatem
2821 3752 3038 3821 scripsit
3079 3765 3204 3806 sese
3250 3764 3278 3804 a
3311 3749 3415 3804 Deo
3444 3745 3626 3816 jussum
3651 3749 3753 3800 esse,

2239 3848 2485 3919 perfosso
2537 3848 2717 3918 potius
2770 3846 2977 3919 pariete
3036 3854 3090 3899 et
3145 3843 3313 3899 veluti
3360 3849 3530 3912 aperta
3575 3833 3755 3890 fenestra

2238 3952 2487 4014 Spectare
2522 3941 2651 4013 quid
2686 3941 2737 3996 in
2784 3940 2988 4011 templo
3028 3949 3255 4011 agerent
3285 3937 3517 3992 homines
3541 3927 3659 3998 impii
3698 3931 3756 4014 at:

2238 4051 2344 4105 que
2376 4035 2588 4100 nefarii,
2625 4044 2680 4088 ut
2709 4010 3353 4089 eorumabominationes
3380 4032 3651 4084 execretur.
3677 4010 3756 4069 Sed

2241 4145 2342 4185 una
2370 4129 2528 4185 simul
2556 4145 2642 4185 me
2665 4144 2754 4185 rcs
2779 4128 3110 4183 consolatur.
3140 4126 3343 4206 Eodem
3374 4122 3504 4179 enim
3532 4120 3629 4172 lrco
3652 4111 3755 4206 Detts

2237 4237 2358 4278 cum
2391 4221 2707 4278 horribilem
2735 4221 3028 4276 vindictam
3057 4201 3192 4276 sese.
3225 4226 3544 4288 sumpturum
3571 4220 3666 4262 esse
3686 4199 3755 4299 de:

2239 4317 2471 4383 nuntiat,
2501 4317 2660 4371 simul
2691 4315 2963 4386 significat
2995 4329 3117 4370 sese
3144 4315 3349 4368 interea
3367 4321 3536 4365 eorum
3562 4301 3754 4356 miserm

2238 4409 2400 4478 velle,
2432 4411 2522 4480 qui
2555 4424 2678 4465 cum
2704 4408 2965 4479 propheta
2997 4406 3271 4478 lugebant,
3296 4401 3464 4459 aversi
3490 4399 3549 4454 ab
3572 4393 3640 4449 illa
3665 4401 3755 4458 Ιπ⁰⁶

2238 4503 2363 4558 fana
2395 4502 2480 4575 vel
2525 4503 2784 4574 sacrilega
2833 4501 3162 4557 colluvione.
3194 4499 3354 4555 Jubct
3390 4509 3527 4565 ergo,
3563 4498 3613 4544 ttt
3649 4485 3754 4539 υιιοτ

521 4599 986 4670 dicrasliturgias,
1020 4599 1074 4654 in
1096 4598 1439 4654 manifestam
1466 4596 1932 4667 superStitionem,
1960 4604 2016 4650 et
2040 4594 2134 4650 de-
2158 4597 2211 4659 D
2238 4600 2460 4671 angelus
2505 4599 2734 4654 frontem
2767 4614 2980 4664 eorum,
3029 4597 3119 4669 qui
3145 4604 3385 4669 gemunt,
3417 4586 3654 4659 insigniai,
3675 4587 3753 4646 ψιο

526 4694 692 4764 nique
723 4694 775 4748 in
813 4694 1083 4752 ἀθεότητα.
1116 4691 1378 4764 Equidem
1419 4690 1698 4771 obstupui,
1741 4690 1865 4744 talia
1893 4687 2134 4744 scribere

523 4783 685 4844 Mm
707 4786 1083 4853 Theodorum,
1106 4795 1161 4841 et
1188 4785 1332 4857 quod
1354 4785 1422 4840 de
1443 4799 1540 4840 sua
1571 4785 1803 4840 factione
1827 4782 2010 4838 dicere
2039 4797 2134 4852 po-

529 4880 650 4944 tuit,
683 4890 1047 4950 contorquere
1105 4875 1374 4933 adversus
1422 4887 1663 4934 veterem
1706 4875 2023 4941 Ecclesiam,
2075 4883 2136 4929 ut

523 4987 688 5043 quam
715 4973 1041 5044 jampridem
1073 4971 1340 5028 defecisse
1369 4970 1531 5038 dixit,
1563 4970 1768 5026 diceret
1805 4984 1913 5023 non
1955 4967 2133 5022 minus

527 5065 636 5122 cito
676 5069 838 5136 quam
868 5066 1102 5135 turpiter
1126 5063 1509 5134 degenerasse.
1551 5061 1661 5118 Sed
1689 5060 1818 5133 quid
1849 5075 1993 5115 nunc
2021 5075 2129 5115 non

525 5158 693 5215 audet
716 5157 973 5229 impietas
1009 5156 1341 5211 Luciauica‘t
1371 5155 1668 5210 Petilianus
1709 5169 1833 5210 cum
1874 5155 1988 5210 suis
2019 5155 2126 5208 Do-

525 5251 739 5308 natistis
763 5248 1076 5307 clamitabat
1100 5247 1425 5314 Ecclesiam,
1454 5261 1613 5318 quam
1641 5246 1969 5315 Augustinus
1991 5260 2129 5317 prae-

523 5343 760 5413 dicabat,
804 5357 925 5400 esse
953 5339 1308 5414 apostolicam
1339 5355 1353 5393 :
1384 5348 1440 5394 et
1469 5338 1537 5394 ab
1571 5336 1638 5393 iis
1664 5336 1977 5395 Catholicos
2019 5354 2128 5394 non

527 5453 626 5509 pro
653 5436 1008 5502 Christianis,
1063 5433 1160 5491 sed
1196 5448 1294 5504 pro
1327 5431 1559 5503 Paganis
1594 5431 1806 5486 habitos
1839 5443 1995 5498 esse;
2024 5441 2130 5488 tes-

527 5544 608 5591 tes
636 5543 765 5589 sunt
787 5532 1015 5603 Optatus
1043 5539 1099 5586 et
1125 5529 1460 5601 Augustinus
1493 5545 1506 5581 :
1541 5527 1687 5598 atqui
1713 5523 2006 5582 Petilianus
2036 5543 2132 5582 au-

527 5626 758 5682 tistitum
789 5622 952 5680 modo
979 5637 1162 5680 mores
1198 5621 1513 5687 accusabat,
1547 5633 1655 5676 non
1680 5617 1843 5675 etiam
1872 5618 2132 5676 Ecclesia:

527 5716 676 5774 illius
717 5715 1022 5772 doctrinam
1059 5724 1116 5771 et
1149 5715 1306 5771 ritus.
1347 5712 1666 5770 Theodorus
1702 5711 1920 5782 indigne
1949 5711 2131 5770 ferens

527 5811 673 5865 nunc
683 5817 1078 5866 accusatorem.
1092 5809 1209 5865 sive
1230 5809 1492 5880 ineptum,
1508 5808 1622 5864 sive
1635 5806 1800 5863 nimis
1813 5806 2103 5877 pudentem
2114 5849 2128 5875 ,

2240 4692 2408 4764 magis
2423 4692 2812 4764 dignoscantur
2831 4701 2991 4762 atque
3009 4691 3387 4745 discernantur
3407 4687 3456 4750 ii,
3478 4679 3642 4753 quibus
3660 4683 3752 4742 Pa"

2236 4788 2465 4842 centlum
2503 4786 2623 4852 erit,
2657 4800 2777 4841 cum
2808 4783 3106 4840 terribilem
3132 4783 3357 4838 aliorum
3379 4787 3588 4845 stragem
3613 4766 3724 4852 edet-

2307 4877 2491 4934 Redeo
2521 4851 2899 4934 adactionem
2925 4876 3348 4932 Donatistarum.
3399 4867 3522 4926 Nam
3549 4873 3594 4919 et
3621 4851 3749 4912 multa

2236 4972 2369 5029 mihi
2408 4989 2554 5029 nunc
2585 4973 2636 5028 in
2669 4980 2907 5028 mentem
2934 4973 3198 5040 veniunt,
3241 4984 3360 5026 cum
3399 4961 3528 5036 apud
3551 4957 3750 5025 Optatum

2236 5069 2376 5141 lego,
2411 5085 2506 5126 eos
2538 5069 2634 5126 abs
2662 5067 3021 5124 Constantino
3051 5064 3337 5138 aliquando
3367 5060 3567 5134 petiisse
3587 5045 3749 5122 judin

2236 5164 2289 5218 in
2341 5163 2514 5220 Gallia
2550 5205 2563 5228 ,
2618 5163 2815 5234 quibus
2862 5160 3046 5216 nescio
3090 5175 3186 5216 cur
3235 5155 3397 5227 magis
3443 5143 3746 5238 confiderent:

2235 5272 2469 5325 cumque
2517 5270 2582 5312 ex
2615 5254 2918 5327 Augustino
2967 5253 3214 5326 intelligo
3246 5265 3361 5307 eam
3394 5235 3677 5327 Arelatensis
3707 5235 3747 5280 ill

2235 5323 2408 5405 Gallia
2440 5347 2668 5420 synodi,
2705 5323 2865 5419 cujus
2900 5345 3105 5418 judicio
3133 5323 3403 5401 mandavit
3428 5323 3746 5393 Constantinus

2233 5442 2455 5498 alteram
2489 5441 2607 5512 ejus
2649 5455 2829 5496 caustze
2872 5449 2927 5496 et
2977 5438 3379 5510 provocantium
3415 5424 3744 5516 Donatistaer

2233 5533 2630 5605 cognitionem,
2673 5532 2839 5589 fuisse
2867 5544 2921 5588 et
2957 5533 3117 5590 fidem
3149 5541 3202 5588 et
3228 5527 3564 5599 integritatem
3586 5557 3599 5583 ,
3640 5517 3688 5565 ιιι
3717 5519 3745 5558 ιι

2234 5624 2417 5682 statim
2463 5626 2739 5681 senserint
2781 5624 2983 5681 frustra
3025 5633 3082 5682 et
3121 5623 3283 5680 stulte
3311 5634 3426 5676 sese
3455 5613 3518 5670 ibi
3543 5608 3743 5680 sperasse

2234 5719 2436 5790 aliquid
2487 5721 2601 5776 sive
2653 5715 2854 5775 favoris
2900 5719 3015 5776 sive
3065 5713 3369 5790 patrueinii.
3425 5707 3542 5764 Nam
3592 5699 3742 5790 iterum

2235 5789 2476 5870 damnati
2521 5813 2847 5871 sententiam
2897 5789 3198 5870 retulerunt
3243 5804 3446 5879 qualem
3494 5789 3743 5867 merebatur
