3996 6332
312 295 448 366 lilii

1216 317 1535 378 HISTORIA
1577 293 2182 379 canrtisotittiusrs
2221 317 2696 382 COLLATIONIS.

3461 327 3597 394 (ΝΘ

301 434 491 476 eorum
525 422 793 491 protervia
821 442 832 480 :
865 426 1050 499 neque
1079 426 1207 486 tunc
1239 429 1290 486 in
1322 427 1494 488 Gallia
1527 431 1705 489 minus
1735 449 1895 504 quam
1928 431 1982 492 Α
2012 429 2108 486 llic
2137 447 2267 489 vero
2298 438 2394 489 cur
2417 450 2520 491 non
2547 437 2691 492 Serio
2716 436 3271 500 dolereiiicOSlud'ere
3289 449 3343 501 et
3367 449 3608 506 mentiri?

303 530 522 575 centum
552 531 673 592 post
700 523 857 580 annis
879 525 932 579 in
956 525 1362 598 Carthaginiensi
1393 527 1512 583 foro
1535 529 1896 585 oli‘endernnt.

303 614 442 681 Quid
473 630 604 671 vero
630 632 751 672 cum
791 619 917 675 talia
947 620 1177 692 legimus
1205 665 1221 689 ,
1269 640 1410 678 nunc
1442 617 1683 695 cogitare
1726 623 1902 696 possi-

305 723 426 763 mus
448 751 464 774 ,
495 709 618 765 aliis
646 713 988 782 cogitandum
1022 716 1293 787 relinquo.
1349 717 1484 773 Nam
1515 721 1567 774 et
1599 718 1726 789 quid
1758 731 1902 774 nunc

303 811 530 871 agatur,
565 803 619 857 et
648 809 756 874 quo
782 821 869 861 res
898 805 1229 876 reciderint,
1269 798 1431 867 niniis
1463 813 1650 866 notum
1675 821 1794 868 est:
1846 821 1902 869 et

306 895 503 950 talibus
534 897 711 964 malis,
750 899 923 969 inquit
953 903 1286 974 Augustinus
1311 906 1417 978 (ρρ.
1447 905 1564 977 22),
1599 909 1768 979 magis
1798 907 1898 966 de-

308 990 508 1048 bentur
533 995 727 1066 prolixi
758 995 987 1066 gemitus
1016 1014 1176 1070 quam
1211 1001 1402 1070 prolixi
1434 1002 1578 1057 libri.
1636 1003 1743 1059 Sed
1773 1019 1896 1058 eum

301 1084 431 1140 olim
461 1085 688 1157 legimus
717 1087 1019 1148 Dunatlstas
1046 1092 1096 1146 vi
1122 1100 1176 1148 et
1203 1093 1426 1150 audacia
1450 1093 1709 1161 armatos,
1733 1088 1898 1152 fuisse

301 1180 465 1233 etiam
511 1179 750 1236 eruditos
798 1181 1094 1239 mentiendi
1142 1185 1377 1242 artifices
1407 1229 1421 1253 ,
1469 1187 1734 1244 miramur
1776 1203 1896 1245 eam

299 1285 490 1327 eorum
522 1271 688 1329 fuisse
731 1273 1159 1344 impudentiam,
1213 1287 1270 1334 ut
1316 1291 1422 1334 non
1479 1279 1642 1335 modo
1683 1293 1898 1352 semper

294 1366 552 1433 jactarint
581 1381 703 1424 sese
736 1369 965 1438 vicisse,
1008 1357 1096 1426 ubi
1130 1372 1254 1428 victi
1285 1384 1479 1440 erant;
1514 1375 1609 1430 sed
1642 1377 1802 1431 etiam
1833 1375 1888 1431 in

299 1459 588 1515 collatione
609 1457 1045 1534 Carthaginet‘rsi,
1068 1463 1250 1534 Optati
1280 1465 1501 1533 librum,
1527 1469 1615 1538 qui
1643 1469 1897 1526 narrabat

297 1563 486 1607 eorum
516 1550 962 1629 damnationem,
1013 1557 1338 1626 protulerint
1379 1565 1650 1630 tamquam
1698 1567 1895 1618 testem

297 1657 412 1699 sum
436 1644 678 1700 victoriae
713 1653 770 1702 et
798 1647 1186 1718 absolutionis,
1229 1665 1350 1706 cum
1382 1667 1502 1708 eum
1535 1653 1614 1710 sic
1643 1655 1894 1714 mutilas-

297 1744 423 1793 sent
448 1748 606 1809 atque
635 1741 1036 1811 corrupissent,
1090 1743 1150 1798 ut
1185 1746 1368 1799 omnia
1405 1734 1692 1804 invertisSe
1737 1749 1890 1807 vide-

2079 523 2255 580 Credu
2279 527 2552 597 equidem,
2582 531 2625 586 si
2660 532 2897 603 optimus
2928 535 3184 607 princeps
3212 537 3411 597 diutius
3443 543 3608 599 vixis-

2005 621 2108 682 set,
2137 632 2288 687 Spem
2321 634 2424 674 non
2457 620 2760 690 fefellisset,
2790 642 2947 696 quam
2975 628 3231 698 dederat,
3265 635 3377 688 fore
3410 644 3467 689 ut
3493 652 3609 693 ma-

1997 707 2149 778 jores
2200 712 2568 786 melioresque
2638 733 2789 774 meos
2861 721 3076 780 labores
3142 738 3601 788 remuneraretur.

2004 799 2155 858 Nunc
2184 813 2279 860 eur
2309 817 2378 862 eo
2404 819 2619 866 mortuo
2651 793 2805 868 nobis
2836 813 3100 874 insultent
3126 819 3455 891 adversarii,
3494 841 3604 884 non

2002 895 2138 953 nihil
2166 898 2394 974 fortasse
2421 917 2596 960 causa:
2623 919 2723 975 est,
2749 913 3044 978 ριέιξεθι-ιὶιη
3076 930 3200 970 cum
3237 916 3350 989 jam
3385 921 3603 979 tandem

2001 992 2361 1063 perfecerint,
2409 999 2554 1068 quod
2601 1001 2923 1074 jampridem
2955 1009 3138 1064 multis
3171 1013 3383 1069 insidiis
3425 1024 3604 1073 tenta-

2001 1092 2160 1154 runt,
2215 1097 2270 1143 ut
2302 1101 2461 1160 quam
2495 1099 2648 1162 Spem
2681 1101 2813 1150 meze‘
2857 1096 3129 1156 fatnilioltte
3161 1109 3281 1159 (βεδε
3313 1092 3595 1177 putabam,

1999 1189 2266 1234 summam
2314 1183 2677 1242 calamitatem
2729 1199 2852 1244 esse
2899 1193 3217 1263 experirer,
3269 1200 3597 1256 cumulatam

2000 1280 2140 1326 nova
2169 1271 2320 1330 hiare
2349 1267 2542 1332 diebus
2569 1286 2624 1334 et
2671 1289 2840 1352 prope
2887 1281 3192 1342 incredibili
3243 1289 3469 1360 injuria,
3516 1292 3602 1350 di-

2001 1365 2276 1438 reptisque
2303 1370 2466 1426 etiam
2500 1385 2748 1430 meorum
2796 1377 3097 1434 Studiorum
3141 1381 3418 1439 subsidiis.
3491 1387 3600 1444 Sed

1999 1461 2068 1518 de
2096 1453 2188 1519 tali
2217 1467 2658 1531 remuneratione
2685 1474 2931 1550 gratiave
2956 1477 3200 1548 viperina
3225 1479 3358 1537 alias
3379 1491 3599 1555 querar.

1999 1553 2133 1611 illud
2168 1559 2328 1613 modo
2359 1559 2481 1615 dico
2507 1602 2520 1626 ,
2576 1563 2670 1617 tali
2711 1564 2975 1622 beneflcio
3013 1569 3152 1626 hanc
3188 1553 3604 1633 commentatio-

2001 1663 2122 1707 nem
2150 1693 2165 1718 ,
2210 1655 2294 1708 eui
2325 1696 2338 1720 ,
2369 1665 2490 1712 cum
2522 1657 2574 1712 id
2607 1656 2806 1714 factum
2840 1671 2957 1731 est,
2991 1661 3210 1732 Operam
3241 1667 3473 1739 dabam,
3509 1672 3605 1727 ab-

1999 1753 2213 1816 ruptam
2246 1746 2412 1804 fuisse
2440 1763 2547 1804 non
2577 1751 2755 1806 minus
2781 1767 2944 1823 quam
2972 1757 3199 1813 alteram
3224 1800 3238 1825 ,
3282 1762 3437 1832 cujus
3461 1763 3599 1820 alid-

299 1839 514 1886 rentur.
542 1831 681 1898 Quid
712 1836 842 1888 vero
869 1834 1131 1903 dicemus,
1161 1837 1418 1907 majorem
1447 1839 1742 1896 etiamninn
1774 1853 1894 1900 esse
1923 1831 1975 1894 Β
1999 1837 2090 1908 Qui
2117 1842 2430 1897 accmkme
2457 1841 2598 1898 lianc
2622 1844 2965 1901 instituebant
2989 1853 3206 1921 augere,
3229 1831 3596 1924 cumiquidem

297 1924 686 1992 impudentiam
715 1928 1011 1984 multorum
1042 1929 1408 1988 fabulatorum
1443 1941 1659 1992 vesanae
1701 1933 1891 1993 factio-

295 2018 420 2084 nis,
463 2019 552 2090 qui
591 2021 805 2091 quidvis
851 2023 905 2077 in
954 2035 1068 2080 rem
1099 2041 1250 2080 suam
1281 2039 1336 2083 et
1366 2028 1596 2084 aliorum
1647 2029 1893 2088 fraudem

295 2110 504 2182 lingunt
535 2155 549 2180 ,
598 2113 720 2169 ct't'm
773 2117 1056 2173 mendacia
1094 2128 1148 2175 et
1179 2120 1423 2177 fictiones
1453 2133 1581 2178 suas
1613 2125 1894 2183 venditant

293 2217 394 2274 pro
426 2204 665 2262 historiis
693 2216 750 2263 et
777 2209 919 2264 reris
947 2211 1389 2269 narrationibus?
1440 2215 1601 2274 Certe
1634 2215 1749 2273 fieri
1782 2235 1892 2276 non

300 2303 502 2365 potest,
522 2297 650 2369 quin
674 2299 762 2370 qui
793 2301 1153 2372 prOSpiciunt,
1173 2315 1431 2375 quantum
1459 2307 1572 2364 haec
1594 2309 1892 2380 impostnra

290 2395 348 2444 et
391 2393 596 2448 erroris
642 2399 694 2449 et
741 2393 988 2466 caliginis
1028 2393 1266 2454 effundet
1317 2403 1528 2457 miserm.
1560 2401 1888 2474 posteritati,

290 2481 511 2539 doleant
539 2483 642 2540 hoc
669 2488 776 2558 agi,
805 2495 867 2543 ut
890 2487 1035 2563 (utar
1064 2491 1242 2548 verbis
1272 2494 1426 2567 legis)
1455 2496 1654 2552 veritas
1680 2513 1888 2566 rerum,

288 2575 568 2634 erroribus
597 2590 876 2652 gestorum
905 2585 1144 2641 vitietur.
1198 2586 1340 2644 Olim
1374 2591 1710 2662 Augustinus
1739 2592 1890 2651 dice-

292 2670 386 2726 bat
431 2675 613 2729 mirari
666 2683 726 2732 se
756 2677 1061 2736 Donatistas
1093 2681 1296 2741 habere
1326 2687 1380 2740 in
1409 2701 1640 2758 corpore
1669 2690 1892 2762 Sangui-

291 2781 438 2832 nem,
465 2770 554 2840 qui
585 2785 877 2842 numquam
907 2776 1292 2834 erubescerent
1324 2781 1487 2837 tories
1517 2783 1568 2836 in
1605 2783 1890 2840 manifesto

288 2862 576 2918 mendacio
604 2865 956 2936 deprehensi.
1006 2867 1145 2938 Quid
1176 2871 1403 2929 dixisset
1433 2872 1511 2942 de
1543 2874 1738 2946 pallida
1783 2877 1888 2931 im-

291 2956 544 3026 pudentia
592 2956 871 3016 hominum
919 2971 975 3018 et
1022 2962 1363 3022 faisariorum
1410 2976 1466 3024 et
1512 2970 1889 3041 sanguinariu-

290 3048 460 3103 rum?
506 3049 640 3106 Cum
701 3053 1052 3110 Cresconium
1104 3057 1436 3116 Donatistam
1477 3064 1887 3134 grammaticum

285 3141 599 3212 refelleret,
654 3144 935 3204 dubitabat
963 3191 976 3215 ,
1025 3167 1149 3205 num
1182 3155 1489 3212 exclamare
1520 3169 1702 3229 posset
1733 3159 1881 3226 illud,

1998 1930 2191 1985 eodem
2225 1933 2386 1986 etiam
2422 1943 2668 2005 tempore
2698 1937 2840 1994 forte
2867 1941 3106 2012 rogatus,
3138 1951 3193 1998 ut
3220 1957 3340 2016 quae
3370 1948 3422 2001 in
3455 1950 3600 2005 Con-

2001 2022 2346 2079 Btitutionum
2365 2026 2554 2082 codice
2573 2028 2759 2098 primae
2781 2044 3067 2089 occurrunt
3088 2035 3233 2106 leges
3253 2036 3322 2093 de
3344 2041 3603 2112 religione

1999 2123 2058 2174 et
2091 2119 2352 2187 Ecclesia,
2377 2137 2471 2178 eas
2500 2123 2645 2193 leges
2674 2125 2888 2194 publice
2921 2129 3326 2199 interpretarer,
3358 2134 3603 2204 pluribus

1996 2211 2190 2266 diebus
2221 2213 2276 2267 in
2302 2212 2443 2283 juris
2471 2215 2741 2272 auditorio
2764 2217 3056 2276 Parisiensi
3089 2223 3143 2277 id
3173 2225 3428 2295 egissem,
3463 2242 3602 2298 pra:-

1995 2305 2182 2359 sertim
2229 2319 2351 2361 cttm
2403 2309 2446 2362 is
2495 2316 2638 2365 esSet
2687 2311 2997 2369 auditorum
3045 2327 3344 2374 cuucursus
3383 2327 3440 2376 et
3487 2322 3601 2379 ire-

1995 2398 2213 2467 quentia
2236 2403 2384 2467 (nam
2411 2399 2618 2471 aliquot
2645 2403 2814 2457 millia
2845 2405 3288 2465 doctissimorum
3318 2410 3600 2470 hominum

1992 2491 2328 2564 convenere)
2352 2507 2527 2563 eaque
2553 2496 2784 2551 attentio
2809 2507 2863 2551 et
2893 2498 3210 2568 amiduitas,
3239 2511 3297 2558 nt
3327 2506 3598 2576 meipsum

1997 2585 2268 2651 excitarit,
2299 2595 2357 2639 ut
2379 2586 2766 2656 sapientissimi
2797 2601 2849 2643 et
2881 2589 3198 2661 fortissimi,
3226 2603 3279 2650 et
3305 2596 3472 2667 (quod
3499 2599 3602 2655 im-

1996 2681 2186 2748 primis
2215 2681 2506 2737 dieendum
2536 2687 2674 2755 erat)
2706 2684 3101 2754 religiosissimi
3147 2691 3408 2761 principis
3430 2735 3444 2759 ,
3493 2691 3600 2751 hoc

1993 2780 2104 2840 est,
2136 2773 2427 2830 Theodosii
2475 2776 2702 2832 consilia
2748 2775 3352 2852 Constantinopolitano
3383 2800 3599 2860 quoque

1991 2867 2224 2921 concilio
2270 2868 2592 2925 conﬁrmata
2618 2912 2631 2937 ,
2678 2873 3019 2943 eptimasque
3061 2877 3478 2936 constitutiones
3516 2882 3591 2940 de

1993 2958 2238 3015 Ecclesia
2271 2962 2614 3019 concilianda
2646 2973 2809 3036 atque
2853 2965 2908 3020 in
2950 2966 3220 3038 integrum
3262 2974 3594 3031 restituenda

1991 3051 2241 3123 pluribus
2273 3055 2454 3110 verbis
2481 3069 2832 3126 expenerem.
2884 3059 3027 3130 Ergo
3065 3073 3213 3119 nunc
3236 3066 3517 3137 optabam,
3549 3068 3598 3125 si

1993 3155 2092 3212 per
2119 3145 2326 3214 Dama,
2365 3147 2456 3218 qui
2485 3149 2847 3205 interturbant
2878 3153 3059 3208 omnia
3079 3195 3093 3220 ,
3142 3155 3384 3214 lienisset
3405 3201 3420 3228 ,
3465 3162 3598 3219 illud

218 3273 233 3285 .
288 3236 524 3292 fruntent
575 3239 806 3309 periisse
850 3241 918 3298 de
966 3243 1148 3300 rebus.
1205 3247 1312 3303 Sed
1351 3251 1440 3319 qtti
1478 3220 1546 3304 at
1579 3220 1964 3324 Pelagianisc
1996 3239 2305 3309 exemplum
2361 3239 2652 3296 Theodosii
2710 3244 2879 3314 patris
2934 3253 2991 3300 ει
3043 3249 3381 3321 consilium.
3450 3254 3597 3325 quod

289 3345 459 3402 agens
508 3334 838 3403 scripserat,
894 3335 1276 3394 litereticorum
1324 3341 1555 3398 frontem
1604 3361 1712 3401 non
1765 3361 1887 3405 esse

287 3423 544 3494 frontem,
576 3443 642 3483 an
670 3429 970 3499 dubitaret,
998 3433 1043 3486 si
1093 3432 1301 3490 videret
1327 3439 1708 3496 verecundiam
1735 3457 1888 3499 vesa-

289 3533 374 3575 na:
413 3521 725 3578 haereseos?
767 3527 848 3580 An
881 3541 985 3581 non
1012 3529 1173 3582 etiam
1207 3529 1338 3586 illud
1381 3529 1686 3592 Ezechielis
1737 3537 1886 3608 inge-

287 3613 563 3669 minaret:
612 3613 784 3671 Frons
835 3620 1118 3677 meretricis
1166 3619 1305 3692 facta
1347 3634 1421 3678 est
1467 3625 1562 3681 tibi
1589 3617 1612 3681 ξ’
1673 3631 1887 3687 noluisti

285 3705 625 3761 erubescere!
686 3705 824 3777 Quid
879 3721 1078 3781 porro,
1132 3714 1260 3786 quid
1310 3716 1355 3772 si
1415 3717 1625 3774 videret
1674 3721 1887 3790 patulas

285 3811 450 3853 aures
477 3800 742 3868 imperitae
789 3803 1149 3861 multitudinis
1202 3809 1528 3878 impostores
1571 3811 1887 3870 audientis?

287 3891 433 3947 Dixit
457 3893 586 3948 olim
618 3906 915 3952 sectatores
946 3898 1112 3969 ipsius
1143 3898 1390 3958 Petiliani
1417 3944 1434 3970 ,
1475 3903 1568 3974 qui
1600 3908 1886 3964 mentienti

286 3985 546 4055 magistro
575 3986 975 4056 applaudebant
996 4031 1011 4055 ,
1052 4007 1157 4046 non
1189 3992 1393 4050 habere
1420 4012 1580 4054 aures
1609 3998 1662 4055 in
1693 3999 1882 4070 corde,

284 4078 380 4132 sed
410 4091 508 4133 cor
539 4080 589 4132 in
622 4081 887 4136 auribus?
933 4081 1074 4151 Quid
1106 4099 1237 4142 vero
1260 4129 1274 4154 ,
1318 4089 1448 4159 quid
1477 4091 1662 4148 cordis
1689 4110 1887 4165 super-

282 4184 408 4226 esse
435 4171 502 4226 iis
527 4181 763 4244 putaret,
794 4175 884 4245 qui
917 4177 1132 4234 nonnisi
1163 4181 1363 4249 putidis
1391 4193 1445 4237 et
1475 4185 1886 4247 contumeliosis

283 4264 481 4321 fabulis
499 4270 816 4336 pascuntur?
829 4268 992 4339 Ecce,
1010 4271 1248 4328 nondum
1265 4277 1440 4330 satiati
1457 4273 1676 4334 famosis
1693 4280 1888 4339 libellis

281 4357 660 4414 famosissima:
686 4373 799 4417 Suae
823 4363 996 4430 Beate,
1030 4365 1192 4419 etiam
1232 4375 1349 4422 acta
1386 4367 1641 4440 colloquii
1675 4373 1887 4431 Posiaci

281 4454 743 4523 contaminarunt,
769 4466 827 4510 ut
849 4457 900 4511 in
926 4459 992 4514 iis
1019 4460 1189 4514 multa
1212 4459 1494 4531 fingerent,
1520 4479 1641 4535 qua:
1665 4483 1749 4522 res
1773 4469 1884 4537 ipsa

281 4543 482 4600 clamat
509 4559 630 4601 esse
659 4546 969 4616 falsissima,
991 4563 1185 4622 meque
1207 4553 1392 4621 etiam,
1416 4557 1504 4627 qui
1527 4559 1613 4612 vix
1643 4557 1882 4628 interfui,

281 4637 673 4705 immisceret“,
700 4646 755 4694 et
775 4639 938 4710 (quod
963 4649 1047 4696 est
1090 4617 1398 4716 ridiculum)
1427 4617 1710 4705 narrarent
1740 4652 1790 4706 in
1820 4668 1886 4709 eo
1908 4617 1968 4680 Β

281 4739 454 4799 prope
503 4729 670 4786 fuisse
721 4746 871 4789 meas
926 4742 1126 4805 partes,
1176 4739 1362 4808 quales
1408 4739 1634 4813 alicujus
1675 4745 1888 4804 scilicet

281 4826 496 4896 μεσίτου
538 4837 660 4881 esse
705 4839 948 4897 possent,
993 4845 1061 4885 ne
1086 4830 1260 4886 dicam
1288 4835 1473 4903 quales
1526 4836 1695 4906 ipsi-ns
1742 4838 1886 4896 Mar-

280 4919 462 4975 cellini
491 4921 707 4979 fuerunt
733 4923 786 4977 in
823 4919 1254 4996 Carthaginensi.
1284 4926 1462 4995 Quid?
1499 4927 1703 4987 lEneas
1734 4949 1889 5006 spec-

281 5016 408 5068 tans
433 5014 696 5083 picturam
724 5017 877 5086 cujus
897 5028 1024 5072 ante
1050 5019 1301 5074 memini:
1327 5021 1399 5077 S-e
1419 5039 1616 5095 quoque
1639 5027 1890 5100 principi-

283 5108 379 5162 bus
401 5111 708 5178 permith
741 5113 946 5185 agnovit
970 5112 1195 5169 Achivis.
1239 5113 1352 5171 Sed
1383 5119 1580 5189 quibus
1608 5122 1776 5177 oculis
1811 5124 1881 5179 leo

279 5213 490 5270 gerem,
520 5215 604 5258 me
619 5203 952 5275 principibus
968 5215 1022 5262 et
1045 5208 1491 5279 gubernatoribus
1508 5214 1887 5284 diSputationis

283 5291 528 5348 Posiam
546 5297 713 5367 prope
735 5297 1046 5368 praefuisse?
1069 5301 1244 5358 Credo
1261 5305 1511 5376 equidem
1553 5305 1755 5366 facetos
1788 5327 1889 5368 mt-

280 5393 522 5456 gatores,
556 5396 615 5443 ut
638 5389 848 5446 rideant
875 5399 929 5448 et
959 5393 1161 5462 ludant,
1197 5396 1320 5452 talia
1346 5397 1569 5470 ﬁngere.
1595 5399 1700 5458 Sed
1727 5405 1888 5461 nimis

282 5478 445 5533 otiosi
467 5489 611 5546 sunt,
637 5482 832 5553 quibus
848 5493 1005 5539 vacat
1043 5493 1152 5541 tam
1184 5488 1336 5544 valde
1363 5489 1592 5561 ineptire
1618 5504 1670 5550 et
1697 5495 1887 5566 nugari

285 5568 340 5623 in
373 5581 433 5624 re
460 5573 622 5626 seria.
665 5572 780 5628 lmo
819 5575 942 5646 quia
974 5577 1276 5646 audierant,
1304 5581 1611 5641 Donatistas
1641 5586 1771 5644 olim
1799 5604 1892 5645 ca-

287 5661 502 5719 viiratos
533 5673 676 5732 esse,
701 5666 1068 5725 Marcellinum
1093 5673 1264 5743 pretio
1294 5683 1606 5750 corruptum
1637 5682 1690 5736 in
1721 5683 1887 5740 colla-

289 5756 440 5811 tione
467 5755 655 5825 fuisse,
689 5759 850 5816 etiam
873 5761 1143 5819 tinxerunt
1162 5765 1324 5842 εει
1355 5771 1545 5828 nescio
1569 5779 1670 5844 qua
1697 5775 1893 5832 libera-

289 5850 446 5908 litate
464 5859 520 5907 et
533 5853 900 5912 muniﬁcentia
917 5854 1204 5917 Navarriea
1225 5863 1553 5924 cumulatum
1586 5881 1674 5927 me
1702 5866 1891 5932 fuisse.

1990 3327 2230 3385 Orientis
2262 3331 2562 3388 Eeclesiam
2609 3337 2886 3403 servavit,
2937 3337 3190 3398 conferre
3235 3355 3358 3400 cum
3399 3359 3468 3403 ea
3509 3363 3596 3405 ra-

1995 3424 2139 3479 tione
2163 3466 2178 3490 ,
2224 3421 2384 3495 quam
2415 3427 2686 3485 Honorius
2729 3429 2868 3485 filius
2909 3433 3124 3504 triginta
3172 3449 3293 3507 post
3328 3440 3486 3497 annis
3525 3441 3596 3498 ad

1992 3518 2301 3573 Africanam
2336 3521 2632 3578 Ecclesiam
2671 3524 3006 3581 liberandam
3056 3529 3231 3584 inivit.
3303 3533 3399 3588 Est.
3445 3535 3595 3591 enim

1993 3621 2287 3681 utrumque
2334 3614 2600 3684 iInprimis
2650 3619 3000 3674 memorabile
3045 3623 3393 3695 exemplum,
3449 3629 3596 3700 quod

1989 3717 2134 3759 nunc
2165 3721 2380 3776 quoque
2409 3709 2461 3763 in
2499 3710 2662 3764 simili
2707 3712 3017 3782 reipublicae
3045 3720 3293 3774 attonitae
3349 3724 3595 3791 periculo

1990 3809 2288 3867 sequantur
2315 3840 2329 3865 ,
2377 3802 2470 3872 qui
2521 3803 2914 3873 rempublicam
2943 3822 3065 3863 cum
3093 3810 3336 3869 Ecclesia
3381 3816 3593 3876 salvam

1989 3899 2111 3944 esse
2152 3891 2359 3946 volunt.
2417 3892 2542 3948 Scio
2570 3895 2694 3977 talia
2743 3912 2890 3953 nunc
2931 3901 3144 3958 irrideri
3172 3943 3186 3971 ,
3233 3915 3398 3977 atque
3424 3910 3593 3968 etiam

1990 3995 2113 4038 esse
2143 3984 2351 4041 odiosa.
2413 3986 2522 4044 Sed
2567 3973 2675 4044 nou
2704 3991 2828 4061 quia
2860 3994 3015 4050 multi
3047 4010 3190 4054 nunc
3215 3973 3381 4056 etiam
3413 4003 3593 4062 virtu-

1987 4083 2096 4131 tem
2143 4075 2374 4134 irrident
2423 4088 2697 4152 tamquam
2745 4083 2982 4141 fabulam
3023 4097 3118 4144 aut
3153 4091 3312 4148 inane
3361 4101 3587 4168 nomen,

1992 4179 2280 4241 propterea
2308 4173 2524 4230 virtutis
2553 4190 2768 4233 omnem
2797 4186 2854 4235 et
2877 4180 3112 4251 efﬁgiem
3145 4189 3592 4255 proculcabimus

1989 4275 2046 4322 et
2097 4266 2416 4324 memoriam
2465 4270 2804 4341 abjiciemus.
2865 4273 2980 4332 imo
3007 4291 3140 4334 vero
3169 4279 3295 4352 quia
3340 4281 3592 4344 homines

1990 4373 2220 4431 nequam
2245 4361 2500 4419 virtutem
2533 4380 2826 4438 numquam
2858 4385 2929 4426 ne
2960 4373 3164 4441 pictam
3186 4377 3409 4447 quidem
3441 4380 3596 4438 vide-

1988 4462 2136 4521 runt,
2170 4455 2362 4511 invitis
2387 4458 2552 4513 etiam
2577 4460 2914 4517 obtrudenda
2937 4473 3044 4530 est,
3066 4477 3121 4521 et
3147 4476 3299 4525 tanto
3325 4487 3388 4528 ea
3421 4477 3594 4547 magis

1992 4545 2286 4615 ingerenda
2316 4592 2329 4616 ,
2381 4561 2543 4621 quam
2585 4555 2879 4625 antiquitas
2908 4559 3037 4614 olim
3067 4561 3238 4619 coluit
3271 4583 3286 4621 :
3343 4545 3595 4628 Virtutem

1989 4646 2048 4694 tu
2078 4641 2304 4710 uideant,
2339 4645 2754 4715 intabescantque
2779 4650 2979 4706 relicta.
3027 4651 3231 4712 Saltem
3263 4661 3397 4717 mihi
3429 4661 3591 4723 venia

1990 4737 2178 4805 detur,
2211 4743 2256 4795 si
2289 4742 2497 4811 legibus
2527 4754 2580 4798 et
2609 4746 2878 4816 exemplis
2911 4748 3070 4805 bonis
3096 4751 3162 4808 ei
3198 4754 3590 4817 Ecclesiastiea

1990 4838 2206 4906 quoque
2237 4835 2460 4892 historia
2490 4839 2756 4908 repetitis,
2779 4831 2832 4896 et
2861 4841 3154 4902 sanctioris
3178 4839 3322 4917 juris
3347 4852 3590 4920 pruden-

1994 4931 2083 4984 tiae
2131 4931 2502 4986 tuomtmentis
2538 4931 2800 4989 deleetari
2839 4947 2926 4992 me
2953 4953 3071 4993 non
3101 4939 3428 5014 dissimulo,
3478 4953 3592 5018 prae

1994 5023 2193 5094 quibus
2227 5038 2392 5095 prope
2424 5025 2536 5096 jam
2569 5026 2706 5082 mihi
2732 5029 2959 5085 sordent
2982 5032 3091 5087 alia
3121 5035 3408 5094 subtiliora
3439 5041 3592 5098 scili-

1989 5124 2078 5170 cet
2105 5116 2366 5187 mySteria
2389 5157 2404 5184 ,
2450 5131 2573 5188 quae
2595 5118 2732 5189 juris
2763 5121 2941 5178 civilis
2968 5138 3092 5181 esse
3119 5127 3407 5198 dicuntur,
3438 5143 3492 5188 et
3521 5145 3593 5190 eo

1991 5209 2148 5264 titulo
2177 5209 2465 5268 ambitiose
2491 5212 2786 5282 jactantnr.
2820 5211 2926 5273 Per
2947 5234 3034 5276 me
3061 5231 3193 5278 sane
3221 5221 3346 5280 licet
3369 5233 3427 5280 ut
3449 5227 3593 5298 juris

1992 5302 2183 5373 periti,
2233 5305 2323 5374 qui
2355 5305 2568 5385 volent,
2613 5323 2674 5363 se
2702 5309 2962 5380 abjiciant
2995 5313 3076 5368 vel
3107 5314 3176 5369 ad
3205 5319 3504 5388 captandas
3531 5323 3592 5381 in

1991 5395 2196 5450 scholis
2225 5398 2483 5468 gloriolas
2511 5399 2750 5455 inanium
2778 5403 3136 5480 λεπτολογῶν,
3162 5410 3244 5463 vel
3276 5410 3346 5465 ad
3374 5425 3506 5484 opes
3535 5414 3597 5474 in

1999 5489 2118 5546 foro
2161 5492 2494 5563 colligendas
2520 5535 2536 5561 ,
2591 5494 2676 5550 vel
2722 5497 2884 5552 etiam
2922 5499 2988 5553 ad
3033 5501 3382 5572 magistratus
3409 5509 3452 5561 si
3481 5505 3595 5569 non

2000 5587 2197 5642 misere
2227 5589 2546 5645 ambiendos
2566 5631 2582 5657 ,
2615 5598 2670 5645 at
2699 5600 2853 5648 certe
2879 5592 3146 5652 damnose
3173 5601 3474 5657 emendos:
3522 5603 3597 5660 li-

1999 5693 2119 5737 ceat
2151 5683 2314 5740 modo
2343 5685 2473 5740 mihi
2493 5725 2506 5752 ,
2550 5685 2692 5742 bona
2719 5701 2907 5743 eorum
2934 5689 3112 5761 gratia
3131 5732 3146 5760 ,
3181 5693 3256 5748 iis
3276 5695 3333 5749 in
3355 5697 3596 5758 solitltl'tn

2001 5775 2310 5846 relinquere
2334 5787 2497 5848 atque
2525 5777 2859 5849 concedere,
2891 5781 3036 5852 quod
3071 5785 3202 5840 tanti
3233 5785 3467 5858 faciunt,
3509 5797 3592 5862 ut,

2000 5869 2148 5943 quod
2177 5871 2480 5948 negligant,
2509 5875 2692 5947 potius
2715 5875 3032 5948 amplectar.
