3996 6332
476 252 617 310 ΗΠ

470 387 1078 414 —_—

1941 251 2309 313 APPENDIX.

3626 267 3762 326 1H8

1089 386 3729 419 *ΜΨ*

1754 509 1918 585 343
1946 506 2515 596 HISTORIA

640 683 2196 818 CARTHAGINENSIS
2315 676 3387 829 COLLATION
3408 702 3603 829 IS.

539 1032 788 1092 Dicturus
814 1033 884 1091 de
924 1031 1259 1091 nobilissima
1303 1030 1704 1089 Catholicorum
1735 1045 1855 1088 cum
1890 1030 2067 1088 Dona-
2094 1036 2148 1098 Α
2177 1042 2338 1090 sexto
2379 1035 2558 1107 capite
2584 1036 2676 1093 43.
2722 1038 2915 1111 Operm
2954 1041 3186 1112 pretium
3216 1050 3396 1100 autem
3428 1051 3540 1114 est,
3584 1045 3769 1118 prius-

467 1128 611 1187 tistis
662 1128 969 1186 Collatione
1012 1127 1471 1200 Carthaginensi,
1524 1126 1683 1200 paulo
1734 1126 1896 1182 altius
1953 1140 2067 1181 rem

464 1235 706 1296 repetam
731 1239 797 1280 ex
826 1223 1002 1281 veteri
1032 1222 1298 1280 memoria
1327 1221 1584 1278 Ecclesiae
1612 1219 1901 1277 Africanae.
1933 1217 2067 1275 Nam

466 1330 519 1377 et
549 1321 602 1375 in
632 1317 1153 1390 Carthaginensibus
1183 1315 1432 1373 conciliis
1465 1314 1767 1372 indicandis
1799 1313 1943 1369 varie
1969 1314 2068 1368 abs

465 1413 798 1471 doctissimis
825 1414 989 1470 etiam
1016 1413 1146 1470 viris
1183 1421 1466 1484 peccatur,
1499 1411 1640 1467 hanc
1670 1410 2067 1468 Ecclesiastica:

463 1505 705 1564 historiae
734 1515 941 1579 partem
975 1505 1133 1578 paulo
1162 1506 1526 1579 negligentius
1567 1504 1990 1577 exponentibus.

536 1601 824 1659 Balsamon
856 1600 1079 1659 Graecus
1120 1601 1393 1673 interpres
1424 1600 1862 1666 Nomocanonis,
1895 1611 2066 1653 anno-

464 1704 572 1763 tat,
621 1696 853 1767 primum
902 1705 1026 1768 post
1071 1696 1443 1766 apostolorum
1491 1704 1733 1765 tempora
1777 1692 2065 1750 concilium

460 1789 635 1845 fuisse
680 1788 812 1844 illud
842 1788 1276 1861 Carthaginense
1298 1830 1313 1856 ,
1364 1789 1449 1845 cui
1491 1787 1796 1859 Cyprianus
1824 1785 2063 1858 praefuit,

464 1895 587 1937 cum
616 1891 955 1952 quaereretur
999 1881 1067 1938 de
1107 1880 1385 1953 Baptismo
1426 1880 1828 1937 haereticorum.
1873 1878 1981 1936 Sed
2012 1877 2065 1935 id

461 1991 571 2033 non
603 1976 781 2032 minus
810 1976 992 2048 inepte
1022 1975 1257 2042 dicitur,
1290 1991 1451 2048 quam
1480 1974 1623 2048 quod
1656 1974 2066 2030 consarcinato-

463 2085 555 2127 res
586 2068 795 2126 Latina:
823 2068 1110 2141 farraginis
1139 2068 1491 2125 conciliorum
1510 2109 1525 2135 ,
1556 2076 1611 2125 et
1638 2065 2066 2139 Magdeburgen-

462 2181 554 2224 ses
583 2166 950 2235 exscriptores
971 2163 1348 2221 Centuriarum
1376 2163 1618 2219 historiae
1642 2161 2059 2227 Ecclesiasticaa,

464 2260 616 2317 aiunt
659 2260 894 2332 primum
924 2258 1214 2315 concilium
1244 2256 1669 2328 Carthaginense
1711 2256 1875 2312 fuisse
1914 2254 2061 2311 illam

464 2353 869 2409 Donatistarum
899 2351 1191 2425 synodum,
1220 2350 1274 2407 in
1302 2365 1403 2423 qua
1432 2350 1754 2407 Cmcilianus
1781 2349 2064 2422 Carthagi-

2174 1144 2334 1199 quam
2386 1132 2450 1187 ad
2504 1131 2816 1191 Donatistas
2869 1135 3301 1204 descendamus,
3347 1139 3547 1211 aliquid
3596 1142 3768 1197 etiam

2173 1221 2359 1280 dicere
2389 1224 2457 1280 de
2482 1224 2817 1284 Novatianis.
2860 1229 2995 1285 Nam
3027 1240 3083 1287 et
3122 1232 3205 1287 his
3234 1232 3308 1289 illi
3340 1233 3502 1290 veluti
3539 1250 3768 1293 succes-

2171 1329 2325 1383 sere,
2357 1326 2412 1373 et
2454 1318 2598 1376 inter
2625 1335 2720 1376 eos
2765 1320 2963 1378 similia
2994 1325 3160 1379 multa
3211 1326 3463 1396 fuerunt,
3511 1338 3565 1385 et
3608 1329 3769 1385 multi

2171 1408 2335 1464 etiam
2366 1409 2492 1465 olim
2523 1411 2826 1469 doctissimi
2873 1414 3125 1475 homines
3162 1418 3250 1473 hic
3286 1418 3452 1475 multa
3498 1421 3770 1479 confude-

2171 1511 2321 1569 runt,
2350 1519 2470 1574 quae
2491 1505 2853 1564 discernenda
2878 1518 3023 1566 sunt.
3053 1510 3203 1569 Adeo
3225 1512 3497 1570 Africanae
3521 1513 3772 1573 historia:

2171 1592 2589 1666 Ecclesiasticae,
2625 1616 2746 1670 qua:
2772 1601 2987 1659 meliori
3017 1606 3278 1661 memoria
3309 1605 3627 1678 dignissima
3656 1618 3767 1676 est,

2170 1691 2505 1760 perturbatio
2550 1708 2742 1765 magna
2782 1704 2887 1752 est.
2924 1696 3012 1753 Sic
3045 1698 3375 1769 Epiphanius
3404 1710 3459 1756 et
3502 1700 3767 1759 Theodo-

2169 1792 2320 1840 retus
2349 1786 2502 1841 aiunt
2544 1788 2850 1846 Donatistas
2887 1790 3054 1849 fuisse
3092 1791 3405 1850 Novatiaum
3444 1793 3765 1854 haereseos:

2169 1877 2280 1932 imo
2310 1879 2454 1951 quod
2494 1880 2562 1937 de
2592 1881 2891 1939 Donatistis
2927 1886 3145 1956 proprie
3172 1886 3461 1945 dicendum
3494 1900 3608 1946 erat
3651 1890 3763 1947 im-

2167 1969 2339 2041 perite
2369 1972 2433 2027 ad
2463 1971 2790 2032 Novatianos
2817 1976 2985 2034 refert
3012 1977 3345 2050 Epiphanius
3366 2022 3382 2048 ,
3408 1997 3533 2038 cum
3562 1984 3659 2039 hos
3684 1984 3770 2040 ait

2166 2060 2355 2119 Romae
2402 2065 2704 2135 appellatos
2750 2083 2873 2125 esse
2928 2071 3258 2129 Montenses.
3313 2072 3476 2131 Certe
3524 2075 3656 2133 licet
3710 2079 3765 2134 in

2166 2157 2541 2230 anabaptismo
2603 2162 3000 2231 convenirent,
3062 2174 3242 2221 tamen
3306 2164 3359 2221 in
3420 2170 3771 2226 cwremoniis

2165 2250 2420 2323 baptismi
2449 2268 2556 2309 non
2584 2256 2999 2314 conveniebant.
3048 2257 3355 2315 Utebantur
3402 2261 3565 2317 etiam
3612 2262 3765 2320 chri-

2164 2354 2342 2402 smate
2385 2346 2712 2415 Donatista},
2757 2365 2865 2405 non
2898 2350 3191 2406 utebantur
3220 2351 3545 2410 Novatiani:
3587 2372 3769 2429 neque

460 2448 646 2504 nensis
690 2447 888 2504 absens
934 2446 1225 2503 damnatus
1270 2454 1373 2502 est.
1420 2444 1476 2501 Si
1516 2454 1790 2517 quaeratur
1828 2445 2058 2517 primum
2089 2451 2138 2513 Β
2166 2440 2500 2511 ρωηίιθιιιίω
2523 2441 2825 2498 adversarii
2854 2445 3766 2523 crantDonatistac,utNoyatiani,

459 2548 585 2613 post
608 2540 979 2611 apostolorum
1008 2547 1259 2611 tempora
1280 2538 1596 2605 concilium,
1622 2538 1860 2594 dicerem
1884 2538 2062 2608 potius

458 2632 628 2692 fuisse
675 2633 820 2690 illam
872 2632 1263 2690 Cazsariensem
1312 2633 1367 2688 in
1418 2632 1701 2688 Palaestina
1755 2631 2058 2704 synodum,

458 2743 581 2801 qua:
608 2728 677 2785 de
716 2726 969 2785 Pachatis
1007 2726 1097 2784 die
1141 2726 1439 2799 disputavit
1491 2736 1730 2797 tempore
1776 2724 2059 2783 Commodi

457 2820 806 2893 imperatoris
833 2820 989 2876 sicuti
1016 2828 1072 2876 et
1106 2819 1267 2890 paulo
1294 2826 1418 2889 post
1445 2818 1665 2879 Romae.
1696 2826 1751 2874 et
1779 2817 1832 2873 in
1862 2816 2056 2886 Gallia,

457 2922 515 2973 et
544 2916 595 2971 in
626 2915 855 2982 Achaia,
884 2924 941 2971 et
969 2915 1023 2970 in
1051 2914 1254 2969 Arabia
1277 2913 1515 2987 synodos
1546 2921 1826 2985 propterea
1856 2927 2058 2970 conve-

458 3008 607 3065 nisse
648 3007 799 3065 testis
846 3017 929 3064 est
975 3007 1245 3064 Eusebius
1282 3006 1378 3063 lib.
1407 3022 1462 3072 v,
1505 3020 1623 3076 cap.
1653 3005 1754 3073 23,
1782 3015 1837 3061 et
1861 3004 1956 3061 lib.
1982 3019 2055 3072 vi,

456 3116 577 3172 cap.
606 3100 675 3157 36
698 3109 751 3157 et
778 3101 869 3155 '57.
904 3099 1109 3156 Deinde
1131 3108 1258 3156 ante
1280 3098 1607 3172 Cyprianum
1637 3098 1739 3154 alia
1771 3097 1869 3153 fuit
1895 3112 2059 3169 syno-

455 3193 557 3251 dus
588 3192 1033 3265 Carthaginensis
1065 3192 1133 3250 de
1181 3193 1458 3263 Baptismo
1505 3192 1902 3247 haereticorum.
1951 3190 2057 3263 Cy-

457 3288 681 3360 prianus
708 3285 774 3340 ad
804 3284 1157 3352 Jubaianum,
1193 3283 1353 3338 Multi
1395 3281 1613 3357 (inquit)
1636 3284 1750 3354 jam
1778 3282 1903 3337 anni
1937 3290 2057 3337 sunt

454 3391 503 3438 et
541 3380 698 3455 longa
732 3392 892 3447 (etas,
925 3396 989 3435 ea:
1016 3395 1116 3446 quo
1155 3379 1247 3434 sub
1290 3378 1574 3450 Agrippino
1621 3377 1767 3433 bonae
1798 3376 2057 3433 memoria:

452 3476 583 3540 viro,
626 3474 977 3530 convenientes
1004 3474 1059 3529 in
1095 3489 1259 3528 unum
1312 3472 1541 3544 episcOpi
1583 3470 1793 3542 plurimi
1819 3470 1916 3525 hoc
1949 3478 2055 3525 ua-

456 3576 692 3637 tuerunt,
734 3564 840 3625 etc.
883 3568 1221 3640 Augustinus
1269 3575 1447 3622 tamen
1492 3564 1587 3620 lib.
1620 3581 1673 3620 tv
1717 3563 1787 3621 de
1820 3562 2050 3635 Baptis.,

456 3675 514 3717 c.-
539 3663 594 3728 6,
629 3675 738 3717 non
778 3661 997 3730 multis,
1029 3660 1123 3718 sed
1157 3661 1345 3733 paucis
1371 3659 1527 3716 annis
1555 3666 1683 3714 ante
1723 3658 2049 3729 Cyprianum

455 3752 560 3812 hoc
585 3752 852 3810 accidisse
893 3754 969 3809 ait
1000 3770 1011 3806 :
1057 3762 1118 3810 ut
1159 3753 1524 3825 intelligamus
1552 3768 1663 3809 non
1693 3750 1829 3809 adeo
1865 3752 2051 3808 multis

2167 2549 2342 2606 neque
2372 2535 2673 2604 secundas,
2705 2544 2765 2592 ut
2800 2538 2889 2606 hi,
2920 2540 3139 2610 nuptias
3176 2540 3531 2599 damnabant.
3559 2544 3767 2602 Saltem

2168 2628 2284 2699 ipse
2310 2629 2638 2687 Cresconius
2664 2631 2947 2689 Donatista
2986 2648 3107 2689 cum
3137 2646 3359 2708 negaret
3388 2651 3513 2694 sese
3543 2636 3769 2695 haereti-

2165 2736 2287 2777 cum
2310 2737 2453 2787 esse,
2480 2732 2534 2778 et
2556 2722 2844 2781 hmreticos
2865 2735 3232 2793 enumeraret,
3261 2741 3383 2784 cum
3407 2729 3606 2800 quibus
3632 2731 3768 2787 nihil

2166 2813 2396 2872 haberet
2423 2830 2712 2873 commune
2731 2858 2745 2882 ,
2776 2816 3108 2875 Novatianos
3137 2819 3301 2877 etiam
3328 2835 3723 2879 commemorat
3753 2844 3766 2880 :

2164 2921 2341 2978 neque
2371 2907 2731 2978 Augustinus,
2764 2925 2887 2966 cum
2908 2910 2961 2967 ei
2989 2912 3291 2981 respondit,
3318 2913 3558 2986 aliquam
3588 2915 3769 2972 Nova-

2166 2998 2323 3055 tianae
2355 3000 2628 3057 haereseos
2659 3009 2841 3058 notam
2870 3002 2921 3058 ei
2965 3003 3153 3073 inurit,
3186 3006 3279 3063 lib.
3317 3022 3353 3061 ιι
3385 3019 3575 3063 contra
3629 3008 3769 3066 Cre-

2164 3094 2407 3149 sconium
2436 3109 2571 3166 ,cap.
2604 3095 2659 3152 5.
2687 3094 2886 3152 Habuit
2916 3107 3093 3154 tamen
3133 3098 3491 3157 Novatianum
3524 3102 3769 3159 schisma

2162 3186 2361 3241 similia
2391 3188 2556 3243 multa
2588 3204 2709 3245 cum
2738 3190 3029 3248 schismate
3058 3193 3463 3252 Donatistarum
3489 3215 3502 3251 :
3534 3200 3635 3255 sed
3662 3200 3770 3255 No-

2162 3280 2357 3335 vatiani
2392 3296 2497 3336 non
2530 3282 2603 3336 ita
2632 3282 2931 3341 crudeliter
2958 3288 3189 3356 grassati
3239 3297 3398 3357 sunt,
3430 3298 3489 3346 et
3526 3290 3583 3347 in
3616 3291 3767 3348 Italia

2160 3378 2320 3441 atque
2348 3371 2571 3429 Oriente
2598 3385 2893 3446 regnarunt
2924 3378 3101 3447 p0tius
3130 3394 3288 3450 quam
3322 3382 3374 3436 in
3405 3381 3615 3439 Africa.

2233 3464 2303 3521 Ut
2337 3476 2520 3523 autem
2549 3467 2768 3539 quidam
2798 3469 2929 3525 olim
2965 3479 3170 3527 temere
3196 3474 3614 3533 confundebant
3655 3478 3769 3535 Do-

2160 3566 2345 3613 natum
2394 3558 2678 3615 Numidam
2730 3578 2852 3618 cum
2910 3563 3123 3620 Donato
3170 3562 3634 3640 Carthaginensi,
3687 3573 3771 3630 sic

2158 3651 2318 3707 etiam
2368 3652 2521 3708 multi
2564 3652 2830 3711 Novatum
2870 3671 2993 3712 cum
3024 3657 3349 3717 Novatiauo.
3387 3660 3555 3720 Certe
3583 3664 3772 3723 Theo-

2157 3743 2382 3801 doretus
2404 3745 2472 3803 de
2503 3746 2635 3805 Fab.
2670 3749 2914 3806 hazretic.
2948 3753 3139 3809 scribit
3166 3755 3233 3812 de
3259 3754 3467 3814 Novato
3489 3801 3506 3825 ,
3540 3775 3668 3831 qua:
3697 3762 3771 3819 de

452 3856 579 3905 ante
605 3846 763 3903 annis
788 3846 840 3903 id
868 3847 1068 3903 factum
1099 3861 1242 3904 esse,
1284 3846 1390 3903 Sed
1418 3862 1593 3918 neque
1623 3860 1787 3902 unum
1810 3860 1873 3903 ea
1898 3845 1966 3902 de
1990 3859 2052 3901 re
2080 3859 2125 3924 ρ
2157 3838 2456 3897 Novatiano
2485 3842 2661 3913 potius
2688 3844 2977 3903 scribenda
3007 3858 3163 3905 erant
3184 3892 3199 3919 ,
3233 3862 3284 3907 Ol
3312 3850 3663 3923 Epiphanius
3690 3856 3772 3912 ait

451 3941 705 4016 Cypriani
735 3952 979 4015 tempore
1000 3942 1287 4001 concilium
1315 3941 1741 4014 Carthaginiense
1773 3941 1908 3997 fuit:
1942 3940 2051 3997 imo

449 4052 581 4093 vero
625 4037 724 4092 tria
768 4036 966 4103 fuisse,
1016 4037 1211 4093 indicat
1243 4035 1548 4108 Cyprianus
1588 4034 1655 4090 ad
1701 4033 2049 4091 Jubaianum.

451 4129 606 4198 Quod
637 4138 817 4185 autem
848 4144 916 4184 ex
954 4129 1020 4185 iis
1049 4128 1461 4185 celeberrimum
1506 4136 1590 4182 est
1610 4166 1625 4192 ,
1654 4141 1762 4197 quo
1789 4136 1846 4182 et
1873 4125 2053 4180 Dona-

448 4223 591 4279 tista:
640 4221 980 4293 potissimum
1029 4219 1416 4285 abutebantur,
1467 4218 1596 4275 olim
1636 4219 1797 4276 etiam
1830 4218 2049 4289 quidam

447 4313 702 4371 dixerunt
750 4312 944 4370 falsum
988 4322 1044 4371 et
1094 4312 1275 4370 fictum
1321 4327 1490 4370 esse:
1534 4326 1709 4384 neque
1747 4313 1815 4369 ab
1859 4327 2049 4368 eorum

446 4407 706 4479 opinione
734 4407 955 4464 omnino
984 4408 1221 4465 alienum
1264 4422 1387 4465 sese
1436 4420 1557 4463 esse
1588 4405 1922 4479 Augustinus
1950 4407 2051 4461 ali-

448 4499 665 4573 quando
709 4500 1031 4573 significavit
1079 4500 1173 4557 lib.
1208 4516 1223 4555 ι
1268 4509 1454 4557 contra
1497 4498 1757 4557 Crescon.
1798 4513 1920 4570 cap.
1952 4498 2043 4556 52.

444 4594 553 4655 Sed
581 4607 759 4653 tamen
793 4597 846 4652 in
872 4598 1034 4668 epist.
1063 4594 1157 4661 48,
1199 4596 1431 4667 ingenue
1458 4596 1725 4667 agnoscit,
1758 4603 1815 4651 et
1835 4610 1899 4651 ex
1928 4594 2047 4665 ipso

441 4694 585 4768 stylo
614 4693 819 4762 liquere
845 4693 1075 4761 fatetur,
1122 4693 1416 4750 conflatum
1459 4708 1564 4747 non
1597 4706 1739 4747 esse.
1775 4688 2042 4746 Caeterum

442 4791 489 4848 si
534 4791 586 4847 in
636 4787 894 4864 Cypriani
945 4784 1283 4859 temporibus
1340 4783 1685 4856 praedicanda
1734 4794 1817 4840 est
1868 4784 2041 4854 aliqua

442 4881 685 4953 synodus
724 4880 978 4938 Africana
1031 4879 1146 4935 sive
1193 4876 1673 4949 Carthaginensis,
1723 4875 1813 4931 illa
1862 4876 2041 4948 potius

440 4972 709 5030 laudanda
755 4983 935 5041 esset,
984 4987 1146 5044 quam
1195 4969 1501 5043 Cyprianus
1545 4969 1641 5024 lib.
1676 4984 1762 5035 tv,
1792 4968 1951 5038 epist.
1983 4971 2034 5034 8,

440 5077 628 5125 narrat
653 5068 983 5123 convenisse
1012 5066 1276 5122 adversus
1306 5078 1400 5121 eos
1427 5104 1443 5129 ,
1477 5065 1568 5136 qui
1612 5062 2038 5121 circumcisionis

438 5160 691 5232 exemplo
716 5158 1037 5225 abutentes,
1079 5158 1334 5214 nolebant
1361 5156 1592 5214 infantes
1618 5158 1879 5228 baptizari
1908 5165 2035 5215 ante

2159 3934 2422 3992 Novatum
2469 3938 2639 3995 fuisse
2668 3938 2857 3996 Romae
2885 3950 3127 4012 tempore
3170 3948 3566 4015 persecutionis
3590 3991 3607 4016 ,
3639 3966 3767 4006 cum

2157 4026 2208 4081 id
2241 4028 2420 4098 potius
2443 4029 2735 4089 dicendum
2764 4033 3012 4092 videatur
3042 4036 3111 4094 de
3148 4037 3470 4099 Novatiano.
3512 4042 3771 4117 Denique

2156 4130 2211 4177 et
2243 4121 2485 4181 Zonaras
2514 4125 2780 4184 Novatum
2809 4127 3228 4189 haeresiarcham
3271 4134 3402 4191 dicit
3429 4135 3602 4194 fuisse
3648 4139 3769 4197 Ro-

2157 4230 2331 4272 mana:
2377 4217 2640 4276 Ecclesiae
2686 4222 3095 4295 presbyterum,
3139 4226 3332 4283 eodem
3380 4243 3597 4288 errore.
3655 4232 3768 4289 Sed

2153 4312 2245 4382 qui
2278 4312 2633 4385 Cyprianum,
2658 4317 2745 4373 vel
2770 4318 2934 4374 etiam
2965 4318 3353 4394 Hieronymum
3386 4322 3439 4378 in
3465 4321 3647 4381 Catal.
3680 4327 3770 4383 vel

2155 4404 2373 4462 Paciani
2405 4408 2666 4479 epistolas
2707 4426 2882 4481 nuper
2912 4412 3087 4469 editas
3119 4415 3400 4486 legerunt,
3442 4416 3605 4474 facile
3636 4422 3767 4475 ani-

2156 4503 2502 4559 madvertunt
2548 4504 2675 4575 quid
2725 4504 2976 4576 Novato,
3004 4507 3132 4579 quid
3176 4508 3485 4566 Novatiano
3537 4514 3768 4585 proprie

2152 4596 2574 4655 adscribendum
2615 4600 2806 4657 sitzet
2835 4610 2984 4657 tanto
3028 4612 3317 4674 propterea
3361 4606 3538 4677 magis
3586 4608 3771 4664 miror

2151 4700 2403 4747 auctores
2446 4689 2827 4748 Centuriarum
2880 4694 3125 4751 historia:
3178 4695 3567 4755 ecclesiastica:
3616 4699 3768 4755 seri-

2151 4784 2326 4855 psisse
2350 4784 2709 4842 Novatianum
2729 4802 2758 4842 a
2772 4785 2981 4843 Novato
3002 4798 3243 4845 creatum
3271 4788 3440 4848 fuisse
3460 4791 3769 4848 diaconum

2148 4879 2223 4934 Ca
2232 4879 2637 4951 rthaginensem
2652 4882 2820 4937 invito
2834 4879 3129 4954 Cypriano.
3147 4882 3547 4941 Fclicissimum
3570 4888 3773 4958 potius

2147 4973 2334 5030 dicere
2373 4973 2696 5031 debuerant.
2750 4975 2894 5033 Sane
2934 4976 3176 5035 Novatus
3202 4978 3462 5051 Cypriani
3507 4981 3770 5054 episcopi

2146 5066 2590 5140 Carthaginensis
2634 5070 2920 5143 presbyter
2965 5070 3108 5128 fuit:
3140 5072 3231 5144 qui
3273 5087 3397 5129 cum
3444 5074 3498 5129 in
3542 5074 3770 5131 Italiam

2146 5160 2408 5230 venisset,
2440 5160 2796 5218 Novatianmn
2830 5163 3135 5220 Romanum
3168 5165 3547 5239 presbyterum
3590 5168 3774 5243 3“

438 5262 695 5312 octavum
722 5254 891 5311 diem.
920 5250 1028 5309 Sed
1058 5260 1113 5308 et
1140 5249 1218 5307 illi
1244 5250 1478 5308 Africani
1505 5251 1770 5324 episc0pi,
1800 5252 1889 5325 qui
1917 5269 2041 5310 cum
2071 5259 2121 5318 D
2151 5253 2317 5310 veluti
2343 5254 2652 5326 antipapam
2676 5254 2865 5311 Romae
2902 5256 3076 5312 creari
3099 5257 3349 5324 curavit;
3378 5271 3505 5315 cum
3528 5260 3775 5317 electio-

438 5346 713 5421 Cypriano
751 5346 1031 5419 conjuncti
1071 5344 1347 5417 scripsere
1390 5345 1458 5401 ad
1489 5344 1801 5402 Cornelium
1842 5362 2037 5419 papam

438 5438 743 5497 Romanum
771 5440 840 5497 de
871 5454 1004 5512 pace
1047 5439 1215 5510 lapsis
1247 5437 1642 5510 ptenitentibus
1670 5438 1880 5507 danda,
1928 5441 2047 5495 lau-

436 5531 634 5590 dabitis
662 5533 857 5607 synodi
885 5531 1336 5605 Carthaginensis
1378 5530 1643 5587 adversus
1668 5530 1937 5588 Novatum
1974 5548 2041 5590 eo

437 5632 686 5697 tempore
724 5625 959 5697 speciem
987 5624 1247 5694 edidere,
1276 5624 1433 5681 sicuti
1462 5633 1517 5681 et
1554 5622 1748 5682 eodem
1796 5633 2039 5698 tempore

436 5717 725 5787 quamdam
758 5717 1056 5775 Romanam
1088 5718 1389 5790 synodum,
1417 5718 1508 5775 cui
1538 5718 1654 5776 Afri
1699 5734 1918 5791 quoque
1949 5720 2036 5777 in-

440 5808 755 5882 terfuerint,
784 5810 926 5869 idem
950 5810 1227 5871 detiniisse
1249 5849 1265 5882 ,
1297 5814 1454 5873 testis
1484 5821 1569 5875 est
1597 5813 1863 5875 Eusebius
1896 5814 2038 5875 libro

2148 5364 2273 5405 nem
2285 5346 2522 5405 Cornelii
2535 5392 2548 5414 ,
2565 5365 2724 5419 quam
2746 5348 3012 5421 impedire
3028 5365 3137 5407 non
3163 5360 3435 5423 potuerat,
3451 5352 3776 5426 legitimam

2151 5456 2256 5498 non
2289 5456 2411 5498 esse
2438 5442 2786 5516 cavillaretur
2811 5460 2823 5497 :
2855 5442 3017 5500 sicuti
3044 5444 3289 5501 Donatus
3319 5443 3550 5502 Numida
3575 5488 3588 5513 ,
3632 5463 3775 5504 cum

2147 5535 2421 5591 chiliani
2440 5535 2681 5607 episcopi
2694 5535 3140 5608 Carthaginensis
3167 5537 3577 5597 ordinationem
3595 5556 3780 5599 accu-

2145 5638 2324 5698 saret,
2357 5628 2679 5701 Majorinum
2698 5670 2715 5697 ,
2747 5629 2835 5688 cui
2864 5629 3107 5690 Donatus
3136 5630 3279 5691 alter
3304 5636 3576 5694 successit
3603 5638 3776 5695 ordi-

2147 5726 2261 5781 nari
2291 5726 2509 5780 curavit
2529 5768 2543 5791 ,
2577 5735 2633 5780 ut
2662 5726 2815 5782 testis
2844 5736 2930 5783 est
2955 5727 3185 5799 August.
3210 5728 3274 5797 in
3313 5728 3409 5787 lib.
3440 5729 3515 5788 de
3542 5731 3771 5789 Haeres.

2144 5818 2241 5892 qui
2272 5819 2435 5879 etiam
2466 5828 2759 5892 propterea
2804 5819 2993 5893 adjicit
3033 5836 3157 5881 eum
3206 5823 3263 5881 in
3292 5823 3430 5884 urbe
3470 5824 3775 5900 Carthagi—
