3996 6332
301 300 443 362 1M9

1205 308 1530 373 HISTORIA
1568 310 2165 374 CARTHAGINENSIS
2209 313 2684 380 COLLATIONIS.

2381 219 2408 234 θ

3453 333 3596 392 1450

299 421 454 478 nensi
486 423 720 492 primum
749 425 990 483 erexisse
1017 425 1201 485 altare
1239 439 1428 487 contra
1470 431 1640 489 altare
1674 452 1686 488 :
1734 433 1892 489 sicuti
1921 437 1975 499 Α
2001 430 2201 498 rando,
2250 435 2622 504 ignosceretur
2673 448 2894 511 propter
2935 443 3182 500 eamdem
3231 445 3486 517 unitatis,
3543 453 3595 507 in

296 511 602 586 Cyprianus
631 516 794 572 simili
842 516 1081 576 formula
1121 535 1250 578 usus
1287 533 1443 579 antea
1470 524 1684 580 dixerat
1714 525 1892 581 Nova-

299 610 476 664 tianos
501 607 648 664 idem
679 608 903 678 fecisse,
944 613 1039 670 sed
1071 613 1278 670 Romae.
1308 616 1486 687 Atque
1514 616 1617 673 hoc
1648 617 1778 673 illud
1812 627 1896 674 est

294 701 608 758 schismatis
631 718 901 761 summum
933 707 1168 776 malum,
1199 710 1342 778 quod
1385 720 1442 766 ut
1483 711 1534 766 in
1566 712 1890 781 Donatistis,

290 795 376 851 sic
396 805 452 852 et
479 807 640 853 antea
665 798 718 854 in
742 798 1056 858 Novatiauis
1079 815 1389 860 accusatum
1412 816 1517 873 est,
1538 809 1708 878 magis
1729 824 1890 879 quam

291 886 574 945 haereseos
629 891 859 948 crimen.
928 892 1091 952 Certe
1146 896 1436 968 Dionysius
1489 898 1893 956 Alexandrinus

287 980 540 1039 scribens
582 983 651 1040 ad
680 983 1070 1058 Nevatianum,
1098 1005 1333 1062 eumque
1375 992 1458 1047 sui
1502 991 1666 1049 officii
1699 994 1890 1050 admo-

291 1090 433 1132 nens
451 1118 466 1144 ,
493 1077 590 1145 ait,
615 1094 738 1134 eum
765 1080 975 1151 quidvis
1009 1083 1187 1140 facere
1212 1083 1488 1154 debuisse,
1521 1087 1700 1158 potius
1729 1105 1891 1159 quam

287 1172 592 1231 Ecclesiam
639 1175 935 1235 schismate
965 1179 1214 1236 scindere
1245 1198 1258 1234 :
1294 1196 1472 1252 neque
1523 1192 1628 1238 tam
1663 1183 1890 1239 idolola-

289 1271 492 1338 triam,
536 1285 697 1341 quam
748 1271 987 1327 schisma
1041 1273 1225 1344 fugere
1271 1273 1562 1342 debuisse,
1611 1277 1734 1348 quia
1765 1292 1886 1332 cum

285 1360 432 1418 hanc
458 1362 613 1434 fugit,
642 1363 746 1420 sibi
773 1372 985 1421 tantum
1014 1376 1174 1423 cavet
1199 1384 1213 1422 :
1244 1382 1367 1424 cum
1398 1385 1530 1425 vero
1551 1370 1682 1426 illud
1706 1411 1720 1438 ,
1767 1371 1886 1426 uui-

285 1472 466 1514 versae
492 1458 754 1516 Ecclesia:
793 1462 1052 1516 consulit.
1083 1461 1261 1518 Testis
1297 1472 1381 1519 est
1428 1464 1789 1537 Hieronymus
1835 1467 1886 1522 iu

283 1551 466 1607 Catal.
499 1551 570 1608 Et
595 1567 728 1607 vero
753 1552 1062 1621 Novatiani,
1093 1555 1140 1610 si
1171 1554 1482 1613 schismatis
1513 1557 1591 1612 rei
1623 1573 1728 1615 non
1760 1559 1884 1616 fuis-

281 1655 446 1714 sent,
498 1661 612 1703 sua:
651 1646 720 1702 de
767 1646 938 1718 lapsis
985 1648 1160 1720 deque
1203 1650 1584 1706 haereticorum
1618 1652 1888 1724 baptismo

281 1739 562 1808 Opinionis
610 1753 806 1795 novum
850 1749 905 1795 et
951 1741 1194 1797 insolens
1241 1743 1559 1813 exemplum
1611 1758 1718 1799 non
1764 1761 1888 1803 esse

1997 540 2102 596 qua
2132 526 2481 586 nihilominus
2509 534 2728 602 mansit,
2757 535 3103 606 charitatem.
3127 540 3439 600 Novatianis
3467 562 3596 603 vero

1997 618 2375 690 schismaticis,
2403 625 2492 695 qui
2523 625 2625 683 hoc
2651 643 2837 686 errore
2863 629 3053 688 imbuti
3075 635 3143 690 ab
3165 636 3409 694 Ecclesia
3441 639 3595 698 defe-

1996 721 2206 779 cerant,
2239 729 2343 770 non
2369 715 2760 789 ignosceretur,
2787 731 2842 778 et
2873 727 3043 781 multo
3065 728 3244 785 minus
3276 731 3592 789 Donatistis.

1994 804 2130 861 Nam
2158 813 2215 862 et
2239 807 2430 864 horum
2460 827 2620 882 quam
2653 814 2870 872 illorum
2894 819 3097 890 opinio,
3127 827 3376 895 quamvis
3402 829 3594 887 similis

1996 908 2173 964 esset,
2221 901 2400 957 minus
2431 908 2796 965 excusationis
2837 910 3069 970 habebat
3100 932 3112 968 :
3143 918 3268 987 quia
3299 919 3597 980 Donatista:

1995 1007 2102 1048 non
2157 993 2478 1065 ignorabant
2546 999 2598 1054 in
2679 1004 2908 1060 concilio
2959 1010 3298 1067 mcumenico
3349 1029 3592 1072 errorem

1993 1085 2141 1142 illius
2189 1087 2430 1146 Africani
2478 1095 2729 1164 concilii,
2776 1099 2918 1168 quod
2964 1099 3245 1159 Novatiaui
3296 1107 3596 1167 obtendere

1993 1183 2332 1252 potuissent,
2368 1185 2534 1242 fuisse
2563 1187 2900 1247 damnatum.
2937 1194 3080 1252 Inter
3121 1209 3365 1270 tempora
3398 1203 3596 1261 Novati

1992 1285 2047 1331 et
2079 1276 2272 1334 Donati
2299 1279 2569 1337 Sabellius
2600 1283 2733 1340 Afer
2757 1294 2812 1341 et
2842 1287 3006 1342 veluti
3052 1291 3262 1347 medius
3292 1295 3466 1366 majus
3495 1297 3594 1354 ali-

1990 1370 2119 1440 quid
2147 1372 2346 1440 audet,
2378 1382 2432 1430 et
2461 1375 2726 1434 Ecclesia!
2756 1391 2920 1451 caput
2951 1382 3156 1454 ipsum,
3191 1387 3291 1442 hoc
3317 1398 3400 1445 est
3428 1390 3590 1447 Chriv

1991 1472 2134 1518 stum
2181 1464 2356 1535 ipsum
2408 1467 2577 1538 petit,
2629 1486 2788 1542 quem
2842 1489 2949 1530 non
3000 1479 3101 1534 nisi
3153 1481 3424 1539 hominem
3473 1501 3596 1542 esse

1991 1558 2340 1616 clamitabat:
2370 1571 2533 1634 atque
2562 1574 2622 1620 ut
2669 1565 2952 1624 Trinitatis
2982 1576 3304 1645 mysterium
3351 1580 3588 1650 tolleret,

1991 1667 2098 1708 non
2131 1653 2292 1711 modo
2329 1657 2540 1713 unicam
2569 1657 2870 1718 divinitatis
2899 1666 3113 1734 οὐσίαν,
3163 1669 3261 1726 sed
3300 1671 3462 1728 etiam
3495 1675 3596 1748 by-

1992 1749 2231 1816 postasiu
2282 1752 2496 1807 unicam
2537 1769 2660 1811 esse
2707 1759 3032 1816 contendit:
3083 1771 3138 1818 et
3187 1763 3339 1833 haec,
3393 1767 3587 1840 Pater,

282 1829 474 1887 dicere
497 1831 730 1888 fortasse
763 1831 1084 1903 potuissent.
1117 1834 1256 1901 Quid
1286 1835 1473 1891 enim?
1512 1837 1634 1908 Ipse
1661 1838 1886 1911 Cypria-
1914 1826 1964 1887 Β
1991 1837 2193 1909 Filius,
2228 1843 2463 1912 Spiritus
2491 1846 2741 1916 Sanctus,
2766 1866 2872 1906 non
2903 1869 3186 1924 personas,
3217 1826 3506 1918 sed'voces
3535 1826 3593 1919 et

283 1940 388 1982 nus
435 1925 487 1980 in
518 1926 744 1996 epistola
786 1927 852 1982 ad
901 1927 1268 1984 Antoniauum
1309 1931 1528 1998 scribit,
1574 1933 1715 2004 apud
1756 1949 1886 1991 suos

283 2019 382 2090 (ut
410 2017 522 2092 ait)
549 2027 926 2078 antecessores
958 2023 1011 2078 in
1042 2036 1137 2078 sua
1167 2025 1445 2095 provincia
1472 2026 1735 2097 quosdam
1766 2028 1882 2100 epi~

277 2125 480 2184 scopos
507 2129 612 2168 non
641 2115 918 2185 putavisse
956 2117 1188 2171 dandam
1222 2132 1408 2188 pacem
1439 2120 1704 2190 moechis,
1745 2123 1882 2178 etin

280 2214 455 2261 totum
481 2205 746 2264 clausisse
786 2220 975 2265 contra
1015 2209 1277 2266 adulteria
1321 2210 1495 2268 locum
1527 2215 1880 2284 pmuitcntiae.

275 2299 420 2367 Quid
450 2315 583 2356 vero
627 2309 686 2355 ut
728 2316 824 2358 eos
869 2312 1163 2374 utcumque
1203 2313 1462 2374 excuset,
1501 2306 1729 2377 adjicit?
1774 2307 1884 2364 Sed

275 2405 470 2461 tamen,
515 2397 708 2468 inquit,
744 2414 778 2451 a
819 2398 1243 2471 coepiscoporum
1271 2415 1485 2455 suorum
1520 2401 1738 2475 collegio
1778 2419 1881 2457 non

272 2499 632 2556 recesserunt,
686 2507 848 2563 neque
891 2493 1162 2548 catholica:
1208 2491 1457 2549 Ecclesia:
1510 2494 1759 2550 unitatem
1802 2495 1883 2550 vel

271 2582 485 2637 duritia:
507 2582 586 2638 vel
619 2599 850 2639 censum
875 2599 983 2640 sua:
1011 2584 1355 2640 obstinatione
1389 2595 1660 2657 ruperunt.
1704 2587 1880 2659 Atque

270 2675 330 2732 id
370 2675 589 2748 quidem
620 2677 786 2733 etiam
828 2677 1166 2748 Augustinus
1209 2678 1484 2752 Cypriane
1528 2681 1881 2741 subscribens

269 2771 564 2845 diligenter
610 2773 922 2829 observavit
969 2774 1132 2845 epist.
1175 2774 1268 2831 48.
1320 2776 1524 2833 Omitto
1571 2777 1713 2848 quod
1762 2777 1880 2848 ipse

269 2865 644 2923 Tertullianus
685 2866 799 2936 jam
845 2865 978 2923 olim
1021 2866 1272 2924 videatur
1320 2867 1374 2924 in
1417 2868 1515 2927 lib.
1547 2869 1616 2926 de
1643 2869 1875 2927 Pudicit.

267 2959 537 3016 acerrime
551 2958 882 3027 defendisse,
903 2960 1047 3033 quod
1071 2960 1158 3017 hic
1177 2961 1484 3033 Cyprianus
1510 2962 1591 3018 ait
1612 2964 1876 3035 quosdam

266 3062 398 3109 ante
422 3068 483 3110 sc
509 3053 796 3125 episcOpos
824 3055 1122 3126 putavisse.
1157 3054 1264 3112 Sed
1291 3054 1660 3113 Tertullianus
1685 3057 1876 3114 Eccle-

266 3147 366 3204 siae
412 3147 675 3204 unitatem
717 3148 890 3219 rupit,
930 3148 1015 3205 vel
1061 3148 1306 3219 duritiae,
1354 3150 1438 3206 vel
1483 3165 1732 3208 censura:
1761 3167 1875 3209 suae

266 3239 663 3298 obstinatione.

339 3334 514 3392 Porro
574 3333 720 3407 quod
771 3334 1054 3393 Novatiani
1109 3337 1410 3407 baptizatos
1474 3339 1526 3394 in
1586 3339 1866 3408 Ecclesia,

265 3442 431 3500 quam
480 3435 540 3483 ut
578 3428 839 3498 pollutam
870 3429 1236 3495 accusabant,
1273 3437 1330 3486 et
1377 3446 1408 3485 a
1454 3445 1560 3502 qua
1593 3441 1869 3504 tamquam

262 3520 491 3592 profana
535 3522 914 3592 desciverant,
947 3539 1057 3578 non
1104 3523 1377 3580 habebant
1417 3538 1515 3596 pro
1558 3525 1865 3596 baptizatis,

261 3626 665 3690 proptereaque
710 3618 1162 3690 rebaptizabant:
1197 3617 1469 3674 faciebant
1508 3620 1651 3690 quod
1696 3621 1869 3677 haere-

265 3710 403 3764 ticos
424 3719 582 3766 antea
611 3725 776 3767 ausos
799 3727 907 3767 non
932 3727 1074 3776 esse,
1105 3710 1311 3770 indicat
1331 3710 1589 3785 Cyprian.
1623 3714 1674 3769 in
1699 3716 1861 3785 epist.

165 3851 174 3858 .
261 3801 476 3858 adJub.
505 3812 560 3860 et
581 3803 648 3884 ad
676 3805 891 3876 Pomp.,
917 3816 971 3862 et
999 3806 1136 3878 Aug.
1173 3807 1208 3862 l.
1237 3823 1293 3863 ιιι
1317 3807 1385 3863 de
1414 3808 1594 3879 Bapt.,
1625 3824 1748 3880 cap.
1775 3809 1861 3866 10.

259 3892 371 3951 Sed
415 3902 597 3952 tamen
629 3897 896 3968 principio
939 3899 1175 3970 quedam
1220 3900 1551 3969 nitebantur,
1581 3901 1723 3972 quod
1750 3901 1866 3974 ple-

260 3985 420 4058 rique
447 3987 502 4043 in
543 3988 722 4045 Africa
751 3988 1018 4045 Catholici
1050 3991 1453 4062 sequebantur,
1497 4001 1552 4048 et
1595 3993 1864 4050 Africanis

260 4080 351 4150 (ut
376 4080 514 4152 dixi)
544 4081 870 4152 quibusdam
892 4085 1140 4141 conciliis
1169 4086 1552 4143 confirmatum
1571 4103 1696 4146 esse
1716 4087 1865 4145 vide-

257 4175 444 4232 batur.
495 4177 639 4248 Ergo
681 4185 740 4233 ut
778 4177 1018 4235 Novatus
1066 4179 1395 4251 baptismum
1445 4183 1544 4238 abs
1588 4181 1866 4255 Cypriane

257 4270 697 4326 administratum
739 4286 845 4327 nou
889 4271 1122 4329 habebat
1167 4283 1388 4330 ratum:
1422 4275 1502 4330 sic
1542 4291 1719 4347 neque
1751 4275 1864 4348 Cy-

255 4365 484 4437 prianus
530 4381 694 4430 eum,
741 4365 898 4436 cujus
946 4365 1193 4423 minister
1240 4366 1432 4423 fuisset
1484 4367 1725 4424 Novatus
1770 4378 1865 4424 aut

255 4456 612 4514 Novatianus.
643 4457 916 4514 Caeterum
947 4459 1053 4516 hoc
1085 4459 1352 4528 interfuit,
1384 4460 1526 4532 quod
1556 4461 1862 4533 Cyprianus

255 4551 330 4608 ab
357 4551 442 4619 iis,
459 4551 550 4622 qui
574 4551 900 4620 baptismum
928 4568 1036 4608 non
1065 4569 1189 4610 esse
1212 4553 1514 4610 iterandum
1538 4552 1854 4620 credebant,

1989 1934 2154 1990 verba
2209 1951 2332 1994 esse
2383 1939 2588 1996 docuit.
2643 1942 2884 2016 Denique
2937 1951 3154 2019 repetiit
3202 1953 3346 2022 quod
3395 1957 3588 2014 eodem

1988 2034 2234 2098 tempore
2277 2029 2480 2088 Paulus
2525 2033 2914 2094 Samosatenus
2960 2043 3188 2100 antistes
3220 2049 3590 2109 Antiochenus

1987 2121 2316 2180 inculcabat.
2357 2123 2620 2199 Capitalis
2660 2128 2758 2186 fuit
2805 2131 2921 2190 hzrc
2949 2134 3208 2205 barresis,
3252 2142 3349 2197 sed
3379 2143 3591 2200 Africa-

1986 2230 2111 2271 nam
2142 2217 2442 2276 Ecclesiam
2475 2221 2657 2278 minus
2698 2227 3035 2293 perturbavit
3077 2247 3239 2302 quam
3287 2234 3447 2292 factio
3476 2239 3586 2295 Do-

1985 2307 2142 2362 nati:
2191 2317 2247 2366 et
2289 2311 2413 2381 quia
2461 2313 2658 2369 Paulus
2708 2316 3101 2377 Samosatenus
3149 2324 3202 2379 in
3251 2326 3588 2388 Antiocheua

1983 2403 2194 2475 synodo
2223 2407 2406 2461 statim
2435 2407 2723 2466 damnatus
2755 2411 2874 2480 fuit,
2909 2415 3026 2472 Afri
3055 2419 3319 2480 Catholici
3350 2443 3456 2484 non
3492 2447 3588 2500 pu-

1984 2503 2167 2552 tarunt
2205 2512 2328 2554 esse
2374 2514 2598 2556 necesse
2661 2511 2722 2557 ut
2763 2504 2831 2560 ad
2879 2507 3178 2568 Sabellium
3208 2516 3580 2578 damnandum

1982 2601 2243 2661 cogerent
2271 2607 2470 2650 novum
2511 2596 2800 2654 concilium
2837 2619 2850 2656 :
2885 2611 2937 2657 et
2965 2619 3094 2661 vero
3131 2607 3585 2673 Sabelliauismus

1982 2683 2090 2740 late
2121 2684 2175 2739 in
2215 2684 2394 2742 Africa
2444 2698 2727 2760 grassatus
2769 2707 2894 2749 esse
2941 2711 3048 2752 non
3092 2701 3327 2760 videtur.
3381 2707 3582 2766 Saltem

1983 2773 2206 2831 Sabellii
2232 2793 2338 2833 non
2360 2778 2540 2837 minus
2569 2797 2730 2853 quam
2764 2784 2984 2843 l’raxeae
3010 2802 3104 2846 aut
3131 2792 3441 2867 Marcionis,
3475 2819 3580 2858 non

1979 2865 2156 2922 solum
2209 2868 2381 2940 vitia,
2435 2871 2532 2928 sed
2581 2882 2636 2930 et
2687 2877 2908 2934 nomina
2963 2880 3234 2942 Africanis
3288 2865 3582 2961 provinciis

1979 2977 2153 3033 prope
2177 2963 2353 3034 ignota
2376 2981 2476 3022 suo
2503 2976 2747 3039 tempore
2771 2971 2938 3031 fuisse
2960 2976 3190 3048 Optatus
3213 2982 3342 3041 lib.t
3365 2988 3573 3046 scribit.

1979 3053 2253 3111 Praetereo
2279 3057 2423 3127 quod
2452 3057 2707 3118 Calvinus
2753 3065 2804 3120 in
2848 3081 2942 3122 sua
2975 3068 3214 3128 Institut.
3249 3077 3438 3133 scribit
3468 3079 3572 3136 Sa-

1978 3147 2202 3204 bellium
2233 3160 2353 3222 post
2379 3153 2568 3210 Arium
2613 3155 2799 3214 fuisse.
2850 3158 3078 3220 Constat
3107 3167 3252 3223 enim
3278 3169 3577 3233 Sabellium

1898 3224 1944 3288 C
1977 3249 2251 3297 mortuum
2293 3257 2418 3301 esse
2467 3247 2778 3320 priusquam
2830 3263 2991 3310 natus
3041 3268 3190 3315 esset
3236 3262 3420 3320 Arius.
3470 3266 3579 3325 Sed

1974 3348 2175 3391 novum
2207 3351 2312 3391 non
2345 3348 2430 3394 est
2469 3339 2815 3400 doctissimos
2843 3346 3007 3403 etiam
3037 3350 3188 3408 viros
3223 3353 3276 3409 in
3306 3355 3578 3417 Africanae

1974 3424 2232 3483 Ecclesia:
2261 3428 2489 3487 historia
2529 3434 2724 3492 inscite
2752 3440 3104 3510 peregrinari.

2045 3521 2342 3579 Sabellium
2366 3525 2681 3599 Pentapolis
2700 3533 2961 3590 emiserat
2988 3553 3002 3589 :
3034 3547 3091 3594 et
3111 3553 3238 3598 ecce
3265 3545 3427 3614 paulo
3455 3558 3579 3618 post

1971 3612 2025 3669 in
2055 3615 2232 3670 vicina
2264 3617 2503 3690 Egypto
2543 3623 2737 3691 Arius,
2789 3640 2856 3682 ex
2885 3626 3136 3686 Numidia
3187 3612 3318 3692 vero
3365 3612 3576 3710 (altero

1968 3709 2166 3764 Africa:
2192 3712 2468 3784 extremo)
2506 3714 2748 3772 Donatus
2779 3719 3014 3791 majores
3042 3723 3179 3782 dant
3215 3729 3437 3798 turbas,
3474 3733 3570 3792 ille

1969 3799 2022 3854 in
2049 3800 2437 3874 Alexandrina,
2472 3805 2560 3863 hic
2593 3808 2646 3864 in
2670 3807 2931 3884 Carthag.
2959 3814 3223 3875 Ecclesia.
3259 3821 3330 3877 Et
3353 3825 3570 3895 quidem

1968 3901 2027 3947 ut
2053 3891 2235 3964 Optat.
2271 3895 2309 3950 l.
2341 3912 2401 3951 ιιι
2447 3897 2516 3955 de
2560 3899 2771 3957 Donato
2813 3919 2980 3976 agens
3025 3909 3134 3976 ait,
3184 3913 3237 3967 in
3274 3891 3457 3973 Africa
3501 3920 3572 3976 de

1966 3989 2204 4046 scintilla
2229 3990 2522 4049 conﬂatum
2559 4009 2683 4053 esse
2729 3997 3040 4056 incendium
3073 4021 3087 4056 :
3133 4005 3215 4061 sic
3256 4016 3311 4062 et
3363 4009 3563 4070 Euseb.

1969 4083 2008 4139 l.
2039 4099 2076 4139 ιι
2123 4084 2190 4141 de
2230 4085 2353 4142 Vita
2396 4087 2706 4157 Constant.,
2753 4095 3210 4163 quemadmodum
3237 4117 3304 4158 ex
3352 4107 3566 4165 modica

1966 4176 2207 4234 scintilla
2230 4179 2422 4251 ingens
2448 4181 2588 4253 ignis
2605 4185 2944 4256 accenditur,
2961 4187 3222 4248 Arianum
3255 4194 3562 4256 incendium

1966 4271 2276 4340 pervasisse
2302 4273 2476 4344 ipsam
2504 4290 2720 4347 quoque
2758 4277 3004 4352 Libyam.
3035 4280 3142 4340 Sed
3169 4285 3237 4343 de
3264 4287 3562 4351 Donatiaua

1965 4363 2228 4434 traguzdia
2264 4381 2409 4422 nunc
2439 4375 2647 4426 tantum
2679 4372 3004 4440 quaerimus,
3037 4391 3157 4446 quae
3182 4386 3238 4436 et
3267 4383 3414 4454 prior
3439 4387 3560 4457 fuit,

1963 4463 2017 4508 et
2062 4455 2240 4512 minus
2269 4458 2507 4514 subtilis.
2538 4459 2813 4531 Originem
2845 4473 2900 4519 et
2943 4466 3116 4524 veluti
3146 4475 3409 4540 protasim
3441 4455 3565 4536 dili-

1961 4555 2154 4616 genter
2190 4550 2416 4619 exponit
2462 4548 2645 4620 Optat.
2689 4552 2726 4607 l.
2758 4570 2798 4620 ι,
2843 4570 2913 4611 ex
2960 4573 3067 4628 quo
3116 4563 3279 4620 etiam
3329 4569 3559 4641 August.

254 4643 340 4699 sic
361 4642 638 4710 dissensit,
656 4652 713 4699 ut
737 4654 916 4701 tamen
940 4653 1226 4716 propterea
1250 4661 1356 4701 non
1379 4644 1640 4717 refugerit
1668 4660 1856 4701 eorum

1979 4653 2106 4695 riauc
2133 4639 2420 4698 historiam
2451 4653 2699 4714 repetere
2729 4662 2828 4703 nos
2859 4623 3016 4717 jubet
3043 4655 3083 4708 ι,
3113 4623 3342 4716 tcontra

255 4738 734 4806 communionem,
791 4754 966 4810 neque
1014 4740 1234 4796 unitatis
1281 4741 1556 4797 vinculum
1611 4742 1855 4812 ruperit,

255 4847 436 4902 neque
469 4831 700 4904 alicujus
739 4831 1046 4888 schismatis
1071 4841 1263 4889 auctor
1287 4833 1469 4891 fuerit.
1501 4834 1645 4907 Ergo
1678 4837 1859 4905 Augu-

253 4927 433 4984 stinus
460 4908 713 4998 Cypriani
742 4926 962 4998 quidem
997 4942 1242 4985 errorem
1265 4930 1333 4984 de
1365 4928 1636 4999 baptismo
1664 4945 1853 5002 repre-

254 5019 469 5085 hendit,
518 5020 613 5076 sed
663 5019 844 5076 laudat
898 5021 1046 5075 illam
1080 5020 1301 5076 unitatis
1348 5022 1704 5090 charitatem,
1753 5039 1859 5093 qua

255 5121 540 5184 peccatum
584 5114 853 5184 cooperiri
903 5114 1012 5181 ait,
1063 5122 1119 5169 et
1167 5111 1568 5183 rebaptizantes
1614 5113 1859 5185 tempore

255 5203 546 5276 Cypriani,
586 5221 686 5262 nec
727 5215 908 5263 tamen
949 5207 1020 5263 ab
1047 5207 1268 5263 unitatis
1301 5207 1382 5279 (ut
1409 5206 1668 5280 loquitur)
1700 5222 1856 5266 com-

254 5297 454 5370 pagine
496 5297 817 5356 recedentes
843 5299 1126 5370 profitetur
1159 5299 1351 5356 eadem
1383 5300 1678 5359 dilectione
1709 5302 1858 5372 pacis

253 5389 328 5447 ad
353 5391 566 5447 veniam
597 5391 903 5462 pertinere,
938 5408 1041 5464 qua
1081 5392 1386 5465 Cyprianus
1429 5396 1546 5466 ipse
1586 5397 1856 5453 tolerabat

254 5481 524 5540 admissos
555 5483 612 5539 in
651 5483 948 5540 Ecclesiam
981 5485 1100 5542 sine
1141 5487 1250 5541 alio
1276 5501 1436 5558 quam
1469 5486 1853 5544 haereticorum

253 5575 568 5646 baptismo:
601 5585 661 5632 ut
687 5576 1142 5648 quemadmodum
1175 5588 1396 5650 propter
1422 5579 1646 5637 unitatis
1674 5589 1857 5638 custo-

254 5667 403 5725 diam
450 5668 569 5741 (sic
596 5669 740 5726 enim
781 5669 1052 5741 loquitur)
1079 5669 1384 5743 Cyprianus
1426 5672 1740 5743 ignoscebat
1765 5672 1855 5741 iis,

254 5777 395 5834 quos
420 5761 618 5834 alioqui
651 5764 703 5819 in
733 5763 1004 5835 baptismo
1047 5778 1154 5820 non
1186 5765 1435 5822 iterando
1464 5781 1653 5824 errare
1695 5776 1858 5840 puta-

255 5855 398 5929 bat:
441 5858 521 5915 sic
548 5855 821 5930 Cypriane
861 5871 1050 5912 revera
1089 5859 1295 5916 erranti
1342 5859 1398 5916 in
1438 5860 1708 5934 baptismo
1753 5862 1854 5921 ite-

702 5954 978 6017 ΡΑτιιοι..
1056 5953 1170 6017 XI.

1966 4749 2016 4789 c.
2047 4735 2117 4803 5,
2151 4744 2301 4828 utet
2340 4737 2585 4807 quazdam
2627 4739 2681 4795 in
2727 4739 2911 4812 Optati
2956 4743 3112 4805 libris
3156 4750 3561 4828 desiderantur,

1963 4842 2086 4899 quae
2115 4843 2181 4884 ex
2210 4827 2514 4900 Augustino
2547 4833 2844 4903 repetenda
2873 4847 3018 4894 sunt.

2034 4919 2113 4976 Ac
2143 4921 2361 4992 quidem
2419 4921 2686 4994 imprimis
2729 4925 2994 4996 observo,
3041 4934 3186 5004 quod
3227 4939 3561 5013 Augustinus

1962 5015 2154 5071 scribit
2179 5015 2274 5072 lib.
2298 5031 2371 5071 vn
2399 5015 2467 5073 de
2496 5017 2653 5089 Bapt.
2685 5034 2807 5090 cap.
2829 5021 2884 5090 7,
2919 5034 3041 5094 post
3069 5027 3325 5103 Cypriani
3356 5042 3564 5108 passio-

1963 5121 2089 5164 nem
2119 5109 2277 5164 annis
2313 5108 2670 5182 quadraginta
2712 5111 2910 5172 factam
2949 5133 3073 5177 esse
3117 5123 3265 5183 illam
3311 5133 3558 5190 codicum

1962 5203 2016 5259 in
2071 5202 2253 5260 Africa
2321 5204 2714 5277 traditionem,
2767 5210 2924 5282 cujus
2989 5219 3218 5287 quaestio
3272 5223 3565 5285 Donatiani

1959 5296 2271 5354 schismatis
2293 5297 2468 5368 prima
2492 5300 2660 5357 veluti
2682 5303 2857 5360 sinon
2878 5321 3062 5377 causa,
3087 5319 3144 5367 at
3167 5324 3318 5372 certe
3343 5327 3559 5380 occasio

1960 5391 2128 5448 fuisse
2157 5392 2374 5449 dicitur.
2401 5393 2548 5452 Idem
2575 5396 2830 5466 August.,
2858 5399 2954 5457 lib.
2985 5416 3044 5458 ιιι
3075 5414 3264 5463 contra
3289 5409 3558 5473 Crescon.

1958 5500 2076 5556 cap.
2109 5485 2200 5556 27,
2236 5487 2439 5544 indicat
2474 5488 2604 5560 imp.
2640 5488 3036 5550 Diocletianum
3062 5512 3156 5554 vut
3191 5509 3246 5557 et
3273 5502 3557 5565 Maximiao

1961 5597 2090 5638 num
2116 5597 2190 5638 vn
2233 5581 2503 5639 Consules
2532 5582 2724 5652 fuisse,
2747 5600 2870 5642 cum
2889 5588 3194 5663 edixerunt,
3220 5605 3278 5653 ut
3297 5599 3561 5659 Christia-

1962 5691 2156 5734 norum
2183 5675 2306 5732 libri
2331 5675 2566 5732 ﬂammis
2587 5677 2961 5736 abolerentur.
2993 5682 3265 5744 Describit
3293 5690 3561 5755 Eusebius

1961 5769 2057 5826 lib.
2088 5785 2186 5826 vui
2229 5769 2546 5842 tragmdiam
2595 5781 2887 5842 postrema:
2939 5776 3087 5834 illius
3140 5788 3554 5851 persecutionis.

1965 5862 2074 5921 Sed
2100 5861 2169 5921 de
2196 5862 2381 5920 Africa
2409 5870 2617 5920 tantum
2651 5863 2727 5922 ait
2754 5864 3205 5928 innumerabilem
3227 5874 3280 5932 in
3307 5891 3371 5935 ea
3399 5881 3563 5946 fuisse

3001 5962 3081 6030 [ιϐ
