3996 6332
436 271 574 329 “Si
1905 256 2270 321 APPENDIX.
3601 264 3749 326 “58

431 397 732 461 martyrum
759 384 1179 443 multitudinem.
1205 381 1471 440 Thermas
1486 378 1792 437 Maximiani
1818 378 1872 434 in
1892 377 2029 436 urbe
2054 379 2111 442 Α
2133 394 2258 436 mus
2296 379 2353 435 id
2386 377 2587 436 factum
2630 391 2751 436 esse
2796 385 3087 452 antequam
3135 376 3529 439 Constantinus
3559 397 3747 440 rerum

436 479 855 552 Cartlmginensi
895 479 992 535 illo
1030 487 1277 548 tempore
1304 483 1611 532 exstructas
1641 472 1809 529 fuisse
1840 471 1952 537 ait,
1983 480 2042 528 ut
2141 473 2408 545 potiretur
2448 472 2641 530 saltem
2695 474 2748 530 in
2794 473 2949 530 Italia
2998 480 3092 530 aut
3137 473 3344 531 Africa.
3395 475 3532 533 Cum
3563 487 3749 534 autem

439 582 497 631 et
538 574 876 645 Diocletiano
922 572 1109 627 Romae
1154 571 1278 626 alia:
1328 567 1790 635 exstruebautur,
1844 564 2042 638 quibus
2132 565 2302 622 audio
2326 566 2437 638 jam
2486 574 2598 622 tum
2646 564 2922 623 numerari
2964 569 3031 623 ab
3082 566 3393 639 Augustino
3434 568 3753 627 Dunalistas

437 666 752 723 attollendis
797 665 1110 722 serviebant
1157 664 1325 719 multa
1368 661 1541 718 millia
1577 658 2038 727 Christianorum,
2138 662 2426 734 episcopos
2449 663 2703 720 cccxxin
2725 662 2819 718 illo
2836 671 3024 719 eorum
3052 660 3748 737 concilioCarthagincnsi,

441 761 608 819 veluti
652 760 719 817 ad
760 760 978 818 metalla
1017 759 1423 816 damnatorum.
1456 756 1583 814 Sed
1609 770 1755 812 nunc
1783 755 2043 827 qumritur
2141 769 2321 826 neque
2351 754 2525 812 multo
2553 755 2739 827 plures
2778 756 3101 812 convenisse
3146 766 3365 813 centum
3416 766 3541 829 post
3591 758 3753 815 annis

439 854 509 910 de
533 852 857 911 Christianis
901 852 959 909 in
990 852 1174 908 Africa
1224 851 1421 923 lapsis,
1467 859 1525 906 et
1566 849 1813 906 codicum
1861 861 2045 903 sacro-
2141 849 2210 904 ad
2258 847 2614 906 Collationem
2663 856 2856 906 centra
2898 833 3211 907 Catholicos
3258 852 3649 920 meminerim,
3699 862 3758 909 ut

441 959 755 1005 sanctorum
788 946 1097 1004 traditionis
1137 946 1247 1003 reis
1267 986 1283 1011 ,
1314 945 1492 1017 deque
1522 944 1785 1000 Ecclesiae
1813 940 2044 1003 Cartlta-
2142 948 2331 1013 postea
2359 939 2561 1008 dicam,
2586 944 2893 1014 suspicatus
2923 938 3343 1001 submendosum
3393 950 3520 1003 esse
3552 955 3749 1002 nume-

439 1042 683 1114 gineusis
731 1050 872 1098 scitu
922 1051 979 1098 et
1026 1039 1367 1099 conditione.
1416 1040 1494 1095 Ac
1546 1036 1766 1110 quidem
1814 1036 2044 1107 Optatus
2143 1050 2263 1094 rum
2315 1039 2368 1094 in
2412 1040 2753 1111 Augustino,
2810 1039 3115 1111 prassertim
3168 1048 3292 1097 cum
3341 1041 3434 1097 vix
3486 1034 3758 1098 credibile

440 1144 629 1192 narrat
673 1134 952 1207 quoddam
1009 1143 1139 1190 tunc
1193 1132 1362 1189 fuisse
1410 1132 1702 1189 concilium
1756 1130 2041 1197 Cirtense,

440 1229 587 1302 quod
616 1245 743 1287 reos
776 1229 903 1286 illos
929 1240 1229 1301 utcumque
1251 1228 1506 1299 absolvit,
1535 1244 1658 1284 cum
1687 1228 1850 1284 etiam
1878 1226 2045 1284 iidem

441 1334 630 1381 essent
672 1339 842 1397 prope
874 1305 1121 1397 judices,
1150 1325 1244 1396 qui
1287 1333 1341 1381 et
1369 1324 1469 1381 rei.
1520 1322 1743 1381 Factum
1773 1324 1827 1380 id
1865 1332 1949 1381 est
1989 1324 2045 1381 in

441 1417 718 1486 Numidia,
746 1419 903 1490 cujus
928 1428 1045 1476 erat
1069 1419 1217 1477 Cirta
1243 1419 1374 1475 urbs
1409 1419 1743 1476 nobilissima
1771 1428 1824 1475 et
1853 1426 2046 1492 poten-

2145 1134 2391 1191 videatur
2414 1142 2525 1190 tam
2562 1137 2762 1191 multos
2789 1144 2898 1191 tam
2930 1135 3039 1191 cito
3068 1134 3236 1191 fuisse
3262 1134 3544 1192 antistites
3574 1136 3756 1192 Dona-

2145 1231 2417 1287 tistarum.
2459 1229 2648 1301 Itaque
2675 1229 2991 1301 suspicabar
3019 1244 3183 1302 posse
3210 1229 3428 1287 detrahi
3457 1230 3754 1301 ducentos,

2147 1337 2206 1382 ut
2234 1326 2578 1398 septuaginta
2602 1330 2809 1382 tantum
2836 1324 3233 1398 relinquantur,
3262 1337 3390 1397 quot
3418 1327 3666 1382 diximus
3692 1340 3759 1383 eo

2146 1426 2391 1490 tempore
2421 1418 2746 1475 convenisse
2788 1427 2977 1475 contra
3016 1415 3366 1474 Casciiianum
3390 1436 3406 1474 ε
3434 1428 3489 1476 et
3517 1420 3761 1478 fortasse

444 1512 683 1579 tissima,
715 1514 986 1585 quondam
1019 1513 1040 1587 (
1053 1521 1109 1569 ut
1148 1514 1223 1568 ait
1251 1511 1419 1584 Mela)
1448 1513 1647 1569 domus
1680 1526 1865 1584 regum
1893 1511 2045 1568 Juba:
2146 1513 2445 1571 crediderit
2472 1513 2667 1585 aliquis
2707 1512 2850 1570 idem
2894 1511 3060 1569 fuisse
3108 1512 3425 1569 concilium.
3472 1512 3587 1570 Sed
3620 1513 3759 1570 nihil

440 1618 496 1664 et
526 1608 829 1681 Syphacis,
857 1617 914 1664 et
943 1614 1131 1680 postea
1179 1608 1392 1667 colonia
1436 1608 1806 1663 Romanorum
1831 1648 1847 1675 ,
1880 1618 2044 1678 quam
2146 1606 2238 1664 ltic
2273 1616 2479 1664 temere
2520 1605 2697 1664 audeo
2730 1604 2819 1663 vel
2851 1604 3159 1673 afﬁrmare,
3203 1607 3288 1662 rei
3330 1612 3571 1664 mutare.
3622 1600 3763 1663 illud

440 1699 604 1773 3“
648 1701 852 1757 Plinius
882 1702 961 1757 ait
1003 1710 1253 1758 vocatam
1288 1716 1411 1758 esse
1454 1701 1831 1758 Siteranorum
1860 1716 1874 1753 :
1907 1699 2042 1756 olim
2147 1700 2306 1757 valde
2336 1699 2695 1758 memorabile
2732 1710 2849 1769 est,
2895 1699 3040 1773 quod
3086 1698 3420 1772 Augustinus
3460 1699 3653 1771 adjicit
3702 1701 3759 1756 in

438 1796 606 1850 etiam
644 1805 807 1867 caput
847 1796 1000 1867 regni
1040 1795 1484 1863 Masaesulorum,
1527 1803 1587 1850 ιιι
1624 1794 1814 1851 scribit
1856 1792 2042 1851 Livius
2074 1784 2119 1849 Β
2148 1790 2244 1851 illo
2283 1793 2697 1867 Carthaginensi
2729 1802 2811 1851 tot
2860 1794 3260 1851 Donatistarum
3310 1792 3580 1862 concilio,
3633 1802 3757 1865 post

436 1890 534 1948 lib.
566 1907 705 1948 xxx.
736 1891 913 1948 Porro
958 1890 1105 1948 illius
1145 1891 1216 1948 de
1254 1905 1366 1963 quo
1407 1904 1551 1947 nunc
1585 1890 1783 1962 loquor
1824 1887 2043 1944 concilii
2147 1890 2366 1960 longam
2396 1889 2843 1945 deliberationem
2885 1886 3099 1944 dierum
3127 1884 3197 1943 75
3237 1887 3520 1944 decretum
3566 1884 3754 1957 fuisse,

436 1984 707 2041 Cirtensis
732 2000 936 2041 annum
966 1985 1219 2042 eumdem
1250 1984 1420 2041 fuisse
1447 1983 1653 2042 indicat
1682 1983 2041 2056 Augustinus,
2145 1991 2209 2039 ut
2240 1982 2598 2040 traditoribus
2637 1982 2800 2038 etiam
2843 1996 2951 2037 non
2996 1980 3350 2053 rebaptizatis
3389 1978 3770 2037 communica-

437 2093 560 2136 cum
597 2080 818 2136 eosdem
840 2120 856 2148 ,
885 2094 1026 2151 quos
1051 2080 1187 2145 dixi,
1217 2080 1473 2137 consules
1500 2077 1765 2135 nominat.
1802 2076 2044 2133 Prmerat
2148 2086 2318 2135 retur.
2351 2075 2506 2146 Quod
2533 2074 2752 2148 quidem
2780 2074 2957 2148 magis
2984 2073 3241 2131 convenit
3268 2088 3391 2130 cum
3424 2072 3512 2142 iis,
3545 2086 3672 2145 quae
3710 2072 3769 2129 in

438 2171 720 2230 Secundus
749 2173 1083 2244 Tigisitanus
1123 2171 1389 2228 Numidiae
1437 2172 1660 2244 primas.
1712 2170 1883 2227 [idem
1914 2182 2044 2225 vero
2147 2169 2382 2227 Cirtensi
2415 2184 2509 2225 sua
2537 2167 2748 2242 synodo
2774 2168 3156 2231 decreverant,
3185 2180 3344 2237 quam
3370 2178 3495 2223 cum
3522 2164 3595 2222 iis
3641 2180 3769 2238 quze

440 2266 533 2338 qui
579 2266 745 2321 Cirta:
794 2276 1205 2331 convenerant,
1254 2274 1440 2337 postea
1494 2265 1617 2321 enni
1666 2265 1875 2336 aliquot
1923 2262 2045 2319 aliis
2148 2263 2205 2321 in
2249 2260 2670 2335 Carthaginensi
2723 2266 2913 2317 contra
2961 2259 3337 2317 Caecilianum.
3391 2258 3572 2316 Porro
3626 2256 3765 2330 quid

437 2360 686 2432 ejusdem
715 2362 933 2432 generis
956 2360 1013 2416 in
1044 2361 1180 2417 urbe
1214 2360 1634 2433 Carthaginensi
1664 2359 1998 2417 conveniunt
2024 2373 2040 2415 :
2149 2364 2500 2415 consecutum
2532 2355 2630 2422 sit,
2664 2364 2788 2411 cum
2819 2351 3096 2411 Caciliani
3127 2368 3345 2409 causam
3388 2352 3458 2408 ad
3483 2350 3772 2408 Constan-

441 2464 499 2510 et
549 2469 711 2524 quam
763 2454 819 2510 in
858 2452 1096 2510 Cirtensi
1154 2462 1426 2511 conventu
1485 2455 1699 2510 fuerant
1747 2452 1945 2509 molles
1990 2452 2047 2508 et
2151 2452 2324 2508 tinum
2353 2450 2604 2522 imperat.
2644 2456 2854 2522 septem
2901 2457 3026 2519 post
3069 2447 3232 2504 annis
3263 2447 3565 2503 Donatista:
3608 2454 3774 2502 retu-

440 2545 814 2617 indulgentes,
850 2554 959 2601 tam
1002 2546 1057 2601 in
1089 2546 1190 2603 hoc
1213 2546 1635 2619 Carthaginensi
1662 2544 1841 2603 severi
1870 2542 2047 2601 videri
2150 2545 2379 2611 lissent,
2430 2550 2484 2599 et
2532 2542 2924 2600 Constantinus
2984 2540 3146 2597 modo
3194 2538 3410 2612 judices
3463 2536 3771 2611 episcopos

440 2639 734 2696 voluerunt
759 2657 774 2694 :
822 2638 1283 2712 Cmciliauumque
1310 2640 1797 2712 Carthaginensem
1827 2637 2043 2710 episco-
2151 2637 2338 2694 Romae
2368 2635 2630 2705 dedisset,
2663 2636 2826 2691 modo
2851 2630 3048 2691 deinde
3077 2634 3214 2690 alios
3251 2632 3455 2690 Arelati
3477 2676 3491 2700 ,
3523 2640 3580 2688 et
3608 2630 3779 2688 deni-

442 2750 608 2806 pum,
638 2748 802 2805 quem
849 2734 936 2791 vel
982 2734 1292 2791 traditionis
1336 2749 1487 2790 reum
1537 2734 1842 2802 faciebant,
1883 2730 1973 2788 vel
2012 2736 2047 2787 a
2150 2748 2258 2805 que
2304 2733 2453 2803 ipse,
2503 2744 2625 2787 cum
2668 2738 2813 2787 esset
2861 2728 3186 2796 Mediolani,
3215 2727 3283 2784 de
3330 2738 3395 2784 ea
3441 2724 3775 2799 iudicasset,

443 2829 708 2886 traditore
735 2827 1046 2885 ordinatum
1076 2844 1202 2885 esse
1244 2828 1629 2895 clamitabant,
1660 2827 1959 2884 inauditum
1992 2832 2049 2881 et
2151 2835 2400 2899 repetere
2430 2832 2651 2899 oportet
2674 2826 2871 2898 partim
2902 2838 2968 2881 ex
3015 2823 3225 2895 0ptat.,
3261 2821 3458 2896 partim
3504 2838 3573 2879 ex
3618 2818 3773 2895 Aug.

441 2923 724 2978 absentem
756 2921 1048 2987 damnant,
1099 2930 1263 2993 atque
1302 2921 1557 2979 abdicare
1592 2922 1788 2994 iubent
1814 2937 1829 2976 :
1858 2925 2050 2978 ereant
2151 2920 2287 2977 Nam
2314 2921 2367 2976 in
2398 2919 2599 2990 Optato
2628 2918 3037 2985 desiderantur,
3076 2928 3200 2988 qua:
3225 2915 3292 2973 de
3317 2915 3521 2989 judicio
3550 2913 3778 2973 Arelat.

447 3028 581 3069 vero
628 3013 917 3085 quemdam
968 3011 1333 3085 Maiorinum,
1396 3030 1558 3087 quem
1609 3014 1687 3070 illi
1743 3020 2044 3087 opponant.
2154 3024 2208 3071 et
2243 3012 2825 3070 Constant.scntentia
2863 3010 3278 3079 Mediolanensi,
3306 3024 3410 3082 qua
3435 3006 3783 3066 Cecilianus

443 3105 777 3178 Augustinus
805 3105 857 3161 in
887 3105 1101 3163 Brevic.
1146 3105 1250 3163 hoc
1276 3107 1568 3164 concilium
1609 3107 2048 3182 Carthaginense
2156 3114 2437 3180 postremo
2460 3106 2742 3163 absolutus
2763 3112 2867 3174 est,
2894 3103 3132 3178 suggerit
3152 3100 3488 3176 Augustinus
3511 3102 3568 3157 in
3592 3102 3774 3174 epist.

444 3206 636 3257 contra
677 3199 1025 3256 Caecilianum
1075 3200 1246 3258 fuisse
1272 3202 1659 3274 episcoporum
1705 3204 2048 3277 septuaginta
2078 3198 2126 3264 C
2160 3202 2265 3260 162
2291 3211 2344 3260 et
2370 3202 2465 3259 lib.
2494 3218 2555 3258 ιιι
2583 3210 2773 3258 contra
2804 3198 3065 3255 Crescon.
3099 3213 3220 3269 cap.
3255 3198 3344 3265 7i,
3378 3206 3449 3252 ne
3473 3196 3598 3267 quis
3628 3194 3784 3251 alio-

449 3302 666 3357 narrat;
697 3292 795 3350 sed
815 3293 1076 3364 iniustum
1100 3304 1154 3351 et
1175 3294 1421 3366 iniquum
1448 3312 1461 3350 :
1491 3295 1647 3367 cujus
1666 3297 1833 3352 etiam
1855 3304 2047 3352 contra

444 3387 794 3444 Cmcilianum
843 3389 1114 3444 sententia
1166 3398 1351 3460 postea
1398 3391 1632 3446 rescissa
1685 3389 1810 3447 fuit.
1860 3390 2050 3463 itaque

442 3480 558 3538 dixi
584 3481 863 3553 indignum
892 3483 1086 3550 fuisse,
1117 3484 1259 3554 quod
1303 3484 1799 3558 Magdeburgenses
1829 3486 1885 3542 in
1930 3486 2049 3543 suis

445 3575 720 3633 Centuriis
761 3577 1032 3633 referrent
1080 3578 1223 3634 inter
1261 3580 1489 3636 concilia
1537 3579 1960 3651 Ecclesiastica,
1992 3588 2053 3639 et

447 3667 716 3740 ﬁngerent
749 3669 984 3740 primum
1022 3670 1194 3727 fuisse
1222 3672 1672 3744 Carthagiuense.
1714 3674 1827 3732 Hoc
1856 3683 2048 3733 autem

444 3760 579 3819 illud
611 3761 740 3830 fuit,
783 3762 928 3834 quod
971 3762 1069 3835 (ut
1108 3774 1294 3820 narrat
1335 3764 1671 3839 Augustinus
1712 3768 1768 3825 in
1808 3768 2051 3843 Brevic.)

449 3866 637 3926 postea
689 3856 983 3913 Donatistae
1032 3857 1085 3912 in
1134 3857 1438 3940 Collatione
1483 3861 1930 3934 Carthagineusi,
1979 3864 2053 3920 de

448 3965 554 4020 qua
583 3949 779 4008 dicturi
811 3967 1031 4019 sumus,
1065 3952 1406 4023 potissmium
1449 3955 1775 4025 laudabant,
1810 3957 1905 4013 sed
1928 3958 2051 4014 sine

450 4043 540 4100 die
567 4052 624 4101 et
642 4045 887 4113 consule,
915 4054 974 4101 ut
1003 4046 1235 4116 primum
1268 4062 1389 4103 csse
1418 4047 1730 4116 videretur,
1759 4049 1813 4103 in
1845 4063 1953 4121 quo
1978 4050 2056 4105 de

452 4139 746 4196 traditione
794 4140 1134 4209 iudicassent
1163 4156 1176 4192 :
1208 4140 1333 4210 quia
1377 4142 1751 4211 opponebatur
1776 4140 2053 4210 Cirtense,

454 4218 511 4286 in
539 4246 648 4302 que
682 4230 897 4286 fuerant
924 4231 1374 4302 indulgentiores.
1427 4232 1531 4289 Sed
1562 4234 1703 4306 quod
1742 4235 1856 4293 sive
1899 4235 2057 4308 prius

449 4324 565 4378 sive
590 4324 863 4394 posterius
904 4324 1008 4381 sibi
1033 4324 1125 4397 jus
1163 4325 1442 4394 dixerant,
1493 4327 1635 4384 idem
1672 4331 1919 4401 profecto
1952 4333 2058 4402 jus

453 4417 577 4474 aliis
608 4418 661 4473 in
691 4416 882 4474 eadem
914 4432 1075 4474 causa
1106 4418 1291 4476 dicere
1332 4420 1601 4478 debebant
1630 4441 1644 4477 :
1678 4434 1853 4496 neque
1893 4435 2059 4483 erant

2160 3296 2251 3367 qui
2298 3311 2364 3351 ex
2412 3294 2613 3367 Optato
2663 3300 2871 3350 temere
2920 3290 3176 3362 colligat,
3226 3289 3308 3346 sic
3350 3287 3785 3346 Constantinum

2157 3390 2414 3462 rejecisse
2446 3387 2863 3461 appellationem
2893 3384 3299 3441 Donatistarum
3340 3381 3410 3439 de
3449 3380 3788 3440 Melcliiadis

2160 3484 2431 3542 sententia
2470 3481 2964 3555 conquerendum,
3013 3488 3074 3536 ιιι
3117 3478 3298 3536 nullos
3338 3484 3605 3550 prmterea
3638 3476 3788 3535 dare

2158 3578 2372 3650 judices
2404 3576 2675 3633 voluerit:
2708 3582 2803 3632 aut
2831 3572 3151 3646 simpliciter
3178 3580 3307 3628 tunc
3338 3569 3713 3644 pronuntiarit
3745 3580 3783 3626 ιι

2162 3687 2224 3728 re
2267 3672 2404 3728 bene
2442 3670 2684 3742 iudicata
2732 3677 2939 3725 temere
2987 3665 3283 3739 appellari,
3332 3663 3496 3720 sieuti
3549 3660 3789 3734 quidam

2164 3765 2410 3823 tradidit.
2462 3764 2578 3821 Imo
2624 3772 2756 3820 vero
2805 3763 3042 3820 sciamus
3090 3758 3511 3817 Constantinum
3553 3755 3793 3815 dedisse

2160 3862 2375 3936 judices
2405 3861 2569 3931 hujus
2599 3858 3005 3931 appellationis,
3035 3873 3146 3914 non
3177 3854 3400 3929 quidem
3432 3856 3611 3928 ipsum
3640 3854 3793 3911 Are-

2166 3953 2433 4009 latensem
2460 3951 2774 4023 episcopum
2814 3948 2994 4024 (quod
3024 3959 3231 4005 temere
3262 3946 3471 4019 putavit
3496 3944 3792 4015 Calvinus,

2167 4060 2292 4102 cum
2317 4060 2423 4101 non
2449 4044 2795 4101 observasset
2811 4054 2934 4101 eum
2960 4041 3071 4115 jam
3107 4040 3295 4098 Romae
3321 4054 3445 4097 cum
3473 4038 3797 4096 Melcbiade

2162 4142 2405 4213 judiccm
2435 4140 2764 4213 fuisse),sed
2795 4141 2931 4196 alios
2959 4139 3249 4212 episcopos
3275 4137 3369 4210 qui
3398 4134 3609 4193 Arelati
3643 4146 3793 4191 con-

2172 4243 2453 4291 venerant.
2506 4234 2678 4290 Porro
2728 4233 2773 4289 si
2825 4233 2944 4305 quis
2994 4238 3152 4305 roget
3207 4229 3277 4288 de
3329 4236 3615 4302 tempore,
3670 4243 3795 4301 quo

2170 4324 2472 4383 Donatistae
2515 4340 2621 4382 non
2654 4325 3043 4383 contenti'suo
3082 4321 3503 4395 Carthaginensi
3542 4321 3798 4378 concilio

2168 4420 2521 4492 appellarunt
2562 4420 3028 4477 Constantinum:
3073 4417 3127 4474 in
3175 4415 3357 4490 Optati
3407 4414 3546 4472 libro
3601 4416 3795 4487 primo

453 4508 705 4567 ferendi:
737 4511 827 4582 qui
854 4512 998 4583 quod
1026 4513 1076 4567 iu
1109 4512 1232 4568 aliis
1258 4514 1464 4570 crimen
1496 4530 1566 4572 ne
1594 4492 1901 4573 convictum
1930 4519 2062 4592 qui-
2171 4517 2435 4588 scriptum
2485 4524 2598 4585 est,
2653 4514 3018 4572 Constantino
3055 4524 3137 4570 ιιιι
3186 4522 3242 4570 et
3291 4510 3502 4568 Licinio
3530 4524 3593 4566 ιιι
3636 4492 3793 4566 coss.

454 4603 601 4672 dem,
631 4613 738 4659 tam
780 4605 976 4661 acerbe
1012 4605 1391 4675 vindicabant,
1422 4607 1474 4663 iu
1505 4608 1700 4680 seipsis
1728 4611 1887 4666 etiam
1921 4628 1985 4667 co
2004 4628 2068 4670 n-
2092 4597 2149 4679 Ῐ)
2174 4611 2367 4670 Romae.
2415 4613 2483 4668 de
2530 4611 2635 4668 hac
2670 4622 2830 4667 causa
2877 4608 3178 4681 iudicatum
3226 4618 3351 4665 esse
3394 4605 3464 4662 ab
3512 4603 3618 4670 iis,
3649 4617 3798 4675 quos

450 4694 617 4751 fessis
636 4693 853 4765 impune
878 4710 1001 4752 esse
1025 4697 1303 4751 volebant.
1332 4699 1601 4755 Caeterum
1625 4699 1987 4774 Cartltagineu
2005 4710 2068 4761 se
2171 4708 2566 4767 Constantinus
2589 4708 2822 4779 primum
2844 4704 3058 4777 judices
3086 4701 3255 4760 dedit.
3283 4699 3623 4773 Augustinus
3651 4710 3797 4755 vero

451 4787 583 4843 illud
615 4787 780 4844 fuisse
803 4786 1037 4843 Cirtensi
1082 4790 1356 4867 posterius
1396 4793 1847 4867 indicatOptatus
1886 4797 1982 4852 lib.
2014 4812 2063 4864 1,

2177 4805 2376 4873 liabet,
2434 4802 2634 4858 factum
2680 4798 2734 4857 id
2766 4813 2891 4857 esse
2929 4798 3293 4855 Constantino
3320 4793 3544 4851 tertium
3588 4798 3645 4848 et
3678 4791 3798 4848 [λεια

454 4893 575 4933 cum
607 4880 704 4946 θίι,
744 4879 862 4937 Non
894 4891 1015 4951 POSl
1047 4883 1263 4953 longum
1306 4893 1516 4957 tempus
1544 4886 1925 4960 Carthaginem
1958 4898 2067 4948 Ver
2172 4899 2335 4955 ciauo
2367 4897 2561 4953 iterum
2589 4894 2924 4952 consulibus.
2974 4888 3094 4948 Non
3127 4884 3352 4945 dubium
3381 4896 3465 4943 est
3485 4929 3502 4956 ,
3528 4874 3800 4944 Luc-iano

452 4970 627 5038 uisse,
652 4970 746 5040 qui
779 4969 942 5028 Cirim
968 4983 1129 5030 antea
1157 4987 1549 5049 convenerant,
1583 4988 1637 5036 et
1667 4984 1833 5039 simili
1864 4984 2049 5056 pbrasl

452 5064 620 5119 utitur
642 5065 975 5135 Augustinus
994 5077 1182 5122 contra
1211 5069 1405 5125 Donat.
1436 5082 1556 5141 post
1585 5074 1780 5134 Coliat.
1805 5090 1925 5150 cap.
1950 5076 2042 5136 55.

450 5159 720 5215 Caeterum
749 5159 940 5216 eodem
980 5169 1223 5231 tempore
1250 5175 1466 5234 oportet
1492 5167 1636 5225 aliud
1666 5168 1832 5230 fuisse
1873 5175 2061 5233 multo-

450 5252 626 5322 majus
641 5251 1070 5324 Gartlmginense
1094 5255 1381 5312 concilium
1404 5257 1803 5319 Donatistarum
1831 5268 2048 5338 episco-

446 5358 663 5414 porum,
690 5358 819 5401 cum
841 5348 1194 5418 Augustinus,
1226 5350 1387 5422 epist.
1414 5353 1503 5419 48,
1525 5362 1753 5413 testetur
1773 5358 2035 5421 ducentos

442 5445 498 5529 et
540 5439 877 5509 septuaginta
918 5440 1098 5512 (adeo
1145 5442 1328 5499 statim
1374 5447 1544 5502 crevit
1588 5447 1782 5507 Donati
1832 5454 1995 5512 factio
2017 5455 2055 5529 )i

443 5526 827 5600 Carthaginem
854 5535 1179 5591 convenisse
1202 5538 1359 5594 annis
1387 5539 1739 5613 quadraginta
1767 5555 1892 5604 ante
1924 5526 2038 5607 illa;

442 5622 662 5713 cariana
690 5631 953 5697 tempora.
987 5626 1114 5683 [lucc
1134 5639 1311 5686 autem
1336 5642 1575 5705 tempora
1600 5634 1768 5695 inisse
1791 5647 2049 5713 tempora

440 5712 755 5773 Constantis
780 5718 1031 5790 imperat.
1063 5722 1260 5795 colligo
1289 5735 1361 5780 ex
1392 5725 1531 5784 libro
1562 5730 1723 5787 tertio
1748 5712 1947 5805 Optati.
1977 5735 2033 5794 Si

441 5818 573 5878 ergo
596 5818 744 5868 retro
773 5822 1125 5874 mmet-emus
1151 5830 1322 5877 annos
1360 5822 1711 5897 quadraginta
1729 5868 1744 5897 ,
1779 5826 2032 5904 intelligi-

2064 5972 2141 6025 de

2175 4992 2438 5048 mendose
2468 4988 2728 5060 scriptum
2776 4992 2901 5043 eSse
2940 5000 3040 5057 pro
3078 4982 3261 5038 Licino
3294 4997 3314 5037 :
3355 4979 3450 5037 sed
3484 4979 3543 5036 in
3585 4978 3799 5049 Optato

2178 5088 2366 5139 rursus
2411 5081 2673 5139 mendose
2720 5081 2979 5152 scriptum
3024 5090 3146 5136 esse
3186 5075 3442 5134 existimo
3469 5089 3552 5130 ιιιι
3580 5087 3687 5144 pro
3706 5087 3790 5139 ut,

2172 5188 2232 5235 ct
2256 5190 2312 5236 ιιι
2344 5193 2444 5250 pro
2466 5194 2522 5246 ιι,
2557 5177 2714 5235 sicuti
2740 5178 2793 5233 in
2818 5175 3062 5232 numeris
3091 5170 3264 5230 facilis
3293 5181 3377 5228 est
3404 5169 3595 5241 lapsus
3614 5166 3794 5224 libra-

2175 5272 2403 5328 riorum.
2452 5271 2519 5329 Ut
2566 5276 2748 5328 autem
2781 5270 2949 5341 magis
2992 5267 3217 5341 probem
3240 5309 3255 5336 ,
3288 5262 3432 5338 quod
3466 5261 3616 5327 dixi,
3663 5259 3795 5317 facit

2171 5367 2321 5440 quod
2349 5362 2580 5438 August.
2615 5367 2667 5421 in
2695 5364 2792 5421 lib.
2831 5364 3026 5421 contra
3058 5358 3370 5418 Donatistae
3416 5364 3541 5431 pOSt
3586 5355 3790 5413 Collat.

2168 5472 2299 5533 cap.
2327 5456 2397 5519 '53
2418 5502 2433 5529 ,
2472 5461 2548 5516 ait
2577 5458 2821 5531 sequenti
2867 5462 3011 5512 anno
3042 5454 3297 5513 consules
3337 5450 3507 5508 fuisse
3534 5446 3792 5507 Vetusta;

2175 5572 2306 5611 num
2350 5563 2404 5611 'et
2448 5553 2739 5611 Anianum.
2774 5552 3003 5610 Vivebat
3050 5554 3181 5621 ergo
3228 5546 3527 5605 etiamnum
3570 5542 3793 5600 Diocle-

2175 5649 2387 5716 tianus,
2440 5647 2533 5704 sed
2559 5645 2888 5719 jampridem
2918 5632 3238 5709 abdicatus,
3276 5642 3399 5697 clitii
3439 5637 3682 5710 primum
3719 5632 3791 5692 ab

2177 5741 2472 5798 Donatistis
2501 5738 2804 5813 appellatus
2829 5746 2914 5797 est
2948 5733 3366 5795 Constantinus.
3398 5730 3534 5789 Nam
3570 5729 3789 5787 Diocle-

2176 5835 2356 5892 uanus
2376 5838 2626 5892 mortuus
2643 5836 2730 5893 εει
2752 5820 3057 5893 Volusiano
3080 5841 3135 5891 ct
3160 5827 3376 5890 Aniano
3398 5834 3545 5887 c033.
3568 5820 3789 5885 decimo
