3996 6332
305 303 336 366 ι
355 302 447 361 ιδδ

1205 297 1521 359 HISTORIA
1563 296 2162 357 CARTHAGINENSIS
2199 297 2670 355 COLLA'I'IONIS.

3465 299 3605 355 1454

303 433 450 474 anno
481 423 604 487 post
646 427 804 471 suum
848 413 1086 471 edictum
1117 415 1187 472 de
1231 415 1515 472 abolendis
1559 414 1898 470 Christiano-
1927 415 2245 485 Aginensis
2294 429 2360 469 eo
2405 415 2609 480 evasit,
2642 421 2840 469 utnon
2885 411 3048 468 modo
3092 420 3365 484 tamquam
3407 414 3607 485 aliquis

303 526 426 565 rum
455 509 628 564 libris.
660 506 731 564 Ut
761 518 941 564 autem
975 516 1090 564 toto
1129 507 1222 564 illo
1251 508 1514 564 decennio
1549 508 1788 563 Donatus
1817 507 1901 564 sui

303 601 615 658 scltismatis
647 599 992 656 fundamenta
1037 598 1199 673 jecit,
1247 605 1327 656 sic
1355 616 1547 657 novem
1580 611 1702 671 pust
1747 601 1904 656 annis

305 694 422 749 hinc
475 707 637 749 causa
691 689 1108 748 Constantinum
1171 693 1334 748 etiam
1389 690 1687 763 fatigavit:
1741 708 1902 764 quem

303 788 532 857 August.
562 796 836 858 postremo
865 796 1072 853 narrat,
1099 802 1222 842 cum
1253 787 1368 858 ipse
1391 787 1580 842 consul
1607 795 1754 842 esset
1780 802 1904 842 cum

303 883 520 954 Crispo,
540 882 745 937 litteras
758 880 996 947 dedisse,
1019 882 1213 952 quibus
1229 882 1628 938 Donatistarum
1651 880 1904 938 exsilium

305 977 584 1045 solvebat,
633 984 688 1032 et
716 989 906 1032 eorum
938 976 1175 1031 furorem
1213 977 1322 1032 Deo
1363 975 1721 1046 relinquebat.
1754 975 1907 1032 Adeo

311 1071 715 1126 Donatistarum
763 1070 924 1126 factio
973 1069 1212 1126 coerceri
1263 1069 1550 1140 reprimive
1595 1085 1701 1125 non
1749 1083 1908 1140 posse

306 1168 613 1224 videbatur.

379 1263 552 1318 Porro
595 1263 772 1318 tribus
807 1269 898 1315 aut
938 1269 1174 1332 quatuor
1215 1261 1372 1315 annis
1419 1269 1542 1332 post
1586 1260 1740 1316 datas
1791 1257 1910 1314 illas

305 1357 535 1412 nimium
577 1353 876 1410 Donatistis
923 1352 1271 1425 indulgentes
1309 1354 1550 1420 litteras,
1592 1350 1910 1408 Constanti-

304 1466 408 1506 nus
434 1448 699 1504 adversus
729 1448 916 1503 Arium
939 1489 952 1513 ,
988 1447 1056 1501 de
1085 1461 1191 1518 quo
1221 1443 1568 1518 reprimendo
1601 1447 1771 1518 magis
1799 1447 1912 1501 sol-

308 1543 496 1602 licitus
540 1552 691 1609 erat,
719 1541 897 1612 coegit
939 1540 1219 1596 Nictenum
1251 1539 1537 1596 concilium
1562 1581 1575 1605 ,
1615 1540 1701 1595 cui
1748 1541 1911 1607 etiam

307 1641 623 1698 interfuisse
670 1637 850 1709 ipsum
919 1636 1265 1692 Caecilianum
1333 1644 1452 1691 acta
1517 1634 1775 1690 indicant.
1838 1636 1916 1690 Ac

306 1737 528 1807 quidem
557 1747 679 1791 cum
725 1748 791 1790 ex
819 1732 989 1806 Libya
1012 1740 1068 1787 et
1105 1730 1386 1788 Thebaide
1417 1731 1602 1802 plures
1632 1743 1698 1786 eo
1726 1728 1912 1786 venis-

2007 507 2274 563 Ilannibal
2305 507 2664 577 imperatores
2713 506 2988 561 Romanos
3033 506 3268 578 superbe
3293 515 3608 564 Contemne-

2007 608 2122 667 ret,
2152 600 2245 656 sed
2277 610 2330 655 et
2378 610 2648 678 tamquam
2677 602 2818 656 Deus
2847 599 3048 672 aliquis
3077 615 3105 654 a
3138 601 3252 656 suis
3295 601 3570 657 coleretur
3590 642 3605 671 ,

2007 701 2063 750 et
2091 710 2187 766 per
2241 695 2356 767 ejus
2387 683 2616 759 nomen,
2672 683 2945 767 tamquam
3005 709 3247 762 numen,
3299 695 3604 767 iuraretur:

2009 787 2244 861 denique
2289 789 2364 844 illi
2397 790 2537 846 Deus
2567 790 2633 846 de
2680 791 2820 848 coelo
2877 791 3226 862 respondisse
3268 791 3604 847 crederetur.

2009 884 2202 939 Testes
2228 893 2356 940 sunt
2385 885 2613 955 August.
2642 894 2697 942 et
2722 886 2966 957 Optatus.
3003 885 3145 943 Sane
3191 894 3371 940 tamen
3418 884 3610 942 Hiero-

2010 992 2240 1048 nymus,
2287 977 2342 1032 in
2396 992 2495 1034 suo
2521 978 2831 1046 Chronico,
2883 981 3028 1036 hunc
3057 981 3321 1036 Donatum
3374 981 3608 1037 Cartha-

2016 1072 2144 1142 giae
2172 1071 2389 1127 tandem
2420 1073 2634 1143 pulsum
2661 1087 2782 1128 esse
2803 1073 3104 1144 significat:
3135 1073 3263 1129 licet
3311 1074 3610 1130 mendosus

2011 1164 2260 1220 videatur
2288 1163 2449 1219 index
2482 1166 2742 1236 temporis
2764 1207 2778 1231 ,
2822 1167 2913 1221 ubi
2942 1166 3100 1223 annis
3131 1167 3349 1238 triginta
3388 1167 3608 1223 floruis-

2012 1273 2072 1314 se
2095 1257 2366 1330 signiflcat
2403 1276 2417 1309 :
2445 1267 2734 1332 tyrannum
2767 1259 2933 1315 fuisse
2960 1259 3185 1330 Optatus
3213 1269 3381 1314 notat.
3425 1261 3614 1332 Itaque

2013 1353 2107 1409 tali
2151 1353 2288 1409 duce
2339 1353 2545 1410 incitati
2595 1354 2894 1410 Donatistae
2932 1355 3010 1410 nil
3053 1370 3162 1410 non
3196 1354 3483 1411 audebant.
3531 1355 3612 1410 Ac

2011 1445 2231 1514 quidem
2281 1446 2466 1501 Ariani
2493 1447 2721 1518 alicujus
2743 1447 2825 1502 sui
2872 1447 3007 1518 Imp.
3037 1446 3338 1504 Constantii
3388 1457 3480 1504 aut
3507 1448 3614 1504 Va-

2013 1539 2178 1596 lentis
2224 1540 2476 1611 prazsidio
2500 1543 2731 1609 armati,
2759 1542 3032 1599 audebant
3062 1543 3113 1598 in
3159 1541 3470 1600 Catholicos
3513 1558 3616 1600 saec

2015 1638 2165 1692 vire:
2193 1635 2490 1692 Donatista:
2516 1652 2649 1694 vero
2702 1652 2811 1694 non
2859 1638 3022 1694 modo
3051 1653 3160 1694 non
3191 1639 3574 1708 adjuvantibus
3595 1675 3613 1707 ,

2016 1730 2109 1786 sed
2143 1729 2306 1786 etiam
2339 1730 2760 1787 reclamantibus
2811 1731 3147 1803 principibus
3199 1731 3382 1786 statim
3423 1731 3617 1786 imitati

307 1841 464 1898 sent,
497 1840 679 1886 tamen
707 1844 768 1884 ex
802 1825 982 1884 Africa
1015 1832 1126 1881 tota
1158 1825 1299 1881 hunc
1328 1825 1501 1881 solum
1532 1823 1801 1890 adfuisse,
1834 1821 1913 1878 af-
1943 1820 1992 1881 B
2018 1833 2144 1882 sunt
2168 1825 2492 1882 Arianorum
2520 1827 2820 1893 smvitiam;
2849 1839 2972 1881 cum
3002 1835 3182 1882 tamen
3230 1840 3340 1881 non
3365 1824 3468 1880 nisi
3491 1839 3618 1880 suo-

310 1924 544 1980 ﬁrmavit
588 1922 750 1978 etiam
779 1920 834 1976 in
875 1919 1061 1991 quinta
1109 1917 1320 1992 synodo
1372 1918 1645 1987 Benignus
1701 1917 1915 1988 episco-

312 2033 412 2091 pus
442 2016 754 2083 Ileracleze,
783 2024 841 2070 ut
869 2014 985 2085 ejus
1029 2012 1221 2085 synodi
1255 2022 1370 2068 acta
1402 2019 1698 2068 teatantur.
1732 2011 1911 2066 Caste-

310 2129 430 2166 rum
473 2107 676 2166 Nicarni
704 2107 894 2163 Patres
921 2121 1043 2161 cum
1073 2106 1172 2160 toti
1204 2115 1387 2161 essent
1422 2105 1473 2160 in
1506 2105 1726 2160 Arianis
1753 2103 1916 2160 refel~

310 2202 529 2271 lendis,
561 2202 744 2257 nescio
797 2197 1072 2270 quomodo
1114 2198 1421 2253 Donatistas
1462 2196 1661 2252 missos
1711 2195 1909 2252 fecere.

317 2297 504 2369 Neque
547 2307 724 2352 tamen
751 2309 857 2349 non
889 2291 1090 2363 aliquid
1139 2290 1207 2346 de
1237 2292 1302 2346 iis
1332 2299 1511 2346 actum
1551 2303 1674 2346 esse
1716 2289 1912 2345 Nictem

321 2397 590 2465 suspicor.
621 2389 731 2446 Cur
755 2398 932 2445 autetn
967 2387 1018 2442 id
1051 2386 1315 2457 suspicer,
1351 2400 1474 2440 cum
1497 2400 1688 2441 eorum
1739 2397 1915 2455 neque

313 2487 519 2544 Nicwni
564 2497 802 2540 canones
825 2526 839 2550 ,
883 2482 976 2553 qui
1007 2479 1493 2546 circumferuntur,
1528 2493 1703 2550 neque
1751 2487 1868 2533 acta
1893 2519 1908 2544 ,

315 2597 438 2653 qua:
488 2579 650 2651 vulgo
698 2577 1002 2642 habentur,
1050 2573 1436 2639 meminerint,
1484 2573 1636 2628 multi
1686 2571 1915 2627 fortasse

318 2673 680 2730 mirabuntur.
725 2670 833 2727 Sed
881 2667 937 2724 in
966 2669 1196 2740 August.
1228 2667 1384 2724 libris
1414 2667 1697 2725 observavi
1723 2709 1736 2732 ,
1768 2665 1914 2738 quod

315 2768 476 2839 vulgo
525 2782 631 2822 non
662 2765 1002 2822 observatur.
1053 2761 1119 2818 Ut
1147 2761 1213 2816 de
1260 2761 1505 2815 Ecclesia
1531 2801 1544 2825 ,
1583 2760 1662 2815 sic
1711 2759 1777 2814 de
1811 2757 1914 2814 Ba-

315 2862 518 2932 ptismo
559 2874 754 2930 magna
787 2857 1048 2913 adversus
1082 2855 1394 2910 Donatistas
1425 2854 1654 2924 quiestio
1701 2853 1814 2908 fuit.
1849 2852 1916 2908 Hi

314 2954 459 3009 enim
481 2952 911 3023 Carthaginense
939 2948 1228 3004 concilium
1252 2946 1509 3019 Cypriani
1537 2945 1912 3016 apponebant,

315 3059 437 3102 cum
497 3044 829 3115 Baptismnm
883 3041 1353 3106 adversariorum,
1411 3054 1548 3110 quos
1601 3037 1917 3107 judicabant

317 3139 522 3194 alienos
551 3149 672 3192 esse
696 3134 763 3189 ab
811 3133 1090 3198 Ecclesia,
1138 3141 1314 3186 ratum
1365 3144 1471 3186 neu
1524 3129 1828 3198 habebant,
1865 3137 1918 3184 et

2015 1933 2135 1975 rum
2162 1919 2675 1976 Circumcellionum
2705 1919 2926 1976 audacia
2952 1926 3008 1975 et
3037 1917 3220 1974 furore
3240 1915 3383 1988 septi
3403 1924 3612 1972 essent.

2016 2013 2136 2083 Ipse
2189 2013 2481 2082 imperator
2507 2011 2776 2069 Constans
2819 2013 2888 2069 ad
2913 2025 3009 2069 eos
3037 2011 3371 2068 coercendos
3393 2010 3445 2067 in
3469 2009 3620 2066 Atri-

2014 2125 2134 2166 cam
2153 2110 2442 2181 aliquando
2471 2111 2617 2166 misit
2646 2107 2964 2178 Macarium,
3001 2123 3157 2164 suum
3189 2107 3500 2178 praefectum
3520 2121 3593 2177 qu
3626 2103 3645 2159 I

2015 2217 2205 2260 severe
2244 2203 2623 2260 animadvertit
2654 2203 2706 2258 in
2734 2203 3062 2260 Donatistas.
3091 2201 3201 2259 Sed
3225 2199 3349 2257 talis
3372 2200 3618 2256 animad-

2019 2299 2201 2354 versio
2228 2314 2336 2354 non
2369 2299 2541 2369 potuit
2571 2299 2760 2356 tollere
2781 2299 3045 2354 insaniam
3064 2339 3078 2363 ,
3107 2313 3228 2367 quae
3245 2297 3456 2352 animos
3478 2294 3621 2350 mulo

2025 2401 2198 2446 torum
2221 2399 2614 2462 occupaverat:
2645 2399 2699 2446 et
2738 2391 3002 2448 Catholici
3034 2391 3353 2446 maluissent
3384 2390 3502 2444 sine
3537 2403 3627 2444 ar-

2019 2484 2124 2540 mis
2147 2485 2254 2556 agi,
2287 2495 2338 2540 et
2362 2483 2575 2540 ratione
2603 2494 2764 2555 atque
2797 2485 3168 2554 disputatione
3223 2483 3420 2539 discuti
3470 2497 3624 2537 erro-

2016 2594 2132 2637 rem
2157 2623 2170 2647 ,
2202 2581 2291 2652 qui
2325 2581 2632 2651 praecipites
2672 2579 2980 2636 Dunatistas
3009 2579 3242 2650 agebat,
3287 2587 3348 2632 ut
3391 2577 3624 2646 Optatos

2016 2675 2150 2731 satis
2204 2675 2490 2746 significat.
2553 2674 2825 2730 Craterum
2890 2673 3288 2729 Donatistarum
3344 2671 3624 2726 audaciam

2019 2768 2234 2823 tandem
2278 2769 2508 2824 armavit
2529 2765 2772 2824 Julianus
2820 2769 3114 2839 Apostata,
3163 2776 3219 2824 et
3260 2767 3327 2823 iis
3372 2767 3625 2823 basilicas

2018 2861 2286 2926 restituit,
2319 2877 2452 2932 quas
2476 2860 2864 2917 Constantinus
2896 2868 3051 2915 antea
3081 2859 3402 2916 abstulerat.
3441 2857 3621 2914 'l‘estis

2019 2963 2102 3010 est
2130 2955 2461 3026 Augustinus
2493 2954 2530 3008 l.
2565 2968 2602 3010 tt
2649 2962 2836 3010 contra
2881 2952 3229 3019 Pctilianum,
3257 2965 3378 3022 cap.
3405 2950 3494 3018 92,
3525 2948 3622 3022 qui

2020 3057 2073 3102 et
2101 3059 2246 3117 smpe
2275 3054 2536 3114 testatur,
2563 3045 2713 3101 illum
2740 3048 3054 3116 Apostatam
3099 3053 3388 3116 propterea
3436 3042 3625 3098 lauda-

2023 3149 2133 3194 tum
2165 3153 2286 3195 esse
2313 3155 2339 3192 a
2394 3137 2711 3194 Donatistis.
2745 3138 3094 3195 Memorabile
3123 3149 3304 3194 autem
3336 3149 3453 3206 est,
3476 3135 3622 3208 quod

318 3237 609 3303 pmpte'rea
637 3229 690 3284 in
719 3244 818 3284 suo
843 3237 987 3284 cestu
1022 3241 1143 3282 eum
1177 3224 1452 3280 iterabant
1475 3242 1488 3280 :
1509 3224 1654 3296 quod
1678 3233 1732 3279 et
1757 3225 1914 3279 Aria‘
1939 3221 1983 3287 C
2018 3230 2292 3287 Honorius
2323 3232 2454 3302 imp.
2511 3231 2681 3287 edixit
2727 3231 3048 3303 rescriptum
3072 3271 3086 3297 ,
3144 3231 3288 3302 quod
3318 3232 3413 3286 abs
3454 3230 3623 3287 Julia-

317 3341 416 3380 nos
448 3322 642 3379 fecisse
672 3321 825 3377 te5tis
871 3328 956 3376 est
993 3318 1315 3374 Ambrosius
1362 3318 1430 3374 de
1480 3317 1639 3373 Basil.
1697 3318 1910 3374 traden.

316 3419 453 3489 Quid
483 3416 761 3473 Niccennm
802 3413 1132 3472 concilium?
1177 3413 1232 3468 In
1265 3427 1332 3468 eo
1378 3413 1723 3483 reprobatum
1747 3412 1915 3468 fuisse

316 3514 456 3587 quod
483 3515 766 3590 placuerat
791 3509 1203 3582 Carthaginensi
1242 3509 1476 3565 concilio
1522 3507 1774 3582 Cypriani
1805 3509 1916 3565 Au-

315 3610 562 3680 gustinus
611 3622 758 3678 saepe
802 3605 1104 3676 significat,
1143 3621 1264 3660 cum
1305 3603 1717 3675 Carthaginensi
1750 3603 1916 3677 3&3

319 3703 443 3762 huic
473 3697 1034 3772 cencilioprovinciali
1062 3698 1283 3768 opponit
1307 3698 1594 3752 concilium
1615 3699 1696 3768 (ut
1728 3698 1914 3767 vocat)

318 3793 617 3865 plenarium
633 3793 798 3849 totius
810 3790 958 3847 orbis
975 3791 1309 3846 etunivcrsa:
1333 3790 1590 3845 Ecclesiae
1603 3788 1910 3844 etomnium

321 3889 614 3944 Gentium:
665 3885 810 3957 quod
838 3883 1053 3956 quidem
1109 3895 1228 3952 post
1265 3883 1519 3956 Cypriani
1569 3885 1912 3954 passionem,

316 3993 604 4054 antequam
652 3981 770 4052 ipse
800 3979 1133 4049 Augustinus
1161 3986 1322 4032 natus
1360 3986 1544 4043 esset,
1591 3975 1914 4032 convenisse

316 4075 509 4132 scribit
542 4071 640 4131 Iib.
671 4089 706 4128 ιι
735 4071 803 4128 de
834 4071 1040 4142 Baptis.
1075 4085 1195 4142 cap.
1234 4071 1288 4137 9,
1320 4069 1413 4126 sed
1441 4071 1509 4126 de
1535 4069 1756 4126 Niczeno
1781 4069 1916 4124 alias

316 4172 492 4243 plura.
525 4167 630 4225 Sed
663 4183 784 4224 cum
817 4166 868 4222 in
901 4165 1121 4221 Nicaeno
1148 4165 1380 4222 concilio
1408 4174 1584 4221 actum
1615 4164 1684 4220 sit
1707 4164 1772 4221 de
1801 4163 1913 4219 Noo

316 4267 581 4332 vatianis,
631 4274 682 4321 et
731 4263 799 4319 de
851 4262 1055 4334 lapsis,
1107 4273 1159 4318 et
1208 4263 1317 4320 illis
1353 4262 1567 4318 facilius
1615 4279 1774 4334 quant
1831 4262 1916 4317 his

316 4359 706 4432 paenitentibus
736 4356 890 4412 venia
923 4357 1046 4412 data
1077 4355 1179 4424 sit,
1229 4356 1388 4411 tacite
1433 4356 1499 4412 de
1529 4355 1829 4410 Donatistis
1861 4365 1915 4411 et

318 4464 505 4511 eorum
529 4453 811 4524 dogmate,
856 4465 1042 4506 rursus
1087 4459 1264 4504 acttnn
1323 4446 1453 4503 satis
1508 4461 1628 4504 esse
1681 4449 1910 4504 videtur.

317 4545 473 4604 Nunc
517 4546 714 4602 Donati
743 4544 1023 4600 historiam
1054 4552 1108 4600 et
1133 4543 1304 4600 veluti
1350 4541 1670 4614 tragoediam
1721 4555 1911 4613 perse-

317 4653 567 4714 quamur.

389 4733 630 4801 Primus,
675 4740 733 4788 ut
780 4730 932 4797 dixi,
989 4729 1391 4786 DonatiStarum
1447 4729 1731 4800 episcopus
1783 4725 1916 4783 Car-

315 4825 682 4897 thaginiensis,
730 4824 819 4895 qui
857 4821 1149 4878 Caeciliano
1178 4837 1296 4878 sese
1326 4821 1610 4893 Opposuit,
1642 4831 1697 4876 et
1746 4822 1916 4877 altare

317 4929 506 4977 contra
551 4918 721 4972 altare
765 4917 969 4982 erexit,
1002 4915 1098 4970 fuit
1135 4913 1452 4986 Majorinus.
1483 4915 1616 4971 Huic
1653 4916 1916 4971 successit

315 5011 561 5068 Donatus
591 5010 759 5079 alter,
789 5010 881 5081 qui
925 5008 1030 5064 hoc
1066 5007 1299 5064 schisma
1343 5007 1497 5063 valde
1546 5008 1913 5063 confirmavit.

315 5105 452 5162 Nam
485 5113 538 5161 et
566 5105 732 5159 multa
759 5117 880 5158 cum
905 5103 1192 5172 scripsisse
1209 5101 1273 5157 ad
1300 5117 1450 5157 suam
1477 5101 1724 5157 hzeresim
1751 5101 1922 5171 perti-

313 5199 528 5264 nentia,
564 5205 791 5253 testatur
821 5195 1184 5266 Hieronymus
1215 5195 1268 5248 in
1297 5192 1472 5249 Catal.
1499 5194 1605 5249 Sed
1639 5203 1691 5249 ct
1722 5194 1914 5249 eodem

320 5305 562 5365 tempore
590 5291 865 5348 Vitellium
908 5289 1096 5347 Afrum
1127 5289 1287 5363 hujus
1317 5289 1564 5345 factionis
1591 5291 1917 5346 acerrimum

320 5386 664 5447 defensorem
699 5385 885 5453 fuisse,
914 5383 1228 5442 Gennadius
1267 5385 1318 5439 in
1346 5399 1445 5439 suo
1495 5383 1751 5455 Catalogo
1799 5384 1922 5438 illu-

313 5485 510 5540 ‘striufn
559 5479 884 5550 seriptorunt
921 5480 1073 5534 testis
1119 5487 1220 5534 est.
1269 5475 1472 5532 Interea
1503 5493 1629 5530 vero
1677 5475 1919 5531 Catholi-

319 5588 443 5634 Cum
493 5576 724 5647 aliquem
767 5572 1086 5645 Scriptorem
1132 5573 1440 5627 Dunatistas
1491 5570 1757 5625 refutasse
1810 5585 1917 5624 non

322 5675 448 5746 legi.
491 5672 668 5730 Credo
697 5681 913 5726 nostros
943 5670 1041 5740 (ut
1071 5667 1216 5740 dixi)
1276 5668 1326 5721 in
1361 5668 1576 5722 Arionis
1604 5665 1915 5722 refellendis

323 5777 465 5823 totos
511 5766 696 5822 fuisse.
728 5764 870 5835 Ergo
916 5763 967 5817 itt
1003 5761 1178 5816 Africa
1213 5762 1383 5832 magis
1432 5770 1592 5831 atque
1621 5757 1790 5830 magis
1838 5758 1918 5814 in-

325 5859 668 5918 valescebant
695 5857 985 5913 Donatista:
1012 5873 1023 5909 z
1056 5864 1107 5912 ct
1139 5870 1270 5910 vero
1301 5853 1540 5910 Donatus
1569 5853 1660 5910 ille
1688 5853 1918 5909 Cartha-

2020 3336 2092 3377 no
2140 3323 2500 3394 impetrarunt
2549 3324 2831 3394 proposito
2887 3333 3292 3395 programmate
3340 3324 3626 3395 publican-

2021 3416 2148 3471 dum
2181 3431 2331 3484 esse,
2378 3426 2437 3472 ut
2463 3418 2861 3474 Donatistarum
2889 3419 3200 3491 desperatio
3239 3418 3412 3475 fucata
3461 3418 3624 3490 perfi-

2020 3510 2108 3565 dia
2159 3510 2414 3566 omnibus
2471 3511 2796 3568 innotescat.
2853 3512 2946 3568 lib.
2998 3526 3192 3568 xxxvn
3257 3512 3321 3567 C.
3392 3511 3494 3567 Th.
3552 3512 3623 3568 de

2023 3601 2210 3658 haeret.
2246 3601 2451 3659 Vellem
2493 3613 2729 3660 exstaret
2767 3606 3065 3660 etiamnum
3107 3604 3237 3661 illud
3277 3605 3619 3676 rescriptum.

2018 3691 2128 3749 Sed
2185 3696 2580 3768 qualecumque
2639 3696 2823 3766 fuerit,
2879 3698 3138 3770 Apostata
3183 3696 3399 3755 fovebat
3451 3714 3622 3770 quos-

2020 3802 2252 3858 cumque
2291 3790 2542 3847 audiebat
2589 3805 2710 3848 esse
2739 3801 2832 3847 aut
2877 3802 3155 3864 aposmtas
3202 3803 3296 3850 aut
3349 3793 3614 3851 Ecclesia:

2021 3880 2228 3934 hostes.

2095 3975 2239 4046 Ergo
2257 3978 2425 4047 magis
2447 3986 2611 4050 atque
2637 3981 2810 4051 magis
2831 3981 3122 4035 Donatista!
3159 3981 3489 4037 insolescere
3507 3995 3622 4037 cce-

2020 4079 2236 4138 perunt.
2269 4069 2478 4125 Donato
2508 4081 2689 4128 autem
2737 4072 3152 4143 Carthaginensi
3198 4073 3465 4128 successit
3492 4073 3622 4126 Par.

2020 4164 2308 4220 menianus
2325 4207 2338 4232 ,
2364 4164 2455 4237 qui
2479 4179 2630 4221 suam
2663 4181 2849 4222 rursus
2867 4175 3070 4223 sectam
3090 4167 3245 4224 novis
3265 4167 3466 4223 libellis
3491 4181 3622 4239 pro-

2021 4258 2235 4328 pagavit
2285 4268 2444 4330 atque
2495 4261 2855 4317 confirmavit.
2909 4261 3044 4317 Tum
3096 4276 3228 4318 vero
3271 4262 3324 4317 in
3374 4261 3623 4317 Numidia

2019 4349 2286 4419 excitatus
2324 4351 2541 4406 tandem
2589 4353 2784 4424 aliquis
2815 4363 3124 4410 nostrorum
3156 4364 3270 4424 est,
3303 4356 3395 4427 qui
3416 4355 3494 4411 illi
3535 4371 3624 4412 re-

2018 4441 2333 4510 sponderet.
2381 4442 2429 4496 Is
2479 4443 2577 4498 fuit
2627 4444 2858 4515 Optatus
2898 4447 3240 4503 Milevitanus
3293 4450 3618 4519 episc0ptts,

2018 4535 2106 4603 qui
2157 4543 2384 4590 testatur
2407 4551 2468 4592 se
2500 4538 2575 4592 illi
2629 4540 2932 4594 rescribere
2977 4552 3028 4595 et
3049 4542 3421 4611 respondere,
3451 4552 3510 4598 ut
3549 4543 3623 4598 sit

1939 4626 2161 4694 Dinter
2199 4629 2457 4686 absentes
2484 4631 2729 4702 quzedam
2780 4633 2947 4688 veluti
2995 4633 3236 4690 collatio.
3291 4637 3374 4692 Ac
3420 4636 3620 4696 multos

2018 4721 2235 4793 quidem
2261 4722 2600 4779 desiderasse
2617 4767 2630 4792 ,
2655 4734 2713 4780 ut
2733 4724 2799 4781 ad
2821 4727 3115 4782 eruendam
3143 4730 3458 4795 veritatem,
3490 4744 3618 4798 par-

2020 4817 2148 4872 tium
2197 4819 2484 4874 conflictus
2528 4820 2840 4876 haberetur.
2869 4821 2979 4879 Sed
3011 4823 3319 4880 Donatista's
3343 4832 3400 4878 et
3434 4838 3622 4880 acces-

2017 4926 2134 4966 sum
2187 4912 2558 4983 prohibuisse,
2586 4925 2640 4969 et
2670 4914 2846 4971 aditus
2877 4915 3266 4983 interclusisse,
3295 4925 3348 4972 et
3397 4931 3626 4974 oonces~

2020 5019 2138 5059 sum
2163 5006 2389 5073 vitasse,
2430 5014 2486 5061 et
2516 5007 2849 5078 colloquium
2900 5009 3220 5080 denegasse.
3278 5010 3465 5082 Itaque
3511 5025 3619 5068 non

2020 5100 2122 5154 nisi
2152 5115 2250 5172 per
2272 5099 2481 5157 litteras
2509 5117 2630 5157 cum
2675 5102 2740 5158 iis
2791 5103 2872 5174 agi
2919 5103 3182 5174 potuisse.
3236 5104 3616 5176 (Parmeniam'

2015 5199 2305 5246 tractatum
2335 5194 2740 5265 vocatOptatns
2785 5210 2949 5266 quem
2978 5196 3198 5252 refellit.
3251 5197 3481 5267 Scripsit
3521 5213 3619 5252 att-

2018 5296 2128 5344 tem
2160 5299 2421 5358 przeterea
2450 5292 2536 5346 hic
2564 5292 2953 5347 Parmcnianus
2974 5292 3038 5346 ad
3063 5291 3381 5347 'l‘ichonimn
3409 5293 3616 5362 episto-

2018 5385 2123 5439 lam
2155 5427 2167 5451 ,
2193 5399 2354 5455 quam
2382 5386 2714 5456 AugttStinus
2739 5385 2910 5439 tribus
2936 5385 3084 5439 libris
3125 5384 3441 5459 refutavit.)

2092 5478 2221 5532 Post
2255 5479 2671 5535 Partnenianunt
2724 5479 3164 5549 Carthagincnsis
3209 5481 3614 5536 Dtmatistarttm

2019 5574 2245 5630 antistes
2289 5573 2385 5628 fttit
2417 5575 2716 5629 Primiantts
2747 5573 2864 5638 ille,
2896 5574 2985 5644 qui
3030 5574 3124 5629 abs
3149 5591 3250 5630 suo
3294 5575 3622 5631 Maximiano

2017 5665 2291 5732 diacono,
2348 5683 2504 5737 quem
2572 5665 2891 5733 damnarat,
2951 5678 3236 5723 accusatus
3291 5669 3514 5735 effecit,
3563 5679 3622 5724 ttt

2019 5759 2314 5816 Donatista:
2347 5761 2487 5816 inter
2505 5774 2629 5815 sese
2673 5759 2842 5814 veluti
2884 5762 3378 5827 committerentur,
3421 5771 3480 5818 et
3528 5779 3624 5816 no-

2019 5869 2088 5911 vo
2129 5854 2420 5912 schismate
2449 5867 2608 5910 suum
2635 5854 2868 5911 schisma
2913 5854 3304 5924 distraherent,
3347 5857 3623 5930 alteraque
