3996 6332
504 266 644 326 ιιεδ

496 393 626 452 pars
651 377 876 433 alteram
899 376 1065 433 veluti
1091 375 1423 448 discerperet
1447 392 1459 430 :
1481 384 1541 432 ut
1560 385 1614 433 et
1636 377 1865 432 Arianos
1892 378 1944 433 in
1976 379 2096 448 plu-

494 487 586 528 res
637 483 813 528 sectas
843 471 1056 526 tandem
1089 469 1353 526 dissectos
1403 469 1569 538 fuisse
1607 471 1936 540 accepimus.
1996 473 2092 526 Er-

493 579 564 634 go
587 564 845 618 adversus
892 563 1222 618 Primianum
1255 566 1307 616 in
1356 563 1485 618 urbe
1519 562 1933 634 Carthaginensi
1961 579 2086 634 qua-

491 655 740 726 draginta
772 666 882 711 tres
925 655 1218 710 Donatistze
1248 657 1519 712 antistites
1560 665 1965 722 convenerunt,
1999 657 2091 727 qui

489 761 593 803 SttO
621 764 743 804 eum
777 749 1125 818 przejudicio,
1153 759 1207 804 ut
1236 751 1311 804 ait
1349 751 1710 821 Augustinus,
1750 749 2090 821 praedamna-

487 852 636 900 runt.
693 845 895 900 Deinde
944 844 1177 900 alterum
1246 845 1345 900 fuit
1389 844 1908 902 Cubursussitanum
1972 845 2090 914 plus

383 929 388 936 ’
486 953 650 1010 quam
680 948 896 994 centum
923 939 1044 1010 ejus
1067 939 1284 1011 generis
1323 939 1704 1011 episc0porum
1761 939 2050 996 concilium
2070 980 2085 1007 ,

485 1031 577 1101 qui
608 1029 939 1086 Primianum
990 1033 1160 1103 magis
1208 1032 1557 1088 damnarunt.
1585 1032 1766 1088 Testis
1794 1042 1876 1088 est
1902 1035 2086 1102 Augu-

481 1123 658 1179 stinus
682 1123 776 1180 lib.
812 1139 847 1177 v
875 1134 1063 1180 contra
1100 1124 1359 1181 Crescon.
1406 1141 1528 1197 cap.
1565 1126 1619 1181 6.
1670 1126 1938 1196 lutegram
1991 1140 2088 1180 au-

481 1224 593 1273 tem
638 1226 692 1272 et
722 1215 1020 1272 solemnem
1053 1218 1174 1287 ejus
1203 1217 1430 1273 Concilii
1454 1217 1778 1273 sententiam
1811 1217 2001 1274 recitat
2031 1218 2083 1272 in

483 1311 684 1367 Psalm.
711 1328 897 1367 xxxvr.
929 1313 992 1366 Et
1017 1313 1233 1382 quidem
1257 1315 1430 1382 ipsum
1456 1313 1842 1368 Maximianum
1869 1313 1922 1368 in
1952 1313 2084 1370 urbe

481 1403 896 1476 Carthaginensi
923 1415 1112 1460 contra
1143 1404 1476 1460 Primianum
1504 1405 1571 1460 ab
1602 1404 1846 1474 ejusdem
1877 1405 2084 1460 erroris

481 1508 699 1554 centum
731 1499 1000 1569 episcopis
1031 1498 1336 1554 ordinatum
1368 1513 1488 1555 esse
1519 1500 1745 1569 August.
1775 1498 1850 1552 ait
1878 1497 1931 1552 in
1984 1498 2079 1553 lib.

481 1591 550 1647 de
576 1591 780 1647 literes.
811 1594 929 1660 Quo
955 1607 1097 1645 anno
1133 1599 1186 1645 et
1215 1592 1436 1647 consule
1488 1591 1687 1646 factum
1740 1591 1790 1645 id
1823 1592 1926 1656 sit,
1983 1591 2082 1646 mi-

480 1700 584 1741 nus
635 1685 823 1756 liquet.
865 1685 970 1742 Sed
1015 1696 1304 1757 utcumque
1355 1695 1534 1741 tamen
1585 1685 1858 1755 conjicere
1911 1685 2078 1750 licet,

477 1793 601 1835 cum
643 1779 858 1850 quidem
890 1779 1050 1849 paulo
1078 1788 1198 1850 post
1226 1789 1470 1835 secutum
1495 1779 1564 1833 sit
1585 1778 1920 1833 contrarium
1945 1792 2079 1832 con-

473 1873 659 1930 cilium
688 1872 1035 1943 Bagaitanum
1062 1915 1076 1936 ,
1110 1873 1277 1944 idque
1301 1871 1624 1928 convenisse
1647 1887 1755 1926 uno
1785 1886 1928 1926 anno
1981 1888 2077 1925 an-

474 1974 531 2021 te
562 1974 787 2022 mortem
813 1965 1136 2031 Theodosii,
1165 1970 1304 2035 Aug.
1335 1964 1603 2036 significet
1629 1965 1721 2018 lib.
1778 1979 1834 2018 ιιι
1890 1972 2078 2018 contra

473 2057 735 2115 Crescon.
765 2074 816 2114 c.
849 2057 941 2113 56.
974 2057 1097 2112 Fuit
1123 2065 1300 2111 autem
1336 2056 1438 2110 hoc
1465 2055 1816 2126 Bagaitanum
1869 2055 1920 2108 in
1971 2053 2079 2108 Nu-

471 2154 640 2208 midia
686 2143 977 2208 concilium
1011 2160 1380 2205 trecentorum
1428 2158 1484 2204 et
1532 2147 1722 2204 decem
1775 2147 2079 2203 antistitum

474 2247 915 2311 Donatistarum,
973 2246 1063 2315 qui
1117 2243 1460 2299 resciderunt
1509 2243 1831 2297 sententiam
1889 2250 2081 2296 contra

474 2339 808 2396 Primianum
842 2354 940 2408 pro
990 2337 1315 2392 Maximiano
1373 2336 1532 2390 latam
1559 2376 1572 2398 ,
1607 2342 1664 2389 et
1690 2334 1812 2389 illos
1861 2343 2079 2389 centum

471 2433 564 2505 qui
593 2448 698 2487 non
726 2432 1020 2488 Donatistae
1045 2473 1060 2496 ,
1094 2431 1187 2486 sed
1216 2431 1327 2501 jam
1357 2429 1770 2486 Maximianistae
1814 2427 2083 2483 vocaban-

470 2533 563 2580 tur
585 2567 598 2590 ,
622 2525 762 2580 male
797 2524 1072 2594 judicasse
1121 2523 1544 2593 pronunciaruut
1573 2563 1588 2586 ,
1643 2532 1697 2576 et
1746 2521 2080 2575 Pritniamtm

467 2618 528 2674 in
556 2619 821 2689 integrum
869 2619 1244 2674 restituerunt.
1292 2617 1603 2672 Formulam
1657 2615 1940 2671 sententia:
1981 2615 2083 2670 Ba-

470 2711 706 2783 gaieusis
753 2712 948 2766 recitat
997 2710 1328 2781 Augustinus
1374 2709 1469 2763 lib.
1515 2717 1785 2763 utcontra
1818 2706 2078 2763 Crescon.

471 2817 596 2875 cap.
627 2805 718 2859 5'5.
757 2804 850 2858 Est
877 2814 1058 2858 autem
1091 2803 1249 2858 valde
1295 2817 1517 2858 necesse
1538 2845 1553 2870 ,
1586 2818 1702 2858 rem
1731 2802 1880 2857 illam
1913 2811 2079 2858 totam

473 2898 762 2970 diligenter
789 2912 1144 2968 cognoscere.
1181 2896 1313 2951 Nam
1336 2905 1390 2950 et
1421 2895 1552 2950 illud
1579 2895 1794 2950 demum
1819 2905 1900 2950 est
1925 2936 1941 2961 ,
1973 2909 2082 2964 quo

473 2991 670 3061 probat
703 2991 1036 3060 Augustinus
1088 2990 1398 3046 Donatistas
1427 3005 1527 3044 suo
1569 2989 1740 3045 veluti
1785 2987 1966 3059 gladio
1993 2989 2078 3058 ju-

471 3085 690 3156 gulatos
739 3099 862 3139 esse
901 3101 913 3137 :
948 3092 1001 3138 et
1059 3082 1113 3138 in
1166 3083 1471 3139 Collatione
1510 3081 1922 3152 Carthaginensi
1961 3095 2083 3151 pro-

476 3186 666 3250 pterea
708 3177 760 3233 id
785 3178 892 3232 illis
921 3175 1188 3248 imprimis
1213 3175 1412 3245 objecit
1437 3216 1451 3240 ,
1486 3185 1538 3230 et
1589 3183 1774 3244 postea
1820 3187 2072 3244 congres-

471 3285 569 3328 sus
619 3271 671 3326 in
718 3269 1037 3325 Mauritauia
1060 3285 1182 3325 cum
1216 3267 1492 3334 Emerito,
1538 3268 1884 3337 recitansque
1924 3274 2073 3336 gesta

475 3365 825 3431 Collationis,
848 3364 1129 3419 auditores
1158 3361 1315 3418 valde
1349 3373 1430 3418 est
1453 3362 1784 3425 obtestatus,
1815 3368 1874 3414 ut
1904 3367 2082 3414 atten-

470 3472 528 3519 te
571 3470 966 3533 cognoscerent
1005 3461 1154 3516 illam
1198 3461 1266 3516 de
1299 3457 1720 3514 Maximianistis
1763 3455 2078 3522 historiam,

471 3575 634 3630 quam
657 3568 800 3614 eteo
829 3561 948 3614 loco
976 3558 1265 3630 diligenter
1289 3573 1479 3613 rursus
1507 3556 1752 3625 exponit.
1784 3554 1928 3609 Sane
1957 3568 2079 3608 cum

475 3652 532 3708 in
562 3651 854 3707 collatione
893 3652 1306 3722 Carthaginensi
1343 3649 1741 3705 Donatistarum
1773 3647 1937 3702 veluti
1968 3645 2080 3702 dux

473 3754 531 3801 et
584 3743 806 3815 signifer
839 3742 1006 3798 fuisse
1035 3743 1246 3798 dicatur
1293 3743 1599 3798 Primianus
1635 3738 2082 3810 Carthaginensis

474 3854 665 3895 eorum
696 3837 953 3902 antistes;
996 3836 1196 3903 credo,
1228 3852 1351 3891 eum
1396 3837 1571 3905 ipsum
1599 3849 1722 3890 esse
1769 3849 1930 3905 quem
1987 3833 2082 3887 de-

475 3931 652 3989 fendit
695 3931 936 4003 synodus
966 3930 1275 4002 Bagaitana.
1308 3927 1442 3984 Nam
1489 3938 1542 3984 et
1566 3929 1707 3983 inter
1734 3926 1876 3981 hanc
1917 3934 2082 3996 atque

485 4026 633 4081 illam
659 4025 1008 4080 collationem
1041 4039 1147 4078 non
1183 4023 1284 4076 nisi
1328 4022 1455 4075 anni
1488 4020 1760 4077 sexdecim
1789 4019 2080 4073 intersunt.

476 4119 765 4176 Postremo
800 4117 1197 4173 observandum
1247 4123 1331 4168 est
1369 4113 1711 4175 Donatistas,
1761 4119 1820 4164 ut
1863 4109 1942 4163 sui
1982 4108 2084 4162 Ba-

483 4213 722 4282 gaiensis
747 4209 963 4266 concilii
986 4209 1310 4264 sententiam
1343 4211 1803 4274 exsequerentur,
1833 4200 2085 4256 Theodo-

481 4308 692 4366 sianam
728 4307 795 4360 de
825 4303 1095 4359 haereticis
1140 4303 1313 4370 legem
1360 4298 1683 4369 promlisse,
1714 4296 1868 4368 cujus
1896 4305 2083 4351 aucto-

479 4400 672 4465 ritate,
718 4395 1178 4462 Maximianistas,
1216 4403 1485 4462 tamquam
1528 4392 1816 4446 haereticos
1843 4389 2085 4460 expelle-

481 4501 608 4549 rent
633 4500 725 4546 aut
765 4498 1102 4546 coercerent.
1159 4488 1320 4556 Atqui
1350 4502 1411 4540 ea
1462 4485 1549 4540 lex
1577 4483 1844 4540 adversus
1892 4498 2084 4539 omnes

487 4586 820 4651 Donatistas,
846 4594 905 4638 ut
931 4593 985 4639 et
1007 4582 1244 4651 reliquos
1277 4579 1562 4634 haereticos
1588 4577 1694 4632 lata
1714 4586 1850 4633 erat.
1883 4575 2081 4632 Verum

484 4698 609 4738 cum
638 4681 702 4736 'ci
731 4695 839 4736 non
873 4685 1127 4748 parerent
1157 4674 1479 4739 Donatista,
1528 4671 1956 4727 Maximianistas
2007 4679 2088 4724 ta-

487 4795 616 4834 men
655 4774 923 4832 obnoxios
967 4785 1088 4827 esse
1118 4770 1399 4836 volebant,
1434 4777 1491 4821 ut
1540 4765 1705 4822 etiam
1759 4772 2088 4834 occuparent

489 4885 677 4925 eorum
707 4866 982 4924 basilicas.
1019 4864 1092 4918 Ea
1124 4863 1209 4918 lex
1232 4871 1349 4916 erat
1368 4903 1383 4927 ,
1408 4870 1467 4915 ut
1496 4860 1586 4930 qui
1624 4858 1880 4915 Ecclesiae
1902 4856 2090 4913 catho-

489 4965 612 5020 licae
635 4979 741 5018 non
767 4960 1261 5019 communicarent,
1287 4955 1419 5011 nihil
1446 4953 1701 5010 Ecclesia:
1731 4953 1947 5008 nomine
1967 4967 2089 5021 pos-

495 5059 769 5120 siderent,
817 5052 911 5107 sed
956 5051 1137 5120 potius
1165 5047 1357 5104 unitati
1390 5046 1442 5101 id
1486 5045 1871 5112 restituerent,
1903 5055 1964 5101 ut
2014 5046 2089 5100 ait

495 5147 1074 5220 Augustinustractatu
1091 5148 1244 5194 sexto
1268 5141 1321 5193 in
1344 5137 1641 5226 Joannem,
1667 5146 1722 5191 ct
1739 5138 1877 5194 libro
1907 5153 1943 5192 ιι
1962 5152 2092 5193 con-

494 5250 577 5297 tra
623 5237 871 5296 Petilian.
903 5233 1054 5289 Mitto
1075 5231 1210 5286 alias
1253 5229 1461 5285 Thcod.
1497 5229 1643 5299 leges
1683 5228 1735 5283 in
1768 5228 2088 5298 haereticos;

495 5348 722 5406 quarum
748 5329 888 5400 Aug.
911 5339 1057 5396 smpe
1086 5323 1366 5388 meminit,
1393 5330 1450 5377 et
1469 5321 1608 5376 inter
1637 5335 1770 5390 quas
1793 5321 1913 5376 dua:
1940 5321 2096 5377 nobi-

500 5427 720 5482 lissimte
759 5423 972 5476 fuerunt
1001 5418 1211 5473 duobus
1242 5425 1332 5471 aut
1361 5414 1530 5470 tribus
1559 5415 1714 5467 annis
1747 5424 1872 5468 ante
1899 5413 2092 5485 Bagai-

503 5531 686 5575 tanum
716 5515 844 5570 illud
889 5512 1182 5568 concilium
1210 5511 1354 5564 latte.
1395 5507 1719 5578 Prior,qu;n
1743 5507 2091 5563 severissima

504 5621 617 5674 est,
649 5609 755 5662 lata
782 5605 994 5660 Titiano
1038 5613 1092 5658 et
1112 5601 1437 5674 Symmacho
1483 5615 1624 5656 coss.
1663 5607 1839 5656 exstat
1863 5600 1914 5653 in
1955 5597 2090 5655 Cod.

505 5705 702 5761 Justin.
761 5699 854 5754 lib.
905 5714 1012 5764 ιιι,
1065 5696 1128 5752 C.
1179 5695 1246 5751 de
1288 5697 1480 5765 Apost.
1537 5695 1720 5751 Altera
1778 5695 1883 5748 lata
1931 5693 2092 5766 347

506 5791 755 5864 sequenti
782 5805 958 5858 anno,
993 5789 1096 5844 hoc
1139 5796 1256 5854 est,
1288 5786 1520 5844 Arcadio
1544 5803 1580 5843 ιι
1627 5795 1684 5845 et
1723 5787 1921 5845 Ruﬁno
1947 5801 2090 5847 coss.

2005 262 2374 326 APPENDIX.

3605 274 3718 336 μω

2121 383 2171 444 Α
2199 383 2266 437 de
2295 381 2460 438 multa
2487 379 2673 438 decem
2698 382 2954 440 librarum
2977 383 3130 450 auri,
3169 393 3342 441 exstat
3363 385 3413 442 in
3437 386 3543 444 cod.
3569 389 3712 449 Theo.

2195 475 2313 530 dos.
2338 474 2604 531 Castorum
2629 477 2726 531 etsi
2748 479 2832 532 vix
2859 479 2967 533 ulla
2989 477 3175 533 harum
3198 479 3366 551 legum
3389 486 3713 542 exsecutioes-

2193 577 2298 635 set,
2323 568 2616 624 Donatistae
2647 578 2825 626 tamen
2853 571 3115 627 invidiose
3140 571 3422 644 odioseque
3446 574 3714 647 clamabant,

2192 676 2313 718 sese
2341 663 2538 733 injuste
2563 663 2783 728 vexari,
2816 675 2870 720 et
2918 681 3068 720 suam
3101 681 3314 721 causam
3361 683 3458 722 non
3492 670 3598 738 jure
3619 673 3714 740 agi,

2191 753 2286 809 sed
2318 754 2369 808 vi
2387 755 2641 825 opprimi.
2676 755 2754 811 Ac
2786 757 3004 827 quidem
3042 772 3162 812 cum
3212 757 3368 827 paulo
3389 770 3497 828 post
3533 769 3715 816 mortem

2192 843 2480 902 Theodosii
2528 847 2688 903 Gildo
2741 864 2925 904 comes
2959 849 3204 917 “Africze,
3261 849 3365 905 dux
3415 851 3713 920 perduellium

2190 938 2370 994 omnia
2397 939 2650 996 misceret
2670 940 2723 995 in
2753 941 2928 997 Africa
2947 985 2962 1006 ,
2984 950 3042 997 ιιι
3063 957 3212 997 suam
3243 942 3556 1015 tyrannidem
3577 945 3714 1001 stabi-

2191 1030 2342 1099 liret,
2373 1034 2677 1103 prmcijiuus
2705 1033 2823 1104 ejus
2851 1035 3066 1091 satelles
3110 1034 3338 1106 Optatus
3364 1036 3558 1107 quidam
3591 1038 3718 1094 latro-

2188 1126 2346 1182 ciniis
2375 1126 2622 1195 infamis,
2650 1127 2732 1184 sic
2757 1144 2882 1186 sese
2909 1130 3058 1186 dedit
3089 1130 3328 1200 partibus
3353 1131 3716 1200 Donatistarum,

2192 1228 2251 1274 ut
2296 1217 2803 1278 Circumcellionum
2830 1223 2993 1279 etiam
3026 1223 3265 1279 furorem
3291 1240 3530 1295 superare
3553 1226 3717 1282 videre-

2191 1321 2308 1378 tur,
2359 1312 2515 1368 sicuti
2551 1314 2884 1384 Augustinus
2904 1314 3062 1386 hujus
3081 1314 3261 1386 Optati
3285 1315 3566 1373 Gildoniaui
3604 1334 3718 1390 sape

2189 1403 2454 1460 meminit.
2510 1403 2619 1460 Sed
2648 1406 2720 1460 ita
2758 1406 2967 1477 agendo
2996 1421 3146 1461 suam
3170 1417 3370 1462 sectam
3422 1407 3571 1478 magis
3594 1418 3716 1479 atque

2187 1501 2356 1570 magis
2403 1499 2728 1566 infamabat,
2779 1510 2833 1556 et
2865 1499 2948 1571 (ut
2973 1499 3140 1557 verbo
3180 1500 3457 1572 Augustini
3484 1500 3604 1572 utar)
3627 1517 3714 1556 ma-

2185 1592 2419 1648 culabat.
2451 1592 2591 1662 Ergo
2624 1592 2914 1648 Donatista:
2940 1608 3006 1648 eo
3035 1604 3280 1663 tempore
3329 1593 3496 1663 potius
3524 1595 3593 1647 usi
3621 1605 3716 1649 sunt

2185 1685 2489 1754 Petiliano,
2528 1686 2618 1756 qui
2673 1701 2738 1742 ex
2797 1686 3072 1742 causidico
3100 1685 3274 1743 factus
3314 1701 3492 1742 eorum
3541 1689 3714 1745 antistes

2111 1780 2157 1840 Β
2184 1778 2447 1835 Cirtensis
2473 1820 2488 1846 ,
2518 1787 2574 1834 et
2595 1777 2791 1834 deinde
2810 1777 3190 1846 Caesariensis,
3221 1779 3508 1834 acerrimus
3531 1779 3710 1835 fuitsuz

2187 1872 2436 1928 factionis
2461 1880 2738 1942 patronus.
2765 1871 2872 1929 Sed
2903 1871 3041 1928 bene
3065 1871 3228 1927 habet
3262 1890 3274 1924 :
3312 1871 3489 1928 incidit
3514 1873 3558 1926 in
3582 1871 3705 1942 Augu-

2185 1965 2386 2020 stinum
2413 2005 2428 2030 ,
2452 1965 2542 2036 qui
2569 2010 2584 2036 ,
2613 1979 2718 2034 quo
2749 1979 2891 2020 anno
2918 1975 3162 2019 mortuus
3193 1974 3276 2020 est
3304 1963 3635 2030 Theodosius,
3655 1962 3707 2016 fa-

2186 2067 2304 2114 ctus
2334 2056 2626 2129 episcopus
2648 2057 3030 2129 Hipponensis,
3055 2057 3209 2114 fortis
3237 2065 3294 2112 et
3319 2057 3551 2113 assiduus
3578 2057 3714 2112 Eccle-

2185 2153 2281 2207 sia:
2306 2152 2586 2208 catholicae
2609 2151 2803 2207 vindex
2829 2152 2966 2219 fuit,
2997 2161 3052 2208 et
3092 2154 3400 2207 restitantes
3439 2150 3716 2206 adversarios

2189 2243 2406 2299 tandem
2451 2244 2718 2314 pertraxit
2743 2244 2811 2299 ad
2865 2243 3258 2300 Collationem:
3289 2258 3407 2314 qua:
3433 2242 3608 2314 Optima
3629 2255 3718 2297 esse

2186 2338 2303 2392 visa
2341 2347 2426 2392 est
2453 2353 2640 2393 eorum
2670 2338 3163 2394 convincendorum
3194 2343 3354 2394 ratio.

2261 2429 2388 2503 [Sed
2423 2431 2735 2501 priusquam
2769 2431 2836 2486 de
2864 2446 2925 2485 ea
2955 2429 3226 2497 dicamus,
3258 2429 3451 2502 aliquid
3474 2444 3630 2485 rursus
3655 2443 3718 2484 re-

2187 2523 2481 2591 petendum
2529 2533 2612 2578 est
2659 2523 2725 2578 de
2751 2523 2873 2578 aliis
2915 2521 3453 2594 Carthaginiensibus
3495 2522 3711 2578 conciliis.

2187 2615 2319 2670 Nam
2344 2625 2399 2671 et
2423 2615 2578 2672 video
2602 2617 2764 2671 multa
2791 2616 2859 2672 de
2885 2616 2952 2671 iis
2982 2616 3120 2671 tradi
3141 2625 3198 2671 et
3228 2616 3362 2672 falso
3382 2626 3433 2672 et
3450 2624 3718 2687 prmpostcre

2189 2721 2245 2768 et
2273 2710 2518 2767 confuse.
2571 2711 2652 2768 Ac
2682 2712 2946 2783 imprimis
2989 2712 3210 2784 quidem
3251 2712 3440 2768 falsum
3491 2722 3542 2769 et
3580 2713 3717 2767 fictum

2190 2807 2354 2876 plane
2400 2821 2522 2862 esse
2575 2805 2823 2875 videtur,
2869 2807 3011 2878 quod
3064 2809 3362 2879 scriptorcs
3408 2807 3719 2865 Centuriarttm

2192 2897 2433 2952 historire
2483 2898 2876 2956 Ecclesiastica:
2931 2912 3152 2956 narrant
3183 2902 3465 2958 concilium
3503 2898 3718 2972 quoddam

2189 2989 2645 3063 Carthaginense,
2690 2993 2835 3062 quod
2865 3003 3061 3049 vocant
3086 2995 3422 3062 secundum,
3461 2993 3722 3052 convenisse

2191 3085 2572 3140 Valentiniano
2597 3096 2652 3142 et
2677 3085 2985 3143 Theodosio
3011 3102 3157 3144 coss.
3190 3088 3327 3145 Nam
3365 3104 3527 3159 neque
3556 3086 3603 3141 hi
3623 3100 3718 3140 con-

2113 3179 2158 3244 C
2189 3181 2337 3235 sules
2362 3180 2524 3234 simul
2565 3180 2821 3247 fuerunt,
2854 3197 3032 3252 neque
3059 3181 3352 3253 quisquam
3400 3190 3614 3237 veterum
3638 3192 3723 3232 me-

2190 3275 2346 3330 minit
2391 3275 2623 3347 alicujus
2668 3276 2884 3332 concilii
2934 3275 3384 3349 Carthaginensis
3447 3271 3722 3345 temporibus

2191 3365 2486 3422 Theodosii
2535 3367 2712 3438 magni
2741 3409 2755 3434 ,
2789 3367 2891 3423 nisi
2926 3367 3104 3436 illius,
3129 3369 3278 3439 quod
3326 3368 3433 3424 dixi
3462 3365 3607 3423 fuisse
3641 3362 3719 3417 Do-

2187 3462 2532 3518 natistarum.
2587 3461 2741 3528 Quod
2768 3477 2898 3517 vero
2933 3461 3232 3533 adjiciunt,
3263 3462 3492 3519 Cinsario
3515 3469 3561 3516 et
3584 3457 3719 3513 Attico

2185 3568 2332 3610 coss.
2360 3554 2652 3610 concilium
2675 3554 3104 3626 Carthaginense
3131 3557 3354 3628 aliquod
3381 3555 3566 3619 fuisse,
3588 3551 3723 3606 minus

2187 3647 2448 3718 repudio,
2478 3647 2598 3718 quia
2632 3648 2920 3704 Balsamon
2957 3649 3006 3703 id
3037 3648 3280 3717 indicat,
3325 3649 3418 3706 sed
3444 3664 3531 3705 cur
3547 3645 3716 3702 tertium

2187 3742 2316 3798 illud
2339 3751 2533 3798 vocent
2559 3785 2571 3808 ,
2597 3743 2849 3798 viderint.
2880 3743 3040 3800 Certe
3068 3744 3364 3811 falluntur,
3394 3760 3508 3801 cum
3533 3741 3596 3798 illi
3625 3755 3720 3796 con-

2184 3835 2310 3892 cilio
2340 3836 2618 3891 ascribunt
2643 3850 2880 3891 canones
2901 3879 2915 3900 ,
2949 3836 3040 3906 qui
3073 3841 3260 3908 potius
3286 3840 3440 3894 alteri
3481 3837 3622 3891 multo
3647 3847 3718 3886 ce-

2188 3927 2408 3983 lebriori
2462 3928 2694 3984 concilio
2729 3927 3182 4000 Carthaginensi,
3225 3931 3369 4002 quod
3414 3931 3588 3999 aliquot
3629 3929 3720 3993 post

2189 4021 2345 4075 annis
2371 4019 2613 4074 habitum
2641 4032 2744 4088 εει,
2775 4019 3121 4077 adscribendi
3151 4029 3302 4092 sunt,
3327 4033 3383 4078 ut
3403 4038 3466 4080 ex
3487 4015 3720 4076 PhotiiNo-

2191 4127 2496 4167 mocanone
2540 4112 2762 4183 intelligi
2786 4121 2985 4184 potest.
3007 4113 3421 4185 Repudiandum
3468 4114 3605 4170 etiam
3628 4114 3725 4169 est.

2189 4202 2334 4274 quod
2368 4203 2574 4275 fingunt
2626 4204 2697 4262 de
2744 4205 2851 4262 alio
2901 4206 3135 4263 concilio
3169 4207 3590 4281 Carthaginensi,
3615 4197 3722 4273 quod

2190 4309 2441 4366 quartum
2496 4309 2727 4366 vocant,
2764 4309 2821 4356 et
2858 4300 3070 4357 duobus
3117 4304 3282 4358 annis
3335 4311 3453 4374 post
3496 4294 3726 4369 superius.

2189 4389 2332 4460 quod
2367 4401 2561 4446 vocant
2606 4392 2857 4459 tertium,
2915 4392 3019 4450 hoc
3062 4403 3148 4451 est
3197 4395 3438 4452 Honorio
3461 4393 3520 4448 IV
3543 4399 3588 4447 et
3613 4389 3730 4454 Euly-

2189 4483 2387 4540 chiano
2408 4501 2552 4541 coss.
2585 4487 2911 4544 convenisse
2934 4497 3178 4545 narrant.
3207 4490 3344 4546 Nam
3375 4489 3474 4546 etsi
3493 4485 3724 4544 Balsamon

2111 4584 2166 4646 ι)
2191 4574 2422 4632 fateatur
2447 4578 2513 4632 iis
2551 4580 2866 4636 consulibus
2890 4581 3095 4652 aliquid
3124 4582 3176 4638 in
3233 4583 3470 4639 Ecclesia
3493 4571 3724 4643 Carthalii’

2198 4669 2357 4724 nensi
2385 4668 2666 4725 decretum
2699 4669 2868 4727 fuisse
2897 4671 2965 4728 de
3005 4674 3287 4729 mittendis
3316 4673 3498 4745 legatis
3525 4669 3584 4725 ad
3610 4669 3730 4735 ἱωΡθ·

2194 4771 2466 4830 ratorem,
2500 4771 2678 4818 tamen
2729 4765 2913 4820 nescio
2957 4767 3099 4822 unde
3145 4775 3460 4838 repetuntur
3495 4775 3590 4820 tam
3614 4755 3730 4816 mulli

2193 4869 2466 4920 canones,
2511 4856 2602 4928 qui
2633 4857 2762 4915 huic
2818 4861 3048 4916 concilio
3091 4863 3452 4918 ascribuntur.
3485 4859 3548 4918 Ut
3593 4862 3729 4911 autem

2196 4946 2426 5002 moleste
2454 4947 2567 5004 fero
2619 4952 2785 5006 multa
2814 4953 2938 5023 fingi
2989 4953 3057 5010 de
3111 4954 3274 5027 hujus
3313 4957 3518 5027 generis
3539 4944 3730 5007 conciliis

2195 5038 2710 5111 Carthaginensibus
2739 5085 2756 5112 ,
2825 5045 2903 5102 sic
2958 5047 3140 5108 miror
3188 5047 3449 5119 prmteriri
3504 5036 3730 5110 Carthagi-

2195 5149 2422 5191 nensem
2452 5152 2573 5193 cum
2601 5138 2896 5196 Donatistis
2923 5138 3285 5198 Collationem
3308 5185 3323 5210 ,
3355 5157 3471 5215 qua:
3511 5140 3558 5195 in
3582 5144 3727 5193 eorum

2199 5225 2424 5283 historia
2453 5229 2718 5300 imprimis
2749 5235 3224 5292 commemoranda
3256 5244 3394 5292 erat.
3424 5233 3521 5292 Sed
3544 5239 3591 5288 et
3607 5223 3726 5300 paulo

2205 5331 2325 5390 post
2350 5323 2480 5377 coiit
2509 5325 2900 5382 nobilissimum
2931 5337 3121 5385 contra
3153 5329 3469 5402 Pelagianos
3493 5319 3724 5382 concilium

2200 5414 2656 5488 Carthaginense,
2702 5422 2846 5490 quod
2873 5422 3209 5496 Augustinus
3247 5425 3547 5481 Africanum
3587 5421 3722 5474 vocat-

2202 5506 2278 5563 De
2305 5524 2372 5564 eo
2431 5522 2612 5581 postea
2660 5512 2976 5572 viderimus.
3025 5517 3180 5574 Nunc
3228 5517 3364 5574 ordo
3410 5513 3643 5588 postulat.
3681 5513 3724 5560 ιιι

2201 5615 2422 5672 agamus
2444 5604 2512 5660 de
2531 5603 2880 5680 Collatione.]

2273 5694 2391 5750 Jam
2420 5699 2578 5755 annis
2600 5715 2768 5771 prope
2795 5711 3012 5758 centum
3047 5704 3340 5760 Donatistre
3367 5704 3442 5759 sic
3461 5697 3614 5757 omnia
3633 5705 3724 5764 per-

2203 5790 2563 5862 tuiscucraut,
2597 5803 2656 5850 ut
2675 5793 2729 5850 in
2756 5794 2938 5852 Africa
2958 5795 3194 5855 discerni
3222 5799 3307 5854 vix
3337 5804 3505 5870 posset
3529 5795 3720 5864 quam!"
