3996 6332
304 334 444 392 1157

1199 328 1520 388 HISTORIA
1559 327 2162 387 CARTHAGINENSIS
2197 328 2668 390 COLLATIONIS.

3460 339 3602 398 1458

298 458 448 505 esset
505 448 757 506 Ecclesia
778 491 794 518 ,
848 463 971 503 cum
1027 447 1243 519 quidem
1272 448 1442 503 altare
1486 453 1675 503 contra
1726 445 1902 502 altare
1929 449 1980 509 A
2006 446 2137 502 Cum
2159 455 2340 502 autem
2370 448 2421 502 in
2447 445 3049 523 Constantinopolitano
3070 453 3304 524 quodam
3328 468 3599 513 conventu

297 545 502 617 passim
530 537 768 600 erectum
793 553 978 610 esset,
1028 551 1084 598 et
1109 556 1335 614 utraque
1372 559 1499 612 pars
1537 542 1607 598 de
1641 540 1898 598 Ecclesia:

300 637 460 694 titulo
503 646 558 693 et
609 637 953 708 possessione
982 636 1356 692 contenderet.
1391 635 1534 706 Ergo
1575 634 1897 705 jampridem

304 729 462 785 multi
508 729 769 801 optabant
800 738 856 784 nt
883 729 1058 801 aliqua
1091 729 1325 800 legitima
1366 727 1756 797 disceptatione
1781 726 1898 782 haec

294 824 524 897 quaestio
547 822 888 890 deliniretur,
917 831 973 879 et
1000 823 1226 894 populus
1240 821 1291 877 id
1315 837 1419 876 non
1437 821 1613 876 minus
1627 835 1789 892 quam
1808 835 1897 876 res

297 919 414 990 ipsa
435 918 755 989 postulabat.
774 915 1532 989 Scimus(inquitAugustinus
1556 916 1606 970 in
1629 915 1723 971 lib.
1750 924 1892 986 post.

292 1011 450 1085 coll.)
475 1029 631 1084 quant
645 1012 795 1067 multi
819 1020 1042 1066 vestrum
1065 1021 1110 1065 et
1140 1014 1272 1082 forte
1293 1026 1488 1076 omnes,
1510 1018 1601 1063 aut
1633 1025 1760 1080 pene
1779 1025 1891 1063 om-

293 1120 381 1157 nes
425 1103 594 1158 dicere
636 1103 810 1157 soletis
839 1117 860 1157 :
887 1101 932 1156 0
958 1102 1001 1156 si
1046 1102 1099 1156 in
1129 1103 1295 1155 locum
1336 1117 1495 1154 unum
1526 1101 1847 1157 convenirent
1872 1102 1894 1154 ,ν

293 1196 339 1251 0
361 1197 406 1252 si
427 1196 710 1269 aliquando
751 1196 1074 1266 conferrent,
1098 1204 1149 1249 et
1169 1193 1275 1249 illis
1306 1194 1684 1264 disputantibus
1707 1194 1891 1248 veritas

285 1291 602 1362 appareret!
652 1288 760 1346 Sed
808 1304 967 1358 quam
1011 1297 1293 1360 propterea
1341 1287 1600 1342 Catholici
1631 1288 1890 1358 optabant

281 1400 406 1440 cum
430 1384 728 1439 Donatistis
747 1383 1034 1454 congredi,
1060 1391 1166 1437 tam
1185 1396 1536 1452 congressum
1555 1380 1887 1451 refugiebant

285 1477 600 1533 Donatistae.
635 1477 988 1547 Augustinus,
1014 1477 1067 1532 in
1111 1475 1270 1547 epist.
1297 1475 1398 1530 166
1426 1473 1492 1528 ad
1523 1474 1833 1530 Donatistas
1867 1491 1882 1528 :

292 1570 478 1640 Vestri,
541 1571 738 1643 inquit,
781 1571 1008 1643 episcopi
1055 1571 1287 1625 conventi
1331 1585 1365 1622 a
1415 1568 1559 1622 nobis
1606 1583 1884 1639 numquam

274 1663 546 1718 nobiscum
587 1665 802 1734 paciﬁce
823 1665 1062 1736 conferre
1099 1662 1371 1717 voluerunt
1393 1704 1406 1727 ,
1451 1661 1600 1731 quasi
1627 1660 1882 1732 fugientes

280 1773 398 1812 cum
425 1756 778 1829 peccatoribus
808 1756 970 1826 loqui.
1004 1757 1148 1812 Sane
1177 1771 1298 1828 cum
1344 1755 1637 1826 aliquando
1667 1754 1880 1812 dicere—

2003 555 2191 596 rursus
2217 541 2542 598 Arianorum
2573 558 2735 598 causa
2779 545 2988 615 agenda
3031 555 3214 616 esset,
3263 547 3601 608 Theodosius

2001 630 2237 687 laudavit
2282 648 2468 688 eorum
2523 635 2841 704 consilium,
2901 636 3031 708 qui,
3080 653 3149 693 ne
3199 640 3366 696 toties
3413 649 3599 698 actum

1999 732 2251 795 ageretur
2270 767 2284 789 ,
2342 740 2447 780 non
2480 736 2586 782 tam
2609 727 3068 798 disputationibus
3085 732 3252 794 novis
3273 775 3287 800 ,
3317 749 3477 805 quam
3500 750 3595 792 ve-

2001 827 2177 871 terum
2225 818 2554 887 praeiudiciis
2583 830 2638 874 et
2686 823 3012 879 auctoritate
3045 827 3314 896 urgendos
3337 827 3598 884 adversa-

1999 907 2110 962 rios
2132 923 2252 963 esse
2273 907 2547 965 dicebant.
2565 911 2850 970 Postremo
2873 917 3233 986 Augustinus,
3250 933 3371 974 cum
3397 921 3597 990 quibus

1996 1010 2050 1053 et
2072 1009 2371 1069 quatenus,
2419 1011 2475 1058 et
2504 1004 2717 1072 quando
2774 1017 2831 1060 et
2878 1010 3152 1078 quomodo
3203 1011 3592 1082 disputandum

1995 1103 2180 1162 esset,
2214 1104 2366 1150 recte
2393 1097 2544 1151 vidit.
2577 1097 2692 1164 Qua
2719 1097 2786 1153 de
2816 1115 2874 1154 re
2902 1094 3047 1170 quid
3085 1105 3374 1172 statuerit,
3425 1107 3586 1163 intel-

1995 1185 2165 1256 ligere
2195 1185 2342 1254 licet,
2373 1202 2437 1243 ex
2473 1189 2556 1244 his
2579 1206 2699 1260 qute
2729 1191 3025 1247 scribitlib.
3062 1210 3098 1248 ιι
3141 1194 3208 1250 de
3230 1196 3461 1255 Civitate
3490 1200 3589 1258 Dei

1992 1292 2092 1347 cap
2121 1279 2171 1343 l,
2205 1287 2260 1334 et
2290 1281 2382 1335 lib.
2415 1297 2432 1335 1
2461 1281 2529 1339 de
2558 1293 2765 1353 peccat.
2800 1286 2933 1342 Mer.
2979 1299 3032 1342 et
3059 1288 3266 1348 Remis.
3295 1308 3345 1347 c.
3377 1295 3503 1362 ult.,
3535 1306 3592 1353 et

1993 1371 2044 1425 in
2077 1371 2354 1427 Enchiriol.
2385 1389 2505 1445 cap.
2533 1375 2602 1431 69
2627 1419 2643 1444 ,
2677 1386 2732 1432 et
2781 1379 2833 1434 in
2865 1383 3022 1452 epist.
3059 1383 3153 1437 111
3187 1394 3242 1439 et
3292 1385 3412 1442 121.
3447 1387 3589 1445 Tan-

1989 1462 2110 1517 dem
2137 1480 2203 1518 ex
2231 1467 2500 1521 sententia
2550 1470 2768 1525 concilii
2797 1470 3256 1534 Chalcedonensis
3295 1480 3588 1549 sapientis-

1987 1558 2123 1612 sima
2148 1570 2200 1614 et
2232 1559 2636 1632 religiosissima
2662 1565 2780 1636 lege
2820 1567 2944 1634 lata,
2969 1570 3136 1625 vetuit
3161 1572 3458 1629 Martianus
3485 1575 3596 1630 im-'

1986 1667 2102 1722 per.
2141 1668 2208 1708 ne
2235 1654 2356 1724 quis
2382 1655 2450 1711 de
2473 1655 2576 1714 fide
2599 1656 2905 1716 Christiana
2931 1663 3142 1732 publice
3167 1668 3336 1724 turbis
3359 1711 3373 1734 ,
3409 1679 3465 1724 ut
3488 1672 3584 1735 ait,

1983 1746 2301 1801 euadunatis
2333 1756 2387 1803 et
2414 1748 2759 1807 audientibus
2806 1763 2999 1810 tractet
3026 1775 3038 1809 :
3065 1774 3240 1828 neque
3271 1775 3361 1816 res
3375 1761 3586 1831 judica-

273 1862 364 1907 tur
409 1851 626 1923 quidam
685 1853 977 1922 episeopus
1029 1851 1306 1905 Donatista
1339 1849 1582 1915 dixisse,
1633 1850 1772 1905 velle
1815 1864 1867 1906 se

1983 1843 2064 1889 tas
2095 1845 2150 1891 et
2174 1847 2319 1893 recte
2349 1839 2636 1910 dispositas
2660 1842 2981 1914 disputando
3003 1857 3162 1919 atque
3203 1853 3584 1910 contendendo

272 1945 434 1999 bonis
453 1944 584 1998 viris
611 1944 925 1999 sedentibus
939 1942 1190 1998 conferre
1221 1958 1342 1997 cum
1358 1942 1494 2014 Aug.
1511 1984 1524 2009 ,
1540 1942 1877 2014 Augustinus

274 2039 408 2092 nihil
438 2055 544 2094 non
572 2038 733 2106 fecit,
765 2046 824 2093 ut
851 2039 898 2092 ei
951 2037 1095 2092 ultro
1136 2047 1487 2102 occurreret,
1527 2046 1690 2108 atque
1711 2038 1873 2092 etiam

269 2139 582 2187 currentem
605 2131 860 2187 incitaret
877 2173 892 2196 ,
921 2131 1081 2201 epist.
1105 2129 1194 2184 47.
1221 2129 1462 2200 Denique
1482 2143 1604 2184 eum
1625 2131 1736 2184 ‘non
1768 2129 1872 2183 im-

279 2234 522 2294 petraret
550 2265 566 2291 ,
595 2224 737 2296 quod
789 2233 1069 2295 tantopere
1096 2223 1351 2294 optabat,
1388 2232 1542 2278 curat
1593 2233 1651 2277 ut
1688 2223 1872 2278 clerici

266 2317 351 2372 sui
381 2316 754 2388 Hipponienses
795 2316 1112 2372 Januarium
1164 2315 1649 2388 Carthaginiensem
1682 2315 1868 2371 Dona-

269 2410 519 2478 tistarum
578 2409 1044 2480 archiepiscopum
1085 2409 1400 2465 sollicitent.
1447 2409 1639 2463 Exstat
1678 2424 1864 2462 eorum

263 2503 498 2574 epistola
525 2544 541 2570 ,
569 2517 690 2574 qua:
721 2503 863 2558 inter
901 2503 1189 2572 Augustini
1242 2502 1499 2575 epistolas
1543 2512 1624 2558 est
1647 2500 1738 2557 68.
1791 2501 1866 2556 Ea

265 2603 446 2652 autem
481 2596 745 2666 imprimis
769 2607 956 2666 urget,
984 2604 1045 2650 ut.
1073 2594 1326 2666 quoniam
1349 2595 1460 2665 jam
1491 2594 1616 2648 olim
1649 2594 1704 2649 in
1757 2592 1866 2653 hac

261 2702 426 2745 causa
476 2687 778 2760 appellatus
821 2697 907 2743 est
955 2689 1286 2758 imperator,
1329 2687 1490 2759 hujus
1539 2690 1865 2746 auctoritate

263 2781 581 2836 instituatur
606 2782 816 2852 publica
839 2779 1072 2836 Collatio
1103 2800 1117 2835 :
1148 2783 1272 2853 quia
1303 2792 1356 2838 et
1384 2783 1474 2837 ille
1497 2781 1714 2838 demum
1745 2784 1816 2838 sit
1843 2826 1860 2852 ,

261 2874 354 2944 qui
384 2891 504 2931 cum
531 2875 742 2946 legibus
767 2875 880 2947 jam
910 2876 1031 2930 latis
1059 2892 1165 2931 non
1193 2884 1442 2931 teneatur
1464 2918 1480 2944 ,
1516 2876 1740 2932 liberius
1767 2892 1864 2948 po-

259 2969 463 3025 teritet
489 2969 837 3036 collationem
869 2969 1112 3026 indicere
1137 3011 1152 3036 ,
1183 2978 1236 3025 et
1257 2970 1324 3026 de
1355 2986 1415 3026 re
1437 2978 1548 3026 tota
1580 2981 1859 3027 statuere:

257 3081 383 3120 cum
415 3064 717 3138 praefectis,
763 3065 856 3137 qui
879 3065 1087 3136 legibus
1113 3065 1223 3135 jam
1256 3065 1378 3119 latis
1423 3067 1669 3121 serviunt
1697 3109 1713 3132 ,
1747 3079 1864 3122 tan-

258 3169 375 3215 tum
405 3174 510 3214 nou
553 3159 734 3214 liceat.
791 3159 861 3214 Et
907 3159 1031 3229 quia
1060 3157 1352 3214 Donatistae
1382 3174 1480 3227 eo,
1513 3175 1672 3231 quem
1723 3159 1856 3228 disi,

1984 1929 2259 1996 revolvat,
2290 1946 2358 1986 ne
2376 1946 2440 1987 ex
2464 1931 2771 2002 hujusmodi
2818 1940 3112 1996 certamine
3140 1943 3388 2012 profanet
3415 1962 3580 2003 vene-

1982 2019 2148 2074 randa
2173 2022 2449 2092 mysteria,
2503 2025 2594 2079 lib.
2628 2043 2684 2081 lll
2707 2025 2769 2082 C.
2802 2029 2869 2085 de
2891 2046 3103 2089 summa
3128 2033 3319 2092 Trinit.
3339 2037 3447 2093 Sed
3477 2039 3580 2095 hoc

1979 2114 2194 2170 demum
2224 2116 2460 2173 edictum
2501 2118 2666 2193 348
2693 2121 2793 2177 fuit
2818 2123 2886 2180 de
2915 2128 3186 2198 mysteriis
3213 2129 3358 2198 ﬁdei,
3382 2141 3438 2188 et
3458 2144 3582 2204 post

1976 2218 2207 2279 quatuor
2239 2211 2463 2267 concilia
2513 2219 2847 2273 uacumenica
2871 2261 2885 2286 ,
2913 2234 2964 2276 et
2988 2223 3239 2294 cumjatn
3295 2226 3348 2280 in
3374 2229 3535 2284 tertio
3560 2271 3577 2294 ,

1977 2303 2080 2359 hoc
2108 2314 2218 2373 est,
2256 2305 2308 2360 in
2352 2307 2625 2378 Ephesino
2680 2311 2957 2369 decretum
3007 2328 3191 2384 esset,
3223 2328 3284 2373 ut
3328 2322 3578 2392 symbolo

1975 2397 2100 2454 ﬁdei
2147 2400 2279 2453 nihil
2310 2400 2642 2471 adjiceretur
2670 2422 2684 2458 :
2739 2406 2973 2477 denique
3005 2425 3128 2464 cum
3176 2412 3399 2470 infinitis
3420 2431 3484 2472 ea
3509 2417 3577 2473 de

1971 2509 2030 2548 re
2056 2493 2546 2565 disputationibus,
2594 2511 2888 2570 earumque
2937 2503 3252 2571 petulantiae
3300 2520 3354 2563 et
3385 2525 3576 2579 proca-

1970 2588 2119 2644 citati
2173 2587 2398 2644 l‘raanum
2428 2590 2777 2660 injiciendum
2836 2603 3006 2650 esset.
3033 2596 3302 2654 Caeterum
3336 2609 3398 2656 ut
3439 2602 3572 2659 nihil

1971 2681 2075 2738 hoc
2101 2682 2165 2737 ad
2193 2698 2412 2738 causam
2441 2685 2843 2744 Donatistarum
2867 2729 2880 2753 ,
2916 2691 2996 2745 sic
3037 2707 3211 2763 neque
3254 2694 3320 2750 ad
3349 2707 3568 2755 aitatem

1969 2785 2062 2832 aut
2105 2791 2394 2848 personam
2446 2779 2752 2851 Augustini.
2801 2783 2870 2838 Et
2896 2799 3023 2840 vero
3067 2786 3153 2841 hic
3185 2803 3323 2844 unus
3350 2791 3569 2848 demum

1967 2876 2234 2941 ostendit,
2259 2893 2506 2947 quamam
2539 2890 2685 2935 esset
2717 2880 2832 2938 haec
2861 2885 3000 2938 ratio
3038 2883 3255 2940 tuenda:
3278 2886 3518 2942 veritatis
3550 2905 3564 2941 :

1968 2978 2024 3025 et
2069 2970 2343 3040 quomodo
2380 2987 2443 3027 ea
2494 2974 2752 3030 utendum
2801 2988 2983 3045 esset,
3038 2989 3296 3050 expertus
3352 2995 3568 3051 quoque

1965 3079 2111 3134 szepe
2138 3064 2472 3122 fueratzsed
2504 3083 2793 3138 numquam
2845 3071 3016 3142 magis
3047 3088 3208 3143 quam
3258 3075 3310 3129 in
3361 3073 3450 3128 illa
3497 3075 3566 3130 de

1965 3173 2070 3228 qua
2133 3173 2276 3214 nunc
2348 3159 2494 3230 loqui
2556 3160 2795 3229 institui,
2858 3178 2982 3220 eum
3047 3167 3342 3225 Donatistis
3397 3169 3564 3226 colla-

255 3263 524 3325 praetextu
549 3263 872 3309 recusarunt
915 3268 1039 3309 cum
1088 3255 1286 3310 nostris
1322 3254 1621 3324 congredi:
1657 3253 1857 3325 Hippo-
1883 3234 1928 3298 C
1964 3255 2156 3328 tione.]

265 3361 469 3402 nenses
513 3347 699 3403 clerici
751 3362 818 3402 eo
872 3362 932 3402 se
958 3347 1270 3414 demittunt,
1301 3355 1359 3402 ut
1405 3347 1568 3402 etiam
1621 3347 1856 3419 allegent

255 3440 533 3496 Christum
582 3441 760 3510 ipsum
798 3456 920 3495 cum
944 3439 1161 3494 diabolo
1188 3439 1254 3495 de
1278 3439 1398 3511 lege
1429 3440 1666 3496 locutum
1691 3454 1814 3495 esse
1841 3455 1854 3494 :

255 3545 310 3589 et
341 3548 464 3588 cum
498 3534 664 3589 Paulo
691 3549 798 3588 non
831 3534 1004 3590 solum
1041 3533 1259 3589 Judteos
1284 3574 1299 3600 ,
1328 3534 1424 3589 sed
1457 3542 1512 3589 et
1563 3534 1857 3605 Epicureos

256 3628 578 3684 eontulisse.
607 3628 900 3683 Donatistae
924 3643 1112 3706 rursus
1141 3629 1482 3698 excipiebant
1506 3671 1521 3696 ,
1544 3630 1856 3690 dialecticas

255 3722 656 3793 disputationes
699 3736 808 3777 non
862 3723 1159 3778 convenire
1207 3721 1528 3778 Christianae
1576 3724 1852 3796 religioni,

255 3825 312 3870 et
373 3815 732 3886 Augustinum
806 3815 938 3870 nihil
1009 3815 1149 3869 aliud
1217 3831 1341 3871 esse
1397 3832 1556 3886 quam
1630 3827 1857 3875 conten-

259 3909 458 3963 tiosum
503 3908 929 3979 disputatorem,
989 3909 1080 3978 qui
1135 3909 1415 3980 fugiendus
1459 3910 1637 3980 potius
1684 3923 1857 3968 etca-

253 4001 506 4074 vendus,
562 4017 726 4073 quam
778 4002 1112 4058 refellendus
1167 4002 1632 4074 revincendusquc
1686 4013 1851 4060 esset.

252 4095 396 4164 Quid
453 4097 576 4152 huic
656 4096 984 4152 cavillationi
1064 4096 1409 4167 responderit
1481 4092 1851 4168 Augustinus,

254 4189 362 4262 legi
388 4199 565 4261 potest
592 4191 768 4261 primo
791 4191 908 4262 ejus
935 4190 1075 4246 libro
1102 4199 1286 4245 contra
1312 4191 1681 4247 Crcsconium.
1709 4193 1852 4251 Idem

253 4283 397 4339 libro
424 4295 617 4355 quarto
636 4327 650 4350 ,
679 4284 944 4347 Studium,
978 4285 1182 4354 inquit,
1215 4285 1546 4353 proceritate
1600 4288 1851 4354 certandi,

251 4380 377 4447 quia
405 4395 541 4451 sarpe
574 4379 826 4433 voluimus
863 4395 980 4432 cum
1029 4379 1210 4433 vestris
1263 4380 1529 4450 conferre,
1578 4389 1633 4432 ut
1685 4395 1857 4436 errore

251 4477 480 4543 sublato,
497 4479 729 4549 fraterna
754 4476 980 4530 charitas
1007 4477 1149 4544 pacis
1170 4475 1373 4529 vinculo
1395 4484 1675 4530 necteretur
1691 4521 1706 4544 ,
1733 4495 1856 4533 con-

252 4567 496 4622 tentionis
541 4577 586 4622 et
625 4568 968 4622 animositatis
1018 4567 1198 4622 vitioso
1249 4569 1454 4621 nomine
1499 4569 1851 4637 reprehendis.

2031 3347 2213 3405 Prima
2244 3350 2570 3424 Augustini,
2613 3353 2840 3410 necdum
2890 3354 3130 3425 episcOpi
3157 3395 3171 3418 ,
3201 3353 3296 3409 sed
3354 3361 3561 3409 tantum

1963 3444 2261 3516 presbyteri
2323 3445 2535 3516 publica
2591 3446 2750 3517 hujus
2803 3447 3020 3518 generis
3072 3445 3403 3502 conflictatio
3457 3445 3559 3501 fuit

1960 3537 2174 3593 duobus
2220 3537 2413 3593 diebus
2457 3555 2580 3593 cttm
2632 3538 2930 3594 Fortunato
2986 3538 3283 3594 Manichmo
3329 3539 3382 3593 in
3424 3539 3559 3594 urbe

1959 3627 2312 3698 Hipponensi.
2351 3631 2592 3686 Aderant
2623 3630 2857 3699 notarii,
2899 3635 2988 3701 qui
3018 3631 3225 3703 singula
3245 3631 3561 3701 exciperent

1956 3732 2120 3792 atque
2157 3723 2558 3794 consignarent.
2593 3724 2833 3795 Pepulns
2863 3724 3074 3780 auditor
3125 3736 3244 3781 erat
3307 3724 3551 3795 disputa-

1957 3816 2140 3871 tionis.
2171 3815 2278 3872 Sed
2307 3817 2505 3888 alioqui
2543 3818 2721 3873 uullus
2746 3818 2910 3890 judex
2965 3818 3173 3874 aderat.
3231 3818 3342 3874 Etsi
3373 3826 3555 3872 autem

1958 3909 2117 3979 plane
2144 3923 2440 3965 conversus
2486 3926 2591 3966 non
2640 3911 2805 3967 fuerit
2837 3911 3026 3966 infelix
3057 3911 3145 3966 ille
3186 3910 3513 3966 Fortunatus
3534 3950 3552 3976 ,

1957 4013 2012 4059 at
2033 4004 2225 4060 saltem
2257 4007 2540 4075 perculsus
2566 4005 2618 4060 in
2644 4021 2709 4061 eo
2737 4006 3037 4063 certamine
3072 4006 3191 4061 fuit.

2031 4097 2212 4154 Altera
2239 4098 2294 4153 in
2323 4099 2513 4154 eadem
2547 4101 2680 4155 urbe
2711 4099 2807 4154 fuit
2836 4101 3008 4155 tribus
3038 4101 3228 4156 diebus
3255 4101 3541 4172 Augustini

1957 4189 2254 4262 disputatio
2283 4207 2388 4246 non
2418 4191 2698 4247 dissimilis
2723 4207 2846 4247 cum
2881 4191 3057 4248 Felice
3088 4193 3384 4248 Manichzeo
3414 4212 3428 4249 :
3455 4195 3555 4252 sed

1955 4284 2105 4339 exitu
2127 4284 2389 4340 feliciore.
2419 4285 2612 4340 Acrior
2641 4285 2739 4340 fuit
2770 4296 2824 4340 et
2850 4287 3116 4342 celebrior
3144 4287 3332 4343 eodem
3351 4289 3404 4345 in
3435 4289 3556 4347 loco

1948 4365 2080 4432 cum
2109 4377 2397 4433 Maximino
2429 4380 2684 4449 episcopo
2714 4380 2919 4435 Ariano
2941 4424 2955 4447 ,
2997 4381 3092 4437 sed
3117 4381 3340 4438 minime
3362 4385 3554 4441 eodem

1957 4484 2236 4526 successu.
2270 4471 2500 4526 Exstant
2529 4473 2717 4528 harum
2767 4473 3127 4529 Collationum
3153 4487 3272 4533 acta
3304 4480 3356 4534 in
3404 4481 3558 4539 libris

1963 4564 2271 4635 Augustini.
2301 4563 2426 4619 Fuit
2446 4575 2501 4620 et
2524 4567 2624 4620 alia
2649 4581 2770 4620 cum
2803 4567 3085 4623 Pascentio
3113 4571 3312 4627 comite
3351 4575 3556 4629 Ariano

251 4659 361 4715 Sed
404 4668 554 4714 notat
585 4659 687 4714 hoc
735 4660 1042 4714 Donatistas
1063 4658 1380 4714 obtendisse
1401 4701 1415 4723 ,
1473 4634 1622 4729 quia,
1673 4671 1731 4716 ut
1753 4661 1850 4731 ait,
1879 4634 1930 4694 D
1956 4655 2011 4711 in
2044 4634 2178 4711 urbe
2206 4654 2614 4727 Carthaginensi
2643 4675 2658 4712 :
2696 4657 2790 4712 sed
2822 4659 2990 4727 prima
3033 4659 3150 4730 ejus
3194 4662 3358 4717 coitio
3385 4664 3554 4719 mole-

251 4753 476 4808 tnallent
505 4767 720 4808 causam
749 4753 944 4807 malam
973 4753 1255 4818 cooperire
1276 4751 1626 4808 excusatione
1647 4796 1662 4820 ,
1690 4770 1851 4824 quam

249 4844 621 4915 disputatione
651 4845 828 4900 linire.
862 4844 928 4898 Et
949 4843 1000 4898 in
1029 4844 1222 4900 eodem
1247 4843 1388 4900 libro
1409 4886 1424 4911 ,
1452 4843 1620 4913 Puto,
1657 4846 1850 4918 inquit,

252 4943 394 5012 quod
424 4941 670 5011 facillime
713 4940 971 5012 intelligas
993 4981 1008 5004 .
1047 4955 1153 4993 non
1179 4940 1468 4995 devitanda:
1514 4943 1854 4998 contentionis

251 5049 446 5100 causa,
496 5049 610 5103 qua?
640 5032 785 5087 nulla
805 5041 916 5100 est,
969 5049 1085 5086 cum
1117 5031 1301 5086 veritas
1346 5033 1629 5102 quazritur,
1653 5036 1732 5088 vel
1752 5052 1855 5090 non

251 5142 350 5195 pro
377 5142 509 5179 vana
527 5125 694 5196 gloria
723 5124 960 5196 litigatur
976 5165 993 5191 ,
1021 5123 1112 5179 sed
1133 5139 1303 5179 causa:
1323 5128 1476 5179 mala:
1506 5125 1804 5197 difﬁdentia
1829 5170 1846 5196 ,

250 5235 342 5274 vos
369 5220 632 5275 nobiscum
656 5219 793 5274 nolle
809 5221 1062 5291 conferre.

327 5314 450 5388 [Hic
474 5330 605 5370 vero
634 5329 819 5383 operae
842 5314 1070 5384 pretium
1099 5322 1183 5367 est
1203 5312 1381 5369 obiter
1401 5313 1701 5372 observare
1743 5316 1854 5373 dis-

253 5409 566 5480 putationes
597 5408 650 5463 in
683 5423 842 5463 causa
875 5408 1159 5478 religionis
1179 5407 1344 5462 modo
1375 5407 1546 5463 bonas
1571 5419 1626 5464 et
1670 5410 1853 5475 utiles,

254 5503 421 5560 modo
465 5502 800 5576 perniciosas
829 5517 971 5557 esse.
1023 5501 1184 5558 Certe
1214 5501 1470 5570 quidnam
1500 5504 1571 5557 sit
1599 5545 1614 5568 ,
1638 5503 1705 5559 de
1748 5521 1858 5574 quo

254 5606 532 5668 qumratur
556 5639 568 5657 ,
601 5595 892 5651 videndum
926 5605 1011 5649 est
1033 5638 1047 5661 ,
1103 5604 1158 5650 et
1188 5595 1378 5650 modus
1402 5611 1622 5666 semper
1668 5608 1750 5652 cst
1781 5607 1862 5655 te-

259 5690 491 5744 nendus.
527 5687 896 5744 Tertullianus
943 5687 1011 5741 de
1041 5687 1351 5754 Prmscript.
1387 5696 1548 5757 negat
1571 5705 1694 5743 cum
1746 5690 1860 5744 lite-

255 5783 446 5838 reticis
478 5781 866 5851 disputandum
899 5795 1044 5836 esse.
1095 5779 1200 5835 Sed
1229 5779 1433 5835 Nicteni
1459 5792 1640 5852 patres
1670 5781 1867 5838 nihilo-

261 5875 442 5931 minus
469 5889 590 5930 eum
623 5872 841 5931 Arianis
876 5873 1044 5930 semel
1071 5872 1348 5944 disputare
1374 5888 1490 5930 non
1524 5883 1866 5933 recusarunt.

1958 4749 2096 4804 stior
2141 4749 2278 4815 fuit,
2310 4750 2435 4818 quia
2480 4748 2824 4804 adversarius
2867 4751 3110 4806 notarios
3145 4753 3556 4823 eonsignatores

1959 4843 2151 4899 adesse
2180 4843 2444 4914 principio
2467 4842 2701 4909 nolebat,
2732 4845 3008 4914 pactisque
3025 4847 3305 4902 conventis
3328 4849 3552 4906 minime

1961 4937 2159 4990 stabat.
2208 4936 2449 4992 Tandem
2503 4945 2681 4991 tamen
2730 4938 2902 5008 legem
2951 4939 3265 4996 Collationis
3312 4944 3552 5014 accepit,
3613 4941 3618 4946 “

1964 5043 2140 5098 neque
2194 5030 2370 5084 solum
2413 5029 2652 5084 notarios
2699 5029 2941 5086 adhiberi
2990 5047 3178 5103 passus
3217 5044 3322 5102 est,
3365 5037 3459 5092 sed
3504 5047 3562 5092 et

1966 5121 2314 5178 Laurentium
2343 5123 2612 5192 quondam
2639 5123 2876 5194 judicem
2902 5125 3042 5191 tulit,
3075 5135 3131 5182 et
3157 5127 3226 5183 ab
3253 5144 3320 5184 eo
3341 5139 3561 5183 senten-

1962 5214 2093 5270 tiam
2150 5213 2278 5279 ferri
2335 5231 2442 5271 non
2495 5218 2787 5273 recusavit.
2861 5218 3042 5275 Testis
3095 5229 3179 5275 est
3225 5218 3558 5291 Augustinus

1964 5310 2126 5380 epist.
2178 5309 2281 5364 174
2328 5319 2385 5366 et
2437 5311 2562 5368 178.
2614 5312 2719 5368 Sed
2771 5313 2913 5368 nulla
2964 5313 3049 5368 vel
3096 5313 3277 5368 utilior
3321 5315 3407 5368 vel
3463 5331 3560 5370 no-

1967 5401 2132 5458 bilior
2162 5405 2376 5459 tametsi
2417 5402 2580 5460 fuerit
2621 5404 2688 5460 de
2729 5407 3031 5474 quaestione
3064 5407 3243 5460 minus
3284 5407 3468 5463 subtili
3508 5420 3562 5464 et

1969 5498 2138 5567 magis
2173 5497 2463 5568 populari,
2511 5513 2670 5568 quam
2704 5516 2825 5553 cum
2861 5499 3155 5555 Donatistis
3193 5501 3412 5555 collatio
3443 5501 3559 5556 fuit.

1966 5593 2046 5646 Ac
2078 5590 2186 5659 jam
2232 5601 2389 5646 antea
2443 5591 2690 5660 privatim
2742 5601 2798 5647 et
2844 5591 3024 5647 obiter
3062 5591 3398 5663 Augustinus
3441 5611 3564 5649 cum

1974 5683 2238 5738 Fortnnio
2303 5683 2536 5754 quodam
2599 5684 2874 5738 Donatista
2940 5685 3196 5756 episeopo
3245 5700 3569 5756 congressus

1974 5779 2148 5833 fuerat
2198 5779 2249 5833 in
2281 5777 2532 5849 populari
2562 5777 2792 5848 quadam
2825 5777 2998 5835 turba.
3041 5780 3283 5851 Cumque
3312 5780 3428 5835 lucc
3468 5796 3568 5836 suo

1975 5871 2204 5941 strepitu
2248 5873 2394 5942 ipsos
2432 5886 2648 5942 quoque
2691 5873 2930 5929 nouarios
2963 5881 3287 5942 exceptores
3314 5856 3566 5930 intertur-
