  <div class='ocr_page' id='page_1' title='image "/cluster/home/n/w/nwhite01/storage/ocr_20150623/11/hvd.32044015471287/735.png"; bbox 0 0 3996 6332; ppageno 0'>
   <div class='ocr_carea' id='block_1_1' title="bbox 545 325 682 381">
    <p class='ocr_par' dir='ltr' id='par_1_1' title="bbox 545 325 682 381">
     <span class='ocr_line' id='line_1_1' title="bbox 545 325 682 381; baseline 0 0"><span class='ocrx_word' id='word_1_1' title='bbox 545 325 682 381; x_wconf 60' lang='lat'><strong>1:59</strong></span> 
     </span>
    </p>
   </div>
   <div class='ocr_carea' id='block_1_2' title="bbox 2012 314 2382 371">
    <p class='ocr_par' dir='ltr' id='par_1_2' title="bbox 2012 314 2382 371">
     <span class='ocr_line' id='line_1_2' title="bbox 2012 314 2382 371; baseline 0 -3"><span class='ocrx_word' id='word_1_2' title='bbox 2012 314 2382 371; x_wconf 73' lang='lat' dir='ltr'><strong>APPENDIX.</strong></span> 
     </span>
    </p>
   </div>
   <div class='ocr_carea' id='block_1_3' title="bbox 3627 329 3731 384">
    <p class='ocr_par' dir='ltr' id='par_1_3' title="bbox 3627 329 3731 384">
     <span class='ocr_line' id='line_1_3' title="bbox 3627 329 3731 384; baseline 0 0"><span class='ocrx_word' id='word_1_3' title='bbox 3627 329 3731 384; x_wconf 79' lang='lat' dir='ltr'><strong>W0</strong></span> 
     </span>
    </p>
   </div>
   <div class='ocr_carea' id='block_1_4' title="bbox 544 427 3729 508">
    <p class='ocr_par' dir='ltr' id='par_1_4' title="bbox 544 427 3729 508">
     <span class='ocr_line' id='line_1_4' title="bbox 544 427 3729 508; baseline -0.003 -10"><span class='ocrx_word' id='word_1_4' title='bbox 544 446 716 506; x_wconf 88' lang='lat' dir='ltr'><strong>baret,</strong></span> <span class='ocrx_word' id='word_1_5' title='bbox 749 448 803 495; x_wconf 92' lang='lat' dir='ltr'><strong>et</strong></span> <span class='ocrx_word' id='word_1_6' title='bbox 828 438 1122 508; x_wconf 78' lang='lat' dir='ltr'><strong>disputatio</strong></span> <span class='ocrx_word' id='word_1_7' title='bbox 1154 445 1438 505; x_wconf 86' lang='lat' dir='ltr'><strong>propterea</strong></span> <span class='ocrx_word' id='word_1_8' title='bbox 1468 432 1693 501; x_wconf 89' lang='lat' dir='ltr'><strong>abrupta</strong></span> <span class='ocrx_word' id='word_1_9' title='bbox 1725 428 1916 484; x_wconf 81' lang='lat' dir='ltr'><strong>fuisset</strong></span> <span class='ocrx_word' id='word_1_10' title='bbox 1937 469 1950 493; x_wconf 91' lang='lat'><strong>,</strong></span> <span class='ocrx_word' id='word_1_11' title='bbox 1982 443 2140 498; x_wconf 87' lang='lat' dir='ltr'><strong>roga-</strong></span> <span class='ocrx_word' id='word_1_12' title='bbox 2169 433 2216 490; x_wconf 78' lang='grc' dir='ltr'><strong>Α</strong></span> <span class='ocrx_word' id='word_1_13' title='bbox 2247 439 2358 484; x_wconf 92' lang='lat' dir='ltr'><strong>tros</strong></span> <span class='ocrx_word' id='word_1_14' title='bbox 2406 427 2502 484; x_wconf 77' lang='lat' dir='ltr'><strong>alis</strong></span> <span class='ocrx_word' id='word_1_15' title='bbox 2548 427 2902 486; x_wconf 85' lang='lat' dir='ltr'><strong>Constantino</strong></span> <span class='ocrx_word' id='word_1_16' title='bbox 2953 430 3105 484; x_wconf 88' lang='lat' dir='ltr'><strong>datos</strong></span> <span class='ocrx_word' id='word_1_17' title='bbox 3135 472 3149 496; x_wconf 91' lang='lat'><strong>,</strong></span> <span class='ocrx_word' id='word_1_18' title='bbox 3199 431 3498 504; x_wconf 76' lang='lat' dir='ltr'><strong>Epiphanius</strong></span> <span class='ocrx_word' id='word_1_19' title='bbox 3536 453 3729 498; x_wconf 72' lang='lat' dir='ltr'><strong>nantem</strong></span> 
     </span>
    </p>
   </div>
   <div class='ocr_carea' id='block_1_5' title="bbox 544 527 2142 605">
    <p class='ocr_par' dir='ltr' id='par_1_5' title="bbox 544 527 2142 605">
     <span class='ocr_line' id='line_1_5' title="bbox 544 527 2142 605; baseline -0.011 -11"><span class='ocrx_word' id='word_1_20' title='bbox 544 547 630 594; x_wconf 69' lang='lat' dir='ltr'><strong>rat</strong></span> <span class='ocrx_word' id='word_1_21' title='bbox 668 537 918 605; x_wconf 87' lang='lat' dir='ltr'><strong>Angust.,</strong></span> <span class='ocrx_word' id='word_1_22' title='bbox 948 532 1106 602; x_wconf 89' lang='lat' dir='ltr'><strong>epist.</strong></span> <span class='ocrx_word' id='word_1_23' title='bbox 1139 530 1264 596; x_wconf 78' lang='lat' dir='ltr'><strong>l65,</strong></span> <span class='ocrx_word' id='word_1_24' title='bbox 1296 540 1352 584; x_wconf 89' lang='lat' dir='ltr'><strong>ut</strong></span> <span class='ocrx_word' id='word_1_25' title='bbox 1391 528 1442 583; x_wconf 93' lang='lat' dir='ltr'><strong>in</strong></span> <span class='ocrx_word' id='word_1_26' title='bbox 1473 527 1656 596; x_wconf 87' lang='lat' dir='ltr'><strong>aliquo</strong></span> <span class='ocrx_word' id='word_1_27' title='bbox 1687 538 1906 580; x_wconf 81' lang='lat' dir='ltr'><strong>recessu</strong></span> <span class='ocrx_word' id='word_1_28' title='bbox 1940 533 2055 578; x_wconf 93' lang='lat' dir='ltr'><strong>tuto</strong></span> <span class='ocrx_word' id='word_1_29' title='bbox 2086 531 2142 578; x_wconf 90' lang='lat' dir='ltr'><strong>et</strong></span> 
     </span>
    </p>
   </div>
   <div class='ocr_carea' id='block_1_6' title="bbox 545 614 2140 698">
    <p class='ocr_par' dir='ltr' id='par_1_6' title="bbox 545 614 2140 698">
     <span class='ocr_line' id='line_1_6' title="bbox 545 614 2140 698; baseline -0.011 -14"><span class='ocrx_word' id='word_1_30' title='bbox 545 627 834 698; x_wconf 90' lang='lat' dir='ltr'><strong>tranquillo</strong></span> <span class='ocrx_word' id='word_1_31' title='bbox 879 624 996 678; x_wconf 61' lang='lat' dir='ltr'><strong>haec</strong></span> <span class='ocrx_word' id='word_1_32' title='bbox 1047 630 1416 693; x_wconf 76' lang='lat' dir='ltr'><strong>perageretur.</strong></span> <span class='ocrx_word' id='word_1_33' title='bbox 1470 617 1579 674; x_wconf 86' lang='lat' dir='ltr'><strong>Sed</strong></span> <span class='ocrx_word' id='word_1_34' title='bbox 1611 617 1779 672; x_wconf 90' lang='lat' dir='ltr'><strong>multo</strong></span> <span class='ocrx_word' id='word_1_35' title='bbox 1802 615 1972 684; x_wconf 90' lang='lat' dir='ltr'><strong>magis</strong></span> <span class='ocrx_word' id='word_1_36' title='bbox 1998 614 2140 685; x_wconf 89' lang='lat' dir='ltr'><strong>quod</strong></span> 
     </span>
    </p>
   </div>
   <div class='ocr_carea' id='block_1_7' title="bbox 543 708 2142 791">
    <p class='ocr_par' dir='ltr' id='par_1_7' title="bbox 543 708 2142 791">
     <span class='ocr_line' id='line_1_7' title="bbox 543 708 2142 791; baseline -0.008 -18"><span class='ocrx_word' id='word_1_37' title='bbox 543 721 799 791; x_wconf 82' lang='lat' dir='ltr'><strong>optabat,</strong></span> <span class='ocrx_word' id='word_1_38' title='bbox 834 715 1173 787; x_wconf 72' lang='lat' dir='ltr'><strong>impetravit,</strong></span> <span class='ocrx_word' id='word_1_39' title='bbox 1203 729 1324 768; x_wconf 88' lang='lat' dir='ltr'><strong>cum</strong></span> <span class='ocrx_word' id='word_1_40' title='bbox 1355 711 1596 766; x_wconf 89' lang='lat' dir='ltr'><strong>instituta</strong></span> <span class='ocrx_word' id='word_1_41' title='bbox 1630 709 1726 763; x_wconf 86' lang='lat' dir='ltr'><strong>luit</strong></span> <span class='ocrx_word' id='word_1_42' title='bbox 1751 708 1984 763; x_wconf 85' lang='lat' dir='ltr'><strong>Collatio</strong></span> <span class='ocrx_word' id='word_1_43' title='bbox 2012 708 2142 762; x_wconf 87' lang='lat' dir='ltr'><strong>Car-</strong></span> 
     </span>
    </p>
   </div>
   <div class='ocr_carea' id='block_1_8' title="bbox 546 800 2142 882">
    <p class='ocr_par' dir='ltr' id='par_1_8' title="bbox 546 800 2142 882">
     <span class='ocr_line' id='line_1_8' title="bbox 546 800 2142 882; baseline -0.011 -14"><span class='ocrx_word' id='word_1_44' title='bbox 546 809 902 882; x_wconf 85' lang='lat' dir='ltr'><strong>thaginensis.</strong></span> <span class='ocrx_word' id='word_1_45' title='bbox 939 806 1236 868; x_wconf 76' lang='lat' dir='ltr'><strong>Possidius,</strong></span> <span class='ocrx_word' id='word_1_46' title='bbox 1269 805 1360 876; x_wconf 93' lang='lat' dir='ltr'><strong>qui</strong></span> <span class='ocrx_word' id='word_1_47' title='bbox 1390 801 1654 867; x_wconf 81' lang='lat' dir='ltr'><strong>interfuit,</strong></span> <span class='ocrx_word' id='word_1_48' title='bbox 1685 800 1874 856; x_wconf 79' lang='lat' dir='ltr'><strong>scribit</strong></span> <span class='ocrx_word' id='word_1_49' title='bbox 1898 815 2016 856; x_wconf 87' lang='lat' dir='ltr'><strong>eam</strong></span> <span class='ocrx_word' id='word_1_50' title='bbox 2048 816 2142 869; x_wconf 87' lang='lat' dir='ltr'><strong>po-</strong></span> 
     </span>
    </p>
   </div>
   <div class='ocr_carea' id='block_1_9' title="bbox 546 895 2142 973">
    <p class='ocr_par' dir='ltr' id='par_1_9' title="bbox 546 895 2142 973">
     <span class='ocr_line' id='line_1_9' title="bbox 546 895 2142 973; baseline -0.01 -10"><span class='ocrx_word' id='word_1_51' title='bbox 546 907 817 966; x_wconf 89' lang='lat' dir='ltr'><strong>tissimum</strong></span> <span class='ocrx_word' id='word_1_52' title='bbox 863 903 932 959; x_wconf 90' lang='lat' dir='ltr'><strong>ab</strong></span> <span class='ocrx_word' id='word_1_53' title='bbox 979 901 1280 973; x_wconf 87' lang='lat' dir='ltr'><strong>Augustino</strong></span> <span class='ocrx_word' id='word_1_54' title='bbox 1327 906 1674 969; x_wconf 88' lang='lat' dir='ltr'><strong>procuratam</strong></span> <span class='ocrx_word' id='word_1_55' title='bbox 1724 895 1890 950; x_wconf 81' lang='lat' dir='ltr'><strong>luisse</strong></span> <span class='ocrx_word' id='word_1_56' title='bbox 1948 909 2142 964; x_wconf 84' lang='lat' dir='ltr'><strong>magno</strong></span> 
     </span>
    </p>
   </div>
   <div class='ocr_carea' id='block_1_10' title="bbox 545 989 2142 1064">
    <p class='ocr_par' dir='ltr' id='par_1_10' title="bbox 545 989 2142 1064">
     <span class='ocr_line' id='line_1_10' title="bbox 545 989 2142 1064; baseline -0.008 -8"><span class='ocrx_word' id='word_1_57' title='bbox 545 1015 667 1056; x_wconf 90' lang='lat' dir='ltr'><strong>cum</strong></span> <span class='ocrx_word' id='word_1_58' title='bbox 693 997 950 1054; x_wconf 72' lang='lat' dir='ltr'><strong>Ecclesim</strong></span> <span class='ocrx_word' id='word_1_59' title='bbox 978 997 1122 1051; x_wconf 91' lang='lat' dir='ltr'><strong>bono</strong></span> <span class='ocrx_word' id='word_1_60' title='bbox 1145 1037 1159 1061; x_wconf 94' lang='lat'><strong>,</strong></span> <span class='ocrx_word' id='word_1_61' title='bbox 1190 995 1508 1064; x_wconf 87' lang='lat' dir='ltr'><strong>adjuvante,</strong></span> <span class='ocrx_word' id='word_1_62' title='bbox 1538 1000 1595 1045; x_wconf 92' lang='lat' dir='ltr'><strong>ut</strong></span> <span class='ocrx_word' id='word_1_63' title='bbox 1619 992 1723 1058; x_wconf 86' lang='lat' dir='ltr'><strong>ait,</strong></span> <span class='ocrx_word' id='word_1_64' title='bbox 1753 989 2142 1061; x_wconf 87' lang='lat' dir='ltr'><strong>gloriosissimo</strong></span> 
     </span>
    </p>
   </div>
   <div class='ocr_carea' id='block_1_11' title="bbox 547 1083 2144 1162">
    <p class='ocr_par' dir='ltr' id='par_1_11' title="bbox 547 1083 2144 1162">
     <span class='ocr_line' id='line_1_11' title="bbox 547 1083 2144 1162; baseline -0.008 -13"><span class='ocrx_word' id='word_1_65' title='bbox 547 1103 602 1149; x_wconf 89' lang='lat' dir='ltr'><strong>et</strong></span> <span class='ocrx_word' id='word_1_66' title='bbox 632 1089 1042 1162; x_wconf 86' lang='lat' dir='ltr'><strong>religiosissime</strong></span> <span class='ocrx_word' id='word_1_67' title='bbox 1073 1093 1400 1158; x_wconf 90' lang='lat' dir='ltr'><strong>imperatore</strong></span> <span class='ocrx_word' id='word_1_68' title='bbox 1431 1085 1692 1149; x_wconf 79' lang='lat' dir='ltr'><strong>Honorio,</strong></span> <span class='ocrx_word' id='word_1_69' title='bbox 1718 1083 1809 1154; x_wconf 91' lang='lat' dir='ltr'><strong>qui</strong></span> <span class='ocrx_word' id='word_1_70' title='bbox 1838 1083 1904 1138; x_wconf 89' lang='lat' dir='ltr'><strong>ad</strong></span> <span class='ocrx_word' id='word_1_71' title='bbox 1935 1083 1989 1138; x_wconf 90' lang='lat' dir='ltr'><strong>id</strong></span> <span class='ocrx_word' id='word_1_72' title='bbox 2022 1098 2144 1154; x_wconf 91' lang='lat' dir='ltr'><strong>per—</strong></span> 
     </span>
    </p>
   </div>
   <div class='ocr_carea' id='block_1_12' title="bbox 542 1177 2141 1241">
    <p class='ocr_par' dir='ltr' id='par_1_12' title="bbox 542 1177 2141 1241">
     <span class='ocr_line' id='line_1_12' title="bbox 542 1177 2141 1241; baseline -0.006 0"><span class='ocrx_word' id='word_1_73' title='bbox 542 1184 833 1241; x_wconf 79' lang='lat' dir='ltr'><strong>ﬁciendum</strong></span> <span class='ocrx_word' id='word_1_74' title='bbox 877 1183 1040 1238; x_wconf 91' lang='lat' dir='ltr'><strong>etiam</strong></span> <span class='ocrx_word' id='word_1_75' title='bbox 1074 1198 1101 1234; x_wconf 88' lang='lat' dir='ltr'><strong>a</strong></span> <span class='ocrx_word' id='word_1_76' title='bbox 1141 1195 1241 1235; x_wconf 89' lang='lat' dir='ltr'><strong>suo</strong></span> <span class='ocrx_word' id='word_1_77' title='bbox 1277 1180 1446 1234; x_wconf 90' lang='lat' dir='ltr'><strong>latere</strong></span> <span class='ocrx_word' id='word_1_78' title='bbox 1479 1177 1748 1233; x_wconf 89' lang='lat' dir='ltr'><strong>tribunum</strong></span> <span class='ocrx_word' id='word_1_79' title='bbox 1781 1186 1834 1230; x_wconf 90' lang='lat' dir='ltr'><strong>et</strong></span> <span class='ocrx_word' id='word_1_80' title='bbox 1870 1177 2141 1234; x_wconf 90' lang='lat' dir='ltr'><strong>notarium</strong></span> 
     </span>
    </p>
   </div>
   <div class='ocr_carea' id='block_1_13' title="bbox 551 1269 2143 1345">
    <p class='ocr_par' dir='ltr' id='par_1_13' title="bbox 551 1269 2143 1345">
     <span class='ocr_line' id='line_1_13' title="bbox 551 1269 2143 1345; baseline -0.007 -7"><span class='ocrx_word' id='word_1_81' title='bbox 551 1280 961 1345; x_wconf 86' lang='lat' dir='ltr'><strong>Marcellinum,</strong></span> <span class='ocrx_word' id='word_1_82' title='bbox 1002 1277 1054 1331; x_wconf 92' lang='lat' dir='ltr'><strong>in</strong></span> <span class='ocrx_word' id='word_1_83' title='bbox 1100 1276 1335 1330; x_wconf 79' lang='lat' dir='ltr'><strong>Africam</strong></span> <span class='ocrx_word' id='word_1_84' title='bbox 1361 1273 1597 1344; x_wconf 92' lang='lat' dir='ltr'><strong>judieem</strong></span> <span class='ocrx_word' id='word_1_85' title='bbox 1629 1271 1795 1325; x_wconf 86' lang='lat' dir='ltr'><strong>misit.</strong></span> <span class='ocrx_word' id='word_1_86' title='bbox 1843 1269 2050 1340; x_wconf 87' lang='lat' dir='ltr'><strong>Nempe</strong></span> <span class='ocrx_word' id='word_1_87' title='bbox 2076 1286 2143 1327; x_wconf 80' lang='lat' dir='ltr'><strong>ex</strong></span> 
     </span>
    </p>
   </div>
   <div class='ocr_carea' id='block_1_14' title="bbox 547 1363 2144 1441">
    <p class='ocr_par' dir='ltr' id='par_1_14' title="bbox 547 1363 2144 1441">
     <span class='ocr_line' id='line_1_14' title="bbox 547 1363 2144 1441; baseline -0.006 -12"><span class='ocrx_word' id='word_1_88' title='bbox 547 1373 778 1430; x_wconf 87' lang='lat' dir='ltr'><strong>consilio</strong></span> <span class='ocrx_word' id='word_1_89' title='bbox 812 1367 1097 1441; x_wconf 77' lang='lat' dir='ltr'><strong>Augustini</strong></span> <span class='ocrx_word' id='word_1_90' title='bbox 1130 1370 1391 1426; x_wconf 91' lang='lat' dir='ltr'><strong>miserant</strong></span> <span class='ocrx_word' id='word_1_91' title='bbox 1425 1365 1677 1422; x_wconf 74' lang='lat' dir='ltr'><strong>catholici</strong></span> <span class='ocrx_word' id='word_1_92' title='bbox 1713 1363 1826 1419; x_wconf 82' lang='lat' dir='ltr'><strong>Afri</strong></span> <span class='ocrx_word' id='word_1_93' title='bbox 1861 1363 2065 1434; x_wconf 82' lang='lat' dir='ltr'><strong>legatos</strong></span> <span class='ocrx_word' id='word_1_94' title='bbox 2090 1365 2144 1421; x_wconf 92' lang='lat' dir='ltr'><strong>in</strong></span> 
     </span>
    </p>
   </div>
   <div class='ocr_carea' id='block_1_15' title="bbox 547 1456 2146 1529">
    <p class='ocr_par' dir='ltr' id='par_1_15' title="bbox 547 1456 2146 1529">
     <span class='ocr_line' id='line_1_15' title="bbox 547 1456 2146 1529; baseline -0.005 -9"><span class='ocrx_word' id='word_1_95' title='bbox 547 1465 755 1520; x_wconf 83' lang='lat' dir='ltr'><strong>Italiam</strong></span> <span class='ocrx_word' id='word_1_96' title='bbox 783 1462 850 1517; x_wconf 90' lang='lat' dir='ltr'><strong>ad</strong></span> <span class='ocrx_word' id='word_1_97' title='bbox 880 1461 1199 1525; x_wconf 89' lang='lat' dir='ltr'><strong>llonorium,</strong></span> <span class='ocrx_word' id='word_1_98' title='bbox 1230 1459 1318 1529; x_wconf 91' lang='lat' dir='ltr'><strong>qui</strong></span> <span class='ocrx_word' id='word_1_99' title='bbox 1359 1458 1460 1513; x_wconf 88' lang='lat' dir='ltr'><strong>hoc</strong></span> <span class='ocrx_word' id='word_1_100' title='bbox 1490 1457 1847 1528; x_wconf 86' lang='lat' dir='ltr'><strong>postularent.</strong></span> <span class='ocrx_word' id='word_1_101' title='bbox 1880 1456 2146 1512; x_wconf 84' lang='lat' dir='ltr'><strong>Videbant</strong></span> 
     </span>
    </p>
   </div>
   <div class='ocr_carea' id='block_1_16' title="bbox 549 1548 2146 1624">
    <p class='ocr_par' dir='ltr' id='par_1_16' title="bbox 549 1548 2146 1624">
     <span class='ocr_line' id='line_1_16' title="bbox 549 1548 2146 1624; baseline -0.006 -11"><span class='ocrx_word' id='word_1_102' title='bbox 549 1559 693 1615; x_wconf 89' lang='lat' dir='ltr'><strong>enim</strong></span> <span class='ocrx_word' id='word_1_103' title='bbox 726 1557 843 1610; x_wconf 88' lang='lat' dir='ltr'><strong>sine</strong></span> <span class='ocrx_word' id='word_1_104' title='bbox 874 1553 1132 1624; x_wconf 87' lang='lat' dir='ltr'><strong>principis</strong></span> <span class='ocrx_word' id='word_1_105' title='bbox 1175 1550 1515 1617; x_wconf 71' lang='lat' dir='ltr'><strong>auctoritate}</strong></span> <span class='ocrx_word' id='word_1_106' title='bbox 1542 1559 1704 1619; x_wconf 90' lang='lat' dir='ltr'><strong>atque</strong></span> <span class='ocrx_word' id='word_1_107' title='bbox 1734 1548 2011 1620; x_wconf 72' lang='lat' dir='ltr'><strong>przesidio,</strong></span> <span class='ocrx_word' id='word_1_108' title='bbox 2049 1564 2146 1603; x_wconf 89' lang='lat' dir='ltr'><strong>ne-</strong></span> 
     </span>
    </p>
   </div>
   <div class='ocr_carea' id='block_1_17' title="bbox 547 1639 2146 1722">
    <p class='ocr_par' dir='ltr' id='par_1_17' title="bbox 547 1639 2146 1722">
     <span class='ocr_line' id='line_1_17' title="bbox 547 1639 2146 1722; baseline -0.004 -19"><span class='ocrx_word' id='word_1_109' title='bbox 547 1665 654 1722; x_wconf 91' lang='lat' dir='ltr'><strong>que</strong></span> <span class='ocrx_word' id='word_1_110' title='bbox 689 1656 1014 1704; x_wconf 88' lang='lat' dir='ltr'><strong>conventum</strong></span> <span class='ocrx_word' id='word_1_111' title='bbox 1044 1644 1203 1706; x_wconf 81' lang='lat' dir='ltr'><strong>talem</strong></span> <span class='ocrx_word' id='word_1_112' title='bbox 1233 1642 1436 1708; x_wconf 91' lang='lat' dir='ltr'><strong>indici,</strong></span> <span class='ocrx_word' id='word_1_113' title='bbox 1481 1657 1656 1711; x_wconf 91' lang='lat' dir='ltr'><strong>neque</strong></span> <span class='ocrx_word' id='word_1_114' title='bbox 1700 1640 2041 1696; x_wconf 82' lang='lat' dir='ltr'><strong>adversarios</strong></span> <span class='ocrx_word' id='word_1_115' title='bbox 2077 1639 2146 1696; x_wconf 88' lang='lat' dir='ltr'><strong>ad</strong></span> 
     </span>
    </p>
   </div>
   <div class='ocr_carea' id='block_1_18' title="bbox 544 1733 2142 1810">
    <p class='ocr_par' dir='ltr' id='par_1_18' title="bbox 544 1733 2142 1810">
     <span class='ocr_line' id='line_1_18' title="bbox 544 1733 2142 1810; baseline -0.006 -13"><span class='ocrx_word' id='word_1_116' title='bbox 544 1758 666 1797; x_wconf 89' lang='lat' dir='ltr'><strong>eum</strong></span> <span class='ocrx_word' id='word_1_117' title='bbox 708 1741 850 1810; x_wconf 90' lang='lat' dir='ltr'><strong>cogi,</strong></span> <span class='ocrx_word' id='word_1_118' title='bbox 903 1752 1077 1808; x_wconf 86' lang='lat' dir='ltr'><strong>neque</strong></span> <span class='ocrx_word' id='word_1_119' title='bbox 1125 1745 1182 1789; x_wconf 93' lang='lat' dir='ltr'><strong>ut</strong></span> <span class='ocrx_word' id='word_1_120' title='bbox 1221 1734 1644 1806; x_wconf 88' lang='lat' dir='ltr'><strong>disputationem</strong></span> <span class='ocrx_word' id='word_1_121' title='bbox 1688 1748 1792 1788; x_wconf 89' lang='lat' dir='ltr'><strong>non</strong></span> <span class='ocrx_word' id='word_1_122' title='bbox 1837 1733 2142 1801; x_wconf 89' lang='lat' dir='ltr'><strong>eluderent,</strong></span> 
     </span>
    </p>
   </div>
   <div class='ocr_carea' id='block_1_19' title="bbox 2243 523 3732 594">
    <p class='ocr_par' dir='ltr' id='par_1_19' title="bbox 2243 523 3732 594">
     <span class='ocr_line' id='line_1_19' title="bbox 2243 523 3732 594; baseline 0.009 -18"><span class='ocrx_word' id='word_1_123' title='bbox 2243 523 2531 594; x_wconf 86' lang='lat' dir='ltr'><strong>quemdam</strong></span> <span class='ocrx_word' id='word_1_124' title='bbox 2561 523 2950 579; x_wconf 82' lang='lat' dir='ltr'><strong>Marcellinum.</strong></span> <span class='ocrx_word' id='word_1_125' title='bbox 2985 523 3105 578; x_wconf 89' lang='lat' dir='ltr'><strong>Fuit</strong></span> <span class='ocrx_word' id='word_1_126' title='bbox 3134 534 3306 580; x_wconf 89' lang='lat' dir='ltr'><strong>autem</strong></span> <span class='ocrx_word' id='word_1_127' title='bbox 3342 527 3419 580; x_wconf 89' lang='lat' dir='ltr'><strong>illa</strong></span> <span class='ocrx_word' id='word_1_128' title='bbox 3448 529 3566 585; x_wconf 90' lang='lat' dir='ltr'><strong>inter</strong></span> <span class='ocrx_word' id='word_1_129' title='bbox 3591 531 3732 590; x_wconf 82' lang='lat' dir='ltr'><strong>Photi-</strong></span> 
     </span>
    </p>
   </div>
   <div class='ocr_carea' id='block_1_20' title="bbox 2245 617 3735 693">
    <p class='ocr_par' dir='ltr' id='par_1_20' title="bbox 2245 617 3735 693">
     <span class='ocr_line' id='line_1_20' title="bbox 2245 617 3735 693; baseline 0.009 -21"><span class='ocrx_word' id='word_1_130' title='bbox 2245 633 2370 672; x_wconf 91' lang='lat' dir='ltr'><strong>num</strong></span> <span class='ocrx_word' id='word_1_131' title='bbox 2400 625 2456 674; x_wconf 91' lang='lat' dir='ltr'><strong>et</strong></span> <span class='ocrx_word' id='word_1_132' title='bbox 2490 617 2745 672; x_wconf 84' lang='lat' dir='ltr'><strong>Basiliam</strong></span> <span class='ocrx_word' id='word_1_133' title='bbox 2792 617 3130 689; x_wconf 80' lang='lat' dir='ltr'><strong>Ancyranum</strong></span> <span class='ocrx_word' id='word_1_134' title='bbox 3169 619 3384 676; x_wconf 85' lang='lat' dir='ltr'><strong>Collatia</strong></span> <span class='ocrx_word' id='word_1_135' title='bbox 3418 621 3476 678; x_wconf 91' lang='lat' dir='ltr'><strong>de</strong></span> <span class='ocrx_word' id='word_1_136' title='bbox 3503 627 3735 693; x_wconf 67' lang='lat' dir='ltr'><strong>quastione</strong></span> 
     </span>
    </p>
   </div>
   <div class='ocr_carea' id='block_1_21' title="bbox 2247 711 3736 783">
    <p class='ocr_par' dir='ltr' id='par_1_21' title="bbox 2247 711 3736 783">
     <span class='ocr_line' id='line_1_21' title="bbox 2247 711 3736 783; baseline 0.009 -19"><span class='ocrx_word' id='word_1_137' title='bbox 2247 711 2414 765; x_wconf 91' lang='lat' dir='ltr'><strong>multo</strong></span> <span class='ocrx_word' id='word_1_138' title='bbox 2436 711 2703 767; x_wconf 89' lang='lat' dir='ltr'><strong>subtiliori</strong></span> <span class='ocrx_word' id='word_1_139' title='bbox 2737 727 2895 781; x_wconf 91' lang='lat' dir='ltr'><strong>quam</strong></span> <span class='ocrx_word' id='word_1_140' title='bbox 2919 728 3037 783; x_wconf 64' lang='lat' dir='ltr'><strong>qua:</strong></span> <span class='ocrx_word' id='word_1_141' title='bbox 3065 727 3182 767; x_wconf 92' lang='lat' dir='ltr'><strong>cum</strong></span> <span class='ocrx_word' id='word_1_142' title='bbox 3207 713 3476 769; x_wconf 79' lang='lat' dir='ltr'><strong>Donatistis</strong></span> <span class='ocrx_word' id='word_1_143' title='bbox 3495 716 3643 774; x_wconf 78' lang='lat' dir='ltr'><strong>habita</strong></span> <span class='ocrx_word' id='word_1_144' title='bbox 3660 731 3736 776; x_wconf 84' lang='lat' dir='ltr'><strong>est.</strong></span> 
     </span>
    </p>
   </div>
   <div class='ocr_carea' id='block_1_22' title="bbox 2244 802 3739 880">
    <p class='ocr_par' dir='ltr' id='par_1_22' title="bbox 2244 802 3739 880">
     <span class='ocr_line' id='line_1_22' title="bbox 2244 802 3739 880; baseline 0.003 -22"><span class='ocrx_word' id='word_1_145' title='bbox 2244 802 2378 858; x_wconf 84' lang='lat' dir='ltr'><strong>Nam</strong></span> <span class='ocrx_word' id='word_1_146' title='bbox 2419 812 2601 872; x_wconf 86' lang='lat' dir='ltr'><strong>caput,</strong></span> <span class='ocrx_word' id='word_1_147' title='bbox 2654 803 2756 858; x_wconf 90' lang='lat' dir='ltr'><strong>hoc</strong></span> <span class='ocrx_word' id='word_1_148' title='bbox 2801 813 2904 869; x_wconf 89' lang='lat' dir='ltr'><strong>est,</strong></span> <span class='ocrx_word' id='word_1_149' title='bbox 2953 804 3221 859; x_wconf 74' lang='lat' dir='ltr'><strong>Christum</strong></span> <span class='ocrx_word' id='word_1_150' title='bbox 3269 807 3427 876; x_wconf 88' lang='lat' dir='ltr'><strong>ipsum</strong></span> <span class='ocrx_word' id='word_1_151' title='bbox 3469 812 3739 880; x_wconf 67' lang='lat' dir='ltr'><strong>oppugnabat</strong></span> 
     </span>
    </p>
   </div>
   <div class='ocr_carea' id='block_1_23' title="bbox 2246 895 3738 975">
    <p class='ocr_par' dir='ltr' id='par_1_23' title="bbox 2246 895 3738 975">
     <span class='ocr_line' id='line_1_23' title="bbox 2246 895 3738 975; baseline 0.007 -24"><span class='ocrx_word' id='word_1_152' title='bbox 2246 895 2509 952; x_wconf 84' lang='lat' dir='ltr'><strong>Photinus</strong></span> <span class='ocrx_word' id='word_1_153' title='bbox 2534 912 2548 962; x_wconf 90' lang='lat'><strong>;</strong></span> <span class='ocrx_word' id='word_1_154' title='bbox 2594 896 2885 952; x_wconf 71' lang='lat' dir='ltr'><strong>Donatistm</strong></span> <span class='ocrx_word' id='word_1_155' title='bbox 2914 913 3043 951; x_wconf 89' lang='lat' dir='ltr'><strong>vero</strong></span> <span class='ocrx_word' id='word_1_156' title='bbox 3075 914 3178 955; x_wconf 88' lang='lat' dir='ltr'><strong>non</strong></span> <span class='ocrx_word' id='word_1_157' title='bbox 3202 898 3297 954; x_wconf 90' lang='lat' dir='ltr'><strong>nisi</strong></span> <span class='ocrx_word' id='word_1_158' title='bbox 3319 914 3524 968; x_wconf 86' lang='lat' dir='ltr'><strong>corpus.</strong></span> <span class='ocrx_word' id='word_1_159' title='bbox 3549 901 3631 957; x_wconf 85' lang='lat' dir='ltr'><strong>hoc</strong></span> <span class='ocrx_word' id='word_1_160' title='bbox 3653 915 3738 975; x_wconf 84' lang='lat' dir='ltr'><strong>est,</strong></span> 
     </span>
    </p>
   </div>
   <div class='ocr_carea' id='block_1_24' title="bbox 2247 989 3741 1066">
    <p class='ocr_par' dir='ltr' id='par_1_24' title="bbox 2247 989 3741 1066">
     <span class='ocr_line' id='line_1_24' title="bbox 2247 989 3741 1066; baseline 0.008 -22"><span class='ocrx_word' id='word_1_161' title='bbox 2247 989 2565 1044; x_wconf 83' lang='lat' dir='ltr'><strong>Ecclesiam.</strong></span> <span class='ocrx_word' id='word_1_162' title='bbox 2595 989 2762 1054; x_wconf 85' lang='lat' dir='ltr'><strong>Adde,</strong></span> <span class='ocrx_word' id='word_1_163' title='bbox 2797 999 2986 1048; x_wconf 89' lang='lat' dir='ltr'><strong>contra</strong></span> <span class='ocrx_word' id='word_1_164' title='bbox 3018 991 3322 1052; x_wconf 85' lang='lat' dir='ltr'><strong>Donatistas</strong></span> <span class='ocrx_word' id='word_1_165' title='bbox 3347 993 3497 1054; x_wconf 80' lang='lat' dir='ltr'><strong>fuisse</strong></span> <span class='ocrx_word' id='word_1_166' title='bbox 3517 999 3741 1066; x_wconf 84' lang='lat' dir='ltr'><strong>quamdam</strong></span> 
     </span>
    </p>
   </div>
   <div class='ocr_carea' id='block_1_25' title="bbox 2245 1082 3742 1161">
    <p class='ocr_par' dir='ltr' id='par_1_25' title="bbox 2245 1082 3742 1161">
     <span class='ocr_line' id='line_1_25' title="bbox 2245 1082 3742 1161; baseline 0.009 -26"><span class='ocrx_word' id='word_1_167' title='bbox 2245 1082 2395 1136; x_wconf 87' lang='lat' dir='ltr'><strong>velut</strong></span> <span class='ocrx_word' id='word_1_168' title='bbox 2434 1083 2729 1138; x_wconf 81' lang='lat' dir='ltr'><strong>immixtam</strong></span> <span class='ocrx_word' id='word_1_169' title='bbox 2756 1098 3009 1151; x_wconf 89' lang='lat' dir='ltr'><strong>causam,</strong></span> <span class='ocrx_word' id='word_1_170' title='bbox 3059 1085 3140 1141; x_wconf 91' lang='lat' dir='ltr'><strong>cui</strong></span> <span class='ocrx_word' id='word_1_171' title='bbox 3178 1088 3332 1144; x_wconf 88' lang='lat' dir='ltr'><strong>etiam</strong></span> <span class='ocrx_word' id='word_1_172' title='bbox 3371 1088 3524 1145; x_wconf 83' lang='lat' dir='ltr'><strong>inerat</strong></span> <span class='ocrx_word' id='word_1_173' title='bbox 3554 1092 3742 1161; x_wconf 66' lang='lat' dir='ltr'><strong>quaedam</strong></span> 
     </span>
    </p>
   </div>
   <div class='ocr_carea' id='block_1_26' title="bbox 2247 1175 3742 1252">
    <p class='ocr_par' dir='ltr' id='par_1_26' title="bbox 2247 1175 3742 1252">
     <span class='ocr_line' id='line_1_26' title="bbox 2247 1175 3742 1252; baseline 0.01 -24"><span class='ocrx_word' id='word_1_174' title='bbox 2247 1175 2421 1229; x_wconf 81' lang='lat' dir='ltr'><strong>civilis</strong></span> <span class='ocrx_word' id='word_1_175' title='bbox 2447 1176 2674 1245; x_wconf 69' lang='lat' dir='ltr'><strong>quaastio</strong></span> <span class='ocrx_word' id='word_1_176' title='bbox 2708 1176 2830 1231; x_wconf 87' lang='lat' dir='ltr'><strong>lacti</strong></span> <span class='ocrx_word' id='word_1_177' title='bbox 2863 1178 2930 1232; x_wconf 90' lang='lat' dir='ltr'><strong>de</strong></span> <span class='ocrx_word' id='word_1_178' title='bbox 2974 1178 3261 1236; x_wconf 66' lang='lat' dir='ltr'><strong>Caeciliano</strong></span> <span class='ocrx_word' id='word_1_179' title='bbox 3290 1189 3341 1236; x_wconf 92' lang='lat' dir='ltr'><strong>et</strong></span> <span class='ocrx_word' id='word_1_180' title='bbox 3370 1181 3477 1252; x_wconf 82' lang='lat' dir='ltr'><strong>ejus</strong></span> <span class='ocrx_word' id='word_1_181' title='bbox 3500 1186 3742 1243; x_wconf 83' lang='lat' dir='ltr'><strong>ordiuatore</strong></span> 
     </span>
    </p>
   </div>
   <div class='ocr_carea' id='block_1_27' title="bbox 2247 1267 3744 1344">
    <p class='ocr_par' dir='ltr' id='par_1_27' title="bbox 2247 1267 3744 1344">
     <span class='ocr_line' id='line_1_27' title="bbox 2247 1267 3744 1344; baseline 0.006 -19"><span class='ocrx_word' id='word_1_182' title='bbox 2247 1267 2468 1325; x_wconf 79' lang='lat' dir='ltr'><strong>Felice:</strong></span> <span class='ocrx_word' id='word_1_183' title='bbox 2509 1283 2669 1338; x_wconf 90' lang='lat' dir='ltr'><strong>quam</strong></span> <span class='ocrx_word' id='word_1_184' title='bbox 2701 1277 2757 1323; x_wconf 91' lang='lat' dir='ltr'><strong>et</strong></span> <span class='ocrx_word' id='word_1_185' title='bbox 2784 1269 2886 1340; x_wconf 82' lang='lat' dir='ltr'><strong>ipsi</strong></span> <span class='ocrx_word' id='word_1_186' title='bbox 2927 1269 3220 1326; x_wconf 71' lang='lat' dir='ltr'><strong>Donatista:</strong></span> <span class='ocrx_word' id='word_1_187' title='bbox 3250 1272 3370 1328; x_wconf 91' lang='lat' dir='ltr'><strong>olim</strong></span> <span class='ocrx_word' id='word_1_188' title='bbox 3398 1273 3578 1344; x_wconf 88' lang='lat' dir='ltr'><strong>priores</strong></span> <span class='ocrx_word' id='word_1_189' title='bbox 3596 1279 3744 1334; x_wconf 85' lang='lat' dir='ltr'><strong>retule-</strong></span> 
     </span>
    </p>
   </div>
   <div class='ocr_carea' id='block_1_28' title="bbox 2247 1361 3745 1437">
    <p class='ocr_par' dir='ltr' id='par_1_28' title="bbox 2247 1361 3745 1437">
     <span class='ocr_line' id='line_1_28' title="bbox 2247 1361 3745 1437; baseline 0.007 -19"><span class='ocrx_word' id='word_1_190' title='bbox 2247 1371 2372 1418; x_wconf 90' lang='lat' dir='ltr'><strong>rant</strong></span> <span class='ocrx_word' id='word_1_191' title='bbox 2399 1361 2466 1418; x_wconf 90' lang='lat' dir='ltr'><strong>ad</strong></span> <span class='ocrx_word' id='word_1_192' title='bbox 2495 1361 2909 1420; x_wconf 87' lang='lat' dir='ltr'><strong>Constantinum</strong></span> <span class='ocrx_word' id='word_1_193' title='bbox 2934 1405 2947 1427; x_wconf 90' lang='lat'><strong>,</strong></span> <span class='ocrx_word' id='word_1_194' title='bbox 2981 1380 3248 1434; x_wconf 85' lang='lat' dir='ltr'><strong>quamque</strong></span> <span class='ocrx_word' id='word_1_195' title='bbox 3278 1366 3361 1422; x_wconf 89' lang='lat' dir='ltr'><strong>hic</strong></span> <span class='ocrx_word' id='word_1_196' title='bbox 3389 1369 3636 1437; x_wconf 81' lang='lat' dir='ltr'><strong>imperator</strong></span> <span class='ocrx_word' id='word_1_197' title='bbox 3659 1387 3745 1434; x_wconf 79' lang='lat' dir='ltr'><strong>par-</strong></span> 
     </span>
    </p>
   </div>
   <div class='ocr_carea' id='block_1_29' title="bbox 2248 1455 3743 1528">
    <p class='ocr_par' dir='ltr' id='par_1_29' title="bbox 2248 1455 3743 1528">
     <span class='ocr_line' id='line_1_29' title="bbox 2248 1455 3743 1528; baseline 0.005 -18"><span class='ocrx_word' id='word_1_198' title='bbox 2248 1455 2344 1511; x_wconf 91' lang='lat' dir='ltr'><strong>tim</strong></span> <span class='ocrx_word' id='word_1_199' title='bbox 2377 1456 2490 1511; x_wconf 92' lang='lat' dir='ltr'><strong>suis</strong></span> <span class='ocrx_word' id='word_1_200' title='bbox 2513 1455 2565 1512; x_wconf 93' lang='lat' dir='ltr'><strong>in</strong></span> <span class='ocrx_word' id='word_1_201' title='bbox 2595 1455 2773 1512; x_wconf 80' lang='lat' dir='ltr'><strong>Africa</strong></span> <span class='ocrx_word' id='word_1_202' title='bbox 2806 1456 3111 1524; x_wconf 70' lang='lat' dir='ltr'><strong>praefectis,</strong></span> <span class='ocrx_word' id='word_1_203' title='bbox 3153 1457 3338 1528; x_wconf 81' lang='lat' dir='ltr'><strong>partim</strong></span> <span class='ocrx_word' id='word_1_204' title='bbox 3373 1460 3686 1519; x_wconf 79' lang='lat' dir='ltr'><strong>ecclesiasticis</strong></span> <span class='ocrx_word' id='word_1_205' title='bbox 3707 1465 3743 1518; x_wconf 93' lang='lat' dir='ltr'><strong>in</strong></span> 
     </span>
    </p>
   </div>
   <div class='ocr_carea' id='block_1_30' title="bbox 2249 1547 3745 1618">
    <p class='ocr_par' dir='ltr' id='par_1_30' title="bbox 2249 1547 3745 1618">
     <span class='ocr_line' id='line_1_30' title="bbox 2249 1547 3745 1618; baseline 0.005 -14"><span class='ocrx_word' id='word_1_206' title='bbox 2249 1547 2422 1604; x_wconf 85' lang='lat' dir='ltr'><strong>Gallia</strong></span> <span class='ocrx_word' id='word_1_207' title='bbox 2467 1559 2523 1604; x_wconf 89' lang='lat' dir='ltr'><strong>et</strong></span> <span class='ocrx_word' id='word_1_208' title='bbox 2564 1549 2715 1606; x_wconf 88' lang='lat' dir='ltr'><strong>Italia</strong></span> <span class='ocrx_word' id='word_1_209' title='bbox 2742 1549 3074 1606; x_wconf 88' lang='lat' dir='ltr'><strong>antistitibus</strong></span> <span class='ocrx_word' id='word_1_210' title='bbox 3113 1552 3403 1618; x_wconf 77' lang='lat' dir='ltr'><strong>mandarat.</strong></span> <span class='ocrx_word' id='word_1_211' title='bbox 3431 1553 3593 1616; x_wconf 80' lang='lat' dir='ltr'><strong>Postea</strong></span> <span class='ocrx_word' id='word_1_212' title='bbox 3618 1557 3745 1612; x_wconf 82' lang='lat' dir='ltr'><strong>crevit</strong></span> 
     </span>
    </p>
   </div>
   <div class='ocr_carea' id='block_1_31' title="bbox 2252 1642 3744 1718">
    <p class='ocr_par' dir='ltr' id='par_1_31' title="bbox 2252 1642 3744 1718">
     <span class='ocr_line' id='line_1_31' title="bbox 2252 1642 3744 1718; baseline 0.005 -20"><span class='ocrx_word' id='word_1_213' title='bbox 2252 1642 2651 1698; x_wconf 84' lang='lat' dir='ltr'><strong>Donatistarum</strong></span> <span class='ocrx_word' id='word_1_214' title='bbox 2683 1642 3034 1713; x_wconf 89' lang='lat' dir='ltr'><strong>intemperies</strong></span> <span class='ocrx_word' id='word_1_215' title='bbox 3055 1686 3070 1711; x_wconf 97' lang='lat'><strong>,</strong></span> <span class='ocrx_word' id='word_1_216' title='bbox 3102 1644 3194 1714; x_wconf 88' lang='lat' dir='ltr'><strong>qui</strong></span> <span class='ocrx_word' id='word_1_217' title='bbox 3225 1662 3319 1715; x_wconf 87' lang='lat' dir='ltr'><strong>pro</strong></span> <span class='ocrx_word' id='word_1_218' title='bbox 3347 1645 3606 1704; x_wconf 86' lang='lat' dir='ltr'><strong>oll&#39;ensione</strong></span> <span class='ocrx_word' id='word_1_219' title='bbox 3622 1650 3744 1718; x_wconf 82' lang='lat' dir='ltr'><strong>jacta-</strong></span> 
     </span>
    </p>
   </div>
   <div class='ocr_carea' id='block_1_32' title="bbox 2251 1736 3742 1818">
    <p class='ocr_par' dir='ltr' id='par_1_32' title="bbox 2251 1736 3742 1818">
     <span class='ocr_line' id='line_1_32' title="bbox 2251 1736 3742 1818; baseline 0.003 -26"><span class='ocrx_word' id='word_1_220' title='bbox 2251 1736 2381 1792; x_wconf 87' lang='lat' dir='ltr'><strong>bant</strong></span> <span class='ocrx_word' id='word_1_221' title='bbox 2408 1737 2716 1801; x_wconf 83' lang='lat' dir='ltr'><strong>victoriam,</strong></span> <span class='ocrx_word' id='word_1_222' title='bbox 2747 1752 2922 1806; x_wconf 89' lang='lat' dir='ltr'><strong>neque</strong></span> <span class='ocrx_word' id='word_1_223' title='bbox 2953 1746 3131 1793; x_wconf 86' lang='lat' dir='ltr'><strong>tamen</strong></span> <span class='ocrx_word' id='word_1_224' title='bbox 3165 1739 3216 1796; x_wconf 90' lang='lat' dir='ltr'><strong>in</strong></span> <span class='ocrx_word' id='word_1_225' title='bbox 3243 1737 3331 1808; x_wconf 91' lang='lat' dir='ltr'><strong>jus</strong></span> <span class='ocrx_word' id='word_1_226' title='bbox 3353 1739 3534 1818; x_wconf 77' lang='lat' dir='ltr'><strong>sivead</strong></span> <span class='ocrx_word' id='word_1_227' title='bbox 3558 1738 3742 1796; x_wconf 80' lang='lat' dir='ltr'><strong>Callatio-</strong></span> 
     </span>
    </p>
   </div>
   <div class='ocr_carea' id='block_1_33' title="bbox 546 1827 3736 1910">
    <p class='ocr_par' dir='ltr' id='par_1_33' title="bbox 546 1827 3736 1910">
     <span class='ocr_line' id='line_1_33' title="bbox 546 1827 3736 1910; baseline -0.001 -20"><span class='ocrx_word' id='word_1_228' title='bbox 546 1835 814 1890; x_wconf 87' lang='lat' dir='ltr'><strong>contineri</strong></span> <span class='ocrx_word' id='word_1_229' title='bbox 843 1846 1021 1902; x_wconf 82' lang='lat' dir='ltr'><strong>posse.</strong></span> <span class='ocrx_word' id='word_1_230' title='bbox 1054 1829 1199 1885; x_wconf 86' lang='lat' dir='ltr'><strong>Sane</strong></span> <span class='ocrx_word' id='word_1_231' title='bbox 1234 1836 1293 1883; x_wconf 93' lang='lat' dir='ltr'><strong>ut</strong></span> <span class='ocrx_word' id='word_1_232' title='bbox 1321 1827 1708 1888; x_wconf 87' lang='lat' dir='ltr'><strong>Constantinus</strong></span> <span class='ocrx_word' id='word_1_233' title='bbox 1743 1827 1992 1883; x_wconf 80' lang='lat' dir='ltr'><strong>civilibus</strong></span> <span class='ocrx_word' id='word_1_234' title='bbox 2015 1843 2148 1883; x_wconf 90' lang='lat' dir='ltr'><strong>cou-</strong></span> <span class='ocrx_word' id='word_1_235' title='bbox 2175 1850 2226 1910; x_wconf 72' lang='grc' dir='ltr'><strong>Β</strong></span> <span class='ocrx_word' id='word_1_236' title='bbox 2254 1848 2376 1887; x_wconf 91' lang='lat' dir='ltr'><strong>nem</strong></span> <span class='ocrx_word' id='word_1_237' title='bbox 2410 1830 2548 1890; x_wconf 85' lang='lat' dir='ltr'><strong>trahi</strong></span> <span class='ocrx_word' id='word_1_238' title='bbox 2581 1838 2834 1900; x_wconf 85' lang='lat' dir='ltr'><strong>poterant</strong></span> <span class='ocrx_word' id='word_1_239' title='bbox 2854 1829 2958 1886; x_wconf 88' lang='lat' dir='ltr'><strong>nisi</strong></span> <span class='ocrx_word' id='word_1_240' title='bbox 2982 1831 3206 1900; x_wconf 89' lang='lat' dir='ltr'><strong>imperio</strong></span> <span class='ocrx_word' id='word_1_241' title='bbox 3231 1832 3576 1902; x_wconf 78' lang='lat' dir='ltr'><strong>magistratus:</strong></span> <span class='ocrx_word' id='word_1_242' title='bbox 3600 1835 3736 1904; x_wconf 81' lang='lat' dir='ltr'><strong>quique</strong></span> 
     </span>
    </p>
   </div>
   <div class='ocr_carea' id='block_1_34' title="bbox 547 1918 2144 1992">
    <p class='ocr_par' dir='ltr' id='par_1_34' title="bbox 547 1918 2144 1992">
     <span class='ocr_line' id='line_1_34' title="bbox 547 1918 2144 1992; baseline -0.005 -10"><span class='ocrx_word' id='word_1_243' title='bbox 547 1927 689 1982; x_wconf 89' lang='lat' dir='ltr'><strong>ciliis</strong></span> <span class='ocrx_word' id='word_1_244' title='bbox 716 1924 993 1980; x_wconf 82' lang='lat' dir='ltr'><strong>civitatum</strong></span> <span class='ocrx_word' id='word_1_245' title='bbox 1025 1931 1079 1977; x_wconf 88' lang='lat' dir='ltr'><strong>et</strong></span> <span class='ocrx_word' id='word_1_246' title='bbox 1107 1919 1504 1992; x_wconf 80' lang='lat' dir='ltr'><strong>provinciarum</strong></span> <span class='ocrx_word' id='word_1_247' title='bbox 1530 1919 1757 1984; x_wconf 71' lang='lat' dir='ltr'><strong>Africae,</strong></span> <span class='ocrx_word' id='word_1_248' title='bbox 1794 1918 2016 1974; x_wconf 85' lang='lat' dir='ltr'><strong>liberam</strong></span> <span class='ocrx_word' id='word_1_249' title='bbox 2045 1921 2144 1974; x_wconf 90' lang='lat' dir='ltr'><strong>tri-</strong></span> 
     </span>
    </p>
   </div>
   <div class='ocr_carea' id='block_1_35' title="bbox 547 2013 2142 2089">
    <p class='ocr_par' dir='ltr' id='par_1_35' title="bbox 547 2013 2142 2089">
     <span class='ocr_line' id='line_1_35' title="bbox 547 2013 2142 2089; baseline -0.003 -14"><span class='ocrx_word' id='word_1_250' title='bbox 547 2023 740 2075; x_wconf 88' lang='lat' dir='ltr'><strong>buerat</strong></span> <span class='ocrx_word' id='word_1_251' title='bbox 784 2025 1130 2089; x_wconf 89' lang='lat' dir='ltr'><strong>potestatem,</strong></span> <span class='ocrx_word' id='word_1_252' title='bbox 1175 2025 1234 2070; x_wconf 92' lang='lat' dir='ltr'><strong>ut</strong></span> <span class='ocrx_word' id='word_1_253' title='bbox 1277 2029 1372 2070; x_wconf 88' lang='lat' dir='ltr'><strong>sua</strong></span> <span class='ocrx_word' id='word_1_254' title='bbox 1412 2013 1680 2078; x_wconf 83' lang='lat' dir='ltr'><strong>desideria</strong></span> <span class='ocrx_word' id='word_1_255' title='bbox 1731 2014 1800 2068; x_wconf 90' lang='lat' dir='ltr'><strong>ad</strong></span> <span class='ocrx_word' id='word_1_256' title='bbox 1846 2015 2142 2086; x_wconf 91' lang='lat' dir='ltr'><strong>principem</strong></span> 
     </span>
    </p>
   </div>
   <div class='ocr_carea' id='block_1_36' title="bbox 548 2107 2146 2178">
    <p class='ocr_par' dir='ltr' id='par_1_36' title="bbox 548 2107 2146 2178">
     <span class='ocr_line' id='line_1_36' title="bbox 548 2107 2146 2178; baseline -0.004 -8"><span class='ocrx_word' id='word_1_257' title='bbox 548 2113 746 2176; x_wconf 89' lang='lat' dir='ltr'><strong>deinde</strong></span> <span class='ocrx_word' id='word_1_258' title='bbox 775 2113 1090 2177; x_wconf 79' lang='lat' dir='ltr'><strong>referrent.,</strong></span> <span class='ocrx_word' id='word_1_259' title='bbox 1131 2110 1168 2164; x_wconf 94' lang='lat' dir='ltr'><strong>l.</strong></span> <span class='ocrx_word' id='word_1_260' title='bbox 1201 2124 1218 2162; x_wconf 92' lang='grc' dir='ltr'><strong>ι</strong></span> <span class='ocrx_word' id='word_1_261' title='bbox 1255 2108 1317 2164; x_wconf 89' lang='lat' dir='ltr'><strong>C.</strong></span> <span class='ocrx_word' id='word_1_262' title='bbox 1350 2107 1452 2164; x_wconf 89' lang='lat' dir='ltr'><strong>Th.</strong></span> <span class='ocrx_word' id='word_1_263' title='bbox 1485 2108 1554 2173; x_wconf 86' lang='lat' dir='ltr'><strong>de</strong></span> <span class='ocrx_word' id='word_1_264' title='bbox 1593 2109 1776 2178; x_wconf 82' lang='lat' dir='ltr'><strong>Legat.</strong></span> <span class='ocrx_word' id='word_1_265' title='bbox 1808 2115 1862 2162; x_wconf 90' lang='lat' dir='ltr'><strong>et</strong></span> <span class='ocrx_word' id='word_1_266' title='bbox 1889 2107 2035 2163; x_wconf 89' lang='lat' dir='ltr'><strong>decr.</strong></span> <span class='ocrx_word' id='word_1_267' title='bbox 2070 2109 2146 2164; x_wconf 91' lang='lat' dir='ltr'><strong>le-</strong></span> 
     </span>
    </p>
   </div>
   <div class='ocr_carea' id='block_1_37' title="bbox 548 2201 2147 2282">
    <p class='ocr_par' dir='ltr' id='par_1_37' title="bbox 548 2201 2147 2282">
     <span class='ocr_line' id='line_1_37' title="bbox 548 2201 2147 2282; baseline -0.004 -17"><span class='ocrx_word' id='word_1_268' title='bbox 548 2221 658 2282; x_wconf 90' lang='lat' dir='ltr'><strong>gat.</strong></span> <span class='ocrx_word' id='word_1_269' title='bbox 712 2211 793 2264; x_wconf 91' lang='lat' dir='ltr'><strong>sic</strong></span> <span class='ocrx_word' id='word_1_270' title='bbox 831 2206 1172 2264; x_wconf 82' lang='lat' dir='ltr'><strong>Theodosius</strong></span> <span class='ocrx_word' id='word_1_271' title='bbox 1211 2215 1263 2260; x_wconf 91' lang='lat' dir='ltr'><strong>et</strong></span> <span class='ocrx_word' id='word_1_272' title='bbox 1302 2203 1573 2259; x_wconf 76' lang='lat' dir='ltr'><strong>Honorius</strong></span> <span class='ocrx_word' id='word_1_273' title='bbox 1601 2201 2010 2273; x_wconf 90' lang='lat' dir='ltr'><strong>descripserunt</strong></span> <span class='ocrx_word' id='word_1_274' title='bbox 2040 2205 2147 2258; x_wconf 85' lang='lat' dir='ltr'><strong>lor-</strong></span> 
     </span>
    </p>
   </div>
   <div class='ocr_carea' id='block_1_38' title="bbox 547 2293 2148 2366">
    <p class='ocr_par' dir='ltr' id='par_1_38' title="bbox 547 2293 2148 2366">
     <span class='ocr_line' id='line_1_38' title="bbox 547 2293 2148 2366; baseline -0.005 -8"><span class='ocrx_word' id='word_1_275' title='bbox 547 2318 690 2358; x_wconf 90' lang='lat' dir='ltr'><strong>mam</strong></span> <span class='ocrx_word' id='word_1_276' title='bbox 723 2301 912 2366; x_wconf 86' lang='lat' dir='ltr'><strong>talium</strong></span> <span class='ocrx_word' id='word_1_277' title='bbox 936 2297 1294 2354; x_wconf 90' lang='lat' dir='ltr'><strong>conciliorum</strong></span> <span class='ocrx_word' id='word_1_278' title='bbox 1325 2293 1738 2366; x_wconf 87' lang='lat' dir='ltr'><strong>provincialium</strong></span> <span class='ocrx_word' id='word_1_279' title='bbox 1768 2305 1821 2350; x_wconf 92' lang='lat' dir='ltr'><strong>et</strong></span> <span class='ocrx_word' id='word_1_280' title='bbox 1845 2295 2148 2350; x_wconf 81' lang='lat' dir='ltr'><strong>extraordi-</strong></span> 
     </span>
    </p>
   </div>
   <div class='ocr_carea' id='block_1_39' title="bbox 552 2387 2146 2461">
    <p class='ocr_par' dir='ltr' id='par_1_39' title="bbox 552 2387 2146 2461">
     <span class='ocr_line' id='line_1_39' title="bbox 552 2387 2146 2461; baseline -0.005 -9"><span class='ocrx_word' id='word_1_281' title='bbox 552 2396 851 2461; x_wconf 90' lang='lat' dir='ltr'><strong>nariorum,</strong></span> <span class='ocrx_word' id='word_1_282' title='bbox 900 2395 936 2448; x_wconf 94' lang='lat' dir='ltr'><strong>l.</strong></span> <span class='ocrx_word' id='word_1_283' title='bbox 985 2409 1056 2447; x_wconf 83' lang='grc' dir='ltr'><strong>ιιι</strong></span> <span class='ocrx_word' id='word_1_284' title='bbox 1106 2401 1162 2447; x_wconf 90' lang='lat' dir='ltr'><strong>et</strong></span> <span class='ocrx_word' id='word_1_285' title='bbox 1199 2406 1294 2445; x_wconf 80' lang='lat' dir='ltr'><strong>xm</strong></span> <span class='ocrx_word' id='word_1_286' title='bbox 1325 2387 1387 2445; x_wconf 90' lang='lat' dir='ltr'><strong>C.</strong></span> <span class='ocrx_word' id='word_1_287' title='bbox 1431 2388 1534 2443; x_wconf 87' lang='lat' dir='ltr'><strong>Th.</strong></span> <span class='ocrx_word' id='word_1_288' title='bbox 1584 2389 1706 2443; x_wconf 91' lang='lat' dir='ltr'><strong>eod.</strong></span> <span class='ocrx_word' id='word_1_289' title='bbox 1762 2389 1846 2444; x_wconf 91' lang='lat' dir='ltr'><strong>tit.</strong></span> <span class='ocrx_word' id='word_1_290' title='bbox 1889 2387 1996 2445; x_wconf 85' lang='lat' dir='ltr'><strong>Sed</strong></span> <span class='ocrx_word' id='word_1_291' title='bbox 2034 2391 2146 2460; x_wconf 88' lang='lat' dir='ltr'><strong>jam</strong></span> 
     </span>
    </p>
   </div>
   <div class='ocr_carea' id='block_1_40' title="bbox 545 2481 2148 2562">
    <p class='ocr_par' dir='ltr' id='par_1_40' title="bbox 545 2481 2148 2562">
     <span class='ocr_line' id='line_1_40' title="bbox 545 2481 2148 2562; baseline -0.004 -18"><span class='ocrx_word' id='word_1_292' title='bbox 545 2490 808 2562; x_wconf 82' lang='lat' dir='ltr'><strong>agebatur</strong></span> <span class='ocrx_word' id='word_1_293' title='bbox 832 2487 901 2543; x_wconf 92' lang='lat' dir='ltr'><strong>de</strong></span> <span class='ocrx_word' id='word_1_294' title='bbox 921 2485 1193 2548; x_wconf 88' lang='lat' dir='ltr'><strong>desiderio</strong></span> <span class='ocrx_word' id='word_1_295' title='bbox 1224 2483 1484 2540; x_wconf 84' lang='lat' dir='ltr'><strong>Ecclesiae</strong></span> <span class='ocrx_word' id='word_1_296' title='bbox 1516 2481 1788 2539; x_wconf 83' lang='lat' dir='ltr'><strong>Africanae</strong></span> <span class='ocrx_word' id='word_1_297' title='bbox 1811 2526 1826 2550; x_wconf 96' lang='lat'><strong>,</strong></span> <span class='ocrx_word' id='word_1_298' title='bbox 1876 2491 1931 2538; x_wconf 90' lang='lat' dir='ltr'><strong>et</strong></span> <span class='ocrx_word' id='word_1_299' title='bbox 1959 2481 2028 2538; x_wconf 89' lang='lat' dir='ltr'><strong>de</strong></span> <span class='ocrx_word' id='word_1_300' title='bbox 2053 2497 2148 2538; x_wconf 90' lang='lat' dir='ltr'><strong>au-</strong></span> 
     </span>
    </p>
   </div>
   <div class='ocr_carea' id='block_1_41' title="bbox 547 2575 1906 2640">
    <p class='ocr_par' dir='ltr' id='par_1_41' title="bbox 547 2575 1906 2640">
     <span class='ocr_line' id='line_1_41' title="bbox 547 2575 1906 2640; baseline -0.007 0"><span class='ocrx_word' id='word_1_301' title='bbox 547 2586 798 2640; x_wconf 89' lang='lat' dir='ltr'><strong>ctoritate</strong></span> <span class='ocrx_word' id='word_1_302' title='bbox 829 2589 1126 2638; x_wconf 84' lang='lat' dir='ltr'><strong>conventus</strong></span> <span class='ocrx_word' id='word_1_303' title='bbox 1155 2589 1246 2632; x_wconf 90' lang='lat' dir='ltr'><strong>aut</strong></span> <span class='ocrx_word' id='word_1_304' title='bbox 1273 2577 1489 2632; x_wconf 90' lang='lat' dir='ltr'><strong>concilii</strong></span> <span class='ocrx_word' id='word_1_305' title='bbox 1515 2575 1906 2632; x_wconf 87' lang='lat' dir='ltr'><strong>Ecclesiastici.</strong></span> 
     </span>
    </p>
   </div>
   <div class='ocr_carea' id='block_1_42' title="bbox 618 2669 2148 2750">
    <p class='ocr_par' dir='ltr' id='par_1_42' title="bbox 618 2669 2148 2750">
     <span class='ocr_line' id='line_1_42' title="bbox 618 2669 2148 2750; baseline -0.008 -15"><span class='ocrx_word' id='word_1_306' title='bbox 618 2679 698 2735; x_wconf 77' lang='lat' dir='ltr'><strong>Ne</strong></span> <span class='ocrx_word' id='word_1_307' title='bbox 719 2679 838 2750; x_wconf 86' lang='lat' dir='ltr'><strong>quis</strong></span> <span class='ocrx_word' id='word_1_308' title='bbox 860 2686 1042 2736; x_wconf 87' lang='lat' dir='ltr'><strong>autem</strong></span> <span class='ocrx_word' id='word_1_309' title='bbox 1067 2674 1293 2729; x_wconf 87' lang='lat' dir='ltr'><strong>miretur</strong></span> <span class='ocrx_word' id='word_1_310' title='bbox 1315 2686 1532 2727; x_wconf 85' lang='lat' dir='ltr'><strong>causam</strong></span> <span class='ocrx_word' id='word_1_311' title='bbox 1557 2669 1695 2724; x_wconf 87' lang='lat' dir='ltr'><strong>hanc</strong></span> <span class='ocrx_word' id='word_1_312' title='bbox 1724 2669 2148 2725; x_wconf 83' lang='lat' dir='ltr'><strong>ecclesiasticam</strong></span> 
     </span>
    </p>
   </div>
   <div class='ocr_carea' id='block_1_43' title="bbox 547 2765 2147 2846">
    <p class='ocr_par' dir='ltr' id='par_1_43' title="bbox 547 2765 2147 2846">
     <span class='ocr_line' id='line_1_43' title="bbox 547 2765 2147 2846; baseline -0.006 -16"><span class='ocrx_word' id='word_1_313' title='bbox 547 2775 615 2830; x_wconf 90' lang='lat' dir='ltr'><strong>ad</strong></span> <span class='ocrx_word' id='word_1_314' title='bbox 662 2774 934 2846; x_wconf 87' lang='lat' dir='ltr'><strong>principes</strong></span> <span class='ocrx_word' id='word_1_315' title='bbox 983 2771 1233 2835; x_wconf 87' lang='lat' dir='ltr'><strong>relatam,</strong></span> <span class='ocrx_word' id='word_1_316' title='bbox 1284 2775 1340 2823; x_wconf 91' lang='lat' dir='ltr'><strong>et</strong></span> <span class='ocrx_word' id='word_1_317' title='bbox 1387 2767 1458 2821; x_wconf 91' lang='lat' dir='ltr'><strong>ab</strong></span> <span class='ocrx_word' id='word_1_318' title='bbox 1499 2766 1583 2821; x_wconf 89' lang='lat' dir='ltr'><strong>his</strong></span> <span class='ocrx_word' id='word_1_319' title='bbox 1629 2765 1750 2836; x_wconf 87' lang='lat' dir='ltr'><strong>ejus</strong></span> <span class='ocrx_word' id='word_1_320' title='bbox 1784 2765 2147 2835; x_wconf 81' lang='lat' dir='ltr'><strong>cognitionem</strong></span> 
     </span>
    </p>
   </div>
   <div class='ocr_carea' id='block_1_44' title="bbox 549 2859 2147 2939">
    <p class='ocr_par' dir='ltr' id='par_1_44' title="bbox 549 2859 2147 2939">
     <span class='ocr_line' id='line_1_44' title="bbox 549 2859 2147 2939; baseline -0.006 -16"><span class='ocrx_word' id='word_1_321' title='bbox 549 2866 884 2939; x_wconf 86' lang='lat' dir='ltr'><strong>magistratui</strong></span> <span class='ocrx_word' id='word_1_322' title='bbox 913 2864 1058 2920; x_wconf 86' lang='lat' dir='ltr'><strong>civili</strong></span> <span class='ocrx_word' id='word_1_323' title='bbox 1089 2862 1468 2918; x_wconf 81' lang='lat' dir='ltr'><strong>demandatum</strong></span> <span class='ocrx_word' id='word_1_324' title='bbox 1508 2875 1631 2916; x_wconf 88' lang='lat' dir='ltr'><strong>esse</strong></span> <span class='ocrx_word' id='word_1_325' title='bbox 1654 2901 1671 2926; x_wconf 92' lang='lat'><strong>,</strong></span> <span class='ocrx_word' id='word_1_326' title='bbox 1714 2859 2023 2915; x_wconf 86' lang='lat' dir='ltr'><strong>meminerit</strong></span> <span class='ocrx_word' id='word_1_327' title='bbox 2050 2876 2147 2914; x_wconf 79' lang='lat' dir='ltr'><strong>ex-</strong></span> 
     </span>
    </p>
   </div>
   <div class='ocr_carea' id='block_1_45' title="bbox 549 2954 2150 3028">
    <p class='ocr_par' dir='ltr' id='par_1_45' title="bbox 549 2954 2150 3028">
     <span class='ocr_line' id='line_1_45' title="bbox 549 2954 2150 3028; baseline -0.004 -11"><span class='ocrx_word' id='word_1_328' title='bbox 549 2960 968 3026; x_wconf 82' lang='lat' dir='ltr'><strong>traordinarium</strong></span> <span class='ocrx_word' id='word_1_329' title='bbox 992 2956 1262 3028; x_wconf 86' lang='lat' dir='ltr'><strong>quoddam</strong></span> <span class='ocrx_word' id='word_1_330' title='bbox 1285 2968 1337 3010; x_wconf 89' lang='lat' dir='ltr'><strong>et</strong></span> <span class='ocrx_word' id='word_1_331' title='bbox 1357 2955 1630 3025; x_wconf 81' lang='lat' dir='ltr'><strong>singulare</strong></span> <span class='ocrx_word' id='word_1_332' title='bbox 1651 2954 1960 3025; x_wconf 82' lang='lat' dir='ltr'><strong>exemplum</strong></span> <span class='ocrx_word' id='word_1_333' title='bbox 1984 2954 2150 3011; x_wconf 78' lang='lat' dir='ltr'><strong>fuisse</strong></span> 
     </span>
    </p>
   </div>
   <div class='ocr_carea' id='block_1_46' title="bbox 550 3048 2146 3127">
    <p class='ocr_par' dir='ltr' id='par_1_46' title="bbox 550 3048 2146 3127">
     <span class='ocr_line' id='line_1_46' title="bbox 550 3048 2146 3127; baseline -0.003 -17"><span class='ocrx_word' id='word_1_334' title='bbox 550 3065 774 3127; x_wconf 88' lang='lat' dir='ltr'><strong>propter</strong></span> <span class='ocrx_word' id='word_1_335' title='bbox 797 3052 1198 3122; x_wconf 80' lang='lat' dir='ltr'><strong>necessitatem,</strong></span> <span class='ocrx_word' id='word_1_336' title='bbox 1219 3065 1342 3120; x_wconf 77' lang='lat' dir='ltr'><strong>quae</strong></span> <span class='ocrx_word' id='word_1_337' title='bbox 1366 3050 1539 3120; x_wconf 79' lang='lat' dir='ltr'><strong>legem</strong></span> <span class='ocrx_word' id='word_1_338' title='bbox 1565 3065 1668 3103; x_wconf 92' lang='lat' dir='ltr'><strong>non</strong></span> <span class='ocrx_word' id='word_1_339' title='bbox 1684 3048 1886 3104; x_wconf 88' lang='lat' dir='ltr'><strong>habere</strong></span> <span class='ocrx_word' id='word_1_340' title='bbox 1909 3050 2106 3104; x_wconf 91' lang='lat' dir='ltr'><strong>dicitur</strong></span> <span class='ocrx_word' id='word_1_341' title='bbox 2132 3066 2146 3105; x_wconf 89' lang='lat'><strong>:</strong></span> 
     </span>
    </p>
   </div>
   <div class='ocr_carea' id='block_1_47' title="bbox 552 3141 2146 3221">
    <p class='ocr_par' dir='ltr' id='par_1_47' title="bbox 552 3141 2146 3221">
     <span class='ocr_line' id='line_1_47' title="bbox 552 3141 2146 3221; baseline -0.004 -17"><span class='ocrx_word' id='word_1_342' title='bbox 552 3159 947 3221; x_wconf 86' lang='lat' dir='ltr'><strong>proptereaque</strong></span> <span class='ocrx_word' id='word_1_343' title='bbox 977 3144 1042 3201; x_wconf 90' lang='lat' dir='ltr'><strong>ad</strong></span> <span class='ocrx_word' id='word_1_344' title='bbox 1071 3146 1516 3214; x_wconf 83' lang='lat' dir='ltr'><strong>consequentiam</strong></span> <span class='ocrx_word' id='word_1_345' title='bbox 1543 3141 1681 3196; x_wconf 83' lang='lat' dir='ltr'><strong>trahi</strong></span> <span class='ocrx_word' id='word_1_346' title='bbox 1709 3157 1814 3196; x_wconf 91' lang='lat' dir='ltr'><strong>nou</strong></span> <span class='ocrx_word' id='word_1_347' title='bbox 1841 3142 2066 3198; x_wconf 88' lang='lat' dir='ltr'><strong>debere.</strong></span> <span class='ocrx_word' id='word_1_348' title='bbox 2093 3142 2146 3198; x_wconf 92' lang='lat' dir='ltr'><strong>id</strong></span> 
     </span>
    </p>
   </div>
   <div class='ocr_carea' id='block_1_48' title="bbox 2254 1921 3734 1996">
    <p class='ocr_par' dir='ltr' id='par_1_48' title="bbox 2254 1921 3734 1996">
     <span class='ocr_line' id='line_1_48' title="bbox 2254 1921 3734 1996; baseline 0.002 -18"><span class='ocrx_word' id='word_1_349' title='bbox 2254 1927 2305 1978; x_wconf 91' lang='lat' dir='ltr'><strong>in</strong></span> <span class='ocrx_word' id='word_1_350' title='bbox 2328 1921 2657 1991; x_wconf 86' lang='lat' dir='ltr'><strong>Collatione,</strong></span> <span class='ocrx_word' id='word_1_351' title='bbox 2684 1934 2740 1982; x_wconf 85' lang='lat' dir='ltr'><strong>ut</strong></span> <span class='ocrx_word' id='word_1_352' title='bbox 2763 1923 2828 1978; x_wconf 87' lang='lat' dir='ltr'><strong>ad</strong></span> <span class='ocrx_word' id='word_1_353' title='bbox 2859 1939 2971 1980; x_wconf 90' lang='lat' dir='ltr'><strong>rem</strong></span> <span class='ocrx_word' id='word_1_354' title='bbox 2994 1925 3263 1990; x_wconf 88' lang='lat' dir='ltr'><strong>venirent,</strong></span> <span class='ocrx_word' id='word_1_355' title='bbox 3289 1925 3400 1994; x_wconf 70' lang='lat' dir='ltr'><strong>cogi</strong></span> <span class='ocrx_word' id='word_1_356' title='bbox 3432 1941 3526 1980; x_wconf 95' lang='lat' dir='ltr'><strong>non</strong></span> <span class='ocrx_word' id='word_1_357' title='bbox 3547 1936 3734 1996; x_wconf 80' lang='lat' dir='ltr'><strong>pelemd,</strong></span> 
     </span>
    </p>
   </div>
   <div class='ocr_carea' id='block_1_49' title="bbox 2252 2016 3743 2088">
    <p class='ocr_par' dir='ltr' id='par_1_49' title="bbox 2252 2016 3743 2088">
     <span class='ocr_line' id='line_1_49' title="bbox 2252 2016 3743 2088; baseline 0.003 -17"><span class='ocrx_word' id='word_1_358' title='bbox 2252 2017 2353 2071; x_wconf 91' lang='lat' dir='ltr'><strong>nisi</strong></span> <span class='ocrx_word' id='word_1_359' title='bbox 2391 2016 2631 2086; x_wconf 88' lang='lat' dir='ltr'><strong>ejusdem</strong></span> <span class='ocrx_word' id='word_1_360' title='bbox 2663 2018 2944 2087; x_wconf 87' lang='lat' dir='ltr'><strong>potestatis</strong></span> <span class='ocrx_word' id='word_1_361' title='bbox 2983 2018 3235 2088; x_wconf 82' lang='lat' dir='ltr'><strong>praesidio</strong></span> <span class='ocrx_word' id='word_1_362' title='bbox 3261 2027 3314 2074; x_wconf 90' lang='lat' dir='ltr'><strong>et</strong></span> <span class='ocrx_word' id='word_1_363' title='bbox 3342 2021 3637 2076; x_wconf 88' lang='lat' dir='ltr'><strong>auctoritate.</strong></span> <span class='ocrx_word' id='word_1_364' title='bbox 3673 2021 3743 2076; x_wconf 84' lang='lat' dir='ltr'><strong>De-</strong></span> 
     </span>
    </p>
   </div>
   <div class='ocr_carea' id='block_1_50' title="bbox 2251 2110 3748 2180">
    <p class='ocr_par' dir='ltr' id='par_1_50' title="bbox 2251 2110 3748 2180">
     <span class='ocr_line' id='line_1_50' title="bbox 2251 2110 3748 2180; baseline 0.003 -16"><span class='ocrx_word' id='word_1_365' title='bbox 2251 2110 2416 2180; x_wconf 91' lang='lat' dir='ltr'><strong>nique</strong></span> <span class='ocrx_word' id='word_1_366' title='bbox 2463 2125 2692 2180; x_wconf 88' lang='lat' dir='ltr'><strong>quorum</strong></span> <span class='ocrx_word' id='word_1_367' title='bbox 2742 2110 2889 2166; x_wconf 80' lang='lat' dir='ltr'><strong>furor</strong></span> <span class='ocrx_word' id='word_1_368' title='bbox 2936 2110 3188 2168; x_wconf 87' lang='lat' dir='ltr'><strong>militaris</strong></span> <span class='ocrx_word' id='word_1_369' title='bbox 3234 2122 3288 2168; x_wconf 93' lang='lat' dir='ltr'><strong>et</strong></span> <span class='ocrx_word' id='word_1_370' title='bbox 3333 2111 3748 2170; x_wconf 75' lang='lat' dir='ltr'><strong>Circumcelliouuui</strong></span> 
     </span>
    </p>
   </div>
   <div class='ocr_carea' id='block_1_51' title="bbox 2250 2202 3750 2276">
    <p class='ocr_par' dir='ltr' id='par_1_51' title="bbox 2250 2202 3750 2276">
     <span class='ocr_line' id='line_1_51' title="bbox 2250 2202 3750 2276; baseline 0.003 -20"><span class='ocrx_word' id='word_1_371' title='bbox 2250 2202 2442 2273; x_wconf 85' lang='lat' dir='ltr'><strong>gladiis</strong></span> <span class='ocrx_word' id='word_1_372' title='bbox 2490 2211 2731 2260; x_wconf 87' lang='lat' dir='ltr'><strong>armatus</strong></span> <span class='ocrx_word' id='word_1_373' title='bbox 2769 2204 3008 2262; x_wconf 88' lang='lat' dir='ltr'><strong>coerceri</strong></span> <span class='ocrx_word' id='word_1_374' title='bbox 3059 2219 3168 2260; x_wconf 95' lang='lat' dir='ltr'><strong>non</strong></span> <span class='ocrx_word' id='word_1_375' title='bbox 3213 2213 3436 2276; x_wconf 86' lang='lat' dir='ltr'><strong>poterat,</strong></span> <span class='ocrx_word' id='word_1_376' title='bbox 3482 2206 3566 2264; x_wconf 89' lang='lat' dir='ltr'><strong>nisi</strong></span> <span class='ocrx_word' id='word_1_377' title='bbox 3603 2215 3750 2262; x_wconf 86' lang='lat' dir='ltr'><strong>terrore</strong></span> 
     </span>
    </p>
   </div>
   <div class='ocr_carea' id='block_1_52' title="bbox 2253 2297 3752 2372">
    <p class='ocr_par' dir='ltr' id='par_1_52' title="bbox 2253 2297 3752 2372">
     <span class='ocr_line' id='line_1_52' title="bbox 2253 2297 3752 2372; baseline 0.002 -20"><span class='ocrx_word' id='word_1_378' title='bbox 2253 2297 2559 2368; x_wconf 88' lang='lat' dir='ltr'><strong>principali.</strong></span> <span class='ocrx_word' id='word_1_379' title='bbox 2607 2297 2774 2356; x_wconf 82' lang='lat' dir='ltr'><strong>Erant</strong></span> <span class='ocrx_word' id='word_1_380' title='bbox 2827 2299 3104 2355; x_wconf 88' lang='lat' dir='ltr'><strong>mirabiles</strong></span> <span class='ocrx_word' id='word_1_381' title='bbox 3157 2301 3498 2372; x_wconf 84' lang='lat' dir='ltr'><strong>pragmatici,</strong></span> <span class='ocrx_word' id='word_1_382' title='bbox 3547 2301 3752 2371; x_wconf 78' lang='lat' dir='ltr'><strong>magisque</strong></span> 
     </span>
    </p>
   </div>
   <div class='ocr_carea' id='block_1_53' title="bbox 2256 2391 3753 2464">
    <p class='ocr_par' dir='ltr' id='par_1_53' title="bbox 2256 2391 3753 2464">
     <span class='ocr_line' id='line_1_53' title="bbox 2256 2391 3753 2464; baseline 0.001 -20"><span class='ocrx_word' id='word_1_383' title='bbox 2256 2391 2575 2461; x_wconf 88' lang='lat' dir='ltr'><strong>versipelles</strong></span> <span class='ocrx_word' id='word_1_384' title='bbox 2601 2400 2656 2447; x_wconf 89' lang='lat' dir='ltr'><strong>et</strong></span> <span class='ocrx_word' id='word_1_385' title='bbox 2683 2392 2884 2448; x_wconf 72' lang='lat' dir='ltr'><strong>versuti</strong></span> <span class='ocrx_word' id='word_1_386' title='bbox 2911 2393 3331 2449; x_wconf 89' lang='lat' dir='ltr'><strong>calumniatores</strong></span> <span class='ocrx_word' id='word_1_387' title='bbox 3353 2436 3366 2460; x_wconf 90' lang='lat'><strong>,</strong></span> <span class='ocrx_word' id='word_1_388' title='bbox 3405 2409 3545 2464; x_wconf 90' lang='lat' dir='ltr'><strong>quam</strong></span> <span class='ocrx_word' id='word_1_389' title='bbox 3571 2393 3646 2448; x_wconf 89' lang='lat' dir='ltr'><strong>ulli</strong></span> <span class='ocrx_word' id='word_1_390' title='bbox 3673 2407 3753 2446; x_wconf 85' lang='lat' dir='ltr'><strong>um-</strong></span> 
     </span>
    </p>
   </div>
   <div class='ocr_carea' id='block_1_54' title="bbox 2255 2485 3753 2556">
    <p class='ocr_par' dir='ltr' id='par_1_54' title="bbox 2255 2485 3753 2556">
     <span class='ocr_line' id='line_1_54' title="bbox 2255 2485 3753 2556; baseline -0.001 -15"><span class='ocrx_word' id='word_1_391' title='bbox 2255 2501 2419 2556; x_wconf 90' lang='lat' dir='ltr'><strong>quam</strong></span> <span class='ocrx_word' id='word_1_392' title='bbox 2452 2487 2650 2540; x_wconf 87' lang='lat' dir='ltr'><strong>luerint</strong></span> <span class='ocrx_word' id='word_1_393' title='bbox 2681 2486 2733 2542; x_wconf 92' lang='lat' dir='ltr'><strong>in</strong></span> <span class='ocrx_word' id='word_1_394' title='bbox 2769 2501 2866 2540; x_wconf 88' lang='lat' dir='ltr'><strong>suo</strong></span> <span class='ocrx_word' id='word_1_395' title='bbox 2893 2485 3012 2541; x_wconf 81' lang='lat' dir='ltr'><strong>foro</strong></span> <span class='ocrx_word' id='word_1_396' title='bbox 3037 2487 3316 2544; x_wconf 80' lang='lat' dir='ltr'><strong>causidici.</strong></span> <span class='ocrx_word' id='word_1_397' title='bbox 3351 2489 3501 2543; x_wconf 84' lang='lat' dir='ltr'><strong>Erant</strong></span> <span class='ocrx_word' id='word_1_398' title='bbox 3523 2489 3653 2543; x_wconf 86' lang='lat' dir='ltr'><strong>etiam</strong></span> <span class='ocrx_word' id='word_1_399' title='bbox 3675 2486 3753 2555; x_wconf 79' lang='lat' dir='ltr'><strong>gla—</strong></span> 
     </span>
    </p>
   </div>
   <div class='ocr_carea' id='block_1_55' title="bbox 2251 2569 3754 2650">
    <p class='ocr_par' dir='ltr' id='par_1_55' title="bbox 2251 2569 3754 2650">
     <span class='ocr_line' id='line_1_55' title="bbox 2251 2569 3754 2650; baseline 0 -17"><span class='ocrx_word' id='word_1_400' title='bbox 2251 2569 2492 2634; x_wconf 75' lang='lat' dir='ltr'><strong>diatores</strong></span> <span class='ocrx_word' id='word_1_401' title='bbox 2517 2579 2691 2648; x_wconf 85' lang='lat' dir='ltr'><strong>magis</strong></span> <span class='ocrx_word' id='word_1_402' title='bbox 2716 2578 3075 2650; x_wconf 89' lang='lat' dir='ltr'><strong>sanguinarii,</strong></span> <span class='ocrx_word' id='word_1_403' title='bbox 3107 2596 3270 2650; x_wconf 90' lang='lat' dir='ltr'><strong>quam</strong></span> <span class='ocrx_word' id='word_1_404' title='bbox 3296 2580 3389 2636; x_wconf 90' lang='lat' dir='ltr'><strong>ulli</strong></span> <span class='ocrx_word' id='word_1_405' title='bbox 3416 2580 3465 2634; x_wconf 90' lang='lat' dir='ltr'><strong>iu</strong></span> <span class='ocrx_word' id='word_1_406' title='bbox 3491 2579 3648 2635; x_wconf 81' lang='lat' dir='ltr'><strong>castris</strong></span> <span class='ocrx_word' id='word_1_407' title='bbox 3663 2577 3754 2633; x_wconf 59' lang='lat' dir='ltr'><strong>eda</strong></span> 
     </span>
    </p>
   </div>
   <div class='ocr_carea' id='block_1_56' title="bbox 2252 2673 3752 2746">
    <p class='ocr_par' dir='ltr' id='par_1_56' title="bbox 2252 2673 3752 2746">
     <span class='ocr_line' id='line_1_56' title="bbox 2252 2673 3752 2746; baseline -0.001 -18"><span class='ocrx_word' id='word_1_408' title='bbox 2252 2674 2358 2728; x_wconf 89' lang='lat' dir='ltr'><strong>cati</strong></span> <span class='ocrx_word' id='word_1_409' title='bbox 2387 2674 2586 2728; x_wconf 89' lang='lat' dir='ltr'><strong>milites</strong></span> <span class='ocrx_word' id='word_1_410' title='bbox 2609 2716 2624 2740; x_wconf 94' lang='lat'><strong>,</strong></span> <span class='ocrx_word' id='word_1_411' title='bbox 2663 2675 2754 2744; x_wconf 93' lang='lat' dir='ltr'><strong>qui</strong></span> <span class='ocrx_word' id='word_1_412' title='bbox 2782 2689 2892 2730; x_wconf 92' lang='lat' dir='ltr'><strong>non</strong></span> <span class='ocrx_word' id='word_1_413' title='bbox 2924 2691 2990 2730; x_wconf 81' lang='lat' dir='ltr'><strong>ex</strong></span> <span class='ocrx_word' id='word_1_414' title='bbox 3016 2675 3141 2746; x_wconf 89' lang='lat' dir='ltr'><strong>jure</strong></span> <span class='ocrx_word' id='word_1_415' title='bbox 3175 2691 3334 2731; x_wconf 91' lang='lat' dir='ltr'><strong>manu</strong></span> <span class='ocrx_word' id='word_1_416' title='bbox 3370 2673 3752 2737; x_wconf 88' lang='lat' dir='ltr'><strong>consertum,sed</strong></span> 
     </span>
    </p>
   </div>
   <div class='ocr_carea' id='block_1_57' title="bbox 2255 2765 3753 2838">
    <p class='ocr_par' dir='ltr' id='par_1_57' title="bbox 2255 2765 3753 2838">
     <span class='ocr_line' id='line_1_57' title="bbox 2255 2765 3753 2838; baseline -0.003 -17"><span class='ocrx_word' id='word_1_417' title='bbox 2255 2783 2410 2838; x_wconf 90' lang='lat' dir='ltr'><strong>mage</strong></span> <span class='ocrx_word' id='word_1_418' title='bbox 2435 2767 2602 2834; x_wconf 79' lang='lat' dir='ltr'><strong>ferro,</strong></span> <span class='ocrx_word' id='word_1_419' title='bbox 2635 2776 2692 2822; x_wconf 93' lang='lat' dir='ltr'><strong>ut</strong></span> <span class='ocrx_word' id='word_1_420' title='bbox 2720 2768 2795 2822; x_wconf 90' lang='lat' dir='ltr'><strong>ait</strong></span> <span class='ocrx_word' id='word_1_421' title='bbox 2826 2767 3057 2833; x_wconf 87' lang='lat' dir='ltr'><strong>Ennius,</strong></span> <span class='ocrx_word' id='word_1_422' title='bbox 3091 2783 3208 2824; x_wconf 89' lang='lat' dir='ltr'><strong>rem</strong></span> <span class='ocrx_word' id='word_1_423' title='bbox 3243 2777 3498 2838; x_wconf 89' lang='lat' dir='ltr'><strong>repetunt.</strong></span> <span class='ocrx_word' id='word_1_424' title='bbox 3522 2768 3577 2822; x_wconf 85' lang='lat' dir='ltr'><strong>Et</strong></span> <span class='ocrx_word' id='word_1_425' title='bbox 3598 2781 3696 2822; x_wconf 85' lang='lat' dir='ltr'><strong>vero</strong></span> <span class='ocrx_word' id='word_1_426' title='bbox 3718 2765 3753 2818; x_wconf 91' lang='lat' dir='ltr'><strong>ui</strong></span> 
     </span>
    </p>
   </div>
   <div class='ocr_carea' id='block_1_58' title="bbox 2253 2860 3751 2933">
    <p class='ocr_par' dir='ltr' id='par_1_58' title="bbox 2253 2860 3751 2933">
     <span class='ocr_line' id='line_1_58' title="bbox 2253 2860 3751 2933; baseline -0.004 -15"><span class='ocrx_word' id='word_1_427' title='bbox 2253 2862 2600 2918; x_wconf 75' lang='lat' dir='ltr'><strong>Marcellinus</strong></span> <span class='ocrx_word' id='word_1_428' title='bbox 2630 2861 2825 2932; x_wconf 88' lang='lat' dir='ltr'><strong>aliquis</strong></span> <span class='ocrx_word' id='word_1_429' title='bbox 2870 2877 2992 2916; x_wconf 88' lang='lat' dir='ltr'><strong>cum</strong></span> <span class='ocrx_word' id='word_1_430' title='bbox 3027 2877 3126 2917; x_wconf 87' lang='lat' dir='ltr'><strong>sua</strong></span> <span class='ocrx_word' id='word_1_431' title='bbox 3169 2863 3494 2933; x_wconf 89' lang='lat' dir='ltr'><strong>apparitione</strong></span> <span class='ocrx_word' id='word_1_432' title='bbox 3531 2860 3751 2923; x_wconf 80' lang='lat' dir='ltr'><strong>adfuisset,</strong></span> 
     </span>
    </p>
   </div>
   <div class='ocr_carea' id='block_1_59' title="bbox 2255 2951 3754 3028">
    <p class='ocr_par' dir='ltr' id='par_1_59' title="bbox 2255 2951 3754 3028">
     <span class='ocr_line' id='line_1_59' title="bbox 2255 2951 3754 3028; baseline -0.006 -16"><span class='ocrx_word' id='word_1_433' title='bbox 2255 2956 2555 3028; x_wconf 91' lang='lat' dir='ltr'><strong>periculum</strong></span> <span class='ocrx_word' id='word_1_434' title='bbox 2603 2967 2720 3011; x_wconf 91' lang='lat' dir='ltr'><strong>erat</strong></span> <span class='ocrx_word' id='word_1_435' title='bbox 2770 2970 2836 3009; x_wconf 92' lang='lat' dir='ltr'><strong>ne</strong></span> <span class='ocrx_word' id='word_1_436' title='bbox 2885 2953 3245 3012; x_wconf 88' lang='lat' dir='ltr'><strong>Collationem</strong></span> <span class='ocrx_word' id='word_1_437' title='bbox 3296 2956 3586 3019; x_wconf 72' lang='lat' dir='ltr'><strong>efficerent,</strong></span> <span class='ocrx_word' id='word_1_438' title='bbox 3631 2951 3754 3023; x_wconf 77' lang='lat' dir='ltr'><strong>qualis</strong></span> 
     </span>
    </p>
   </div>
   <div class='ocr_carea' id='block_1_60' title="bbox 2256 3045 3756 3121">
    <p class='ocr_par' dir='ltr' id='par_1_60' title="bbox 2256 3045 3756 3121">
     <span class='ocr_line' id='line_1_60' title="bbox 2256 3045 3756 3121; baseline -0.005 -16"><span class='ocrx_word' id='word_1_439' title='bbox 2256 3052 2413 3121; x_wconf 88' lang='lat' dir='ltr'><strong>paulo</strong></span> <span class='ocrx_word' id='word_1_440' title='bbox 2441 3058 2560 3119; x_wconf 87' lang='lat' dir='ltr'><strong>post</strong></span> <span class='ocrx_word' id='word_1_441' title='bbox 2590 3057 2815 3104; x_wconf 78' lang='lat' dir='ltr'><strong>inertem</strong></span> <span class='ocrx_word' id='word_1_442' title='bbox 2845 3047 3126 3118; x_wconf 84' lang='lat' dir='ltr'><strong>Augustini</strong></span> <span class='ocrx_word' id='word_1_443' title='bbox 3154 3048 3248 3103; x_wconf 87' lang='lat' dir='ltr'><strong>luit</strong></span> <span class='ocrx_word' id='word_1_444' title='bbox 3276 3048 3524 3116; x_wconf 78' lang='lat' dir='ltr'><strong>Ephesius</strong></span> <span class='ocrx_word' id='word_1_445' title='bbox 3551 3045 3756 3103; x_wconf 80' lang='lat' dir='ltr'><strong>illaturio-</strong></span> 
     </span>
    </p>
   </div>
   <div class='ocr_carea' id='block_1_61' title="bbox 2253 3138 3751 3216">
    <p class='ocr_par' dir='ltr' id='par_1_61' title="bbox 2253 3138 3751 3216">
     <span class='ocr_line' id='line_1_61' title="bbox 2253 3138 3751 3216; baseline -0.007 -16"><span class='ocrx_word' id='word_1_446' title='bbox 2253 3161 2310 3200; x_wconf 91' lang='lat' dir='ltr'><strong>sa</strong></span> <span class='ocrx_word' id='word_1_447' title='bbox 2356 3142 2614 3216; x_wconf 88' lang='lat' dir='ltr'><strong>synodus,</strong></span> <span class='ocrx_word' id='word_1_448' title='bbox 2659 3158 2777 3212; x_wconf 89' lang='lat' dir='ltr'><strong>quae</strong></span> <span class='ocrx_word' id='word_1_449' title='bbox 2813 3142 3056 3216; x_wconf 74' lang='grc' dir='ltr'><strong>λῃστρικὴ</strong></span> <span class='ocrx_word' id='word_1_450' title='bbox 3084 3143 3351 3214; x_wconf 81' lang='lat' dir='ltr'><strong>appellata</strong></span> <span class='ocrx_word' id='word_1_451' title='bbox 3374 3142 3482 3197; x_wconf 80' lang='lat' dir='ltr'><strong>fuit.</strong></span> <span class='ocrx_word' id='word_1_452' title='bbox 3518 3138 3649 3196; x_wconf 87' lang='lat' dir='ltr'><strong>Certe</strong></span> <span class='ocrx_word' id='word_1_453' title='bbox 3679 3151 3751 3192; x_wconf 81' lang='lat' dir='ltr'><strong>non</strong></span> 
     </span>
    </p>
   </div>
   <div class='ocr_carea' id='block_1_62' title="bbox 547 3230 3753 3316">
    <p class='ocr_par' dir='ltr' id='par_1_62' title="bbox 547 3230 3753 3316">
     <span class='ocr_line' id='line_1_62' title="bbox 547 3230 3753 3316; baseline -0.003 -17"><span class='ocrx_word' id='word_1_454' title='bbox 547 3245 666 3316; x_wconf 89' lang='lat' dir='ltr'><strong>ipse</strong></span> <span class='ocrx_word' id='word_1_455' title='bbox 697 3242 1024 3313; x_wconf 80' lang='lat' dir='ltr'><strong>Augustinus</strong></span> <span class='ocrx_word' id='word_1_456' title='bbox 1053 3239 1252 3293; x_wconf 89' lang='lat' dir='ltr'><strong>iudicat</strong></span> <span class='ocrx_word' id='word_1_457' title='bbox 1285 3239 1376 3292; x_wconf 92' lang='lat' dir='ltr'><strong>lib.</strong></span> <span class='ocrx_word' id='word_1_458' title='bbox 1417 3253 1475 3293; x_wconf 86' lang='grc' dir='ltr'><strong>ιιι</strong></span> <span class='ocrx_word' id='word_1_459' title='bbox 1506 3246 1688 3291; x_wconf 88' lang='lat' dir='ltr'><strong>contra</strong></span> <span class='ocrx_word' id='word_1_460' title='bbox 1720 3237 2013 3294; x_wconf 79' lang='lat' dir='ltr'><strong>lulianum.</strong></span> <span class='ocrx_word' id='word_1_461' title='bbox 2051 3239 2149 3293; x_wconf 79' lang='lat' dir='ltr'><strong>Pe—</strong></span> <span class='ocrx_word' id='word_1_462' title='bbox 2173 3247 2219 3312; x_wconf 72' lang='grc' dir='ltr'>ρ</span> <span class='ocrx_word' id='word_1_463' title='bbox 2254 3238 2596 3302; x_wconf 83' lang='lat' dir='ltr'><strong>dubitassent</strong></span> <span class='ocrx_word' id='word_1_464' title='bbox 2641 3237 2996 3306; x_wconf 81' lang='lat' dir='ltr'><strong>AuguSIinum</strong></span> <span class='ocrx_word' id='word_1_465' title='bbox 3045 3246 3297 3301; x_wconf 82' lang='lat' dir='ltr'><strong>tractare,</strong></span> <span class='ocrx_word' id='word_1_466' title='bbox 3337 3245 3392 3292; x_wconf 90' lang='lat' dir='ltr'><strong>ut</strong></span> <span class='ocrx_word' id='word_1_467' title='bbox 3432 3235 3478 3294; x_wconf 90' lang='lat' dir='ltr'><strong>in</strong></span> <span class='ocrx_word' id='word_1_468' title='bbox 3514 3249 3568 3290; x_wconf 91' lang='lat' dir='ltr'><strong>ea</strong></span> <span class='ocrx_word' id='word_1_469' title='bbox 3603 3230 3753 3304; x_wconf 79' lang='lat' dir='ltr'><strong>synodo</strong></span> 
     </span>
    </p>
   </div>
   <div class='ocr_carea' id='block_1_63' title="bbox 547 3332 2148 3411">
    <p class='ocr_par' dir='ltr' id='par_1_63' title="bbox 547 3332 2148 3411">
     <span class='ocr_line' id='line_1_63' title="bbox 547 3332 2148 3411; baseline -0.005 -17"><span class='ocrx_word' id='word_1_470' title='bbox 547 3341 745 3411; x_wconf 84' lang='lat' dir='ltr'><strong>lagiani</strong></span> <span class='ocrx_word' id='word_1_471' title='bbox 778 3346 896 3408; x_wconf 81' lang='lat' dir='ltr'><strong>post</strong></span> <span class='ocrx_word' id='word_1_472' title='bbox 922 3335 1298 3406; x_wconf 79' lang='lat' dir='ltr'><strong>episcOporum</strong></span> <span class='ocrx_word' id='word_1_473' title='bbox 1331 3332 1561 3391; x_wconf 85' lang='lat' dir='ltr'><strong>concilia</strong></span> <span class='ocrx_word' id='word_1_474' title='bbox 1592 3333 1940 3402; x_wconf 84' lang='lat' dir='ltr'><strong>provincialia</strong></span> <span class='ocrx_word' id='word_1_475' title='bbox 1962 3376 1976 3400; x_wconf 92' lang='lat'><strong>,</strong></span> <span class='ocrx_word' id='word_1_476' title='bbox 2021 3350 2148 3405; x_wconf 86' lang='lat' dir='ltr'><strong>pro-</strong></span> 
     </span>
    </p>
   </div>
   <div class='ocr_carea' id='block_1_64' title="bbox 548 3426 2145 3498">
    <p class='ocr_par' dir='ltr' id='par_1_64' title="bbox 548 3426 2145 3498">
     <span class='ocr_line' id='line_1_64' title="bbox 548 3426 2145 3498; baseline -0.003 -13"><span class='ocrx_word' id='word_1_477' title='bbox 548 3432 814 3486; x_wconf 80' lang='lat' dir='ltr'><strong>vocabunt</strong></span> <span class='ocrx_word' id='word_1_478' title='bbox 844 3429 910 3484; x_wconf 91' lang='lat' dir='ltr'><strong>ad</strong></span> <span class='ocrx_word' id='word_1_479' title='bbox 941 3427 1124 3483; x_wconf 89' lang='lat' dir='ltr'><strong>nescio</strong></span> <span class='ocrx_word' id='word_1_480' title='bbox 1151 3442 1310 3496; x_wconf 90' lang='lat' dir='ltr'><strong>quam</strong></span> <span class='ocrx_word' id='word_1_481' title='bbox 1352 3426 1371 3498; x_wconf 95' lang='lat'><strong>(</strong></span> <span class='ocrx_word' id='word_1_482' title='bbox 1396 3435 1454 3483; x_wconf 91' lang='lat' dir='ltr'><strong>ut</strong></span> <span class='ocrx_word' id='word_1_483' title='bbox 1483 3426 1714 3495; x_wconf 83' lang='lat' dir='ltr'><strong>vocant)</strong></span> <span class='ocrx_word' id='word_1_484' title='bbox 1754 3428 2145 3486; x_wconf 74' lang='lat' dir='ltr'><strong>metttnenicatn</strong></span> 
     </span>
    </p>
   </div>
   <div class='ocr_carea' id='block_1_65' title="bbox 548 3521 2148 3599">
    <p class='ocr_par' dir='ltr' id='par_1_65' title="bbox 548 3521 2148 3599">
     <span class='ocr_line' id='line_1_65' title="bbox 548 3521 2148 3599; baseline -0.005 -16"><span class='ocrx_word' id='word_1_485' title='bbox 548 3527 840 3599; x_wconf 86' lang='lat' dir='ltr'><strong>synodum,</strong></span> <span class='ocrx_word' id='word_1_486' title='bbox 872 3536 927 3580; x_wconf 90' lang='lat' dir='ltr'><strong>et</strong></span> <span class='ocrx_word' id='word_1_487' title='bbox 953 3525 1020 3577; x_wconf 90' lang='lat' dir='ltr'><strong>ab</strong></span> <span class='ocrx_word' id='word_1_488' title='bbox 1043 3523 1371 3592; x_wconf 87' lang='lat' dir='ltr'><strong>imperatore</strong></span> <span class='ocrx_word' id='word_1_489' title='bbox 1399 3521 1605 3576; x_wconf 85' lang='lat' dir='ltr'><strong>litteras</strong></span> <span class='ocrx_word' id='word_1_490' title='bbox 1635 3536 1700 3574; x_wconf 87' lang='lat' dir='ltr'><strong>eo</strong></span> <span class='ocrx_word' id='word_1_491' title='bbox 1731 3521 1952 3575; x_wconf 89' lang='lat' dir='ltr'><strong>nomine</strong></span> <span class='ocrx_word' id='word_1_492' title='bbox 1978 3523 2148 3590; x_wconf 87' lang='lat' dir='ltr'><strong>impc-</strong></span> 
     </span>
    </p>
   </div>
   <div class='ocr_carea' id='block_1_66' title="bbox 553 3615 2144 3684">
    <p class='ocr_par' dir='ltr' id='par_1_66' title="bbox 553 3615 2144 3684">
     <span class='ocr_line' id='line_1_66' title="bbox 553 3615 2144 3684; baseline -0.003 -10"><span class='ocrx_word' id='word_1_493' title='bbox 553 3630 780 3676; x_wconf 84' lang='lat' dir='ltr'><strong>trarant.</strong></span> <span class='ocrx_word' id='word_1_494' title='bbox 819 3618 1084 3672; x_wconf 84' lang='lat' dir='ltr'><strong>Catholici</strong></span> <span class='ocrx_word' id='word_1_495' title='bbox 1115 3617 1166 3672; x_wconf 90' lang='lat' dir='ltr'><strong>id</strong></span> <span class='ocrx_word' id='word_1_496' title='bbox 1199 3628 1497 3682; x_wconf 82' lang='lat' dir='ltr'><strong>recusant,</strong></span> <span class='ocrx_word' id='word_1_497' title='bbox 1541 3631 1661 3669; x_wconf 92' lang='lat' dir='ltr'><strong>cum</strong></span> <span class='ocrx_word' id='word_1_498' title='bbox 1695 3615 2065 3684; x_wconf 83' lang='lat' dir='ltr'><strong>intelligerent</strong></span> <span class='ocrx_word' id='word_1_499' title='bbox 2093 3616 2144 3670; x_wconf 87' lang='lat' dir='ltr'><strong>id</strong></span> 
     </span>
    </p>
   </div>
   <div class='ocr_carea' id='block_1_67' title="bbox 552 3708 2147 3784">
    <p class='ocr_par' dir='ltr' id='par_1_67' title="bbox 552 3708 2147 3784">
     <span class='ocr_line' id='line_1_67' title="bbox 552 3708 2147 3784; baseline -0.003 -16"><span class='ocrx_word' id='word_1_500' title='bbox 552 3714 658 3784; x_wconf 88' lang='lat' dir='ltr'><strong>peti</strong></span> <span class='ocrx_word' id='word_1_501' title='bbox 689 3728 796 3767; x_wconf 89' lang='lat' dir='ltr'><strong>non</strong></span> <span class='ocrx_word' id='word_1_502' title='bbox 830 3713 1007 3766; x_wconf 89' lang='lat' dir='ltr'><strong>minus</strong></span> <span class='ocrx_word' id='word_1_503' title='bbox 1039 3710 1303 3765; x_wconf 88' lang='lat' dir='ltr'><strong>insidiose</strong></span> <span class='ocrx_word' id='word_1_504' title='bbox 1332 3725 1493 3781; x_wconf 87' lang='lat' dir='ltr'><strong>quam</strong></span> <span class='ocrx_word' id='word_1_505' title='bbox 1524 3708 1829 3765; x_wconf 89' lang='lat' dir='ltr'><strong>ambitiose.</strong></span> <span class='ocrx_word' id='word_1_506' title='bbox 1871 3709 2147 3780; x_wconf 87' lang='lat' dir='ltr'><strong>Pelagiani</strong></span> 
     </span>
    </p>
   </div>
   <div class='ocr_carea' id='block_1_68' title="bbox 547 3801 2147 3875">
    <p class='ocr_par' dir='ltr' id='par_1_68' title="bbox 547 3801 2147 3875">
     <span class='ocr_line' id='line_1_68' title="bbox 547 3801 2147 3875; baseline -0.002 -15"><span class='ocrx_word' id='word_1_507' title='bbox 547 3804 877 3875; x_wconf 87' lang='lat' dir='ltr'><strong>objiciebant</strong></span> <span class='ocrx_word' id='word_1_508' title='bbox 916 3803 1225 3870; x_wconf 83' lang='lat' dir='ltr'><strong>exemplum</strong></span> <span class='ocrx_word' id='word_1_509' title='bbox 1252 3843 1267 3866; x_wconf 89' lang='lat'><strong>,</strong></span> <span class='ocrx_word' id='word_1_510' title='bbox 1298 3801 1366 3858; x_wconf 91' lang='lat' dir='ltr'><strong>de</strong></span> <span class='ocrx_word' id='word_1_511' title='bbox 1393 3817 1501 3871; x_wconf 90' lang='lat' dir='ltr'><strong>quo</strong></span> <span class='ocrx_word' id='word_1_512' title='bbox 1536 3801 1768 3872; x_wconf 90' lang='lat' dir='ltr'><strong>agimus.</strong></span> <span class='ocrx_word' id='word_1_513' title='bbox 1813 3802 2147 3871; x_wconf 78' lang='lat' dir='ltr'><strong>Augustinus</strong></span> 
     </span>
    </p>
   </div>
   <div class='ocr_carea' id='block_1_69' title="bbox 548 3891 2148 3966">
    <p class='ocr_par' dir='ltr' id='par_1_69' title="bbox 548 3891 2148 3966">
     <span class='ocr_line' id='line_1_69' title="bbox 548 3891 2148 3966; baseline -0.004 -13"><span class='ocrx_word' id='word_1_514' title='bbox 548 3899 613 3953; x_wconf 93' lang='lat' dir='ltr'><strong>iis</strong></span> <span class='ocrx_word' id='word_1_515' title='bbox 635 3895 974 3966; x_wconf 81' lang='lat' dir='ltr'><strong>respondens</strong></span> <span class='ocrx_word' id='word_1_516' title='bbox 1001 3912 1014 3948; x_wconf 91' lang='lat'><strong>:</strong></span> <span class='ocrx_word' id='word_1_517' title='bbox 1043 3891 1154 3948; x_wconf 81' lang='lat' dir='ltr'><strong>Nec</strong></span> <span class='ocrx_word' id='word_1_518' title='bbox 1181 3909 1322 3958; x_wconf 81' lang='lat' dir='ltr'><strong>vero,</strong></span> <span class='ocrx_word' id='word_1_519' title='bbox 1347 3893 1542 3964; x_wconf 89' lang='lat' dir='ltr'><strong>inquit,</strong></span> <span class='ocrx_word' id='word_1_520' title='bbox 1570 3909 1658 3947; x_wconf 83' lang='lat' dir='ltr'><strong>uos</strong></span> <span class='ocrx_word' id='word_1_521' title='bbox 1685 3903 1731 3948; x_wconf 89' lang='lat' dir='ltr'><strong>et</strong></span> <span class='ocrx_word' id='word_1_522' title='bbox 1757 3893 1889 3948; x_wconf 88' lang='lat' dir='ltr'><strong>alios</strong></span> <span class='ocrx_word' id='word_1_523' title='bbox 1917 3894 2148 3961; x_wconf 82' lang='lat' dir='ltr'><strong>decipia-</strong></span> 
     </span>
    </p>
   </div>
   <div class='ocr_carea' id='block_1_70' title="bbox 546 3987 2147 4056">
    <p class='ocr_par' dir='ltr' id='par_1_70' title="bbox 546 3987 2147 4056">
     <span class='ocr_line' id='line_1_70' title="bbox 546 3987 2147 4056; baseline -0.002 -12"><span class='ocrx_word' id='word_1_524' title='bbox 546 3992 636 4056; x_wconf 88' lang='lat' dir='ltr'><strong>tis,</strong></span> <span class='ocrx_word' id='word_1_525' title='bbox 677 3990 813 4044; x_wconf 85' lang='lat' dir='ltr'><strong>velut</strong></span> <span class='ocrx_word' id='word_1_526' title='bbox 841 3989 996 4043; x_wconf 75' lang='lat' dir='ltr'><strong>talem</strong></span> <span class='ocrx_word' id='word_1_527' title='bbox 1021 4003 1194 4042; x_wconf 82' lang='lat' dir='ltr'><strong>vocem</strong></span> <span class='ocrx_word' id='word_1_528' title='bbox 1225 3987 1467 4042; x_wconf 78' lang='lat' dir='ltr'><strong>habentes</strong></span> <span class='ocrx_word' id='word_1_529' title='bbox 1495 3987 1738 4042; x_wconf 81' lang='lat' dir='ltr'><strong>adversus</strong></span> <span class='ocrx_word' id='word_1_530' title='bbox 1775 4004 1867 4050; x_wconf 82' lang='lat' dir='ltr'><strong>nos</strong></span> <span class='ocrx_word' id='word_1_531' title='bbox 1892 4027 1907 4052; x_wconf 92' lang='lat'><strong>,</strong></span> <span class='ocrx_word' id='word_1_532' title='bbox 1941 3991 2147 4056; x_wconf 88' lang='lat' dir='ltr'><strong>qualem</strong></span> 
     </span>
    </p>
   </div>
   <div class='ocr_carea' id='block_1_71' title="bbox 544 4079 2147 4149">
    <p class='ocr_par' dir='ltr' id='par_1_71' title="bbox 544 4079 2147 4149">
     <span class='ocr_line' id='line_1_71' title="bbox 544 4079 2147 4149; baseline -0.001 -11"><span class='ocrx_word' id='word_1_533' title='bbox 544 4100 639 4138; x_wconf 85' lang='lat' dir='ltr'><strong>nos</strong></span> <span class='ocrx_word' id='word_1_534' title='bbox 669 4084 913 4142; x_wconf 76' lang='lat' dir='ltr'><strong>adversus</strong></span> <span class='ocrx_word' id='word_1_535' title='bbox 936 4081 1255 4145; x_wconf 87' lang='lat' dir='ltr'><strong>Donatistas,</strong></span> <span class='ocrx_word' id='word_1_536' title='bbox 1283 4097 1409 4149; x_wconf 87' lang='lat' dir='ltr'><strong>quos</strong></span> <span class='ocrx_word' id='word_1_537' title='bbox 1430 4081 1497 4134; x_wconf 86' lang='lat' dir='ltr'><strong>ad</strong></span> <span class='ocrx_word' id='word_1_538' title='bbox 1523 4079 1861 4135; x_wconf 85' lang='lat' dir='ltr'><strong>Collatiouem</strong></span> <span class='ocrx_word' id='word_1_539' title='bbox 1884 4081 2147 4136; x_wconf 79' lang='lat' dir='ltr'><strong>nobiscum</strong></span> 
     </span>
    </p>
   </div>
   <div class='ocr_carea' id='block_1_72' title="bbox 545 4172 2147 4248">
    <p class='ocr_par' dir='ltr' id='par_1_72' title="bbox 545 4172 2147 4248">
     <span class='ocr_line' id='line_1_72' title="bbox 545 4172 2147 4248; baseline -0.002 -17"><span class='ocrx_word' id='word_1_540' title='bbox 545 4179 716 4231; x_wconf 77' lang='lat' dir='ltr'><strong>venire</strong></span> <span class='ocrx_word' id='word_1_541' title='bbox 748 4193 839 4248; x_wconf 81' lang='lat' dir='ltr'><strong>per</strong></span> <span class='ocrx_word' id='word_1_542' title='bbox 873 4175 1162 4243; x_wconf 84' lang='lat' dir='ltr'><strong>imperialia</strong></span> <span class='ocrx_word' id='word_1_543' title='bbox 1182 4175 1333 4242; x_wconf 83' lang='lat' dir='ltr'><strong>jussu</strong></span> <span class='ocrx_word' id='word_1_544' title='bbox 1359 4174 1722 4242; x_wconf 83' lang='lat' dir='ltr'><strong>compulimus.</strong></span> <span class='ocrx_word' id='word_1_545' title='bbox 1752 4172 1980 4227; x_wconf 80' lang='lat' dir='ltr'><strong>Illorum</strong></span> <span class='ocrx_word' id='word_1_546' title='bbox 2010 4176 2147 4228; x_wconf 78' lang='lat' dir='ltr'><strong>enim</strong></span> 
     </span>
    </p>
   </div>
   <div class='ocr_carea' id='block_1_73' title="bbox 549 4267 2146 4340">
    <p class='ocr_par' dir='ltr' id='par_1_73' title="bbox 549 4267 2146 4340">
     <span class='ocr_line' id='line_1_73' title="bbox 549 4267 2146 4340; baseline -0.001 -15"><span class='ocrx_word' id='word_1_547' title='bbox 549 4272 698 4340; x_wconf 79' lang='lat' dir='ltr'><strong>furor</strong></span> <span class='ocrx_word' id='word_1_548' title='bbox 723 4278 1060 4339; x_wconf 78' lang='lat' dir='ltr'><strong>occupaverat</strong></span> <span class='ocrx_word' id='word_1_549' title='bbox 1088 4268 1317 4335; x_wconf 72' lang='lat' dir='ltr'><strong>Africam</strong></span> <span class='ocrx_word' id='word_1_550' title='bbox 1345 4277 1530 4332; x_wconf 90' lang='lat' dir='ltr'><strong>totam,</strong></span> <span class='ocrx_word' id='word_1_551' title='bbox 1569 4283 1658 4321; x_wconf 86' lang='lat' dir='ltr'><strong>nec</strong></span> <span class='ocrx_word' id='word_1_552' title='bbox 1681 4267 1960 4338; x_wconf 68' lang='lat' dir='ltr'><strong>pradicari</strong></span> <span class='ocrx_word' id='word_1_553' title='bbox 1986 4286 2017 4321; x_wconf 91' lang='lat' dir='ltr'><strong>a</strong></span> <span class='ocrx_word' id='word_1_554' title='bbox 2047 4268 2146 4324; x_wconf 83' lang='lat' dir='ltr'><strong>Oa-</strong></span> 
     </span>
    </p>
   </div>
   <div class='ocr_carea' id='block_1_74' title="bbox 546 4359 2148 4430">
    <p class='ocr_par' dir='ltr' id='par_1_74' title="bbox 546 4359 2148 4430">
     <span class='ocr_line' id='line_1_74' title="bbox 546 4359 2148 4430; baseline 0.001 -13"><span class='ocrx_word' id='word_1_555' title='bbox 546 4363 754 4417; x_wconf 77' lang='lat' dir='ltr'><strong>tholicis</strong></span> <span class='ocrx_word' id='word_1_556' title='bbox 774 4363 1035 4415; x_wconf 78' lang='lat' dir='ltr'><strong>veritatem</strong></span> <span class='ocrx_word' id='word_1_557' title='bbox 1059 4371 1240 4414; x_wconf 86' lang='lat' dir='ltr'><strong>contra</strong></span> <span class='ocrx_word' id='word_1_558' title='bbox 1259 4376 1409 4414; x_wconf 88' lang='lat' dir='ltr'><strong>suum</strong></span> <span class='ocrx_word' id='word_1_559' title='bbox 1433 4359 1756 4430; x_wconf 81' lang='lat' dir='ltr'><strong>patiebantur</strong></span> <span class='ocrx_word' id='word_1_560' title='bbox 1785 4377 2008 4416; x_wconf 83' lang='lat' dir='ltr'><strong>errorem</strong></span> <span class='ocrx_word' id='word_1_561' title='bbox 2038 4364 2148 4418; x_wconf 81' lang='lat' dir='ltr'><strong>rio-</strong></span> 
     </span>
    </p>
   </div>
   <div class='ocr_carea' id='block_1_75' title="bbox 546 4453 2147 4528">
    <p class='ocr_par' dir='ltr' id='par_1_75' title="bbox 546 4453 2147 4528">
     <span class='ocr_line' id='line_1_75' title="bbox 546 4453 2147 4528; baseline 0.001 -17"><span class='ocrx_word' id='word_1_562' title='bbox 546 4454 698 4512; x_wconf 82' lang='lat' dir='ltr'><strong>lentis</strong></span> <span class='ocrx_word' id='word_1_563' title='bbox 723 4453 1156 4527; x_wconf 79' lang='lat' dir='ltr'><strong>aggressionibus,</strong></span> <span class='ocrx_word' id='word_1_564' title='bbox 1197 4453 1501 4516; x_wconf 84' lang='lat' dir='ltr'><strong>latrociniis,</strong></span> <span class='ocrx_word' id='word_1_565' title='bbox 1539 4455 1762 4523; x_wconf 77' lang='lat' dir='ltr'><strong>rapinis,</strong></span> <span class='ocrx_word' id='word_1_566' title='bbox 1798 4455 2023 4528; x_wconf 86' lang='lat' dir='ltr'><strong>ignibus,</strong></span> <span class='ocrx_word' id='word_1_567' title='bbox 2049 4473 2147 4512; x_wconf 71' lang='lat' dir='ltr'><strong>cte-</strong></span> 
     </span>
    </p>
   </div>
   <div class='ocr_carea' id='block_1_76' title="bbox 545 4546 2146 4622">
    <p class='ocr_par' dir='ltr' id='par_1_76' title="bbox 545 4546 2146 4622">
     <span class='ocr_line' id='line_1_76' title="bbox 545 4546 2146 4622; baseline 0.003 -19"><span class='ocrx_word' id='word_1_568' title='bbox 545 4546 717 4616; x_wconf 78' lang='lat' dir='ltr'><strong>dibus,</strong></span> <span class='ocrx_word' id='word_1_569' title='bbox 757 4547 919 4602; x_wconf 83' lang='lat' dir='ltr'><strong>multa</strong></span> <span class='ocrx_word' id='word_1_570' title='bbox 955 4556 1230 4614; x_wconf 74' lang='lat' dir='ltr'><strong>vastantes,</strong></span> <span class='ocrx_word' id='word_1_571' title='bbox 1275 4557 1463 4602; x_wconf 86' lang='lat' dir='ltr'><strong>cuncta</strong></span> <span class='ocrx_word' id='word_1_572' title='bbox 1501 4556 1762 4603; x_wconf 86' lang='lat' dir='ltr'><strong>terrentes.</strong></span> <span class='ocrx_word' id='word_1_573' title='bbox 1804 4547 1930 4603; x_wconf 88' lang='lat' dir='ltr'><strong>Cum</strong></span> <span class='ocrx_word' id='word_1_574' title='bbox 1961 4550 2146 4622; x_wconf 80' lang='lat' dir='ltr'><strong>quibus</strong></span> 
     </span>
    </p>
   </div>
   <div class='ocr_carea' id='block_1_77' title="bbox 2255 3322 3752 3396">
    <p class='ocr_par' dir='ltr' id='par_1_77' title="bbox 2255 3322 3752 3396">
     <span class='ocr_line' id='line_1_77' title="bbox 2255 3322 3752 3396; baseline -0.007 -10"><span class='ocrx_word' id='word_1_575' title='bbox 2255 3331 2572 3386; x_wconf 83' lang='lat' dir='ltr'><strong>Flavianum</strong></span> <span class='ocrx_word' id='word_1_576' title='bbox 2603 3336 2908 3384; x_wconf 88' lang='lat' dir='ltr'><strong>tractarunt</strong></span> <span class='ocrx_word' id='word_1_577' title='bbox 2936 3327 3266 3386; x_wconf 86' lang='lat' dir='ltr'><strong>Nestoriaui.</strong></span> <span class='ocrx_word' id='word_1_578' title='bbox 3295 3327 3426 3396; x_wconf 79' lang='lat' dir='ltr'><strong>Quid</strong></span> <span class='ocrx_word' id='word_1_579' title='bbox 3449 3325 3604 3382; x_wconf 82' lang='lat' dir='ltr'><strong>enim?</strong></span> <span class='ocrx_word' id='word_1_580' title='bbox 3629 3322 3752 3378; x_wconf 83' lang='lat' dir='ltr'><strong>Possi-</strong></span> 
     </span>
    </p>
   </div>
   <div class='ocr_carea' id='block_1_78' title="bbox 2227 3419 3752 3494">
    <p class='ocr_par' dir='ltr' id='par_1_78' title="bbox 2227 3419 3752 3494">
     <span class='ocr_line' id='line_1_78' title="bbox 2227 3419 3752 3494; baseline -0.007 -13"><span class='ocrx_word' id='word_1_581' title='bbox 2227 3432 2231 3436; x_wconf 88' lang='grc'><em>’</em></span> <span class='ocrx_word' id='word_1_582' title='bbox 2255 3419 2400 3491; x_wconf 83' lang='lat' dir='ltr'><strong>dius,</strong></span> <span class='ocrx_word' id='word_1_583' title='bbox 2425 3427 2602 3482; x_wconf 90' lang='lat' dir='ltr'><strong>bonus</strong></span> <span class='ocrx_word' id='word_1_584' title='bbox 2629 3423 2892 3494; x_wconf 88' lang='lat' dir='ltr'><strong>imprimis</strong></span> <span class='ocrx_word' id='word_1_585' title='bbox 2921 3433 3129 3486; x_wconf 88' lang='lat' dir='ltr'><strong>auctor,</strong></span> <span class='ocrx_word' id='word_1_586' title='bbox 3159 3430 3344 3478; x_wconf 88' lang='lat' dir='ltr'><strong>narrat</strong></span> <span class='ocrx_word' id='word_1_587' title='bbox 3370 3422 3752 3484; x_wconf 85' lang='lat' dir='ltr'><strong>Donatistas,cum</strong></span> 
     </span>
    </p>
   </div>
   <div class='ocr_carea' id='block_1_79' title="bbox 2254 3512 3754 3590">
    <p class='ocr_par' dir='ltr' id='par_1_79' title="bbox 2254 3512 3754 3590">
     <span class='ocr_line' id='line_1_79' title="bbox 2254 3512 3754 3590; baseline -0.007 -15"><span class='ocrx_word' id='word_1_588' title='bbox 2254 3523 2320 3576; x_wconf 90' lang='lat' dir='ltr'><strong>ad</strong></span> <span class='ocrx_word' id='word_1_589' title='bbox 2350 3523 2682 3578; x_wconf 88' lang='lat' dir='ltr'><strong>moderatam</strong></span> <span class='ocrx_word' id='word_1_590' title='bbox 2710 3520 3128 3590; x_wconf 86' lang='lat' dir='ltr'><strong>disputationem</strong></span> <span class='ocrx_word' id='word_1_591' title='bbox 3162 3528 3584 3589; x_wconf 88' lang='lat' dir='ltr'><strong>provocarentur,</strong></span> <span class='ocrx_word' id='word_1_592' title='bbox 3611 3512 3754 3568; x_wconf 79' lang='lat' dir='ltr'><strong>furiose</strong></span> 
     </span>
    </p>
   </div>
   <div class='ocr_carea' id='block_1_80' title="bbox 2253 3602 3755 3685">
    <p class='ocr_par' dir='ltr' id='par_1_80' title="bbox 2253 3602 3755 3685">
     <span class='ocr_line' id='line_1_80' title="bbox 2253 3602 3755 3685; baseline -0.009 -14"><span class='ocrx_word' id='word_1_593' title='bbox 2253 3618 2586 3672; x_wconf 74' lang='lat' dir='ltr'><strong>exclamasse</strong></span> <span class='ocrx_word' id='word_1_594' title='bbox 2617 3615 2973 3685; x_wconf 75' lang='lat' dir='ltr'><strong>Augustinum</strong></span> <span class='ocrx_word' id='word_1_595' title='bbox 3007 3624 3283 3684; x_wconf 90' lang='lat' dir='ltr'><strong>tamquam</strong></span> <span class='ocrx_word' id='word_1_596' title='bbox 3315 3613 3488 3682; x_wconf 91' lang='lat' dir='ltr'><strong>lupum</strong></span> <span class='ocrx_word' id='word_1_597' title='bbox 3509 3623 3611 3666; x_wconf 87' lang='lat' dir='ltr'><strong>esse</strong></span> <span class='ocrx_word' id='word_1_598' title='bbox 3627 3602 3755 3672; x_wconf 80' lang='lat' dir='ltr'><strong>oppri-</strong></span> 
     </span>
    </p>
   </div>
   <div class='ocr_carea' id='block_1_81' title="bbox 2254 3698 3754 3777">
    <p class='ocr_par' dir='ltr' id='par_1_81' title="bbox 2254 3698 3754 3777">
     <span class='ocr_line' id='line_1_81' title="bbox 2254 3698 3754 3777; baseline -0.007 -13"><span class='ocrx_word' id='word_1_599' title='bbox 2254 3710 2529 3771; x_wconf 83' lang='lat' dir='ltr'><strong>mendum,</strong></span> <span class='ocrx_word' id='word_1_600' title='bbox 2579 3718 2633 3763; x_wconf 86' lang='lat' dir='ltr'><strong>et</strong></span> <span class='ocrx_word' id='word_1_601' title='bbox 2682 3721 2793 3771; x_wconf 93' lang='lat' dir='ltr'><strong>eos,</strong></span> <span class='ocrx_word' id='word_1_602' title='bbox 2844 3707 2935 3777; x_wconf 85' lang='lat' dir='ltr'><strong>qui</strong></span> <span class='ocrx_word' id='word_1_603' title='bbox 2977 3721 3100 3762; x_wconf 88' lang='lat' dir='ltr'><strong>eum</strong></span> <span class='ocrx_word' id='word_1_604' title='bbox 3160 3705 3525 3767; x_wconf 83' lang='lat' dir='ltr'><strong>trucidassout,</strong></span> <span class='ocrx_word' id='word_1_605' title='bbox 3566 3700 3644 3755; x_wconf 75' lang='lat' dir='ltr'><strong>abs</strong></span> <span class='ocrx_word' id='word_1_606' title='bbox 3681 3698 3754 3749; x_wconf 70' lang='lat'><strong>&quot;60</strong></span> 
     </span>
    </p>
   </div>
   <div class='ocr_carea' id='block_1_82' title="bbox 2254 3789 3754 3870">
    <p class='ocr_par' dir='ltr' id='par_1_82' title="bbox 2254 3789 3754 3870">
     <span class='ocr_line' id='line_1_82' title="bbox 2254 3789 3754 3870; baseline -0.01 -11"><span class='ocrx_word' id='word_1_607' title='bbox 2254 3803 2464 3859; x_wconf 89' lang='lat' dir='ltr'><strong>veniam</strong></span> <span class='ocrx_word' id='word_1_608' title='bbox 2498 3801 2652 3856; x_wconf 80' lang='lat' dir='ltr'><strong>facile</strong></span> <span class='ocrx_word' id='word_1_609' title='bbox 2684 3801 3067 3870; x_wconf 85' lang='lat' dir='ltr'><strong>impetraturos</strong></span> <span class='ocrx_word' id='word_1_610' title='bbox 3091 3814 3238 3854; x_wconf 89' lang='lat' dir='ltr'><strong>esse.</strong></span> <span class='ocrx_word' id='word_1_611' title='bbox 3273 3797 3464 3863; x_wconf 90' lang='lat' dir='ltr'><strong>Credo,</strong></span> <span class='ocrx_word' id='word_1_612' title='bbox 3493 3803 3668 3864; x_wconf 85' lang='lat' dir='ltr'><strong>propter</strong></span> <span class='ocrx_word' id='word_1_613' title='bbox 3690 3789 3754 3839; x_wconf 69' lang='lat' dir='ltr'><strong>has</strong></span> 
     </span>
    </p>
   </div>
   <div class='ocr_carea' id='block_1_83' title="bbox 2252 3887 3753 3953">
    <p class='ocr_par' dir='ltr' id='par_1_83' title="bbox 2252 3887 3753 3953">
     <span class='ocr_line' id='line_1_83' title="bbox 2252 3887 3753 3953; baseline -0.014 0"><span class='ocrx_word' id='word_1_614' title='bbox 2252 3913 2444 3953; x_wconf 88' lang='lat' dir='ltr'><strong>causas</strong></span> <span class='ocrx_word' id='word_1_615' title='bbox 2492 3893 2786 3951; x_wconf 85' lang='lat' dir='ltr'><strong>Honorium</strong></span> <span class='ocrx_word' id='word_1_616' title='bbox 2823 3892 3059 3947; x_wconf 89' lang='lat' dir='ltr'><strong>voluisse</strong></span> <span class='ocrx_word' id='word_1_617' title='bbox 3098 3906 3258 3946; x_wconf 90' lang='lat' dir='ltr'><strong>suum</strong></span> <span class='ocrx_word' id='word_1_618' title='bbox 3311 3887 3631 3946; x_wconf 77' lang='lat' dir='ltr'><strong>Marcellinum</strong></span> <span class='ocrx_word' id='word_1_619' title='bbox 3667 3893 3753 3933; x_wconf 81' lang='lat' dir='ltr'><strong>ctua</strong></span> 
     </span>
    </p>
   </div>
   <div class='ocr_carea' id='block_1_84' title="bbox 2252 3971 3755 4062">
    <p class='ocr_par' dir='ltr' id='par_1_84' title="bbox 2252 3971 3755 4062">
     <span class='ocr_line' id='line_1_84' title="bbox 2252 3971 3755 4062; baseline -0.003 -15"><span class='ocrx_word' id='word_1_620' title='bbox 2252 4003 2458 4048; x_wconf 87' lang='lat' dir='ltr'><strong>armata</strong></span> <span class='ocrx_word' id='word_1_621' title='bbox 2497 3989 2837 4062; x_wconf 89' lang='lat' dir='ltr'><strong>apparitione</strong></span> <span class='ocrx_word' id='word_1_622' title='bbox 2879 3986 3071 4041; x_wconf 83' lang='lat' dir='ltr'><strong>adesse</strong></span> <span class='ocrx_word' id='word_1_623' title='bbox 3115 3985 3244 4042; x_wconf 91' lang='lat' dir='ltr'><strong>huic</strong></span> <span class='ocrx_word' id='word_1_624' title='bbox 3280 3983 3565 4042; x_wconf 85' lang='lat' dir='ltr'><strong>Collatioui.</strong></span> <span class='ocrx_word' id='word_1_625' title='bbox 3597 3971 3755 4042; x_wconf 72' lang='lat' dir='ltr'><strong>Alio‘l&#39;Ii</strong></span> 
     </span>
    </p>
   </div>
   <div class='ocr_carea' id='block_1_85' title="bbox 2251 4071 3752 4154">
    <p class='ocr_par' dir='ltr' id='par_1_85' title="bbox 2251 4071 3752 4154">
     <span class='ocr_line' id='line_1_85' title="bbox 2251 4071 3752 4154; baseline -0.009 -13"><span class='ocrx_word' id='word_1_626' title='bbox 2251 4101 2382 4141; x_wconf 89' lang='lat' dir='ltr'><strong>sane</strong></span> <span class='ocrx_word' id='word_1_627' title='bbox 2397 4085 2655 4139; x_wconf 84' lang='lat' dir='ltr'><strong>voluisset</strong></span> <span class='ocrx_word' id='word_1_628' title='bbox 2669 4082 3000 4154; x_wconf 76' lang='lat' dir='ltr'><strong>Augustinus</strong></span> <span class='ocrx_word' id='word_1_629' title='bbox 3011 4078 3178 4153; x_wconf 59' lang='lat'><strong>35.9</strong></span> <span class='ocrx_word' id='word_1_630' title='bbox 3191 4081 3294 4135; x_wconf 85' lang='lat' dir='ltr'><strong>tale</strong></span> <span class='ocrx_word' id='word_1_631' title='bbox 3311 4077 3585 4150; x_wconf 61' lang='lat' dir='ltr'><strong>praesidiqu</strong></span> <span class='ocrx_word' id='word_1_632' title='bbox 3597 4071 3752 4124; x_wconf 51' lang='lat' dir='ltr'><strong>abesse.</strong></span> 
     </span>
    </p>
   </div>
   <div class='ocr_carea' id='block_1_86' title="bbox 2249 4170 3753 4248">
    <p class='ocr_par' dir='ltr' id='par_1_86' title="bbox 2249 4170 3753 4248">
     <span class='ocr_line' id='line_1_86' title="bbox 2249 4170 3753 4248; baseline -0.009 -14"><span class='ocrx_word' id='word_1_633' title='bbox 2249 4179 2382 4234; x_wconf 82' lang='lat' dir='ltr'><strong>Nam</strong></span> <span class='ocrx_word' id='word_1_634' title='bbox 2427 4187 2482 4233; x_wconf 89' lang='lat' dir='ltr'><strong>et</strong></span> <span class='ocrx_word' id='word_1_635' title='bbox 2518 4177 2572 4232; x_wconf 89' lang='lat' dir='ltr'><strong>in</strong></span> <span class='ocrx_word' id='word_1_636' title='bbox 2623 4177 2782 4248; x_wconf 91' lang='lat' dir='ltr'><strong>epist.</strong></span> <span class='ocrx_word' id='word_1_637' title='bbox 2827 4176 2967 4242; x_wconf 70' lang='lat'><strong>205,</strong></span> <span class='ocrx_word' id='word_1_638' title='bbox 3015 4190 3139 4230; x_wconf 92' lang='lat' dir='ltr'><strong>cum</strong></span> <span class='ocrx_word' id='word_1_639' title='bbox 3211 4174 3504 4229; x_wconf 86' lang='lat' dir='ltr'><strong>Donatistas</strong></span> <span class='ocrx_word' id='word_1_640' title='bbox 3541 4170 3753 4238; x_wconf 78' lang='lat' dir='ltr'><strong>provocat.</strong></span> 
     </span>
    </p>
   </div>
   <div class='ocr_carea' id='block_1_87' title="bbox 2250 4254 3754 4342">
    <p class='ocr_par' dir='ltr' id='par_1_87' title="bbox 2250 4254 3754 4342">
     <span class='ocr_line' id='line_1_87' title="bbox 2250 4254 3754 4342; baseline -0.017 -14"><span class='ocrx_word' id='word_1_641' title='bbox 2250 4270 2502 4338; x_wconf 87' lang='lat' dir='ltr'><strong>Cessabit,</strong></span> <span class='ocrx_word' id='word_1_642' title='bbox 2529 4269 2737 4342; x_wconf 90' lang='lat' dir='ltr'><strong>inquit,</strong></span> <span class='ocrx_word' id='word_1_643' title='bbox 2765 4285 2799 4322; x_wconf 82' lang='grc' dir='ltr'>α</span> <span class='ocrx_word' id='word_1_644' title='bbox 2823 4268 3009 4323; x_wconf 87' lang='lat' dir='ltr'><strong>nostris</strong></span> <span class='ocrx_word' id='word_1_645' title='bbox 3034 4266 3269 4336; x_wconf 86' lang='lat' dir='ltr'><strong>partibus</strong></span> <span class='ocrx_word' id='word_1_646' title='bbox 3292 4267 3440 4322; x_wconf 88' lang='lat' dir='ltr'><strong>timor</strong></span> <span class='ocrx_word' id='word_1_647' title='bbox 3471 4254 3754 4330; x_wconf 77' lang='lat' dir='ltr'><strong>temporalium</strong></span> 
     </span>
    </p>
   </div>
   <div class='ocr_carea' id='block_1_88' title="bbox 2251 4358 3756 4435">
    <p class='ocr_par' dir='ltr' id='par_1_88' title="bbox 2251 4358 3756 4435">
     <span class='ocr_line' id='line_1_88' title="bbox 2251 4358 3756 4435; baseline -0.016 -14"><span class='ocrx_word' id='word_1_648' title='bbox 2251 4373 2589 4435; x_wconf 81' lang='lat' dir='ltr'><strong>potestatum;</strong></span> <span class='ocrx_word' id='word_1_649' title='bbox 2633 4372 2790 4418; x_wconf 84' lang='lat' dir='ltr'><strong>cesset</strong></span> <span class='ocrx_word' id='word_1_650' title='bbox 2818 4362 2974 4416; x_wconf 88' lang='lat' dir='ltr'><strong>etiam</strong></span> <span class='ocrx_word' id='word_1_651' title='bbox 3005 4378 3036 4414; x_wconf 91' lang='lat' dir='ltr'><strong>a</strong></span> <span class='ocrx_word' id='word_1_652' title='bbox 3069 4361 3248 4414; x_wconf 80' lang='lat' dir='ltr'><strong>vestris</strong></span> <span class='ocrx_word' id='word_1_653' title='bbox 3277 4358 3494 4428; x_wconf 86' lang='lat' dir='ltr'><strong>partibus</strong></span> <span class='ocrx_word' id='word_1_654' title='bbox 3519 4366 3652 4408; x_wconf 80' lang='lat' dir='ltr'><strong>terror</strong></span> <span class='ocrx_word' id='word_1_655' title='bbox 3673 4362 3756 4400; x_wconf 78' lang='lat' dir='ltr'><strong>coa-</strong></span> 
     </span>
    </p>
   </div>
   <div class='ocr_carea' id='block_1_89' title="bbox 2251 4444 3756 4530">
    <p class='ocr_par' dir='ltr' id='par_1_89' title="bbox 2251 4444 3756 4530">
     <span class='ocr_line' id='line_1_89' title="bbox 2251 4444 3756 4530; baseline -0.009 -17"><span class='ocrx_word' id='word_1_656' title='bbox 2251 4471 2577 4530; x_wconf 78' lang='lat' dir='ltr'><strong>gregatorum</strong></span> <span class='ocrx_word' id='word_1_657' title='bbox 2625 4456 3126 4512; x_wconf 77' lang='lat' dir='ltr'><strong>Circumcellionum.</strong></span> <span class='ocrx_word' id='word_1_658' title='bbox 3190 4453 3253 4508; x_wconf 87' lang='lat' dir='ltr'><strong>Et</strong></span> <span class='ocrx_word' id='word_1_659' title='bbox 3301 4451 3353 4508; x_wconf 89' lang='lat' dir='ltr'><strong>in</strong></span> <span class='ocrx_word' id='word_1_660' title='bbox 3407 4450 3548 4521; x_wconf 88' lang='lat' dir='ltr'><strong>epist.</strong></span> <span class='ocrx_word' id='word_1_661' title='bbox 3575 4444 3656 4502; x_wconf 78' lang='grc'><strong>175</strong></span> <span class='ocrx_word' id='word_1_662' title='bbox 3673 4453 3756 4510; x_wconf 69' lang='grc' dir='ltr'><strong>[πῖθ’</strong></span> 
     </span>
    </p>
   </div>
   <div class='ocr_carea' id='block_1_90' title="bbox 2251 4536 3756 4620">
    <p class='ocr_par' dir='ltr' id='par_1_90' title="bbox 2251 4536 3756 4620">
     <span class='ocr_line' id='line_1_90' title="bbox 2251 4536 3756 4620; baseline -0.005 -12"><span class='ocrx_word' id='word_1_663' title='bbox 2251 4567 2453 4608; x_wconf 89' lang='lat' dir='ltr'><strong>vocans</strong></span> <span class='ocrx_word' id='word_1_664' title='bbox 2479 4551 2790 4620; x_wconf 87' lang='lat' dir='ltr'><strong>Crispinum</strong></span> <span class='ocrx_word' id='word_1_665' title='bbox 2827 4551 3156 4604; x_wconf 87' lang='lat' dir='ltr'><strong>Douatistam</strong></span> <span class='ocrx_word' id='word_1_666' title='bbox 3185 4549 3250 4604; x_wconf 89' lang='lat' dir='ltr'><strong>ad</strong></span> <span class='ocrx_word' id='word_1_667' title='bbox 3278 4546 3624 4606; x_wconf 86' lang='lat' dir='ltr'><strong>Collationem,</strong></span> <span class='ocrx_word' id='word_1_668' title='bbox 3650 4536 3756 4600; x_wconf 79' lang='grc' dir='ltr'><strong>Μαρ-</strong></span> 
     </span>
    </p>
   </div>
   <div class='ocr_carea' id='block_1_91' title="bbox 552 4632 3756 4716">
    <p class='ocr_par' dir='ltr' id='par_1_91' title="bbox 552 4632 3756 4716">
     <span class='ocr_line' id='line_1_91' title="bbox 552 4632 3756 4716; baseline -0.004 -19"><span class='ocrx_word' id='word_1_669' title='bbox 552 4641 694 4712; x_wconf 86' lang='lat' dir='ltr'><strong>apud</strong></span> <span class='ocrx_word' id='word_1_670' title='bbox 722 4641 1006 4711; x_wconf 78' lang='lat' dir='ltr'><strong>episwpos,</strong></span> <span class='ocrx_word' id='word_1_671' title='bbox 1035 4657 1162 4709; x_wconf 87' lang='lat' dir='ltr'><strong>quos</strong></span> <span class='ocrx_word' id='word_1_672' title='bbox 1192 4656 1488 4694; x_wconf 84' lang='lat' dir='ltr'><strong>communes</strong></span> <span class='ocrx_word' id='word_1_673' title='bbox 1519 4657 1618 4696; x_wconf 86' lang='lat' dir='ltr'><strong>non</strong></span> <span class='ocrx_word' id='word_1_674' title='bbox 1647 4640 1980 4710; x_wconf 74' lang='lat' dir='ltr'><strong>habebamus,</strong></span> <span class='ocrx_word' id='word_1_675' title='bbox 2013 4645 2145 4700; x_wconf 74' lang='lat' dir='ltr'><strong>nihil</strong></span> <span class='ocrx_word' id='word_1_676' title='bbox 2170 4655 2224 4716; x_wconf 80' lang='grc' dir='ltr'><strong>Ι)</strong></span> <span class='ocrx_word' id='word_1_677' title='bbox 2253 4649 2529 4716; x_wconf 84' lang='lat' dir='ltr'><strong>patienses,</strong></span> <span class='ocrx_word' id='word_1_678' title='bbox 2563 4643 2766 4714; x_wconf 88' lang='lat' dir='ltr'><strong>inquit,</strong></span> <span class='ocrx_word' id='word_1_679' title='bbox 2797 4641 2972 4696; x_wconf 83' lang='lat' dir='ltr'><strong>ambas</strong></span> <span class='ocrx_word' id='word_1_680' title='bbox 2997 4659 3086 4695; x_wconf 84' lang='lat' dir='ltr'><strong>nos</strong></span> <span class='ocrx_word' id='word_1_681' title='bbox 3110 4641 3346 4705; x_wconf 84' lang='lat' dir='ltr'><strong>audiant,</strong></span> <span class='ocrx_word' id='word_1_682' title='bbox 3375 4640 3442 4692; x_wconf 87' lang='lat' dir='ltr'><strong>ita</strong></span> <span class='ocrx_word' id='word_1_683' title='bbox 3463 4647 3509 4692; x_wconf 86' lang='lat' dir='ltr'><strong>ut</strong></span> <span class='ocrx_word' id='word_1_684' title='bbox 3537 4632 3756 4689; x_wconf 71' lang='lat' dir='ltr'><strong>scribantur</strong></span> 
     </span>
    </p>
   </div>
   <div class='ocr_carea' id='block_1_92' title="bbox 547 4734 2146 4809">
    <p class='ocr_par' dir='ltr' id='par_1_92' title="bbox 547 4734 2146 4809">
     <span class='ocr_line' id='line_1_92' title="bbox 547 4734 2146 4809; baseline 0.003 -19"><span class='ocrx_word' id='word_1_685' title='bbox 547 4753 700 4807; x_wconf 87' lang='lat' dir='ltr'><strong>agere</strong></span> <span class='ocrx_word' id='word_1_686' title='bbox 731 4745 1049 4806; x_wconf 85' lang='lat' dir='ltr'><strong>poteramus.</strong></span> <span class='ocrx_word' id='word_1_687' title='bbox 1093 4734 1243 4801; x_wconf 86' lang='lat' dir='ltr'><strong>Quod</strong></span> <span class='ocrx_word' id='word_1_688' title='bbox 1274 4751 1393 4790; x_wconf 86' lang='lat' dir='ltr'><strong>vero</strong></span> <span class='ocrx_word' id='word_1_689' title='bbox 1420 4746 1538 4790; x_wconf 84' lang='lat' dir='ltr'><strong>ante</strong></span> <span class='ocrx_word' id='word_1_690' title='bbox 1565 4746 1770 4790; x_wconf 85' lang='lat' dir='ltr'><strong>centum</strong></span> <span class='ocrx_word' id='word_1_691' title='bbox 1803 4741 1962 4809; x_wconf 77' lang='lat' dir='ltr'><strong>ferme</strong></span> <span class='ocrx_word' id='word_1_692' title='bbox 1983 4755 2146 4794; x_wconf 87' lang='lat' dir='ltr'><strong>annos</strong></span> 
     </span>
    </p>
   </div>
   <div class='ocr_carea' id='block_1_93' title="bbox 559 4827 2146 4901">
    <p class='ocr_par' dir='ltr' id='par_1_93' title="bbox 559 4827 2146 4901">
     <span class='ocr_line' id='line_1_93' title="bbox 559 4827 2146 4901; baseline 0.003 -21"><span class='ocrx_word' id='word_1_693' title='bbox 559 4830 780 4890; x_wconf 83' lang='lat' dir='ltr'><strong>maiores</strong></span> <span class='ocrx_word' id='word_1_694' title='bbox 811 4828 972 4882; x_wconf 80' lang='lat' dir='ltr'><strong>nostri</strong></span> <span class='ocrx_word' id='word_1_695' title='bbox 1003 4843 1117 4881; x_wconf 87' lang='lat' dir='ltr'><strong>cum</strong></span> <span class='ocrx_word' id='word_1_696' title='bbox 1136 4827 1199 4880; x_wconf 88' lang='lat' dir='ltr'><strong>iis</strong></span> <span class='ocrx_word' id='word_1_697' title='bbox 1230 4838 1456 4899; x_wconf 82' lang='lat' dir='ltr'><strong>egerant,</strong></span> <span class='ocrx_word' id='word_1_698' title='bbox 1477 4831 1588 4901; x_wconf 84' lang='lat' dir='ltr'><strong>jam</strong></span> <span class='ocrx_word' id='word_1_699' title='bbox 1617 4829 1926 4899; x_wconf 81' lang='lat' dir='ltr'><strong>populorum</strong></span> <span class='ocrx_word' id='word_1_700' title='bbox 1955 4848 2146 4885; x_wconf 91' lang='lat' dir='ltr'><strong>memo-</strong></span> 
     </span>
    </p>
   </div>
   <div class='ocr_carea' id='block_1_94' title="bbox 547 4918 2145 4994">
    <p class='ocr_par' dir='ltr' id='par_1_94' title="bbox 547 4918 2145 4994">
     <span class='ocr_line' id='line_1_94' title="bbox 547 4918 2145 4994; baseline 0.004 -23"><span class='ocrx_word' id='word_1_701' title='bbox 547 4919 678 4972; x_wconf 84' lang='lat' dir='ltr'><strong>riam</strong></span> <span class='ocrx_word' id='word_1_702' title='bbox 720 4936 822 4973; x_wconf 86' lang='lat' dir='ltr'><strong>non</strong></span> <span class='ocrx_word' id='word_1_703' title='bbox 867 4921 1084 4976; x_wconf 86' lang='lat' dir='ltr'><strong>tenebat.</strong></span> <span class='ocrx_word' id='word_1_704' title='bbox 1132 4918 1260 4974; x_wconf 76' lang='lat' dir='ltr'><strong>llazc</strong></span> <span class='ocrx_word' id='word_1_705' title='bbox 1291 4920 1450 4990; x_wconf 86' lang='lat' dir='ltr'><strong>igitur</strong></span> <span class='ocrx_word' id='word_1_706' title='bbox 1487 4923 1763 4976; x_wconf 87' lang='lat' dir='ltr'><strong>necessitas</strong></span> <span class='ocrx_word' id='word_1_707' title='bbox 1789 4925 2052 4994; x_wconf 85' lang='lat' dir='ltr'><strong>compulit,</strong></span> <span class='ocrx_word' id='word_1_708' title='bbox 2088 4933 2145 4978; x_wconf 86' lang='lat' dir='ltr'><strong>ut</strong></span> 
     </span>
    </p>
   </div>
   <div class='ocr_carea' id='block_1_95' title="bbox 547 5009 2145 5080">
    <p class='ocr_par' dir='ltr' id='par_1_95' title="bbox 547 5009 2145 5080">
     <span class='ocr_line' id='line_1_95' title="bbox 547 5009 2145 5080; baseline 0.004 -16"><span class='ocrx_word' id='word_1_709' title='bbox 547 5009 726 5064; x_wconf 88' lang='lat' dir='ltr'><strong>saltem</strong></span> <span class='ocrx_word' id='word_1_710' title='bbox 756 5012 910 5080; x_wconf 84' lang='lat' dir='ltr'><strong>gestis</strong></span> <span class='ocrx_word' id='word_1_711' title='bbox 932 5021 1105 5064; x_wconf 81' lang='lat' dir='ltr'><strong>nostra</strong></span> <span class='ocrx_word' id='word_1_712' title='bbox 1134 5011 1411 5066; x_wconf 76' lang='lat' dir='ltr'><strong>collatione</strong></span> <span class='ocrx_word' id='word_1_713' title='bbox 1431 5011 1698 5080; x_wconf 71' lang='lat' dir='ltr'><strong>confectis,</strong></span> <span class='ocrx_word' id='word_1_714' title='bbox 1730 5029 1905 5068; x_wconf 83' lang='lat' dir='ltr'><strong>eorum</strong></span> <span class='ocrx_word' id='word_1_715' title='bbox 1928 5027 2145 5070; x_wconf 86' lang='lat' dir='ltr'><strong>contun-</strong></span> 
     </span>
    </p>
   </div>
   <div class='ocr_carea' id='block_1_96' title="bbox 550 5104 2139 5175">
    <p class='ocr_par' dir='ltr' id='par_1_96' title="bbox 550 5104 2139 5175">
     <span class='ocr_line' id='line_1_96' title="bbox 550 5104 2139 5175; baseline 0.004 -16"><span class='ocrx_word' id='word_1_716' title='bbox 550 5104 785 5159; x_wconf 84' lang='lat' dir='ltr'><strong>deremus</strong></span> <span class='ocrx_word' id='word_1_717' title='bbox 831 5105 1276 5168; x_wconf 79' lang='lat' dir='ltr'><strong>inuerecundiam,</strong></span> <span class='ocrx_word' id='word_1_718' title='bbox 1320 5113 1365 5158; x_wconf 88' lang='lat' dir='ltr'><strong>et</strong></span> <span class='ocrx_word' id='word_1_719' title='bbox 1405 5106 1795 5175; x_wconf 84' lang='lat' dir='ltr'><strong>reprimeremus</strong></span> <span class='ocrx_word' id='word_1_720' title='bbox 1843 5111 2139 5165; x_wconf 79' lang='lat' dir='ltr'><strong>audaciam.</strong></span> 
     </span>
    </p>
   </div>
   <div class='ocr_carea' id='block_1_97' title="bbox 545 5195 2144 5273">
    <p class='ocr_par' dir='ltr' id='par_1_97' title="bbox 545 5195 2144 5273">
     <span class='ocr_line' id='line_1_97' title="bbox 545 5195 2144 5273; baseline 0.001 -18"><span class='ocrx_word' id='word_1_721' title='bbox 545 5199 674 5255; x_wconf 62' lang='lat' dir='ltr'><strong>Haec</strong></span> <span class='ocrx_word' id='word_1_722' title='bbox 701 5198 811 5254; x_wconf 90' lang='lat' dir='ltr'><strong>ille.</strong></span> <span class='ocrx_word' id='word_1_723' title='bbox 861 5197 976 5252; x_wconf 89' lang='lat' dir='ltr'><strong>Etsi</strong></span> <span class='ocrx_word' id='word_1_724' title='bbox 1009 5207 1187 5251; x_wconf 89' lang='lat' dir='ltr'><strong>autem</strong></span> <span class='ocrx_word' id='word_1_725' title='bbox 1221 5195 1323 5251; x_wconf 90' lang='lat' dir='ltr'><strong>hoc</strong></span> <span class='ocrx_word' id='word_1_726' title='bbox 1370 5213 1539 5266; x_wconf 89' lang='lat' dir='ltr'><strong>genus</strong></span> <span class='ocrx_word' id='word_1_727' title='bbox 1567 5198 1885 5258; x_wconf 81' lang='lat' dir='ltr'><strong>Collationis</strong></span> <span class='ocrx_word' id='word_1_728' title='bbox 1914 5203 2144 5273; x_wconf 90' lang='lat' dir='ltr'><strong>quodam</strong></span> 
     </span>
    </p>
   </div>
   <div class='ocr_carea' id='block_1_98' title="bbox 548 5290 2144 5368">
    <p class='ocr_par' dir='ltr' id='par_1_98' title="bbox 548 5290 2144 5368">
     <span class='ocr_line' id='line_1_98' title="bbox 548 5290 2144 5368; baseline 0.003 -21"><span class='ocrx_word' id='word_1_729' title='bbox 548 5293 709 5347; x_wconf 91' lang='lat' dir='ltr'><strong>modo</strong></span> <span class='ocrx_word' id='word_1_730' title='bbox 756 5290 1247 5347; x_wconf 84' lang='lat' dir='ltr'><strong>extraordinarium</strong></span> <span class='ocrx_word' id='word_1_731' title='bbox 1302 5290 1484 5357; x_wconf 84' lang='lat' dir='ltr'><strong>fuerit,</strong></span> <span class='ocrx_word' id='word_1_732' title='bbox 1536 5300 1591 5346; x_wconf 90' lang='lat' dir='ltr'><strong>et</strong></span> <span class='ocrx_word' id='word_1_733' title='bbox 1641 5293 1694 5348; x_wconf 90' lang='lat' dir='ltr'><strong>in</strong></span> <span class='ocrx_word' id='word_1_734' title='bbox 1741 5293 1920 5350; x_wconf 80' lang='lat' dir='ltr'><strong>Africa</strong></span> <span class='ocrx_word' id='word_1_735' title='bbox 1974 5298 2144 5368; x_wconf 88' lang='lat' dir='ltr'><strong>magis</strong></span> 
     </span>
    </p>
   </div>
   <div class='ocr_carea' id='block_1_99' title="bbox 547 5384 2144 5460">
    <p class='ocr_par' dir='ltr' id='par_1_99' title="bbox 547 5384 2144 5460">
     <span class='ocr_line' id='line_1_99' title="bbox 547 5384 2144 5460; baseline 0.004 -22"><span class='ocrx_word' id='word_1_736' title='bbox 547 5401 709 5456; x_wconf 91' lang='lat' dir='ltr'><strong>quam</strong></span> <span class='ocrx_word' id='word_1_737' title='bbox 737 5385 901 5452; x_wconf 87' lang='lat' dir='ltr'><strong>alibi,</strong></span> <span class='ocrx_word' id='word_1_738' title='bbox 936 5385 1095 5440; x_wconf 88' lang='lat' dir='ltr'><strong>luerit</strong></span> <span class='ocrx_word' id='word_1_739' title='bbox 1121 5384 1408 5453; x_wconf 87' lang='lat' dir='ltr'><strong>usitatum,</strong></span> <span class='ocrx_word' id='word_1_740' title='bbox 1441 5393 1619 5440; x_wconf 89' lang='lat' dir='ltr'><strong>tamen</strong></span> <span class='ocrx_word' id='word_1_741' title='bbox 1653 5389 1875 5443; x_wconf 87' lang='lat' dir='ltr'><strong>memini</strong></span> <span class='ocrx_word' id='word_1_742' title='bbox 1907 5389 2144 5460; x_wconf 85' lang='lat' dir='ltr'><strong>Epipha-</strong></span> 
     </span>
    </p>
   </div>
   <div class='ocr_carea' id='block_1_100' title="bbox 545 5477 2138 5552">
    <p class='ocr_par' dir='ltr' id='par_1_100' title="bbox 545 5477 2138 5552">
     <span class='ocr_line' id='line_1_100' title="bbox 545 5477 2138 5552; baseline 0.004 -20"><span class='ocrx_word' id='word_1_743' title='bbox 545 5478 694 5532; x_wconf 91' lang='lat' dir='ltr'><strong>nium</strong></span> <span class='ocrx_word' id='word_1_744' title='bbox 725 5477 1013 5548; x_wconf 88' lang='lat' dir='ltr'><strong>scripsisse</strong></span> <span class='ocrx_word' id='word_1_745' title='bbox 1043 5493 1149 5532; x_wconf 94' lang='lat' dir='ltr'><strong>non</strong></span> <span class='ocrx_word' id='word_1_746' title='bbox 1179 5477 1496 5533; x_wconf 89' lang='lat' dir='ltr'><strong>dissimilem</strong></span> <span class='ocrx_word' id='word_1_747' title='bbox 1521 5477 1827 5550; x_wconf 80' lang='lat' dir='ltr'><strong>disputandi</strong></span> <span class='ocrx_word' id='word_1_748' title='bbox 1859 5484 2138 5552; x_wconf 70' lang='lat' dir='ltr'><strong>praesenti-</strong></span> 
     </span>
    </p>
   </div>
   <div class='ocr_carea' id='block_1_101' title="bbox 546 5569 2142 5644">
    <p class='ocr_par' dir='ltr' id='par_1_101' title="bbox 546 5569 2142 5644">
     <span class='ocr_line' id='line_1_101' title="bbox 546 5569 2142 5644; baseline 0.004 -20"><span class='ocrx_word' id='word_1_749' title='bbox 546 5570 645 5625; x_wconf 90' lang='lat' dir='ltr'><strong>bus</strong></span> <span class='ocrx_word' id='word_1_750' title='bbox 669 5570 896 5624; x_wconf 88' lang='lat' dir='ltr'><strong>notariis</strong></span> <span class='ocrx_word' id='word_1_751' title='bbox 922 5610 936 5636; x_wconf 90' lang='lat'><strong>,</strong></span> <span class='ocrx_word' id='word_1_752' title='bbox 967 5569 1056 5639; x_wconf 92' lang='lat' dir='ltr'><strong>qui</strong></span> <span class='ocrx_word' id='word_1_753' title='bbox 1089 5579 1239 5640; x_wconf 83' lang='lat' dir='ltr'><strong>gesta</strong></span> <span class='ocrx_word' id='word_1_754' title='bbox 1271 5571 1622 5642; x_wconf 80' lang='lat' dir='ltr'><strong>exciperent,</strong></span> <span class='ocrx_word' id='word_1_755' title='bbox 1659 5582 1981 5644; x_wconf 89' lang='lat' dir='ltr'><strong>potestatem</strong></span> <span class='ocrx_word' id='word_1_756' title='bbox 2009 5589 2142 5630; x_wconf 89' lang='lat' dir='ltr'><strong>cou-</strong></span> 
     </span>
    </p>
   </div>
   <div class='ocr_carea' id='block_1_102' title="bbox 543 5657 2139 5732">
    <p class='ocr_par' dir='ltr' id='par_1_102' title="bbox 543 5657 2139 5732">
     <span class='ocr_line' id='line_1_102' title="bbox 543 5657 2139 5732; baseline 0.003 -14"><span class='ocrx_word' id='word_1_757' title='bbox 543 5677 754 5718; x_wconf 87' lang='lat' dir='ltr'><strong>cessam</strong></span> <span class='ocrx_word' id='word_1_758' title='bbox 799 5664 866 5717; x_wconf 90' lang='lat' dir='ltr'><strong>ab</strong></span> <span class='ocrx_word' id='word_1_759' title='bbox 917 5657 1242 5732; x_wconf 82' lang='lat' dir='ltr'><strong>imperatore</strong></span> <span class='ocrx_word' id='word_1_760' title='bbox 1284 5661 1643 5720; x_wconf 87' lang='lat' dir='ltr'><strong>Constantino</strong></span> <span class='ocrx_word' id='word_1_761' title='bbox 1692 5665 1857 5722; x_wconf 77' lang='lat' dir='ltr'><strong>fuisse</strong></span> <span class='ocrx_word' id='word_1_762' title='bbox 1909 5665 2139 5722; x_wconf 88' lang='lat' dir='ltr'><strong>Photino</strong></span> 
     </span>
    </p>
   </div>
   <div class='ocr_carea' id='block_1_103' title="bbox 551 5751 2138 5831">
    <p class='ocr_par' dir='ltr' id='par_1_103' title="bbox 551 5751 2138 5831">
     <span class='ocr_line' id='line_1_103' title="bbox 551 5751 2138 5831; baseline 0.006 -22"><span class='ocrx_word' id='word_1_763' title='bbox 551 5751 811 5809; x_wconf 64' lang='lat' dir='ltr'><strong>heretico</strong></span> <span class='ocrx_word' id='word_1_764' title='bbox 833 5751 945 5823; x_wconf 88' lang='lat' dir='ltr'><strong>jam</strong></span> <span class='ocrx_word' id='word_1_765' title='bbox 971 5752 1172 5824; x_wconf 83' lang='lat' dir='ltr'><strong>alioqui</strong></span> <span class='ocrx_word' id='word_1_766' title='bbox 1195 5755 1247 5809; x_wconf 93' lang='lat' dir='ltr'><strong>in</strong></span> <span class='ocrx_word' id='word_1_767' title='bbox 1271 5754 1583 5813; x_wconf 89' lang='lat' dir='ltr'><strong>Sardicensi</strong></span> <span class='ocrx_word' id='word_1_768' title='bbox 1608 5758 1817 5831; x_wconf 85' lang='lat' dir='ltr'><strong>synodo</strong></span> <span class='ocrx_word' id='word_1_769' title='bbox 1847 5757 2138 5818; x_wconf 86' lang='lat' dir='ltr'><strong>damnato:</strong></span> 
     </span>
    </p>
   </div>
   <div class='ocr_carea' id='block_1_104' title="bbox 561 5849 2144 5936">
    <p class='ocr_par' dir='ltr' id='par_1_104' title="bbox 561 5849 2144 5936">
     <span class='ocr_line' id='line_1_104' title="bbox 561 5849 2144 5936; baseline 0.016 -33"><span class='ocrx_word' id='word_1_770' title='bbox 561 5852 617 5903; x_wconf 80' lang='lat' dir='ltr'><strong>et</strong></span> <span class='ocrx_word' id='word_1_771' title='bbox 645 5849 862 5920; x_wconf 87' lang='lat' dir='ltr'><strong>quidem</strong></span> <span class='ocrx_word' id='word_1_772' title='bbox 896 5853 1038 5915; x_wconf 89' lang='lat' dir='ltr'><strong>inter</strong></span> <span class='ocrx_word' id='word_1_773' title='bbox 1065 5859 1340 5918; x_wconf 87' lang='lat' dir='ltr'><strong>auditores</strong></span> <span class='ocrx_word' id='word_1_774' title='bbox 1366 5861 1483 5934; x_wconf 88' lang='lat' dir='ltr'><strong>ejus</strong></span> <span class='ocrx_word' id='word_1_775' title='bbox 1512 5863 1890 5936; x_wconf 88' lang='lat' dir='ltr'><strong>disputationis</strong></span> <span class='ocrx_word' id='word_1_776' title='bbox 1917 5875 1971 5924; x_wconf 90' lang='lat' dir='ltr'><strong>et</strong></span> <span class='ocrx_word' id='word_1_777' title='bbox 2000 5866 2144 5928; x_wconf 86' lang='lat' dir='ltr'><strong>arbi-</strong></span> 
     </span>
    </p>
   </div>
   <div class='ocr_carea' id='block_1_105' title="bbox 2247 4729 3756 4814">
    <p class='ocr_par' dir='ltr' id='par_1_105' title="bbox 2247 4729 3756 4814">
     <span class='ocr_line' id='line_1_105' title="bbox 2247 4729 3756 4814; baseline -0.013 -18"><span class='ocrx_word' id='word_1_778' title='bbox 2247 4757 2361 4814; x_wconf 80' lang='lat' dir='ltr'><strong>qua:</strong></span> <span class='ocrx_word' id='word_1_779' title='bbox 2386 4739 2615 4794; x_wconf 84' lang='lat' dir='ltr'><strong>dicemus</strong></span> <span class='ocrx_word' id='word_1_780' title='bbox 2637 4778 2652 4801; x_wconf 93' lang='lat'><strong>,</strong></span> <span class='ocrx_word' id='word_1_781' title='bbox 2690 4746 2738 4792; x_wconf 87' lang='lat' dir='ltr'><strong>et</strong></span> <span class='ocrx_word' id='word_1_782' title='bbox 2777 4754 2807 4791; x_wconf 88' lang='lat' dir='ltr'><strong>a</strong></span> <span class='ocrx_word' id='word_1_783' title='bbox 2838 4735 2981 4789; x_wconf 84' lang='lat' dir='ltr'><strong>nobis</strong></span> <span class='ocrx_word' id='word_1_784' title='bbox 3009 4735 3205 4800; x_wconf 83' lang='lat' dir='ltr'><strong>scripta</strong></span> <span class='ocrx_word' id='word_1_785' title='bbox 3237 4735 3312 4789; x_wconf 92' lang='lat' dir='ltr'><strong>eis</strong></span> <span class='ocrx_word' id='word_1_786' title='bbox 3351 4731 3534 4787; x_wconf 86' lang='lat' dir='ltr'><strong>Punice</strong></span> <span class='ocrx_word' id='word_1_787' title='bbox 3570 4729 3756 4814; x_wconf 48' lang='lat' dir='ltr'><strong>interpre</strong></span> 
     </span>
    </p>
   </div>
   <div class='ocr_carea' id='block_1_106' title="bbox 2249 4809 3754 4897">
    <p class='ocr_par' dir='ltr' id='par_1_106' title="bbox 2249 4809 3754 4897">
     <span class='ocr_line' id='line_1_106' title="bbox 2249 4809 3754 4897; baseline -0.013 -9"><span class='ocrx_word' id='word_1_788' title='bbox 2249 4809 2420 4889; x_wconf 77' lang='lat' dir='ltr'><strong>tentur</strong></span> <span class='ocrx_word' id='word_1_789' title='bbox 2444 4875 2458 4897; x_wconf 93' lang='lat'><strong>,</strong></span> <span class='ocrx_word' id='word_1_790' title='bbox 2509 4841 2554 4885; x_wconf 81' lang='lat' dir='ltr'><strong>et</strong></span> <span class='ocrx_word' id='word_1_791' title='bbox 2598 4839 2792 4886; x_wconf 88' lang='lat' dir='ltr'><strong>remoto</strong></span> <span class='ocrx_word' id='word_1_792' title='bbox 2835 4829 3030 4883; x_wconf 83' lang='lat' dir='ltr'><strong>timore</strong></span> <span class='ocrx_word' id='word_1_793' title='bbox 3058 4825 3422 4884; x_wconf 81' lang='lat' dir='ltr'><strong>dominationis</strong></span> <span class='ocrx_word' id='word_1_794' title='bbox 3459 4823 3623 4891; x_wconf 83' lang='lat' dir='ltr'><strong>eligant</strong></span> <span class='ocrx_word' id='word_1_795' title='bbox 3658 4809 3754 4884; x_wconf 67' lang='lat' dir='ltr'><strong>quod</strong></span> 
     </span>
    </p>
   </div>
   <div class='ocr_carea' id='block_1_107' title="bbox 2247 4927 2526 4983">
    <p class='ocr_par' dir='ltr' id='par_1_107' title="bbox 2247 4927 2526 4983">
     <span class='ocr_line' id='line_1_107' title="bbox 2247 4927 2526 4983; baseline -0.007 0"><span class='ocrx_word' id='word_1_796' title='bbox 2247 4927 2526 4983; x_wconf 81' lang='lat' dir='ltr'><strong>uoluerint.</strong></span> 
     </span>
    </p>
   </div>
   <div class='ocr_carea' id='block_1_108' title="bbox 2318 5007 3756 5092">
    <p class='ocr_par' dir='ltr' id='par_1_108' title="bbox 2318 5007 3756 5092">
     <span class='ocr_line' id='line_1_108' title="bbox 2318 5007 3756 5092; baseline -0.013 -16"><span class='ocrx_word' id='word_1_797' title='bbox 2318 5023 2558 5092; x_wconf 89' lang='lat' dir='ltr'><strong>Denique</strong></span> <span class='ocrx_word' id='word_1_798' title='bbox 2606 5018 2974 5091; x_wconf 82' lang='lat' dir='ltr'><strong>prospiciebat</strong></span> <span class='ocrx_word' id='word_1_799' title='bbox 3009 5017 3151 5090; x_wconf 89' lang='lat' dir='ltr'><strong>quod</strong></span> <span class='ocrx_word' id='word_1_800' title='bbox 3196 5014 3454 5073; x_wconf 86' lang='lat' dir='ltr'><strong>Catholici</strong></span> <span class='ocrx_word' id='word_1_801' title='bbox 3501 5007 3660 5066; x_wconf 87' lang='lat' dir='ltr'><strong>merito</strong></span> <span class='ocrx_word' id='word_1_802' title='bbox 3690 5015 3756 5056; x_wconf 70' lang='lat' dir='ltr'><strong>es-</strong></span> 
     </span>
    </p>
   </div>
   <div class='ocr_carea' id='block_1_109' title="bbox 2247 5093 3754 5192">
    <p class='ocr_par' dir='ltr' id='par_1_109' title="bbox 2247 5093 3754 5192">
     <span class='ocr_line' id='line_1_109' title="bbox 2247 5093 3754 5192; baseline -0.017 -22"><span class='ocrx_word' id='word_1_803' title='bbox 2247 5115 2582 5187; x_wconf 78' lang='lat' dir='ltr'><strong>probrarunt</strong></span> <span class='ocrx_word' id='word_1_804' title='bbox 2625 5113 2872 5182; x_wconf 90' lang='lat' dir='ltr'><strong>improbo</strong></span> <span class='ocrx_word' id='word_1_805' title='bbox 2915 5113 2989 5167; x_wconf 93' lang='lat' dir='ltr'><strong>illi</strong></span> <span class='ocrx_word' id='word_1_806' title='bbox 3036 5111 3312 5181; x_wconf 83' lang='lat' dir='ltr'><strong>Ephesino</strong></span> <span class='ocrx_word' id='word_1_807' title='bbox 3345 5114 3603 5166; x_wconf 87' lang='lat' dir='ltr'><strong>etarmato</strong></span> <span class='ocrx_word' id='word_1_808' title='bbox 3624 5093 3754 5192; x_wconf 51' lang='lat' dir='ltr'><strong>conci:</strong></span> 
     </span>
    </p>
   </div>
   <div class='ocr_carea' id='block_1_110' title="bbox 2251 5199 3750 5283">
    <p class='ocr_par' dir='ltr' id='par_1_110' title="bbox 2251 5199 3750 5283">
     <span class='ocr_line' id='line_1_110' title="bbox 2251 5199 3750 5283; baseline -0.005 -21"><span class='ocrx_word' id='word_1_809' title='bbox 2251 5209 2343 5274; x_wconf 93' lang='lat' dir='ltr'><strong>lio,</strong></span> <span class='ocrx_word' id='word_1_810' title='bbox 2389 5207 2531 5278; x_wconf 91' lang='lat' dir='ltr'><strong>quod</strong></span> <span class='ocrx_word' id='word_1_811' title='bbox 2570 5206 2953 5275; x_wconf 84' lang='lat' dir='ltr'><strong>reprobabant.</strong></span> <span class='ocrx_word' id='word_1_812' title='bbox 2999 5204 3131 5260; x_wconf 85' lang='lat' dir='ltr'><strong>Nam</strong></span> <span class='ocrx_word' id='word_1_813' title='bbox 3188 5206 3286 5260; x_wconf 88' lang='lat' dir='ltr'><strong>luit</strong></span> <span class='ocrx_word' id='word_1_814' title='bbox 3335 5203 3446 5258; x_wconf 71' lang='lat' dir='ltr'><strong>hsrc</strong></span> <span class='ocrx_word' id='word_1_815' title='bbox 3479 5208 3656 5257; x_wconf 86' lang='lat' dir='ltr'><strong>eorum,</strong></span> <span class='ocrx_word' id='word_1_816' title='bbox 3691 5199 3750 5283; x_wconf 64' lang='grc' dir='ltr'><strong>ηυξ</strong></span> 
     </span>
    </p>
   </div>
   <div class='ocr_carea' id='block_1_111' title="bbox 2248 5286 3750 5369">
    <p class='ocr_par' dir='ltr' id='par_1_111' title="bbox 2248 5286 3750 5369">
     <span class='ocr_line' id='line_1_111' title="bbox 2248 5286 3750 5369; baseline -0.015 -13"><span class='ocrx_word' id='word_1_817' title='bbox 2248 5299 2487 5356; x_wconf 86' lang='lat' dir='ltr'><strong>Flaviani</strong></span> <span class='ocrx_word' id='word_1_818' title='bbox 2516 5307 2745 5355; x_wconf 81' lang='lat' dir='ltr'><strong>causam</strong></span> <span class='ocrx_word' id='word_1_819' title='bbox 2797 5307 2983 5369; x_wconf 88' lang='lat' dir='ltr'><strong>postea</strong></span> <span class='ocrx_word' id='word_1_820' title='bbox 3033 5305 3262 5368; x_wconf 83' lang='lat' dir='ltr'><strong>egerunt</strong></span> <span class='ocrx_word' id='word_1_821' title='bbox 3309 5295 3362 5351; x_wconf 95' lang='lat' dir='ltr'><strong>in</strong></span> <span class='ocrx_word' id='word_1_822' title='bbox 3406 5286 3750 5350; x_wconf 75' lang='lat' dir='ltr'><strong>ChalcedoncIISI</strong></span> 
     </span>
    </p>
   </div>
   <div class='ocr_carea' id='block_1_112' title="bbox 2247 5370 3748 5467">
    <p class='ocr_par' dir='ltr' id='par_1_112' title="bbox 2247 5370 3748 5467">
     <span class='ocr_line' id='line_1_112' title="bbox 2247 5370 3748 5467; baseline -0.028 1"><span class='ocrx_word' id='word_1_823' title='bbox 2247 5394 2477 5467; x_wconf 72' lang='grc' dir='ltr'><strong>εΥηοάο,</strong></span> <span class='ocrx_word' id='word_1_824' title='bbox 2507 5393 2774 5463; x_wconf 80' lang='lat' dir='ltr'><strong>exceptio,</strong></span> <span class='ocrx_word' id='word_1_825' title='bbox 2809 5390 2909 5447; x_wconf 88' lang='lat' dir='ltr'><strong>Ubi</strong></span> <span class='ocrx_word' id='word_1_826' title='bbox 2936 5391 3101 5464; x_wconf 83' lang='lat' dir='ltr'><strong>gladii</strong></span> <span class='ocrx_word' id='word_1_827' title='bbox 3131 5403 3176 5447; x_wconf 85' lang='lat' dir='ltr'><strong>et</strong></span> <span class='ocrx_word' id='word_1_828' title='bbox 3205 5395 3385 5461; x_wconf 78' lang='lat' dir='ltr'><strong>fustes,</strong></span> <span class='ocrx_word' id='word_1_829' title='bbox 3410 5385 3558 5457; x_wconf 86' lang='lat' dir='ltr'><strong>qualis</strong></span> <span class='ocrx_word' id='word_1_830' title='bbox 3582 5370 3748 5448; x_wconf 73' lang='lat' dir='ltr'><strong>synodus</strong></span> 
     </span>
    </p>
   </div>
   <div class='ocr_carea' id='block_1_113' title="bbox 2245 5466 3747 5556">
    <p class='ocr_par' dir='ltr' id='par_1_113' title="bbox 2245 5466 3747 5556">
     <span class='ocr_line' id='line_1_113' title="bbox 2245 5466 3747 5556; baseline -0.012 -14"><span class='ocrx_word' id='word_1_831' title='bbox 2245 5466 2355 5543; x_wconf 81' lang='lat' dir='ltr'><strong>est?</strong></span> <span class='ocrx_word' id='word_1_832' title='bbox 2377 5487 2589 5544; x_wconf 84' lang='lat' dir='ltr'><strong>Interea</strong></span> <span class='ocrx_word' id='word_1_833' title='bbox 2623 5496 2804 5556; x_wconf 80' lang='lat' dir='ltr'><strong>patres</strong></span> <span class='ocrx_word' id='word_1_834' title='bbox 2829 5485 2920 5556; x_wconf 90' lang='lat' dir='ltr'><strong>qui</strong></span> <span class='ocrx_word' id='word_1_835' title='bbox 2948 5485 3013 5539; x_wconf 91' lang='lat' dir='ltr'><strong>ad</strong></span> <span class='ocrx_word' id='word_1_836' title='bbox 3043 5483 3524 5540; x_wconf 77' lang='lat' dir='ltr'><strong>ChalcedonenScm</strong></span> <span class='ocrx_word' id='word_1_837' title='bbox 3548 5466 3747 5546; x_wconf 67' lang='lat' dir='ltr'><strong>synodali</strong></span> 
     </span>
    </p>
   </div>
   <div class='ocr_carea' id='block_1_114' title="bbox 2245 5558 3748 5647">
    <p class='ocr_par' dir='ltr' id='par_1_114' title="bbox 2245 5558 3748 5647">
     <span class='ocr_line' id='line_1_114' title="bbox 2245 5558 3748 5647; baseline -0.017 -11"><span class='ocrx_word' id='word_1_838' title='bbox 2245 5595 2571 5646; x_wconf 89' lang='lat' dir='ltr'><strong>convenere,</strong></span> <span class='ocrx_word' id='word_1_839' title='bbox 2604 5593 2725 5634; x_wconf 90' lang='lat' dir='ltr'><strong>cum</strong></span> <span class='ocrx_word' id='word_1_840' title='bbox 2748 5585 3053 5634; x_wconf 85' lang='lat' dir='ltr'><strong>metuerent</strong></span> <span class='ocrx_word' id='word_1_841' title='bbox 3085 5575 3524 5647; x_wconf 83' lang='lat' dir='ltr'><strong>Eutychianorum</strong></span> <span class='ocrx_word' id='word_1_842' title='bbox 3552 5558 3748 5627; x_wconf 66' lang='lat' dir='ltr'><strong>tumultu!</strong></span> 
     </span>
    </p>
   </div>
   <div class='ocr_carea' id='block_1_115' title="bbox 2246 5659 3748 5744">
    <p class='ocr_par' dir='ltr' id='par_1_115' title="bbox 2246 5659 3748 5744">
     <span class='ocr_line' id='line_1_115' title="bbox 2246 5659 3748 5744; baseline -0.005 -14"><span class='ocrx_word' id='word_1_843' title='bbox 2246 5684 2300 5730; x_wconf 90' lang='lat' dir='ltr'><strong>et</strong></span> <span class='ocrx_word' id='word_1_844' title='bbox 2329 5689 2501 5739; x_wconf 90' lang='lat' dir='ltr'><strong>arma,</strong></span> <span class='ocrx_word' id='word_1_845' title='bbox 2537 5683 2801 5744; x_wconf 87' lang='lat' dir='ltr'><strong>rogarunt</strong></span> <span class='ocrx_word' id='word_1_846' title='bbox 2831 5687 2926 5742; x_wconf 88' lang='lat' dir='ltr'><strong>per</strong></span> <span class='ocrx_word' id='word_1_847' title='bbox 2957 5672 3163 5741; x_wconf 85' lang='lat' dir='ltr'><strong>legatos</strong></span> <span class='ocrx_word' id='word_1_848' title='bbox 3191 5669 3390 5726; x_wconf 85' lang='lat' dir='ltr'><strong>Leonis</strong></span> <span class='ocrx_word' id='word_1_849' title='bbox 3417 5677 3550 5737; x_wconf 79' lang='lat' dir='ltr'><strong>papze</strong></span> <span class='ocrx_word' id='word_1_850' title='bbox 3576 5659 3748 5723; x_wconf 56' lang='grc' dir='ltr'><strong>ἰωροτθ</strong></span> 
     </span>
    </p>
   </div>
   <div class='ocr_carea' id='block_1_116' title="bbox 2248 5744 3744 5831">
    <p class='ocr_par' dir='ltr' id='par_1_116' title="bbox 2248 5744 3744 5831">
     <span class='ocr_line' id='line_1_116' title="bbox 2248 5744 3744 5831; baseline -0.019 -6"><span class='ocrx_word' id='word_1_851' title='bbox 2248 5779 2424 5826; x_wconf 88' lang='lat' dir='ltr'><strong>torem</strong></span> <span class='ocrx_word' id='word_1_852' title='bbox 2455 5765 2800 5831; x_wconf 78' lang='lat' dir='ltr'><strong>Martianum,</strong></span> <span class='ocrx_word' id='word_1_853' title='bbox 2856 5773 2916 5825; x_wconf 87' lang='lat' dir='ltr'><strong>ut</strong></span> <span class='ocrx_word' id='word_1_854' title='bbox 2951 5765 3164 5823; x_wconf 86' lang='lat' dir='ltr'><strong>adesset</strong></span> <span class='ocrx_word' id='word_1_855' title='bbox 3210 5762 3279 5819; x_wconf 85' lang='lat' dir='ltr'><strong>ad</strong></span> <span class='ocrx_word' id='word_1_856' title='bbox 3306 5761 3409 5820; x_wconf 82' lang='lat' dir='ltr'><strong>vim</strong></span> <span class='ocrx_word' id='word_1_857' title='bbox 3451 5744 3744 5814; x_wconf 80' lang='lat' dir='ltr'><strong>inhibendam;</strong></span> 
     </span>
    </p>
   </div>
   <div class='ocr_carea' id='block_1_117' title="bbox 2245 5845 3746 5952">
    <p class='ocr_par' dir='ltr' id='par_1_117' title="bbox 2245 5845 3746 5952">
     <span class='ocr_line' id='line_1_117' title="bbox 2245 5845 3746 5952; baseline -0.013 -26"><span class='ocrx_word' id='word_1_858' title='bbox 2245 5867 2448 5946; x_wconf 80' lang='lat' dir='ltr'><strong>alioqui</strong></span> <span class='ocrx_word' id='word_1_859' title='bbox 2476 5866 2597 5924; x_wconf 87' lang='lat' dir='ltr'><strong>sine</strong></span> <span class='ocrx_word' id='word_1_860' title='bbox 2628 5867 2719 5925; x_wconf 85' lang='lat' dir='ltr'><strong>tali</strong></span> <span class='ocrx_word' id='word_1_861' title='bbox 2748 5867 3000 5952; x_wconf 66' lang='lat' dir='ltr'><strong>praesidio</strong></span> <span class='ocrx_word' id='word_1_862' title='bbox 3017 5865 3162 5927; x_wconf 81' lang='lat' dir='ltr'><strong>nolle</strong></span> <span class='ocrx_word' id='word_1_863' title='bbox 3185 5878 3247 5923; x_wconf 85' lang='lat' dir='ltr'><strong>se</strong></span> <span class='ocrx_word' id='word_1_864' title='bbox 3269 5860 3540 5928; x_wconf 79' lang='lat' dir='ltr'><strong>convenire</strong></span> <span class='ocrx_word' id='word_1_865' title='bbox 3560 5845 3746 5912; x_wconf 63' lang='lat' dir='ltr'><strong>domiti</strong></span> 
     </span>
    </p>
   </div>
  </div>
