3996 6332
205 311 209 314 ρ
282 265 420 325 1461

1186 262 1511 324 HISTORIA
1546 259 2152 327 CARTHAGtNEﬁSIS
2192 263 2669 328 COLLATIONIS.

3462 274 3606 341 1463

281 392 341 439 et
370 383 654 454 protestati
698 392 846 451 sunt,
878 389 939 439 ut
975 381 1132 438 testis
1160 389 1242 439 est
1290 379 1575 439 Liberatus
1598 375 1884 450 Carthagl-
1912 380 1965 451 Α
1993 378 2110 437 tulo
2130 381 2313 441 ornari
2340 383 2397 443 in
2425 384 2730 455 epitapltio,
2752 384 2902 457 quad
2924 383 3115 453 Romae
3142 388 3198 453 in
3223 386 3344 453 iero
3371 389 3607 462 Traiano

281 477 495 545 pensis,
520 492 642 549 cap.
673 476 891 534 decimo
916 476 1097 534 tertio.

353 568 641 626 Postremo
669 579 731 639 et
770 569 903 631 illud
934 566 1335 624 observandum
1362 573 1469 633 est,
1501 572 1562 625 ut
1592 565 1891 623 Donatistze

283 671 465 719 actum
505 662 760 735 agebant,
810 664 889 720 sic
931 660 1306 719 Marcellinum
1350 657 1492 731 juris
1530 658 1756 723 minime
1794 666 1889 721 aut

281 756 413 815 novi
439 765 533 813 aut
568 756 718 814 dubii
743 756 1009 813 arbitrum
1038 755 1209 811 fuisse
1236 771 1252 810 :
1285 761 1340 811 et
1362 753 1491 815 facti
1516 754 1698 825 potius
1722 768 1884 825 quam

273 851 419 925 iuris
447 848 618 906 fuisse
645 850 1023 921 quaesitorem,
1052 856 1109 905 et
1137 846 1359 919 quidem
1401 846 1764 918 cognitionem
1805 845 1887 902 illi

279 944 462 1017 potius
489 958 651 1013 quam
694 942 1135 1014 iurisdictionem
1160 940 1405 997 mandari
1436 958 1449 994 :
1480 939 1712 1011 denique
1736 938 1886 1010 iudi-

277 1050 400 1092 cem
448 1050 573 1091 cum
602 1034 836 1090 formula
883 1033 1041 1091 dari:
1074 1041 1133 1089 ut
1160 1034 1292 1089 olim
1333 1047 1518 1089 rerum
1553 1031 1886 1102 privatarum

271 1127 489 1200 iudices
519 1127 712 1199 privati
755 1142 786 1182 a
831 1135 1066 1197 prtetore
1095 1125 1382 1183 dabantur.
1430 1124 1540 1183 Sed
1572 1139 1747 1196 neque
1800 1125 1888 1182 hic

275 1221 474 1278 sedere
514 1220 686 1276 voluit
712 1218 1082 1287 Marcellinus,
1113 1219 1217 1274 nisi
1246 1220 1291 1274 si
1322 1217 1629 1275 assiderent
1648 1217 1885 1275 collocu-

273 1320 426 1368 tores
458 1330 473 1367 :
515 1326 640 1368 cum
680 1320 861 1367 tamen
891 1311 945 1367 in
970 1310 1179 1381 iudicio
1204 1308 1352 1365 civili
1380 1310 1533 1365 solus
1578 1309 1765 1367 sedeat
1797 1309 1887 1380 iu-

274 1407 407 1474 dex,
433 1416 582 1462 stare
604 1412 789 1463 autem
810 1404 1106 1477 iubeantur
1134 1404 1456 1477 litigatores.
1488 1405 1731 1477 Denique
1760 1421 1889 1477 pros

273 1508 532 1566 testatur,
563 1499 707 1573 quod
737 1499 1127 1557 Constantinus
1149 1497 1203 1554 in
1245 1497 1467 1556 Nicaeae
1491 1499 1727 1554 concilio
1757 1513 1887 1571 pro-

274 1602 510 1652 testatus
554 1604 672 1652 erat
714 1594 913 1651 sedens
962 1594 1018 1650 in
1058 1593 1172 1649 imo
1199 1592 1479 1650 subsellio.
1517 1593 1582 1648 Et
1615 1602 1795 1651 tamen
1823 1601 1886 1649 ut

282 1688 516 1746 Collatio
541 1688 756 1744 diversa
785 1686 887 1743 fuit
913 1686 1010 1744 abs
1039 1686 1241 1743 forensi
1266 1686 1447 1758 aliquo
1463 1685 1689 1757 indicio,
1721 1686 1802 1742 sic
1826 1693 1883 1742 et

1992 473 2290 545 prostabat.
2349 476 2542 533 Exstat
2595 477 2694 541 lib.
2740 495 2818 541 xu
2857 478 2980 539 cod.
3030 480 3219 539 titulus
3271 497 3348 539 vtt
3381 483 3453 541 de
3487 483 3609 555 Pris-

1992 566 2222 624 micerio
2249 576 2304 624 et
2344 570 2595 639 notariis,
2625 573 2719 635 ubi
2761 581 2818 629 et
2843 572 2915 631 de
2961 572 3195 641 tribunis
3230 576 3458 643 notariis
3486 577 3606 649 πλεῖς

1990 669 2098 716 tur.
2148 661 2205 717 ln
2251 661 2546 725 Theodosii
2578 663 2699 737 lege
2729 665 2994 736 scriptum
3037 677 3121 723 est
3166 684 3180 721 :
3220 666 3499 741 Prtccipua
3528 678 3605 739 esi

1994 763 2184 810 nostra:
2237 754 2444 826 pietatis
2522 756 2739 817 intentio
2791 759 2930 813 circa
2997 759 3319 831 notapiorum
3393 776 3602 829 nomen,

1992 845 2296 904 Deindeoin
2348 848 2471 918 lege
2516 848 2716 906 Leonis
2746 849 2882 920 Imp.
2919 849 3240 907 Prwclaram
3283 850 3604 923 nobilemque

1990 941 2229 995 militiam
2255 941 2616 1013 spectabilium
2648 944 2976 1003 tribunorum
3004 944 3351 1011 notariorum,
3391 944 3603 1003 diversis

1990 1032 2357 1102 beneﬁciorum
2387 1034 2555 1091 titulis
2578 1036 2906 1095 muniendam
2931 1037 3187 1091 credimus
3214 1045 3262 1092 et
3289 1036 3597 1108 augendam.

1994 1126 2263 1185 Videntur
2311 1127 2364 1181 hi
2394 1128 2594 1183 notarii
2641 1128 2809 1184 luisse
2840 1127 2929 1198 qui
2970 1142 3115 1184 nunc
3139 1127 3395 1185 dicuntur
3418 1143 3600 1185 secre-.

1989 1217 2113 1273 tarii
2137 1233 2326 1289 regum
2368 1218 2422 1275 in
2453 1218 2651 1275 Gallia.
2679 1218 3039 1286 Theodosius,
3065 1220 3121 1275 in
3147 1220 3185 1275 l.
3209 1236 3289 1276 xu
3316 1218 3378 1279 C.
3409 1220 3479 1281 de
3499 1236 3596 1277 ex.—

1988 1325 2108 1367 cus.
2156 1327 2283 1366 mun
2317 1329 2329 1365 :
2376 1310 2608 1380 Notarii,
2663 1313 2860 1384 inquit,
2891 1313 3053 1369 nostri
3101 1330 3133 1369 a
3162 1313 3385 1369 sordidis
3423 1330 3600 1371 mune-

1989 1403 2136 1459 ribus
2163 1412 2488 1460 excusantur.

2058 1499 2247 1568 Qualis
2270 1507 2454 1557 autem
2485 1508 2833 1570 quantusque
2876 1499 2958 1555 vir
2997 1498 3166 1557 fuerit
3205 1498 3296 1556 hic
3335 1498 3599 1559 Marcelli:

1988 1607 2113 1661 nus,
2157 1607 2318 1664 quam
2365 1608 2555 1663 aequus
2604 1588 2833 1660 arbiter,
2874 1608 3040 1663 quam
3068 1592 3381 1651 moderatus
3408 1593 3595 1665 iudex,

1986 1686 2100 1756 ipsa
2129 1685 2290 1755 hujus
2322 1683 2648 1740 Collationis
2684 1693 2803 1741 acta
2830 1685 3027 1742 melius
3055 1684 3319 1745 indicant.
3349 1686 3595 1747 Dicerem

279 1783 352 1839 ab
398 1782 781 1840 Ecclesiastico
807 1782 1063 1848 concilio,
1107 1782 1160 1836 in
1187 1796 1296 1853 quo
1327 1782 1504 1852 potius
1523 1780 1736 1850 iudices
1758 1788 1885 1837 sunt
1912 1788 1960 1852 Β
1988 1777 2132 1848 quod
2160 1778 2386 1834 Orosius
2408 1776 2563 1844 dicit,
2594 1778 2769 1835 virum
2791 1776 3058 1848 imprimis
3086 1778 3408 1848 prudentem
3431 1779 3597 1839 fuisse

270 1875 567 1933 antistites.
612 1874 783 1945 Quam
826 1883 1011 1931 autem
1037 1874 1297 1942 demisse,
1342 1883 1736 1945 temperanter,
1766 1890 1885 1932 mo-

275 1968 454 2033 deste,
486 1967 574 2023 hic
614 1982 674 2026 se
700 1967 936 2039 gesserit
963 1965 1308 2023 Marcellinus
1331 2010 1347 2035 ,
1380 1974 1501 2023 acta
1545 1965 1661 2038 ipsa
1691 1966 1887 2025 melius

276 2060 591 2117 ostendent.
632 2058 846 2118 Nullam
895 2068 1075 2115 autem
1126 2057 1216 2115 hic
1260 2058 1378 2115 fieri
1408 2060 1741 2115 mentionem
1771 2058 1890 2131 epi-

277 2154 430 2226 scopi
458 2153 712 2221 Romani,
736 2167 844 2209 non
868 2152 1179 2219 mirabitur,
1209 2152 1324 2223 qui,
1347 2150 1601 2222 quoniam
1625 2151 1759 2219 dixi,
1783 2166 1877 2208 ex-

276 2248 499 2320 pendet.
525 2247 665 2303 Eum
687 2254 837 2302 certe
862 2245 1257 2303 reverebantur
1273 2255 1329 2302 et
1352 2244 1719 2305 observabant
1741 2245 1881 2311 Afri,

280 2342 495 2397 tametsi
525 2342 581 2396 in
607 2340 843 2397 concilio
868 2339 1179 2395 Milevitano
1206 2348 1263 2399 et
1290 2337 1727 2410 Carthaginensi,
1756 2352 1883 2397 cum

278 2450 434 2490 suam
477 2435 530 2490 in
572 2443 802 2506 utroque
840 2432 1169 2489 sententiam
1200 2431 1270 2489 de
1308 2430 1615 2505 Pelagianis
1654 2430 1722 2489 ad
1754 2445 1881 2487 eum

278 2531 615 2597 retulissent,
662 2530 916 2585 dicantur
956 2526 1347 2591 transmarinas
1397 2524 1600 2596 alioqui
1641 2524 1882 2595 appella-

281 2624 458 2678 tiones
486 2622 805 2678 inhibuisse.
834 2620 946 2677 Sed
974 2636 1149 2691 neque
1173 2612 1718 2691 prmtereundum‘eSt
1737 2619 1884 2689 quod

277 2718 587 2783 observant,
614 2732 727 2789 quo
769 2726 1017 2787 tempore
1063 2716 1180 2771 haec
1206 2712 1449 2773 Collatia
1477 2713 1744 2784 postulata
1772 2722 1877 2780 est.

279 2827 349 2868 eo
376 2822 621 2882 tempore
651 2809 1030 2869 Innocentium
1055 2809 1369 2880 episcopum
1401 2807 1585 2876 Rom.,
1624 2806 1766 2865 Urbe
1782 2807 1883 2875 abs

277 2904 473 2963 Gothis
492 2913 671 2976 capta,
699 2904 857 2975 longe
882 2901 1028 2958 aliud
1051 2902 1193 2958 domi
1218 2900 1473 2957 habuisse
1496 2899 1642 2971 quod
1668 2910 1875 2970 ageret.

282 3002 350 3056 Et
385 2999 515 3071 quid
545 3000 590 3055 si
616 2998 793 3055 dicam
818 3014 941 3055 eum
974 2998 1287 3055 Honoriano
1312 2996 1581 3069 rescripto
1608 2994 1878 3053 mandatae

278 3092 598 3150 Collationis
624 3093 789 3149 veluti
812 3091 1238 3162 subscripsisse?
1264 3089 1426 3148 Certe
1445 3090 1671 3149 Orosius
1696 3098 1882 3146 narrat

1986 1878 2041 1926 et
2077 1870 2429 1938 industrium,
2473 1870 2830 1942 omniumque
2869 1871 3138 1929 bonorum
3165 1870 3469 1944 studiorum
3495 1887 3595 1944 ap-

1954 2006 1961 2015 .
1986 1966 2447 2036 petentissimum.
2486 1966 2595 2022 Sed
2621 1966 2782 2023 unius
2809 1966 3095 2037 Augustini
3126 1966 3441 2027 testimonio
3463 1982 3595 2024 cou-

1988 2068 2171 2115 tentus
2200 2074 2347 2125 sum,
2378 2068 2439 2117 ut
2479 2059 2779 2132 intelligam
2810 2059 2986 2117 virum
3027 2074 3312 2133 magnum,
3344 2069 3400 2119 et
3419 2060 3589 2133 iuris-

1985 2154 2295 2227 consultum
2324 2154 2550 2215 minime
2591 2153 2881 2226 profanum
2928 2153 3116 2223 fuisse.
3150 2153 3378 2226 Scripsit
3402 2155 3589 2228 Angu-

1984 2248 2163 2302 stinus
2207 2246 2275 2305 ad
2306 2262 2429 2305 eum
2461 2263 2569 2304 non
2600 2248 2776 2307 solum
2823 2248 2994 2305 libros
3023 2247 3097 2305 de
3113 2255 3456 2319 pettcatOrum
3485 2249 3595 2306 Mc-

1987 2340 2107 2395 ritis
2131 2348 2187 2395 et
2205 2338 2553 2403 Remissione
2565 2351 2758 2398 contra
2775 2341 3121 2413 Pelagianos,
3147 2350 3204 2403 et
3226 2342 3297 2400 de
3317 2342 3521 2416 Spiritu
3541 2352 3596 2411 et

1984 2432 2185 2490 Littera
2215 2449 2228 2487 :
2263 2432 2361 2489 sed
2391 2443 2446 2489 et
2483 2433 2885 2497 eruditissimos
2932 2435 3059 2495 illos
3083 2438 3152 2497 de
3200 2436 3430 2503 Civitate
3468 2438 3591 2511 Dei,

1981 2525 2270 2583 inchoatas
2310 2527 2470 2597 paulo
2496 2536 2619 2597 post
2649 2525 2843 2585 urbem
2887 2540 3126 2601 captam,
3163 2530 3268 2588 hoc
3312 2540 3417 2600 est,
3447 2534 3590 2601 circa

1982 2628 2197 2691 tempus
2237 2620 2559 2678 Collationis
2598 2620 3046 2695 Carthagineusis
3078 2641 3091 2677 :
3124 2624 3221 2682 sed
3248 2631 3306 2680 et
3330 2625 3591 2695 epistolas

1984 2712 2119 2771 duas
2147 2714 2181 2770 5
2219 2724 2275 2769 et
2309 2714 2362 2782 7,
2394 2730 2462 2770 ex
2512 2714 2710 2784 quibus
2736 2724 2982 2787 apparet,
3035 2713 3091 2771 in
3118 2715 3295 2785 media
3325 2717 3463 2789 reip.
3490 2734 3590 2789 guv

1983 2807 2311 2865 bernatione
2341 2808 2717 2868 Marcellinum
2747 2808 2814 2865 de
2842 2808 3109 2880 religione
3144 2808 3409 2881 imprimis
3439 2810 3591 2869 solli-

1982 2900 2148 2959 citum
2197 2900 2390 2967 fuisse,
2442 2912 2498 2957 et
2544 2900 2930 2969 subtilissimas
2979 2902 3145 2969 etiam
3182 2901 3238 2958 in
3284 2916 3355 2963 eo
3386 2917 3589 2975 genere

1981 2995 2312 3064 quaestiones
2332 2995 2706 3053 intellexisse:
2740 2995 2854 3057 imo
2881 2995 3170 3068 quemdam
3219 2996 3388 3063 veluti
3426 2999 3588 3075 ἄρνῳτ

1983 3084 2197 3146 διώκτην
2227 3086 2418 3159 fuisse,
2454 3088 2544 3158 qui
2576 3086 2938 3159 Augustinum
2971 3088 3421 3155 incitaret.Adde
3445 3090 3590 3163 eius:

278 3204 404 3245 eum
436 3188 706 3244 Ravennae
752 3187 941 3253 fuisse,
973 3203 1082 3258 quo
1123 3197 1368 3257 tempore
1398 3186 1626 3242 Romam
1667 3186 1880 3243 invase-
1903 3187 1948 3249 C
1981 3179 2107 3237 dem
2136 3179 2420 3252 Augustini
2446 3182 2513 3241 ad
2550 3197 2674 3239 eum
2703 3181 2963 3252 epistolas
3013 3182 3171 3251 duas.
3207 3182 3311 3253 1,58
3349 3190 3408 3253 et
3448 3181 3588 3263 159,

278 3291 405 3338 runt
453 3280 634 3343 Gothi.
691 3280 751 3338 Si
807 3290 935 3336 tunc
965 3280 1234 3336 Ravennae
1273 3279 1391 3345 fuit,
1426 3278 1527 3335 fuit
1576 3294 1697 3337 cum
1741 3277 1876 3349 Imp.

279 3375 542 3431 Honorio.
577 3373 843 3444 Adjiciam
865 3373 1009 3446 quod
1040 3373 1215 3443 magis
1241 3372 1430 3428 mirari
1452 3372 1642 3449 aliquis
1672 3379 1905 3449 posset,_

281 3467 517 3525 Felicem
549 3466 861 3540 quemdam,
901 3465 994 3538 qui
1040 3480 1101 3522 se
1146 3464 1297 3523 urbis
1340 3463 1530 3523 Romae
1566 3463 1878 3535 episcopum

280 3578 403 3621 esse
424 3562 683 3633 iactabat,
708 3562 760 3617 in
786 3561 887 3617 hac
907 3560 1348 3617 Collationecum
1372 3560 1670 3617 Donatistis
1686 3558 1878 3626 fuisse,

280 3664 399 3713 acta
430 3656 771 3727 significant,
802 3654 891 3710 ubi
918 3664 972 3711 et
1003 3653 1247 3709 Romana
1275 3653 1459 3709 nescio
1480 3667 1600 3722 quae
1623 3651 1880 3708 nobilitas

280 3750 442 3804 simul
493 3747 686 3804 adesse
720 3746 937 3804 dicitur.
972 3746 1078 3802 Sed
1122 3745 1371 3815 suspicor
1417 3745 1652 3814 aliquem
1702 3744 1880 3805 Dona-

282 3841 462 3897 tistam
513 3838 1057 3912 pseudoepiscopum,
1106 3831 1197 3909 qui
1229 3836 1421 3893 Roma:
1443 3836 1560 3893 suis
1584 3835 1880 3892 Donatistis

280 3931 652 3990 Montensibus
689 3934 774 4008 (ut
822 3932 895 3989 ibi
925 3928 1360 4003 appellabantur)
1405 3928 1715 4001 praefuerat,
1745 3928 1885 3996 urbe

281 4039 460 4099 capta,
506 4026 714 4082 Gothos
746 4024 1037 4096 fugientem
1066 4039 1190 4080 cum
1231 4024 1346 4080 suis
1384 4024 1441 4079 in
1479 4021 1721 4079 Africam
1766 4031 1880 4079 tra-

284 4122 502 4191 iecisse,
533 4129 588 4177 et
630 4133 753 4176 sese
796 4117 1083 4175 Collationi
1129 4116 1567 4189 Carthaginensi,
1614 4117 1671 4179 in
1717 4133 1881 4190 quam

283 4212 429 4270 forte
455 4214 666 4278 incidit,
698 4213 891 4283 cupide
932 4219 989 4268 et
1018 4212 1308 4269 ambitiose
1337 4211 1717 4271 immiscuisse.
1748 4211 1887 4271 Nam

285 4316 339 4361 et
390 4304 686 4363 Donatistis
726 4305 1044 4376 tempestive
1090 4302 1421 4361 submissum
1461 4302 1748 4361 videbatur
1777 4304 1883 4363 tale

285 4399 570 4455 auxilium.

356 4492 527 4549 Porro
551 4507 675 4550 cum
702 4490 950 4550 audimus
977 4488 1346 4553 Marcellinum
1376 4488 1652 4545 tribunum
1684 4498 1738 4542 et
1783 4502 1880 4545 no-

1983 3275 2075 3331 ubi
2106 3290 2322 3347 quoque
2352 3275 2615 3347 scriptum
2642 3286 2747 3345 est,
2775 3291 2971 3339 causas
3014 3277 3428 3347 Ecclesiasticas
3469 3278 3589 3351 eius

1982 3371 2319 3427 excellentiae
2350 3370 2699 3441 potissimum
2741 3370 3012 3443 iniunctas
3052 3371 3241 3433 fuisse.
3292 3371 3410 3433 Non
3440 3381 3577 3441 erat,

1984 3474 2043 3522 ut
2072 3466 2163 3522 ille
2188 3465 2330 3537 apud
2360 3463 2685 3527 Ciceronem
2711 3465 2974 3531 ridiculus
3001 3465 3065 3531 L.
3093 3464 3322 3533 Gellius,
3354 3467 3585 3541 quicum

1984 3559 2039 3615 in
2064 3559 2247 3615 Asiam
2279 3559 2477 3627 iturus,
2500 3557 2746 3616 Athenas
2782 3558 3044 3628 venisset,
3088 3563 3295 3632 putavit
3318 3575 3443 3629 sese
3470 3570 3584 3623 sta:

1985 3654 2077 3707 tim
2110 3668 2300 3716 omnes
2323 3652 2566 3713 omnium
2609 3652 3091 3724 Philosophorum,
3125 3670 3262 3726 quos
3306 3655 3374 3717 ad
3402 3670 3465 3714 se
3490 3672 3586 3723 vo.-

1983 3745 2147 3810 cavit,
2175 3746 2579 3802 controversias
2599 3746 2776 3807 obiter
2795 3746 3027 3809 delinire
3055 3762 3234 3817 posse,
3254 3764 3377 3809 cum
3403 3760 3583 3815 tamen

1985 3853 2053 3893 ne
2093 3852 2190 3892 eas
2220 3837 2434 3907 quidem
2465 3837 2814 3911 intelligeret.
2862 3839 3060 3897 Noster
3086 3840 3433 3907 Marcellinus
3477 3858 3587 3909 non

1984 3931 2151 3988 divini
2199 3933 2380 3990 minus
2406 3936 2586 4003 ’qnam
2638 3932 2858 3997 humani
2902 3933 3038 4003 juris
3090 3934 3297 4003 peritus
3332 3944 3473 4005 erat.
3518 3938 3589 3993 Et

1985 4041 2118 4084 vero
2148 4025 2284 4087 tales
2307 4026 2722 4097 iurisconsulti,
2759 4026 2911 4091 tales,
2945 4026 3188 4097 inquam,
3221 4027 3429 4097 politici
3458 4029 3589 4097 uiri,

1983 4130 2094 4178 tam
2123 4120 2273 4193 digni
2316 4129 2458 4187 sunt,
2509 4121 2705 4191 quibus
2747 4121 2864 4175 ltmc
2891 4133 3023 4177 cura
3073 4120 3380 4189 mandetur,
3422 4137 3585 4191 quam

1987 4214 2146 4286 huius
2176 4215 2438 4285 temporis
2477 4212 2735 4285 profanos
2762 4213 2946 4279 nescio
2982 4228 3120 4284 quos
3145 4211 3426 4285 Ulpianos,
3458 4214 3588 4273 reli-

1984 4309 2160 4379 gionis
2187 4308 2439 4367 irrisores
2484 4318 2541 4367 et
2583 4308 3013 4380 proculcatores,
3060 4310 3241 4381 potius
3270 4325 3431 4381 quam
3460 4325 3591 4381 pro,-.

1984 4413 2287 4472 curatores,
2318 4404 2562 4463 Ecclesia
2589 4404 2788 4460 Christi
2816 4404 3010 4465 merito
3044 4416 3378 4465 exsecratur.
3407 4407 3593 4478 Augue

1985 4494 2181 4560 stiuus,
2204 4495 2369 4563 epist.
2399 4496 2469 4550 50
2494 4495 2559 4550 ad
2586 4495 2917 4550 Bonifacium
2945 4498 3200 4552 comitem
3232 4515 3246 4553 :
3270 4497 3479 4568 Laudo,
3506 4501 3593 4561 ill-3

286 4589 480 4644 torium
505 4586 787 4657 praefuisse
815 4586 943 4643 huic
976 4583 1289 4649 Collationi,
1319 4582 1672 4653 intelligimus
1701 4579 1879 4639 virum
1909 4574 1964 4652 Ῑ)
1989 4585 2122 4656 quit,
2153 4596 2199 4640 et
2228 4585 2484 4659 gratulor,
2517 4595 2564 4641 et
2588 4585 2841 4653 admiror,
2868 4587 2948 4655 [ili
2974 4588 3305 4649 dilectissime
3326 4590 3589 4663 Bonifdcr‘,

285 4682 586 4753 sapientem
627 4691 679 4736 et
710 4680 1043 4752 religiosum,
1074 4688 1130 4734 et
1162 4686 1429 4749 potestate
1471 4692 1662 4748 magna
1692 4675 1886 4746 praedi-

289 4784 426 4841 tum,
473 4775 845 4846 magistratum
874 4773 999 4831 dico
1029 4772 1382 4843 spectabilem
1425 4776 1482 4825 et
1522 4766 1883 4827 clarissimum

292 4873 440 4942 (nam
465 4870 616 4926 hisce
643 4871 815 4935 titulis
843 4869 1176 4925 ornabantur
1201 4868 1401 4923 tribuni
1434 4864 1650 4932 netarii,
1680 4871 1737 4920 et
1776 4864 1888 4920 Au-

174 5000 179 5007 -
288 4963 537 5035 gustinus
572 4964 691 5034 ipse
734 4963 789 5018 in
828 4962 989 5032 epist.
1032 4961 1137 5019 159
1164 4970 1219 5015 et
1260 4959 1382 5027 160,
1422 4959 1489 5015 iis
1536 4968 1693 5014 ornat
1744 4956 1893 5023 hunc

290 5055 687 5128 Marcellinum)
715 5070 934 5126 operam
960 5054 1180 5115 dedisse
1211 5053 1333 5115 huic
1354 5052 1667 5123 cognitioni.
1692 5050 1890 5109 Tribu-

292 5166 395 5207 nus
437 5152 599 5207 etiam
637 5158 694 5207 et
741 5149 988 5206 notarius
1030 5148 1195 5206 fuisse
1237 5147 1437 5205 dicitur
1470 5144 1732 5203 Dulcitius
1775 5144 1886 5213 ille,

292 5247 380 5301 cui
412 5254 600 5315 postea
642 5245 695 5299 in
726 5244 907 5299 Africa
938 5243 1318 5299 demandatam
1349 5256 1565 5312 quoque
1597 5239 1763 5297 fuisse
1793 5254 1895 5301 cu.-

294 5354 409 5393 ram
464 5338 641 5410 legum
669 5346 726 5393 et
763 5336 1068 5408 iussionum
1100 5333 1466 5407 imperialiqu
1496 5342 1686 5388 contra
1716 5333 1897 5391 Dona-2

298 5434 453 5491 tistas
483 5432 673 5488 scribit
717 5432 944 5501 August.
980 5429 1047 5485 Et
1079 5430 1356 5492 Ambros.,
1398 5430 1449 5481 in
1495 5425 1657 5498 epist.
1692 5426 1784 5489 52,
1819 5426 1895 5483 ait

296 5528 520 5583 missum
574 5523 641 5577 ad
671 5537 732 5578 se
779 5536 903 5578 esse
940 5520 1008 5576 ab
1035 5520 1235 5591 lmpcr.
1265 5518 1647 5579 Valentiniano
1679 5517 1894 5575 Dalma-

300 5622 433 5676 tium
461 5619 735 5677 tribunum
757 5626 812 5673 et
838 5614 1130 5678 notarium,
1155 5615 1246 5685 qui
1273 5617 1339 5670 ad
1363 5614 1742 5673 consistorium
1767 5628 1899 5669 evo-

302 5721 457 5770 caret
486 5711 830 5768 Ambrosium
862 5708 913 5767 in
944 5722 1111 5779 causa
1140 5708 1441 5779 religionis.
1483 5707 1706 5772 Omitto,
1734 5705 1901 5769 Clau:

315 5804 533 5876 dianum
574 5812 787 5895 poetam
832 5802 953 5883 eius
982 5801 1266 5887 temporis,
1299 5799 1498 5881 tribuni
1527 5808 1585 5859 et
1611 5798 1807 5867 notarii
1838 5799 1907 5858 ιίιρ

1991 4678 2128 4747 quod
2156 4676 2285 4731 inter
2309 4693 2463 4735 curas
2487 4676 2736 4739 bellorum
2754 4686 2804 4741 et
2826 4693 3087 4743 armorum
3110 4681 3427 4745 uehementer
3453 4684 3595 4753 άῳεε

1992 4768 2144 4825 dera:
2165 4776 2225 4825 ea
2246 4785 2416 4838 nosse,
2445 4785 2560 4841 quia
2584 4768 2682 4827 Dei
2702 4780 2842 4835 sunt.
2872 4771 2979 4837 Sed
3001 4785 3206 4844 quanto
3230 4778 3400 4847 magis
3428 4776 3481 4832 id
3509 4777 3593 4835 di-

1992 4876 2115 4917 cere
2158 4862 2333 4933 potuit
2358 4863 2426 4918 de
2456 4861 2771 4919 Marcellino
2802 4865 3024 4935 tugato?
3068 4866 3255 4929 Exstat
3304 4875 3360 4927 et
3403 4867 3595 4931 lliero-.

1994 4956 2143 5029 nymi
2186 4956 2414 5025 epistola
2447 4955 2515 5011 ad
2564 4956 2708 5013 hunc
2737 4957 3133 5025 Marcellinum,
3162 4974 3289 5029 qua:
3329 4960 3486 5023 testis
3513 4971 3602 5027 est

1997 5049 2143 5105 hunc
2164 5050 2341 5105 virum
2364 5050 2742 5113 subtilissimas
2766 5050 3025 5108 Ecclesiae
3046 5054 3397 5123 quatstiones,
3427 5056 3598 5123 veluti

1995 5144 2063 5201 de
2100 5145 2311 5216 urigine
2334 5146 2530 5201 anima:
2555 5145 2786 5202 sollicite
2808 5148 3182 5217 proposuisse,
3209 5155 3267 5204 et
3288 5147 3355 5213 ad
3385 5146 3601 5217 discens

1997 5239 2123 5295 dum
2173 5240 2345 5310 magis
2385 5249 2632 5312 paratum
2677 5240 2844 5303 fuisse
2873 5257 3034 5312 quam
3067 5249 3185 5303 erat
3232 5241 3599 5314 Hieronymus

1998 5333 2116 5402 ipse
2145 5331 2211 5387 ad
2255 5331 2693 5402 respondendum
2721 5349 2733 5386 :
2765 5347 2829 5391 ac
2851 5348 2919 5387 ne
2958 5331 3063 5397 hoc
3090 5331 3307 5401 quidem
3354 5332 3598 5409 studium

1998 5424 2282 5485 remisisse
2310 5425 2363 5481 in
2397 5426 2569 5481 media
2615 5427 2749 5495 reip.
2793 5424 3227 5496 perturbatione,
3254 5439 3377 5485 cum
3407 5425 3602 5483 Hiero-

2000 5532 2196 5589 nymus
2224 5519 2273 5573 ei
2315 5518 2643 5582 rescribens,
2673 5515 2901 5575 fateatur
2929 5531 3053 5573 sese
3081 5517 3230 5573 urbis
3278 5518 3465 5579 Romae
3511 5534 3607 5585 vae

2001 5614 2238 5671 statione
2264 5611 2550 5667 confusura
2582 5626 2691 5665 non
2719 5624 2877 5680 posse
2907 5610 3103 5665 litteris
3125 5625 3348 5681 operam
3377 5610 3530 5667 dare.

2076 5707 2214 5765 Nolo
2256 5706 2359 5762 hoc
2388 5705 2511 5760 loco
2542 5704 2839 5775 praeterire,
2867 5702 3010 5774 quod
3043 5703 3159 5773 ipse
3189 5703 3526 5775 Augustinus
3550 5703 3608 5773 in

2008 5802 2106 5865 lib.
2150 5810 2271 5878 post
2311 5798 2509 5865 Collat.
2537 5813 2658 5882 cap.
2702 5796 2797 5871 24,
2839 5797 2937 5868 ait,
2971 5797 3280 5860 Donatistae
3318 5812 3349 5856 a
3381 5798 3617 5877 primatu
