3996 6332
209 295 356 353 H65

1104 294 1426 355 HISTORIA
1467 251 2066 355 CARTIIAGINENSIS
2104 295 2573 356 COLLATlONIS.

3363 303 3504 362 1466

280 412 435 468 Nunc
463 411 787 470 veniendum
815 420 897 468 est
919 413 986 468 ad
1014 413 1172 482 Acta,
1204 414 1319 470 sive
1355 419 1436 486 (ut
1467 415 1812 487 appellaban-
1840 418 1886 475 Α
1918 430 2050 484 pore
2078 415 2196 482 fuit,
2225 425 2279 471 ct
2303 418 2550 487 quintum
2603 417 2997 474 (ecumcnicum
3025 433 3148 477 esse
3189 419 3403 490 dicitur,
3450 431 3509 479 et

206 503 319 575 tur)
364 515 514 576 gesta
555 505 877 560 Collationis
918 524 931 558 :
978 522 1099 577 qua:
1129 507 1346 577 quidem
1378 507 1506 562 olim
1563 507 1805 562 studiose

203 609 457 668 excepta,
485 599 813 668 conscripta,
842 599 1146 670 collataque
1168 599 1401 666 fuerant,
1423 600 1517 656 sed
1548 601 1806 672 temporis

207 691 430 759 injuria,
500 690 937 760 posteritatisqne
1007 691 1335 762 negligentia
1389 691 1798 748 interciderant.

204 783 353 856 Ergo
382 800 502 838 cum
538 801 707 853 nuper
744 784 1006 854 majorem
1037 785 1428 857 melioremque
1459 801 1648 842 eorum
1683 803 1804 858 par-

205 886 339 943 tem,
391 877 655 933 beneficio
709 877 795 933 Jo.
829 878 951 934 'l‘ilii
1003 887 1193 934 nactus
1249 894 1448 944 essent,
1500 879 1803 935 existimavi

203 986 458 1042 magnum
508 971 637 1025 mihi
687 971 974 1041 quemdam
1019 971 1332 1029 thesaurum
1381 973 1622 1029 oblatum
1659 988 1799 1030 esse.

202 1065 337 1122 Nam
367 1065 468 1122 etsi
495 1082 560 1122 ex
589 1065 889 1138 Augustino
919 1081 1127 1122 summa
1159 1067 1337 1138 capita
1372 1067 1526 1122 facile
1555 1077 1803 1138 repetere

205 1158 396 1214 liceat:
431 1169 608 1214 tamen
634 1159 821 1226 multa,
842 1175 963 1230 quae
988 1160 1080 1216 ille
1099 1161 1378 1230 praeteriit,
1399 1160 1800 1229 desiderabam,

203 1263 260 1308 et
305 1252 656 1308 memineram
705 1268 866 1324 quam
908 1253 1063 1308 valde
1097 1255 1224 1309 olim
1268 1254 1508 1310 Ecclesia
1541 1255 1805 1311 voluisset

203 1349 410 1418 integra
445 1346 559 1402 hzec
587 1348 719 1402 Acta
749 1346 875 1418 legi,
907 1362 1206 1418 eorumque
1229 1349 1543 1404 memoriam
1576 1364 1800 1424 conser-

201 1442 338 1496 vari.
368 1441 501 1495 Nam
542 1449 596 1495 et
627 1440 743 1511 ipse
789 1441 1119 1511 Augustinus
1165 1442 1215 1496 in
1261 1442 1356 1496 lib.
1381 1441 1450 1497 de
1478 1442 1656 1497 Gestis
1677 1457 1800 1497 cum

203 1536 449 1592 Emerito
501 1545 704 1600 narrat,
737 1535 875 1606 apud
905 1551 1094 1591 omnes
1143 1535 1224 1607 (ιιι
1261 1536 1357 1605 ait)
1386 1536 1674 1606 diligentes
1701 1536 1804 1592 Ec-

202 1632 399 1688 clesias
449 1631 729 1687 Africanas
777 1631 1068 1701 quotannis
1115 1646 1178 1686 ea
1223 1645 1252 1685 a
1298 1632 1477 1701 capite
1520 1631 1584 1685 ad
1637 1631 1798 1686 finem

204 1740 375 1796 usque
399 1725 591 1780 ordine
646 1724 868 1780 recitata
923 1724 1112 1792 fuisse,
1159 1740 1266 1795 quo
1314 1736 1556 1797 tempore
1598 1727 1800 1797 populo

1912 508 1978 563 iis
2006 508 2146 564 forte
2167 512 2494 566 occurrisset
2537 512 2806 582 quoddam
2839 523 3000 584 caput
3048 525 3318 586 tamquam
3367 515 3510 587 frag-

1910 609 2149 656 mentum
2182 601 2473 658 Gestorum
2507 602 2829 661 Collationis
2853 606 3318 678 Carthaginiensis,
3363 605 3506 679 quod

1909 703 2021 750 tum
2051 694 2102 752 in
2135 695 2227 749 illo
2287 695 2547 753 Orientali
2599 698 2832 754 concilio
2882 700 3150 770 prolatum
3198 699 3294 755 fuit
3347 698 3507 755 annis

1910 787 2193 858 plusquam
2225 797 2439 844 centum
2467 797 2522 844 ct
2547 789 2903 861 quadraginta
2951 801 3302 863 posteaquam
3333 792 3508 848 fuerat

1907 886 2169 955 sci-iptum
2195 884 2245 938 in
2271 882 2450 938 Africa
2481 896 2498 942 :
2539 883 2841 940 existimavi
2868 900 2955 942 me
2984 894 3198 945 nactum
3225 899 3347 941 esse
3398 884 3508 940 ali~

1908 976 2060 1047 quid,
2086 978 2226 1048 quod
2252 977 2475 1036 minime
2500 978 2550 1032 in
2575 977 2678 1033 hoc
2698 981 3094 1035 commentario
3120 978 3502 1051 negligendum

1909 1081 2072 1127 esset.
2103 1072 2198 1127 Est
2227 1082 2406 1128 autem
2449 1072 2757 1142 ejusmodi:
2815 1073 2896 1128 Ea:
2940 1073 3107 1129 Gestis
3133 1115 3148 1139 ,
3193 1089 3308 1143 qua:
3354 1075 3498 1145 apud

1911 1163 2280 1219 Marcellinum
2315 1164 2375 1218 V.
2413 1164 2472 1221 ϐ.
2518 1165 2780 1219 tribunum
2832 1176 2879 1220 et
2920 1168 3174 1220 notarium
3199 1175 3315 1220 acta
3360 1175 3500 1234 sunt,

1907 1273 2024 1327 cap.
2082 1257 2218 1321 188,
2267 1258 2583 1328 Augustinus
2629 1259 2898 1332 episcopus
2947 1259 3193 1315 Ecclesia:
3238 1261 3506 1316 catholica:

1907 1349 2038 1403 dixit
2065 1365 2083 1403 :
2116 1348 2240 1404 Non
2268 1351 2321 1404 in
2348 1348 2644 1405 hominibus
2671 1369 2786 1423 spes
2815 1353 3050 1423 ponenda
3069 1368 3140 1409 cst
3162 1353 3428 1420 Ecclesiaz,
3459 1354 3505 1408 si

1909 1441 2028 1496 boni
2057 1453 2198 1507 sunt,
2232 1459 2414 1513 neque,
2435 1444 2500 1497 'si
2527 1444 2652 1497 mali
2673 1455 2812 1506 sunt,
2835 1444 3126 1514 judicanda
3149 1455 3221 1500 est
3269 1443 3368 1501 Dei
3396 1444 3501 1499 Ec-

1907 1539 2062 1593 clesia
2093 1539 2329 1609 periisse.
2357 1537 2463 1594 Sed
2494 1549 2660 1593 tamen
2705 1539 2940 1608 ipsorum
2995 1557 3203 1594 causam
3248 1552 3506 1607 tamquam

1906 1633 2129 1703 fratrum
2156 1645 2451 1688 nostrorum
2497 1637 2859 1706 suscipimus;
2907 1645 2977 1702 et,
3022 1636 3068 1690 si
3116 1637 3262 1690 nobis
3305 1634 3505 1690 ostendi

1906 1729 2162 1798 potuerint
2194 1729 2482 1796 criminosi,
2508 1730 2656 1786 hodie
2687 1731 2805 1784 illos
2833 1730 3371 1784 anathematizamus:
3401 1745 3502 1783 non

202 1820 436 1876 maxime
461 1820 730 1890 integrum
755 1828 874 1874 erat
895 1819 1101 1874 audire.
1133 1819 1329 1875 Fateor
1359 1836 1464 1874 non
1497 1820 1658 1876 modo
1683 1820 1796 1891 lep-
1830 1819 1875 1878 Β
1905 1831 2071 1876 tamen
2096 1833 2308 1893 propter
2330 1822 2448 1877 illos
2471 1821 2755 1899 Ecclesium
2785 1821 2940 1877 abeo
2962 1822 3268 1892 promissam
3288 1830 3332 1877 et
3355 1820 3504 1877 exhi-

203 1916 457 1986 tologica,
487 1915 582 1970 sed
622 1925 676 1970 et
705 1929 874 1985 pr0pe
904 1915 1224 1983 battologica
1248 1929 1409 1984 posse
1440 1914 1607 1969 videri
1637 1931 1652 1969 :
1677 1916 1801 1985 quia

201 2009 502 2064 recitentur
529 2021 720 2063 omnes
766 2007 1164 2061 Donatistarum
1194 2006 1594 2072 cavillationes,
1625 2022 1690 2062 ac
1735 2025 1802 2064 ne

201 2103 424 2158 verbum
468 2099 686 2171 quidem
716 2096 883 2156 ullum
914 2101 1375 2170 prmtermittatur.
1408 2100 1512 2156 Sed
1544 2100 1803 2156 Ecclesim

201 2209 257 2254 et
282 2196 491 2269 reipub.
522 2195 789 2262 interfuit,
818 2195 1025 2265 singula
1055 2195 1216 2267 351
1245 2211 1309 2249 eo
1344 2193 1503 2249 modo
1531 2195 1800 2250 conscribi

200 2299 361 2361 atque
385 2289 603 2361 exponi.
635 2288 702 2344 Et
720 2296 902 2342 tamen
921 2304 990 2342 ne
1010 2303 1196 2344 eorum
1224 2285 1363 2342 forte
1389 2285 1666 2355 longitudo
1693 2287 1804 2342 lec-

202 2393 347 2440 tores
363 2382 688 2449 deterreret,
705 2380 1033 2452 Augustinus
1050 2381 1321 2451 epitomen
1345 2380 1505 2434 etiam
1527 2380 1805 2449 conscrip-

199 2479 292 2545 sit,
334 2493 490 2548 quam
515 2477 724 2532 vocavit
748 2476 1085 2532 Breviculum
1111 2493 1124 2530 :
1156 2484 1210 2531 et
1231 2490 1416 2531 rursus
1437 2474 1625 2530 eadem
1655 2475 1721 2529 tle
1745 2491 1802 2530 re

200 2571 417 2640 scripsit
441 2571 491 2624 in
520 2570 616 2624 lib.
635 2568 1000 2635 PostCollat.,
1020 2579 1075 2624 et
1095 2569 1328 2639 denique
1355 2585 1422 2624 ex
1453 2568 1660 2641 synodo
1687 2567 1804 2624 Cir-

202 2665 341 2720 tensi
362 2665 607 2720 eamdem
631 2665 999 2738 narrationem
1036 2665 1253 2736 repetit,
1283 2666 1442 2734 epist.
1479 2662 1604 2731 152,
1637 2680 1799 2734 quam

200 2757 417 2827 quidem
447 2758 730 2828 epistolam
764 2757 986 2822 indicat,
1019 2772 1142 2811 cum
1173 2756 1239 2810 ad
1265 2752 1640 2812 Marcellinum
1666 2757 1802 2812 scri-

200 2849 334 2905 bens
364 2851 433 2907 de
475 2851 624 2906 hisce
663 2851 776 2906 suis
822 2849 1101 2905 laboribus
1145 2849 1197 2904 in
1239 2850 1398 2918 epist.
1451 2847 1596 2905 158:
1643 2849 1799 2915 Mihi,

200 2942 396 3014 inquit,
431 2945 531 3016 fuit
569 2943 814 2999 breuiatio
835 2953 1095 3017 gestorum
1128 2941 1433 2997 Collationis
1460 2953 1650 2997 nostra:
1677 2943 1802 2997 satis

197 3050 430 3107 operosa,
460 3051 576 3089 cum
601 3036 820 3089 viderem
850 3035 1105 3089 neminem
1132 3034 1258 3088 velle
1285 3043 1427 3088 tanto
1453 3035 1630 3106 aggeri
1662 3035 1799 3088 litte-

196 3123 377 3183 rarum
418 3129 633 3202 legendo
679 3145 734 3183 se
771 3129 1126 3183 committere:
1171 3129 1304 3183 sicut
1348 3129 1473 3181 mihi
1518 3129 1615 3197 fuit
1648 3129 1800 3183 etiam

1907 1917 2063 1969 bitam
2096 1917 2378 1970 deserimus
2409 1926 2453 1970 et
2476 1917 2827 1986 relinquimus.

1983 2011 2095 2066 Hoc
2130 2012 2487 2082 fragmentum
2518 2021 2571 2066 et
2592 2026 2712 2081 cap.
2742 2011 2842 2066 187
2875 2010 3162 2068 GeStorum
3185 2007 3502 2065 Collationis

1907 2103 2091 2160 deerat
2113 2106 2276 2159 etiam
2309 2105 2360 2158 in
2386 2103 2599 2158 Tiliauo
2620 2103 2942 2173 exemplari,
2970 2101 3112 2173 quod
3170 2101 3354 2156 inultis
3381 2100 3504 2155 aliis

1908 2197 2084 2253 modis
2122 2212 2370 2253 mancum
2424 2208 2480 2253 et
2509 2196 2754 2252 mutilum
2812 2203 2915 2250 est.
2970 2193 3077 2250 Sed
3133 2193 3336 2250 interea
3373 2193 3518 2248 dum'

1907 2290 2360 2358 exapertabimus,
2388 2289 2749 2361 utaliquando
2777 2290 2982 2359 integra
3014 2287 3104 2343 illa
3143 2286 3304 2344 Gesta
3347 2301 3502 2356 repe-

1911 2385 2121 2440 rianlur
2146 2393 2200 2439 et
2222 2385 2472 2453 edantur,
2501 2385 2824 2456 praecipuam
2851 2392 3056 2454 partem
3088 2382 3312 2455 hujusce
3333 2381 3507 2438 Colla-

1907 2477 2072 2532 tionis
2101 2493 2460 2547 exponamus.

1976 2569 2054 2624 Ac
2080 2570 2345 2640 imprimis
2394 2569 2610 2640 quidem
2664 2569 2898 2625 observo
2944 2583 3196 2638 magnum
3254 2574 3310 2623 et
3361 2566 3505 2634 cele-

1906 2663 2058 2718 brem
2088 2663 2256 2719 fuisse
2284 2677 2612 2718 conventum
2666 2679 2787 2718 cum
2835 2662 3091 2718 catholici
3120 2661 3356 2733 episcopi
3400 2661 3503 2716 du-

1905 2758 2046 2812 centi
2065 2766 2119 2813 et
2139 2760 2412 2830 octoginta
2437 2773 2554 2822 sex,
2580 2759 2871 2814 Donatista:
2895 2773 3024 2813 vero
3047 2755 3262 2812 ducenti
3287 2765 3504 2826 septua-

1904 2850 2052 2920 ginta
2107 2865 2304 2907 novem
2351 2853 2750 2908 coavenissent.
2809 2854 2871 2906 Et
2935 2863 3111 2906 tamen
3165 2850 3324 2919 paulo
3376 2858 3505 2904 ante

1905 2945 2076 2999 multo
2098 2946 2282 3015 plures
2339 2945 2631 3000 Donatista:
2685 2955 3052 3000 convenerant
3115 2945 3167 3000 in
3225 2941 3503 3013 Bagaiensi

1904 3037 2136 3092 concilio
2162 3039 2425 3092 adversus
2448 3052 2577 3092 suos
2605 3037 3048 3103 lllaximiauistas,
3066 3037 3292 3092 alteram
3327 3035 3504 3090 Dona-

1906 3130 2152 3185 tistarum
2180 3140 2404 3185 sectam.
2438 3129 2591 3185 Adeo
2641 3130 2692 3185 in
2739 3129 2920 3184 Africa
2969 3130 3268 3184 invaluerat
3309 3127 3503 3183 Donati

198 3224 420 3293 cpistola
449 3224 516 3278 ad
545 3225 684 3296 ipsos
728 3224 890 3279 laicos
933 3223 1236 3278 Donatistas
1262 3224 1325 3278 de
1355 3224 1451 3278 hac
1479 3225 1653 3278 eadem
1682 3224 1802 3280 Col-
1829 3217 1874 3280 C
1906 3223 2159 3278 soboles:
2194 3238 2370 3294 neque
2393 3223 2589 3278 nonde
2611 3218 2708 3277 sua
2736 3222 3082 3277 multitudine
3101 3222 3176 3276 illi
3200 3202 3504 3291 gloriaban-

197 3319 388 3374 latione
415 3328 607 3374 nostra.
641 3319 843 3376 Scribit
869 3329 1050 3375 autem
1095 3319 1160 3374 ad
1189 3298 1580 3386 Marcellinum,
1612 3331 1666 3374 ιιι
1698 3339 1800 3391 ιιιισ

196 3413 463 3468 blicenlur
490 3424 640 3483 gesta
671 3414 720 3467 in
763 3427 924 3466 causa
973 3413 1329 3484 quorumdam
1362 3414 1658 3469 crudelium
1693 3415 1801 3470 Do-

195 3505 514 3560 natistarum
548 3507 597 3559 in
620 3504 827 3576 judicio
859 3499 1255 3561 conviciorum.
1305 3506 1437 3562 Nam
1469 3517 1521 3562 et
1553 3507 1675 3563 talia
1707 3523 1794 3562 re.

192 3599 345 3653 citari
393 3614 490 3668 per
527 3613 720 3653 omnes
759 3597 1037 3654 Ecclesias
1077 3606 1229 3668 optat
1275 3615 1381 3655 non
1414 3601 1593 3655 minus
1635 3617 1795 3671 quam

191 3700 338 3764 gesta
366 3692 538 3764 ipsius
563 3691 904 3748 Collationis.
937 3693 1088 3748 Adeo
1123 3692 1346 3748 historia
1395 3695 1792 3750 Donatistarum

192 3786 305 3839 visa
333 3795 415 3842 est
436 3786 617 3857 digna,
644 3802 764 3858 qua?
789 3788 1170 3843 inculcaretur.
1193 3786 1381 3844 Obiter
1403 3797 1579 3843 autem
1602 3788 1792 3846 admo-

188 3895 312 3943 neo,
349 3881 460 3935 falli
492 3881 799 3947 Erasmum,
847 3882 937 3953 qui
971 3884 1022 3936 in
1062 3892 1382 3951 argumento
1409 3882 1528 3952 ejus
1550 3883 1614 3938 ad
1647 3883 1790 3938 Mar-

189 3973 445 4030 cellinum
475 3975 721 4045 epistolae
764 3984 1012 4040 annotat,
1045 3975 1404 4048 Augustinum
1433 3975 1501 4031 ad
1550 3975 1787 4032 Marcell.

191 4079 395 4136 petere,
429 4080 484 4123 ut
531 4085 653 4141 quae
693 4071 956 4125 adversus
987 4070 1293 4124 Donatistas
1335 4069 1388 4124 in
1418 4070 1650 4124 concilio
1679 4070 1794 4140 epi-

186 4178 473 4232 sc0porum
496 4163 714 4220 decreta
741 4174 886 4228 sunt,
915 4165 1279 4234 publicentur.
1301 4162 1462 4220 Certe
1489 4165 1542 4218 in
1559 4165 1790 4220 concilio

183 4259 563 4330 episcoporum
615 4275 720 4314 non
759 4260 1154 4314 decernebatur
1195 4259 1336 4330 quod
1383 4274 1479 4327 pro
1535 4261 1789 4316 tribunali

185 4351 505 4408 Marcellini.
553 4352 720 4408 Porro
769 4361 824 4408 ut
853 4352 1124 4422 gaudebat
1165 4353 1497 4422 Augustinus
1527 4351 1785 4407 Marcelli-

184 4461 312 4500 num
336 4443 655 4500 Collationis
675 4447 1010 4517 cognitorem
1045 4445 1228 4506 fuisse,
1255 4446 1333 4498 sic
1361 4453 1417 4498 et
1447 4443 1782 4500 Bonifaciqu

180 4539 449 4595 Comitem
491 4537 708 4608 optabat
742 4539 863 4608 ejus
895 4539 1175 4593 historiam
1207 4550 1556 4607 cognoscere.
1600 4535 1784 4608 Itaque

1905 3324 1991 3370 tur
2021 3331 2130 3370 non
2162 3315 2340 3370 minus
2371 3331 2528 3387 quam
2562 3316 2696 3370 alias
2717 3317 2785 3370 de
2810 3331 2903 3369 sua
2929 3315 3220 3386 paucitate.
3251 3311 3503 3384 Augusti-

1903 3423 2006 3462 nus
2039 3409 2292 3464 vanitatis
2314 3424 2408 3465 eos
2433 3409 2763 3480 redarguere
2792 3408 2924 3475 \ult,
2944 3411 3063 3477 quia
3085 3407 3355 3477 jactarent
3380 3419 3502 3460 sese

1899 3516 2024 3558 esse
2055 3503 2333 3574 plusquam
2356 3502 2848 3574 quadringentosjin
2877 3503 3055 3557 Africa
3077 3501 3362 3555 antistites.
3391 3498 3500 3555 Sed

1899 3594 1946 3649 si
1963 3610 2094 3651 suos
2112 3595 2538 3651 Maximiauistas
2561 3597 2661 3651 sibi
2684 3596 2901 3666 adjnngi
2929 3595 3289 3662 patiebantur,
3311 3608 3499 3648 revera

1901 3696 2058 3742 erant
2091 3689 2371 3759 plusquam
2400 3689 2800 3760 quadringenti.
2836 3687 3258 3742 Maxitnianistas
3291 3697 3496 3751 autem,

1899 3783 1994 3854 qui
2035 3799 2140 3838 non
2174 3784 2352 3839 minus
2407 3784 2666 3854 optabant
2710 3781 3145 3838 huictlollationi
3207 3782 3496 3845 interesse,

1900 3892 2060 3947 quam
2092 3878 2284 3949 reliqui
2319 3878 2614 3933 Donatista:
2640 3892 2760 3934 eam
2782 3876 3138 3947 refugiebant,
3189 3891 3294 3928 non
3334 3872 3496 3928 modo

1897 3971 2191 4027 Donatisue
2220 3972 2550 4042 rejecerunt,
2607 3972 2702 4027 sed
2734 3983 2787 4026 et
2816 3970 3076 4026 Catholici
3126 3971 3491 4024 excluserunt.

1895 4064 2005 4119 Cur
2036 4063 2088 4119 id
2114 4066 2308 4120 factum
2341 4066 2433 4133 sit,
2481 4057 2684 4120 indicat
2709 4063 3041 4135 Augustinus
3069 4063 3121 4116 in
3170 4062 3306 4117 libro
3332 4062 3492 4117 tertio

1895 4170 2082 4214 contra
2114 4157 2417 4214 lulianum:
2445 4158 2737 4232 Cupientes,
2768 4157 2958 4228 inquit,
2984 4156 3314 4228 exiguitatem
3341 4172 3488 4210 suant

1892 4253 2101 4306 nomine
2124 4251 2302 4306 saltem
2325 4253 2624 4308 certaminis
2650 4250 2931 4318 consolari,
2964 4262 3010 4306 et
3040 4252 3152 4304 ideo
3197 4251 3359 4304 uideri
3386 4251 3491 4304 ali-

1891 4345 2018 4413 quid
2045 4345 2184 4416 apud
2209 4362 2297 4400 eos
2350 4346 2536 4416 quibus
2580 4345 2982 4415 contemptibiles
3002 4352 3177 4407 erant,
3208 4344 3330 4414 quia
3357 4343 3491 4398 inire

1890 4439 2156 4492 nobiscum
2183 4439 2469 4492 sinerentur
2489 4455 2724 4503 examen,
2750 4438 3136 4508 interpellantes
3163 4452 3247 4490 eos
3269 4446 3314 4488 et
3345 4435 3492 4489 libel-

1891 4533 2002 4587 lum
2029 4532 2208 4586 dantes
2240 4543 2673 4603 provocantesque
2697 4532 3112 4598 contempsimus.
3146 4529 3316 4602 Magis
3354 4530 3490 4584 enim

179 4631 249 4686 ad
279 4647 403 4686 eum
451 4629 694 4685 scribens
723 4630 884 4702 epist.
916 4627 987 4684 50
1016 4647 1028 4683 :
1082 4628 1358 4695 Quoniam,
1407 4628 1600 4696 inquit,
1632 4628 1783 4683 ualde
1809 4614 1863 4676 D
1889 4625 1953 4679 de
1983 4625 2262 4680 certamine
2302 4623 2560 4679 nominari
2609 4622 2990 4688 desiderabant,
3039 4639 3192 4693 quam
3237 4623 3490 4696 formida-

179 4725 388 4797 prolixa
423 4733 540 4778 sunt
569 4736 730 4797 gesta,
757 4734 802 4778 et
830 4723 920 4776 tibi
944 4723 1064 4776 aliis
1087 4723 1234 4777 rebus
1267 4720 1514 4777 Romana:
1547 4723 1665 4796 paci
1693 4740 1781 4778 ne-

177 4817 416 4872 cessat-iis
447 4826 715 4888 occupato,
755 4815 974 4869 multant
997 4825 1070 4868 est
1093 4825 1148 4868 ut
1179 4814 1435 4888 legantur,
1473 4817 1779 4871 breviarium

175 4925 355 4964 eorum
399 4908 490 4962 tibi
528 4909 630 4981 legi
657 4909 861 4973 poterit.
913 4907 1053 4976 Quid
1086 4907 1308 4963 multis?
1348 4907 1691 4964 Existimavit
1722 4910 1775 4966 in

174 5003 240 5058 iis
270 5003 430 5058 sitam
475 5017 597 5058 esse
648 5001 902 5058 Ecclesia:
933 5003 1241 5057 victoriam.
1291 5001 1474 5073 Itaque
1514 5003 1566 5057 in
1613 5004 1772 5072 epist.

172 5097 282 5154 204
315 5095 382 5150 ad
425 5094 723 5166 quemdam
751 5095 1125 5160 Donatistam:
1162 5092 1430 5160 Prtestitit,
1451 5094 1643 5165 inquit,
1673 5095 1773 5149 mi-

169 5188 460 5245 sericordia
491 5185 605 5254 Dei,
641 5200 697 5242 ut
719 5196 764 5242 et
789 5204 881 5242 nos
903 5198 950 5242 et
961 5187 1188 5260 episcopi
1216 5189 1365 5242 vestri
1391 5197 1496 5242 tam
1519 5190 1775 5262 frequenti

169 5297 552 5351 numerosoque
596 5290 843 5335 conventu
881 5279 1240 5355 Carthaginem
1272 5283 1580 5348 veniremus,
1625 5295 1776 5349 atque

165 5377 304 5430 inter
324 5391 419 5429 nos
445 5373 510 5427 de
523 5374 638 5446 ipsa
658 5373 972 5427 dissensione
993 5371 1376 5428 ordinatissime
1400 5378 1770 5447 conferremus.

165 5469 330 5527 Gesta
358 5467 646 5540 conscripta
679 5475 817 5532 sunt,
849 5477 1036 5521 nostra:
1074 5469 1231 5522 etiam
1264 5467 1661 5540 subscriptiones
1699 5479 1774 5525 tc-

162 5574 378 5618 nentur.
409 5560 543 5633 Lege
568 5561 646 5617 vel
672 5571 848 5632 patere
878 5570 930 5614 ut
957 5560 1046 5614 tibi
1074 5561 1312 5633 legantur
1339 5578 1357 5617 :
1387 5573 1435 5619 et
1481 5576 1599 5619 tunc
1639 5563 1770 5637 elige

160 5657 309 5730 quod
328 5655 573 5713 uolueris.

240 5751 390 5809 Sane
418 5767 541 5807 cum
562 5766 726 5823 super
754 5748 1060 5806 incidissem
1092 5749 1144 5806 in
1175 5750 1309 5807 Acta
1362 5751 1576 5809 concilii
1626 5753 1771 5810 Con-

162 5842 648 5912 stantinopolitani
669 5841 919 5912 secundi,
949 5841 1090 5914 quod
1123 5840 1410 5902 Justiniani
1440 5846 1610 5903 nostri
1637 5854 1771 5903 tem-

1891 4719 2014 4775 bant
2043 4721 2098 4774 in
2124 4721 2399 4774 certamine
2420 4720 2650 4792 superari
2679 4735 2698 4772 .·
2720 4735 2808 4773 nec
2835 4718 3108 4782 sperabant
3125 4719 3351 4773 victoria:
3373 4718 3486 4791 glo-

1882 4815 2039 4879 riam,
2068 4814 2159 4870 sed
2187 4818 2383 4888 famam
2405 4814 2726 4885 requirebant
2748 4813 3074 4881 Collationis,
3103 4815 3224 4885 quia
3248 4815 3483 4869 multitu-

1883 4909 2021 4963 dinis
2044 4925 2144 4963 non
2173 4909 2442 4963 habebant.

1953 5001 2080 5056 Hmc
2105 5001 2196 5056 ille
2229 5019 2241 5054 :
2276 5001 2366 5071 qui
2419 4999 2547 5056 inde
2574 5001 2765 5071 probat
2798 5015 2904 5056 non
2949 5017 3071 5057 esse
3116 5017 3480 5075 consequens,

1881 5105 1938 5150 ut
1961 5096 2048 5166 qui
2081 5095 2333 5150 conferre
2363 5095 2414 5150 in
2441 5095 2622 5166 aliquo
2638 5096 2844 5167 judicio
2875 5097 3060 5152 volunt
3086 5113 3186 5154 nec
3205 5098 3477 5163 sinuntur,

1881 5187 2066 5260 putari
2096 5188 2330 5246 debeant
2359 5191 2426 5245 de
2454 5191 2682 5245 veritate
2723 5189 2998 5247 confidere
3030 5210 3043 5245 :
3107 5192 3266 5262 idque
3293 5191 3479 5260 objicit

1881 5283 2208 5354 Pelagianis,
2232 5285 2323 5355 qui
2351 5300 2472 5340 cum
2492 5278 2601 5356 jam
2636 5287 2872 5341 damnati
2901 5286 2952 5340 in
2997 5285 3226 5340 concilio
3265 5284 3479 5353 episeo-

1879 5392 2067 5448 porum
2101 5377 2350 5446 fuissent,
2375 5377 2653 5448 jaCIabaut
2673 5379 2931 5447 quasdam
2957 5377 3164 5432 litteras
3184 5376 3476 5448 imperato-

1875 5473 2008 5542 rias,
2065 5488 2131 5528 ex
2183 5473 2382 5545 quibus
2431 5475 2496 5527 ad
2549 5487 2741 5528 novam
2790 5469 3144 5527 Collationem
3173 5471 3472 5527 catholicos

1877 5568 2270 5638 provocabunt,
2305 5583 2532 5640 eamque
2560 5567 2854 5623 Catholicis
2881 5568 3280 5634 recusantibus,
3301 5568 3474 5623 victo-

1875 5676 1964 5718 res
1993 5676 2053 5716 se
2075 5677 2196 5717 esse
2219 5661 2416 5717 stolide
2439 5661 2825 5733 gloriabantur.

1950 5753 2122 5810 Porro
2151 5771 2310 5826 quam
2342 5757 2488 5810 ultro
2523 5769 2644 5810 sese
2693 5753 2988 5808 offerebant
3040 5753 3468 5821 Maximianisue,

1883 5831 1974 5922 qui
2007 5849 2208 5922 repulsi
2249 5859 2396 5918 sunt,
2438 5859 2546 5905 tant
2573 5848 2766 5921 reliqui
2799 5847 3114 5922 Donatistae,
3145 5849 3233 5919 qui
3260 5849 3474 5906 restita-
