  <div class='ocr_page' id='page_1' title='image "/cluster/home/n/w/nwhite01/storage/ocr_20150623/11/hvd.32044015471287/739.png"; bbox 0 0 3996 6332; ppageno 0'>
   <div class='ocr_carea' id='block_1_1' title="bbox 555 256 691 315">
    <p class='ocr_par' dir='ltr' id='par_1_1' title="bbox 555 256 691 315">
     <span class='ocr_line' id='line_1_1' title="bbox 555 256 691 315; baseline 0 0"><span class='ocrx_word' id='word_1_1' title='bbox 555 256 691 315; x_wconf 66' lang='grc' dir='ltr'>μοι</span> 
     </span>
    </p>
   </div>
   <div class='ocr_carea' id='block_1_2' title="bbox 2045 244 2416 317">
    <p class='ocr_par' dir='ltr' id='par_1_2' title="bbox 2045 244 2416 317">
     <span class='ocr_line' id='line_1_2' title="bbox 2045 244 2416 317; baseline 0.005 -2"><span class='ocrx_word' id='word_1_2' title='bbox 2045 244 2416 317; x_wconf 69' lang='lat' dir='ltr'><strong>APPINDIX.</strong></span> 
     </span>
    </p>
   </div>
   <div class='ocr_carea' id='block_1_3' title="bbox 3621 272 3725 329">
    <p class='ocr_par' dir='ltr' id='par_1_3' title="bbox 3621 272 3725 329">
     <span class='ocr_line' id='line_1_3' title="bbox 3621 272 3725 329; baseline -0.019 0"><span class='ocrx_word' id='word_1_3' title='bbox 3621 272 3725 329; x_wconf 73' lang='lat' dir='ltr'><strong>N63</strong></span> 
     </span>
    </p>
   </div>
   <div class='ocr_carea' id='block_1_4' title="bbox 546 368 3727 448">
    <p class='ocr_par' dir='ltr' id='par_1_4' title="bbox 546 368 3727 448">
     <span class='ocr_line' id='line_1_4' title="bbox 546 368 3727 448; baseline 0.003 -22"><span class='ocrx_word' id='word_1_4' title='bbox 546 369 701 437; x_wconf 88' lang='lat' dir='ltr'><strong>bant,</strong></span> <span class='ocrx_word' id='word_1_5' title='bbox 733 368 1101 425; x_wconf 80' lang='lat' dir='ltr'><strong>invitabantur</strong></span> <span class='ocrx_word' id='word_1_6' title='bbox 1124 386 1137 423; x_wconf 90' lang='lat'><strong>:</strong></span> <span class='ocrx_word' id='word_1_7' title='bbox 1164 376 1221 426; x_wconf 87' lang='lat' dir='ltr'><strong>et</strong></span> <span class='ocrx_word' id='word_1_8' title='bbox 1249 368 1384 425; x_wconf 90' lang='lat' dir='ltr'><strong>utin</strong></span> <span class='ocrx_word' id='word_1_9' title='bbox 1416 368 1503 425; x_wconf 83' lang='lat' dir='ltr'><strong>bis</strong></span> <span class='ocrx_word' id='word_1_10' title='bbox 1538 368 1832 425; x_wconf 81' lang='lat' dir='ltr'><strong>evocandis</strong></span> <span class='ocrx_word' id='word_1_11' title='bbox 1856 368 2146 442; x_wconf 80' lang='lat' dir='ltr'><strong>cogendis-</strong></span> <span class='ocrx_word' id='word_1_12' title='bbox 2173 372 2223 433; x_wconf 81' lang='grc' dir='ltr'><strong>Α</strong></span> <span class='ocrx_word' id='word_1_13' title='bbox 2251 384 2374 426; x_wconf 88' lang='lat' dir='ltr'><strong>cum</strong></span> <span class='ocrx_word' id='word_1_14' title='bbox 2404 369 2692 441; x_wconf 80' lang='lat' dir='ltr'><strong>episcopus</strong></span> <span class='ocrx_word' id='word_1_15' title='bbox 2718 378 2885 441; x_wconf 85' lang='lat' dir='ltr'><strong>esset,</strong></span> <span class='ocrx_word' id='word_1_16' title='bbox 2908 370 3125 444; x_wconf 85' lang='lat' dir='ltr'><strong>publice</strong></span> <span class='ocrx_word' id='word_1_17' title='bbox 3147 371 3347 435; x_wconf 81' lang='lat' dir='ltr'><strong>recitari</strong></span> <span class='ocrx_word' id='word_1_18' title='bbox 3360 374 3528 448; x_wconf 67' lang='lat' dir='ltr'><strong>sepius</strong></span> <span class='ocrx_word' id='word_1_19' title='bbox 3539 375 3727 443; x_wconf 69' lang='lat' dir='ltr'><strong>Canaces</strong></span> 
     </span>
    </p>
   </div>
   <div class='ocr_carea' id='block_1_5' title="bbox 549 459 2152 540">
    <p class='ocr_par' dir='ltr' id='par_1_5' title="bbox 549 459 2152 540">
     <span class='ocr_line' id='line_1_5' title="bbox 549 459 2152 540; baseline -0.001 -21"><span class='ocrx_word' id='word_1_20' title='bbox 549 479 659 540; x_wconf 84' lang='lat' dir='ltr'><strong>que</strong></span> <span class='ocrx_word' id='word_1_21' title='bbox 702 464 932 520; x_wconf 82' lang='lat' dir='ltr'><strong>multum</strong></span> <span class='ocrx_word' id='word_1_22' title='bbox 957 463 1157 534; x_wconf 89' lang='lat' dir='ltr'><strong>negotii</strong></span> <span class='ocrx_word' id='word_1_23' title='bbox 1187 459 1286 518; x_wconf 83' lang='lat' dir='ltr'><strong>iuit</strong></span> <span class='ocrx_word' id='word_1_24' title='bbox 1311 482 1325 518; x_wconf 89' lang='lat'><strong>:</strong></span> <span class='ocrx_word' id='word_1_25' title='bbox 1355 463 1435 519; x_wconf 87' lang='lat' dir='ltr'><strong>sic</strong></span> <span class='ocrx_word' id='word_1_26' title='bbox 1460 462 1646 528; x_wconf 89' lang='lat' dir='ltr'><strong>etiam,</strong></span> <span class='ocrx_word' id='word_1_27' title='bbox 1674 476 1798 518; x_wconf 86' lang='lat' dir='ltr'><strong>cum</strong></span> <span class='ocrx_word' id='word_1_28' title='bbox 1824 462 1937 535; x_wconf 87' lang='lat' dir='ltr'><strong>jam</strong></span> <span class='ocrx_word' id='word_1_29' title='bbox 1973 462 2152 518; x_wconf 86' lang='lat' dir='ltr'><strong>venis-</strong></span> 
     </span>
    </p>
   </div>
   <div class='ocr_carea' id='block_1_6' title="bbox 554 554 2155 629">
    <p class='ocr_par' dir='ltr' id='par_1_6' title="bbox 554 554 2155 629">
     <span class='ocr_line' id='line_1_6' title="bbox 554 554 2155 629; baseline -0.003 -11"><span class='ocrx_word' id='word_1_30' title='bbox 554 554 701 627; x_wconf 82' lang='lat' dir='ltr'><strong>sent,</strong></span> <span class='ocrx_word' id='word_1_31' title='bbox 760 559 814 614; x_wconf 89' lang='lat' dir='ltr'><strong>in</strong></span> <span class='ocrx_word' id='word_1_32' title='bbox 860 557 1244 629; x_wconf 78' lang='lat' dir='ltr'><strong>pertrahendis</strong></span> <span class='ocrx_word' id='word_1_33' title='bbox 1288 557 1358 613; x_wconf 89' lang='lat' dir='ltr'><strong>ad</strong></span> <span class='ocrx_word' id='word_1_34' title='bbox 1402 556 1765 613; x_wconf 82' lang='lat' dir='ltr'><strong>Collationem</strong></span> <span class='ocrx_word' id='word_1_35' title='bbox 1790 599 1808 625; x_wconf 96' lang='lat'><strong>,</strong></span> <span class='ocrx_word' id='word_1_36' title='bbox 1863 558 1981 629; x_wconf 89' lang='lat' dir='ltr'><strong>ejus</strong></span> <span class='ocrx_word' id='word_1_37' title='bbox 2026 556 2155 613; x_wconf 88' lang='lat' dir='ltr'><strong>licet</strong></span> 
     </span>
    </p>
   </div>
   <div class='ocr_carea' id='block_1_7' title="bbox 554 650 2153 727">
    <p class='ocr_par' dir='ltr' id='par_1_7' title="bbox 554 650 2153 727">
     <span class='ocr_line' id='line_1_7' title="bbox 554 650 2153 727; baseline -0.003 -15"><span class='ocrx_word' id='word_1_38' title='bbox 554 654 882 727; x_wconf 65' lang='lat' dir='ltr'><strong>aequissimas</strong></span> <span class='ocrx_word' id='word_1_39' title='bbox 910 652 1259 711; x_wconf 88' lang='lat' dir='ltr'><strong>conditiones</strong></span> <span class='ocrx_word' id='word_1_40' title='bbox 1283 662 1736 722; x_wconf 72' lang='lat' dir='ltr'><strong>proponerentur.</strong></span> <span class='ocrx_word' id='word_1_41' title='bbox 1762 650 2025 725; x_wconf 80' lang='lat' dir='ltr'><strong>Lepidum</strong></span> <span class='ocrx_word' id='word_1_42' title='bbox 2056 667 2153 707; x_wconf 59' lang='lat' dir='ltr'><strong>auc</strong></span> 
     </span>
    </p>
   </div>
   <div class='ocr_carea' id='block_1_8' title="bbox 549 743 2155 819">
    <p class='ocr_par' dir='ltr' id='par_1_8' title="bbox 549 743 2155 819">
     <span class='ocr_line' id='line_1_8' title="bbox 549 743 2155 819; baseline -0.004 -14"><span class='ocrx_word' id='word_1_43' title='bbox 549 756 663 805; x_wconf 83' lang='lat' dir='ltr'><strong>tem</strong></span> <span class='ocrx_word' id='word_1_44' title='bbox 693 756 796 815; x_wconf 87' lang='lat' dir='ltr'><strong>est,</strong></span> <span class='ocrx_word' id='word_1_45' title='bbox 827 746 970 819; x_wconf 90' lang='lat' dir='ltr'><strong>quod</strong></span> <span class='ocrx_word' id='word_1_46' title='bbox 1003 762 1125 803; x_wconf 86' lang='lat' dir='ltr'><strong>eum</strong></span> <span class='ocrx_word' id='word_1_47' title='bbox 1154 745 1497 802; x_wconf 74' lang='lat' dir='ltr'><strong>Marcellinus</strong></span> <span class='ocrx_word' id='word_1_48' title='bbox 1525 745 1577 800; x_wconf 89' lang='lat' dir='ltr'><strong>in</strong></span> <span class='ocrx_word' id='word_1_49' title='bbox 1600 759 1701 800; x_wconf 81' lang='lat' dir='ltr'><strong>sue</strong></span> <span class='ocrx_word' id='word_1_50' title='bbox 1724 746 2021 800; x_wconf 86' lang='lat' dir='ltr'><strong>secretario</strong></span> <span class='ocrx_word' id='word_1_51' title='bbox 2037 743 2155 799; x_wconf 88' lang='lat' dir='ltr'><strong>sive</strong></span> 
     </span>
    </p>
   </div>
   <div class='ocr_carea' id='block_1_9' title="bbox 555 838 2153 911">
    <p class='ocr_par' dir='ltr' id='par_1_9' title="bbox 555 838 2153 911">
     <span class='ocr_line' id='line_1_9' title="bbox 555 838 2153 911; baseline -0.002 -13"><span class='ocrx_word' id='word_1_52' title='bbox 555 842 848 909; x_wconf 88' lang='lat' dir='ltr'><strong>auditorio,</strong></span> <span class='ocrx_word' id='word_1_53' title='bbox 881 840 1101 897; x_wconf 83' lang='lat' dir='ltr'><strong>honoris</strong></span> <span class='ocrx_word' id='word_1_54' title='bbox 1122 854 1309 907; x_wconf 84' lang='lat' dir='ltr'><strong>eausa,</strong></span> <span class='ocrx_word' id='word_1_55' title='bbox 1339 848 1556 911; x_wconf 82' lang='lat' dir='ltr'><strong>rogaret</strong></span> <span class='ocrx_word' id='word_1_56' title='bbox 1583 838 1913 904; x_wconf 82' lang='lat' dir='ltr'><strong>Donatistas,</strong></span> <span class='ocrx_word' id='word_1_57' title='bbox 1964 846 2023 895; x_wconf 90' lang='lat' dir='ltr'><strong>ut</strong></span> <span class='ocrx_word' id='word_1_58' title='bbox 2060 853 2153 895; x_wconf 86' lang='lat' dir='ltr'><strong>se-</strong></span> 
     </span>
    </p>
   </div>
   <div class='ocr_carea' id='block_1_10' title="bbox 553 932 2156 999">
    <p class='ocr_par' dir='ltr' id='par_1_10' title="bbox 553 932 2156 999">
     <span class='ocr_line' id='line_1_10' title="bbox 553 932 2156 999; baseline -0.003 -5"><span class='ocrx_word' id='word_1_59' title='bbox 553 938 766 999; x_wconf 87' lang='lat' dir='ltr'><strong>derent,</strong></span> <span class='ocrx_word' id='word_1_60' title='bbox 792 936 953 991; x_wconf 87' lang='lat' dir='ltr'><strong>sicuti</strong></span> <span class='ocrx_word' id='word_1_61' title='bbox 972 934 1234 991; x_wconf 78' lang='lat' dir='ltr'><strong>Catholici</strong></span> <span class='ocrx_word' id='word_1_62' title='bbox 1263 932 1553 998; x_wconf 81' lang='lat' dir='ltr'><strong>sedebant,</strong></span> <span class='ocrx_word' id='word_1_63' title='bbox 1586 932 1666 989; x_wconf 89' lang='lat' dir='ltr'><strong>illi</strong></span> <span class='ocrx_word' id='word_1_64' title='bbox 1708 932 2014 989; x_wconf 88' lang='lat' dir='ltr'><strong>recusando</strong></span> <span class='ocrx_word' id='word_1_65' title='bbox 2065 948 2156 989; x_wconf 87' lang='lat' dir='ltr'><strong>re-</strong></span> 
     </span>
    </p>
   </div>
   <div class='ocr_carea' id='block_1_11' title="bbox 563 1023 2153 1101">
    <p class='ocr_par' dir='ltr' id='par_1_11' title="bbox 563 1023 2153 1101">
     <span class='ocr_line' id='line_1_11' title="bbox 563 1023 2153 1101; baseline -0.002 -17"><span class='ocrx_word' id='word_1_66' title='bbox 563 1029 900 1101; x_wconf 87' lang='lat' dir='ltr'><strong>sponderunt</strong></span> <span class='ocrx_word' id='word_1_67' title='bbox 938 1029 1201 1099; x_wconf 82' lang='lat' dir='ltr'><strong>scriptum</strong></span> <span class='ocrx_word' id='word_1_68' title='bbox 1249 1028 1303 1082; x_wconf 91' lang='lat' dir='ltr'><strong>in</strong></span> <span class='ocrx_word' id='word_1_69' title='bbox 1329 1027 1547 1098; x_wconf 81' lang='lat' dir='ltr'><strong>psalmo</strong></span> <span class='ocrx_word' id='word_1_70' title='bbox 1586 1042 1767 1082; x_wconf 77' lang='lat' dir='ltr'><strong>xxxvr</strong></span> <span class='ocrx_word' id='word_1_71' title='bbox 1815 1041 1941 1083; x_wconf 79' lang='lat' dir='ltr'><strong>esse</strong></span> <span class='ocrx_word' id='word_1_72' title='bbox 1966 1068 1982 1094; x_wconf 94' lang='lat'><strong>,</strong></span> <span class='ocrx_word' id='word_1_73' title='bbox 2024 1023 2153 1081; x_wconf 76' lang='lat' dir='ltr'><strong>Cum</strong></span> 
     </span>
    </p>
   </div>
   <div class='ocr_carea' id='block_1_12' title="bbox 554 1119 2150 1194">
    <p class='ocr_par' dir='ltr' id='par_1_12' title="bbox 554 1119 2150 1194">
     <span class='ocr_line' id='line_1_12' title="bbox 554 1119 2150 1194; baseline -0.001 -17"><span class='ocrx_word' id='word_1_74' title='bbox 554 1122 726 1194; x_wconf 78' lang='lat' dir='ltr'><strong>impiis</strong></span> <span class='ocrx_word' id='word_1_75' title='bbox 752 1137 853 1176; x_wconf 74' lang='lat' dir='ltr'><strong>non</strong></span> <span class='ocrx_word' id='word_1_76' title='bbox 877 1120 1062 1177; x_wconf 76' lang='lat' dir='ltr'><strong>sedebo</strong></span> <span class='ocrx_word' id='word_1_77' title='bbox 1085 1137 1106 1176; x_wconf 91' lang='lat'><strong><em>:</em></strong></span> <span class='ocrx_word' id='word_1_78' title='bbox 1134 1121 1380 1192; x_wconf 88' lang='lat' dir='ltr'><strong>apposite</strong></span> <span class='ocrx_word' id='word_1_79' title='bbox 1403 1134 1534 1176; x_wconf 86' lang='lat' dir='ltr'><strong>vero</strong></span> <span class='ocrx_word' id='word_1_80' title='bbox 1561 1120 1730 1175; x_wconf 79' lang='lat' dir='ltr'><strong>nostri</strong></span> <span class='ocrx_word' id='word_1_81' title='bbox 1788 1119 2150 1189; x_wconf 86' lang='lat' dir='ltr'><strong>repiicarunt,</strong></span> 
     </span>
    </p>
   </div>
   <div class='ocr_carea' id='block_1_13' title="bbox 554 1212 2151 1285">
    <p class='ocr_par' dir='ltr' id='par_1_13' title="bbox 554 1212 2151 1285">
     <span class='ocr_line' id='line_1_13' title="bbox 554 1212 2151 1285; baseline 0.002 -18"><span class='ocrx_word' id='word_1_82' title='bbox 554 1214 668 1285; x_wconf 82' lang='lat' dir='ltr'><strong>jam</strong></span> <span class='ocrx_word' id='word_1_83' title='bbox 699 1228 797 1271; x_wconf 89' lang='lat' dir='ltr'><strong>eos</strong></span> <span class='ocrx_word' id='word_1_84' title='bbox 823 1225 1000 1270; x_wconf 85' lang='lat' dir='ltr'><strong>tamen</strong></span> <span class='ocrx_word' id='word_1_85' title='bbox 1034 1214 1253 1280; x_wconf 79' lang='lat' dir='ltr'><strong>iecisse,</strong></span> <span class='ocrx_word' id='word_1_86' title='bbox 1278 1213 1423 1284; x_wconf 85' lang='lat' dir='ltr'><strong>quod</strong></span> <span class='ocrx_word' id='word_1_87' title='bbox 1448 1214 1502 1267; x_wconf 91' lang='lat' dir='ltr'><strong>in</strong></span> <span class='ocrx_word' id='word_1_88' title='bbox 1535 1212 1726 1269; x_wconf 89' lang='lat' dir='ltr'><strong>eodem</strong></span> <span class='ocrx_word' id='word_1_89' title='bbox 1752 1213 1958 1284; x_wconf 87' lang='lat' dir='ltr'><strong>psalmo</strong></span> <span class='ocrx_word' id='word_1_90' title='bbox 1984 1213 2151 1271; x_wconf 80' lang='lat' dir='ltr'><strong>David</strong></span> 
     </span>
    </p>
   </div>
   <div class='ocr_carea' id='block_1_14' title="bbox 561 1306 2150 1379">
    <p class='ocr_par' dir='ltr' id='par_1_14' title="bbox 561 1306 2150 1379">
     <span class='ocr_line' id='line_1_14' title="bbox 561 1306 2150 1379; baseline -0.001 -15"><span class='ocrx_word' id='word_1_91' title='bbox 561 1306 776 1379; x_wconf 82' lang='lat' dir='ltr'><strong>subjicit</strong></span> <span class='ocrx_word' id='word_1_92' title='bbox 812 1322 827 1361; x_wconf 74' lang='grc' dir='ltr'><strong>ι</strong></span> <span class='ocrx_word' id='word_1_93' title='bbox 880 1318 928 1364; x_wconf 83' lang='lat' dir='ltr'><strong>st</strong></span> <span class='ocrx_word' id='word_1_94' title='bbox 956 1321 1072 1361; x_wconf 77' lang='lat' dir='ltr'><strong>cum</strong></span> <span class='ocrx_word' id='word_1_95' title='bbox 1103 1306 1292 1378; x_wconf 70' lang='lat' dir='ltr'><strong>iniquis</strong></span> <span class='ocrx_word' id='word_1_96' title='bbox 1338 1322 1440 1363; x_wconf 76' lang='lat' dir='ltr'><strong>non</strong></span> <span class='ocrx_word' id='word_1_97' title='bbox 1467 1306 1749 1378; x_wconf 73' lang='lat' dir='ltr'><strong>ingrediar.</strong></span> <span class='ocrx_word' id='word_1_98' title='bbox 1793 1306 1900 1363; x_wconf 90' lang='lat' dir='ltr'><strong>Sed</strong></span> <span class='ocrx_word' id='word_1_99' title='bbox 1944 1306 2150 1362; x_wconf 52' lang='lat' dir='ltr'><strong>addet»</strong></span> 
     </span>
    </p>
   </div>
   <div class='ocr_carea' id='block_1_15' title="bbox 556 1395 2157 1474">
    <p class='ocr_par' dir='ltr' id='par_1_15' title="bbox 556 1395 2157 1474">
     <span class='ocr_line' id='line_1_15' title="bbox 556 1395 2157 1474; baseline 0.001 -15"><span class='ocrx_word' id='word_1_100' title='bbox 556 1395 684 1460; x_wconf 81' lang='lat' dir='ltr'><strong>dum</strong></span> <span class='ocrx_word' id='word_1_101' title='bbox 710 1411 850 1469; x_wconf 85' lang='lat' dir='ltr'><strong>erat,</strong></span> <span class='ocrx_word' id='word_1_102' title='bbox 880 1402 1023 1474; x_wconf 87' lang='lat' dir='ltr'><strong>quod</strong></span> <span class='ocrx_word' id='word_1_103' title='bbox 1055 1403 1107 1457; x_wconf 90' lang='lat' dir='ltr'><strong>in</strong></span> <span class='ocrx_word' id='word_1_104' title='bbox 1134 1401 1325 1458; x_wconf 89' lang='lat' dir='ltr'><strong>eodem</strong></span> <span class='ocrx_word' id='word_1_105' title='bbox 1352 1402 1560 1473; x_wconf 78' lang='lat' dir='ltr'><strong>psalmo</strong></span> <span class='ocrx_word' id='word_1_106' title='bbox 1581 1400 1749 1457; x_wconf 80' lang='lat' dir='ltr'><strong>David</strong></span> <span class='ocrx_word' id='word_1_107' title='bbox 1770 1400 1977 1472; x_wconf 78' lang='lat' dir='ltr'><strong>adjicit,</strong></span> <span class='ocrx_word' id='word_1_108' title='bbox 2031 1417 2157 1461; x_wconf 84' lang='lat' dir='ltr'><strong>sese</strong></span> 
     </span>
    </p>
   </div>
   <div class='ocr_carea' id='block_1_16' title="bbox 558 1494 2157 1567">
    <p class='ocr_par' dir='ltr' id='par_1_16' title="bbox 558 1494 2157 1567">
     <span class='ocr_line' id='line_1_16' title="bbox 558 1494 2157 1567; baseline -0.001 -14"><span class='ocrx_word' id='word_1_109' title='bbox 558 1496 632 1553; x_wconf 89' lang='lat' dir='ltr'><strong>ita</strong></span> <span class='ocrx_word' id='word_1_110' title='bbox 659 1494 842 1552; x_wconf 83' lang='lat' dir='ltr'><strong>odisse</strong></span> <span class='ocrx_word' id='word_1_111' title='bbox 893 1494 1183 1565; x_wconf 84' lang='lat' dir='ltr'><strong>impiorum</strong></span> <span class='ocrx_word' id='word_1_112' title='bbox 1227 1494 1570 1559; x_wconf 86' lang='lat' dir='ltr'><strong>societatem,</strong></span> <span class='ocrx_word' id='word_1_113' title='bbox 1615 1503 1673 1549; x_wconf 90' lang='lat' dir='ltr'><strong>ut</strong></span> <span class='ocrx_word' id='word_1_114' title='bbox 1724 1506 1905 1549; x_wconf 88' lang='lat' dir='ltr'><strong>tamen</strong></span> <span class='ocrx_word' id='word_1_115' title='bbox 1934 1503 2157 1567; x_wconf 80' lang='lat' dir='ltr'><strong>propter</strong></span> 
     </span>
    </p>
   </div>
   <div class='ocr_carea' id='block_1_17' title="bbox 556 1588 2149 1659">
    <p class='ocr_par' dir='ltr' id='par_1_17' title="bbox 556 1588 2149 1659">
     <span class='ocr_line' id='line_1_17' title="bbox 556 1588 2149 1659; baseline 0 -13"><span class='ocrx_word' id='word_1_116' title='bbox 556 1604 652 1646; x_wconf 88' lang='lat' dir='ltr'><strong>ens</strong></span> <span class='ocrx_word' id='word_1_117' title='bbox 673 1603 778 1644; x_wconf 92' lang='lat' dir='ltr'><strong>non</strong></span> <span class='ocrx_word' id='word_1_118' title='bbox 819 1588 891 1644; x_wconf 90' lang='lat' dir='ltr'><strong>sit</strong></span> <span class='ocrx_word' id='word_1_119' title='bbox 917 1588 1235 1645; x_wconf 80' lang='lat' dir='ltr'><strong>deserturos</strong></span> <span class='ocrx_word' id='word_1_120' title='bbox 1266 1589 1528 1659; x_wconf 89' lang='lat' dir='ltr'><strong>templum</strong></span> <span class='ocrx_word' id='word_1_121' title='bbox 1572 1597 1667 1643; x_wconf 90' lang='lat' dir='ltr'><strong>aut</strong></span> <span class='ocrx_word' id='word_1_122' title='bbox 1709 1588 1882 1644; x_wconf 85' lang='lat' dir='ltr'><strong>altare</strong></span> <span class='ocrx_word' id='word_1_123' title='bbox 1915 1588 2149 1646; x_wconf 85' lang='lat' dir='ltr'><strong>Domini.</strong></span> 
     </span>
    </p>
   </div>
   <div class='ocr_carea' id='block_1_18' title="bbox 556 1680 2157 1752">
    <p class='ocr_par' dir='ltr' id='par_1_18' title="bbox 556 1680 2157 1752">
     <span class='ocr_line' id='line_1_18' title="bbox 556 1680 2157 1752; baseline 0.002 -16"><span class='ocrx_word' id='word_1_124' title='bbox 556 1680 624 1736; x_wconf 79' lang='lat' dir='ltr'><strong>Et</strong></span> <span class='ocrx_word' id='word_1_125' title='bbox 648 1691 798 1738; x_wconf 90' lang='lat' dir='ltr'><strong>certe</strong></span> <span class='ocrx_word' id='word_1_126' title='bbox 845 1684 1041 1736; x_wconf 77' lang='lat' dir='ltr'><strong>mirum</strong></span> <span class='ocrx_word' id='word_1_127' title='bbox 1062 1695 1141 1736; x_wconf 88' lang='lat' dir='ltr'><strong>est</strong></span> <span class='ocrx_word' id='word_1_128' title='bbox 1174 1681 1481 1737; x_wconf 86' lang='lat' dir='ltr'><strong>Donatistas</strong></span> <span class='ocrx_word' id='word_1_129' title='bbox 1504 1681 1667 1737; x_wconf 89' lang='lat' dir='ltr'><strong>nimis</strong></span> <span class='ocrx_word' id='word_1_130' title='bbox 1695 1682 1876 1752; x_wconf 85' lang='lat' dir='ltr'><strong>inepte</strong></span> <span class='ocrx_word' id='word_1_131' title='bbox 1906 1697 2157 1739; x_wconf 85' lang='lat' dir='ltr'><strong>morosos</strong></span> 
     </span>
    </p>
   </div>
   <div class='ocr_carea' id='block_1_19' title="bbox 2251 463 3729 549">
    <p class='ocr_par' dir='ltr' id='par_1_19' title="bbox 2251 463 3729 549">
     <span class='ocr_line' id='line_1_19' title="bbox 2251 463 3729 549; baseline 0.006 -29"><span class='ocrx_word' id='word_1_132' title='bbox 2251 463 2502 520; x_wconf 56' lang='lat' dir='ltr'><strong>Nicanos</strong></span> <span class='ocrx_word' id='word_1_133' title='bbox 2534 464 2788 522; x_wconf 85' lang='lat' dir='ltr'><strong>voluisse.</strong></span> <span class='ocrx_word' id='word_1_134' title='bbox 2841 466 2949 527; x_wconf 91' lang='lat' dir='ltr'><strong>Sed</strong></span> <span class='ocrx_word' id='word_1_135' title='bbox 3002 465 3117 522; x_wconf 63' lang='lat' dir='ltr'><strong>haec</strong></span> <span class='ocrx_word' id='word_1_136' title='bbox 3142 482 3207 522; x_wconf 79' lang='lat' dir='ltr'><strong>ex</strong></span> <span class='ocrx_word' id='word_1_137' title='bbox 3238 466 3463 525; x_wconf 64' lang='lat' dir='ltr'><strong>Ecclesiae</strong></span> <span class='ocrx_word' id='word_1_138' title='bbox 3497 487 3580 527; x_wconf 89' lang='lat' dir='ltr'><strong>usu</strong></span> <span class='ocrx_word' id='word_1_139' title='bbox 3612 484 3729 549; x_wconf 78' lang='lat' dir='ltr'><strong>atque</strong></span> 
     </span>
    </p>
   </div>
   <div class='ocr_carea' id='block_1_20' title="bbox 2254 556 3731 639">
    <p class='ocr_par' dir='ltr' id='par_1_20' title="bbox 2254 556 3731 639">
     <span class='ocr_line' id='line_1_20' title="bbox 2254 556 3731 639; baseline 0.006 -26"><span class='ocrx_word' id='word_1_140' title='bbox 2254 556 2489 615; x_wconf 75' lang='lat' dir='ltr'><strong>utilitate</strong></span> <span class='ocrx_word' id='word_1_141' title='bbox 2511 558 2826 617; x_wconf 49' lang='lat' dir='ltr'><strong>statimanda</strong></span> <span class='ocrx_word' id='word_1_142' title='bbox 2857 571 3021 631; x_wconf 85' lang='lat' dir='ltr'><strong>atque</strong></span> <span class='ocrx_word' id='word_1_143' title='bbox 3046 560 3303 617; x_wconf 85' lang='lat' dir='ltr'><strong>metienda</strong></span> <span class='ocrx_word' id='word_1_144' title='bbox 3334 577 3443 618; x_wconf 87' lang='lat' dir='ltr'><strong>esse</strong></span> <span class='ocrx_word' id='word_1_145' title='bbox 3466 581 3599 622; x_wconf 84' lang='lat' dir='ltr'><strong>nemo</strong></span> <span class='ocrx_word' id='word_1_146' title='bbox 3614 584 3731 639; x_wconf 70' lang='lat' dir='ltr'><strong>nega-</strong></span> 
     </span>
    </p>
   </div>
   <div class='ocr_carea' id='block_1_21' title="bbox 2254 652 3729 726">
    <p class='ocr_par' dir='ltr' id='par_1_21' title="bbox 2254 652 3729 726">
     <span class='ocr_line' id='line_1_21' title="bbox 2254 652 3729 726; baseline 0.008 -21"><span class='ocrx_word' id='word_1_147' title='bbox 2254 652 2416 720; x_wconf 87' lang='lat' dir='ltr'><strong>verit,</strong></span> <span class='ocrx_word' id='word_1_148' title='bbox 2445 661 2499 708; x_wconf 88' lang='lat' dir='ltr'><strong>ut</strong></span> <span class='ocrx_word' id='word_1_149' title='bbox 2530 652 2621 709; x_wconf 86' lang='lat' dir='ltr'><strong>ubi</strong></span> <span class='ocrx_word' id='word_1_150' title='bbox 2638 652 2785 725; x_wconf 85' lang='lat' dir='ltr'><strong>justa</strong></span> <span class='ocrx_word' id='word_1_151' title='bbox 2814 668 2983 710; x_wconf 68' lang='lat' dir='ltr'><strong>musa</strong></span> <span class='ocrx_word' id='word_1_152' title='bbox 3003 655 3312 726; x_wconf 82' lang='lat' dir='ltr'><strong>postularet,</strong></span> <span class='ocrx_word' id='word_1_153' title='bbox 3331 654 3416 713; x_wconf 88' lang='lat' dir='ltr'><strong>ille</strong></span> <span class='ocrx_word' id='word_1_154' title='bbox 3430 656 3583 717; x_wconf 80' lang='lat' dir='ltr'><strong>Canon</strong></span> <span class='ocrx_word' id='word_1_155' title='bbox 3600 662 3729 722; x_wconf 74' lang='lat' dir='ltr'><strong>ectht.</strong></span> 
     </span>
    </p>
   </div>
   <div class='ocr_carea' id='block_1_22' title="bbox 2253 747 3733 828">
    <p class='ocr_par' dir='ltr' id='par_1_22' title="bbox 2253 747 3733 828">
     <span class='ocr_line' id='line_1_22' title="bbox 2253 747 3733 828; baseline 0.009 -26"><span class='ocrx_word' id='word_1_156' title='bbox 2253 747 2440 817; x_wconf 77' lang='lat' dir='ltr'><strong>Qualis</strong></span> <span class='ocrx_word' id='word_1_157' title='bbox 2468 763 2632 806; x_wconf 83' lang='lat' dir='ltr'><strong>causa</strong></span> <span class='ocrx_word' id='word_1_158' title='bbox 2655 765 2781 809; x_wconf 83' lang='lat' dir='ltr'><strong>esse</strong></span> <span class='ocrx_word' id='word_1_159' title='bbox 2809 751 2923 807; x_wconf 85' lang='lat' dir='ltr'><strong>visa</strong></span> <span class='ocrx_word' id='word_1_160' title='bbox 2953 761 3057 817; x_wconf 89' lang='lat' dir='ltr'><strong>est,</strong></span> <span class='ocrx_word' id='word_1_161' title='bbox 3085 761 3143 807; x_wconf 85' lang='grc' dir='ltr'><strong>ιιι</strong></span> <span class='ocrx_word' id='word_1_162' title='bbox 3173 753 3437 809; x_wconf 75' lang='lat' dir='ltr'><strong>Donatistis</strong></span> <span class='ocrx_word' id='word_1_163' title='bbox 3458 757 3733 828; x_wconf 77' lang='lat' dir='ltr'><strong>antistitibus,</strong></span> 
     </span>
    </p>
   </div>
   <div class='ocr_carea' id='block_1_23' title="bbox 2252 829 3735 921">
    <p class='ocr_par' dir='ltr' id='par_1_23' title="bbox 2252 829 3735 921">
     <span class='ocr_line' id='line_1_23' title="bbox 2252 829 3735 921; baseline 0.009 -26"><span class='ocrx_word' id='word_1_164' title='bbox 2252 856 2391 913; x_wconf 88' lang='lat' dir='ltr'><strong>quos</strong></span> <span class='ocrx_word' id='word_1_165' title='bbox 2417 841 2643 898; x_wconf 82' lang='lat' dir='ltr'><strong>ambitio</strong></span> <span class='ocrx_word' id='word_1_166' title='bbox 2667 843 2961 910; x_wconf 80' lang='lat' dir='ltr'><strong>retinebat,</strong></span> <span class='ocrx_word' id='word_1_167' title='bbox 2981 844 3303 916; x_wconf 88' lang='lat' dir='ltr'><strong>objiceretur</strong></span> <span class='ocrx_word' id='word_1_168' title='bbox 3318 863 3430 918; x_wconf 89' lang='lat' dir='ltr'><strong>spes</strong></span> <span class='ocrx_word' id='word_1_169' title='bbox 3448 829 3597 921; x_wconf 79' lang='lat' dir='ltr'><strong>aliqua</strong></span> <span class='ocrx_word' id='word_1_170' title='bbox 3613 852 3735 909; x_wconf 76' lang='lat' dir='ltr'><strong>tioso-</strong></span> 
     </span>
    </p>
   </div>
   <div class='ocr_carea' id='block_1_24' title="bbox 2253 938 3738 1013">
    <p class='ocr_par' dir='ltr' id='par_1_24' title="bbox 2253 938 3738 1013">
     <span class='ocr_line' id='line_1_24' title="bbox 2253 938 3738 1013; baseline 0.006 -19"><span class='ocrx_word' id='word_1_171' title='bbox 2253 938 2347 1003; x_wconf 90' lang='lat' dir='ltr'><strong>ris,</strong></span> <span class='ocrx_word' id='word_1_172' title='bbox 2378 939 2423 994; x_wconf 92' lang='lat' dir='ltr'><strong>si</strong></span> <span class='ocrx_word' id='word_1_173' title='bbox 2455 941 2834 1007; x_wconf 78' lang='lat' dir='ltr'><strong>resipiscerent</strong></span> <span class='ocrx_word' id='word_1_174' title='bbox 2866 958 2879 995; x_wconf 90' lang='lat'><strong>:</strong></span> <span class='ocrx_word' id='word_1_175' title='bbox 2906 940 3374 1013; x_wconf 80' lang='lat' dir='ltr'><strong>detrahereturque</strong></span> <span class='ocrx_word' id='word_1_176' title='bbox 3394 946 3534 1000; x_wconf 80' lang='lat' dir='ltr'><strong>timor</strong></span> <span class='ocrx_word' id='word_1_177' title='bbox 3565 947 3738 1004; x_wconf 71' lang='lat' dir='ltr'><strong>inlamie</strong></span> 
     </span>
    </p>
   </div>
   <div class='ocr_carea' id='block_1_25' title="bbox 2253 1033 3736 1105">
    <p class='ocr_par' dir='ltr' id='par_1_25' title="bbox 2253 1033 3736 1105">
     <span class='ocr_line' id='line_1_25' title="bbox 2253 1033 3736 1105; baseline 0.006 -16"><span class='ocrx_word' id='word_1_178' title='bbox 2253 1042 2305 1089; x_wconf 91' lang='lat' dir='ltr'><strong>et</strong></span> <span class='ocrx_word' id='word_1_179' title='bbox 2326 1033 2700 1105; x_wconf 63' lang='lat' dir='ltr'><strong>ignominiosa:</strong></span> <span class='ocrx_word' id='word_1_180' title='bbox 2726 1035 3105 1102; x_wconf 86' lang='lat' dir='ltr'><strong>abdicationis,</strong></span> <span class='ocrx_word' id='word_1_181' title='bbox 3133 1036 3180 1091; x_wconf 93' lang='lat' dir='ltr'><strong>si</strong></span> <span class='ocrx_word' id='word_1_182' title='bbox 3224 1037 3290 1093; x_wconf 84' lang='lat' dir='ltr'><strong>ad</strong></span> <span class='ocrx_word' id='word_1_183' title='bbox 3317 1039 3575 1095; x_wconf 59' lang='lat' dir='ltr'><strong>Ecclesium</strong></span> <span class='ocrx_word' id='word_1_184' title='bbox 3597 1043 3736 1098; x_wconf 72' lang='lat' dir='ltr'><strong>catla-</strong></span> 
     </span>
    </p>
   </div>
   <div class='ocr_carea' id='block_1_26' title="bbox 2254 1127 3740 1204">
    <p class='ocr_par' dir='ltr' id='par_1_26' title="bbox 2254 1127 3740 1204">
     <span class='ocr_line' id='line_1_26' title="bbox 2254 1127 3740 1204; baseline 0.007 -20"><span class='ocrx_word' id='word_1_185' title='bbox 2254 1127 2415 1184; x_wconf 77' lang='lat' dir='ltr'><strong>lieam</strong></span> <span class='ocrx_word' id='word_1_186' title='bbox 2444 1127 2705 1184; x_wconf 83' lang='lat' dir='ltr'><strong>redirent.</strong></span> <span class='ocrx_word' id='word_1_187' title='bbox 2735 1129 2868 1185; x_wconf 79' lang='lat' dir='ltr'><strong>Nam</strong></span> <span class='ocrx_word' id='word_1_188' title='bbox 2901 1141 2956 1186; x_wconf 91' lang='lat' dir='ltr'><strong>et</strong></span> <span class='ocrx_word' id='word_1_189' title='bbox 3002 1132 3101 1202; x_wconf 84' lang='lat' dir='ltr'><strong>ipsi</strong></span> <span class='ocrx_word' id='word_1_190' title='bbox 3157 1148 3363 1204; x_wconf 78' lang='lat' dir='ltr'><strong>quoque</strong></span> <span class='ocrx_word' id='word_1_191' title='bbox 3390 1133 3564 1191; x_wconf 73' lang='grc' dir='ltr'><strong>Νιοωηί</strong></span> <span class='ocrx_word' id='word_1_192' title='bbox 3601 1137 3740 1195; x_wconf 77' lang='lat' dir='ltr'><strong>Patres</strong></span> 
     </span>
    </p>
   </div>
   <div class='ocr_carea' id='block_1_27' title="bbox 2252 1225 3740 1299">
    <p class='ocr_par' dir='ltr' id='par_1_27' title="bbox 2252 1225 3740 1299">
     <span class='ocr_line' id='line_1_27' title="bbox 2252 1225 3740 1299; baseline 0.007 -20"><span class='ocrx_word' id='word_1_193' title='bbox 2252 1237 2375 1279; x_wconf 82' lang='lat' dir='ltr'><strong>cum</strong></span> <span class='ocrx_word' id='word_1_194' title='bbox 2402 1235 2628 1294; x_wconf 85' lang='lat' dir='ltr'><strong>agerent</strong></span> <span class='ocrx_word' id='word_1_195' title='bbox 2664 1227 2732 1281; x_wconf 89' lang='lat' dir='ltr'><strong>de</strong></span> <span class='ocrx_word' id='word_1_196' title='bbox 2759 1225 3091 1287; x_wconf 81' lang='lat' dir='ltr'><strong>Novatianis.</strong></span> <span class='ocrx_word' id='word_1_197' title='bbox 3125 1227 3176 1282; x_wconf 92' lang='lat' dir='ltr'><strong>id</strong></span> <span class='ocrx_word' id='word_1_198' title='bbox 3205 1229 3358 1285; x_wconf 84' lang='lat' dir='ltr'><strong>tribui</strong></span> <span class='ocrx_word' id='word_1_199' title='bbox 3402 1245 3539 1299; x_wconf 81' lang='lat' dir='ltr'><strong>posse</strong></span> <span class='ocrx_word' id='word_1_200' title='bbox 3568 1232 3740 1289; x_wconf 68' lang='lat' dir='ltr'><strong>confossi</strong></span> 
     </span>
    </p>
   </div>
   <div class='ocr_carea' id='block_1_28' title="bbox 2255 1319 3739 1391">
    <p class='ocr_par' dir='ltr' id='par_1_28' title="bbox 2255 1319 3739 1391">
     <span class='ocr_line' id='line_1_28' title="bbox 2255 1319 3739 1391; baseline 0.004 -16"><span class='ocrx_word' id='word_1_201' title='bbox 2255 1328 2405 1375; x_wconf 90' lang='lat' dir='ltr'><strong>sunt.</strong></span> <span class='ocrx_word' id='word_1_202' title='bbox 2437 1319 2542 1376; x_wconf 87' lang='lat' dir='ltr'><strong>Sed</strong></span> <span class='ocrx_word' id='word_1_203' title='bbox 2567 1329 2622 1375; x_wconf 87' lang='lat' dir='ltr'><strong>et</strong></span> <span class='ocrx_word' id='word_1_204' title='bbox 2649 1320 2885 1385; x_wconf 87' lang='lat' dir='ltr'><strong>Arianis,</strong></span> <span class='ocrx_word' id='word_1_205' title='bbox 2911 1320 3001 1391; x_wconf 85' lang='lat' dir='ltr'><strong>qui</strong></span> <span class='ocrx_word' id='word_1_206' title='bbox 3026 1321 3138 1391; x_wconf 85' lang='lat' dir='ltr'><strong>jam</strong></span> <span class='ocrx_word' id='word_1_207' title='bbox 3159 1322 3357 1391; x_wconf 80' lang='lat' dir='ltr'><strong>aliquot</strong></span> <span class='ocrx_word' id='word_1_208' title='bbox 3381 1324 3520 1378; x_wconf 90' lang='lat' dir='ltr'><strong>annis</strong></span> <span class='ocrx_word' id='word_1_209' title='bbox 3542 1323 3739 1381; x_wconf 71' lang='lat' dir='ltr'><strong>Ecclesiae</strong></span> 
     </span>
    </p>
   </div>
   <div class='ocr_carea' id='block_1_29' title="bbox 2252 1410 3743 1485">
    <p class='ocr_par' dir='ltr' id='par_1_29' title="bbox 2252 1410 3743 1485">
     <span class='ocr_line' id='line_1_29' title="bbox 2252 1410 3743 1485; baseline 0.006 -21"><span class='ocrx_word' id='word_1_210' title='bbox 2252 1411 2697 1484; x_wconf 75' lang='lat' dir='ltr'><strong>gubernationem</strong></span> <span class='ocrx_word' id='word_1_211' title='bbox 2755 1412 2807 1467; x_wconf 92' lang='lat' dir='ltr'><strong>in</strong></span> <span class='ocrx_word' id='word_1_212' title='bbox 2852 1410 3072 1469; x_wconf 83' lang='lat' dir='ltr'><strong>Oriente</strong></span> <span class='ocrx_word' id='word_1_213' title='bbox 3114 1424 3507 1485; x_wconf 84' lang='lat' dir='ltr'><strong>occupaverant,</strong></span> <span class='ocrx_word' id='word_1_214' title='bbox 3556 1417 3672 1472; x_wconf 86' lang='lat' dir='ltr'><strong>etde</strong></span> <span class='ocrx_word' id='word_1_215' title='bbox 3699 1432 3743 1473; x_wconf 77' lang='lat' dir='ltr'><strong>ca</strong></span> 
     </span>
    </p>
   </div>
   <div class='ocr_carea' id='block_1_30' title="bbox 2253 1506 3746 1579">
    <p class='ocr_par' dir='ltr' id='par_1_30' title="bbox 2253 1506 3746 1579">
     <span class='ocr_line' id='line_1_30' title="bbox 2253 1506 3746 1579; baseline 0.002 -18"><span class='ocrx_word' id='word_1_216' title='bbox 2253 1508 2602 1579; x_wconf 79' lang='lat' dir='ltr'><strong>possessione</strong></span> <span class='ocrx_word' id='word_1_217' title='bbox 2626 1506 2671 1561; x_wconf 89' lang='lat' dir='ltr'><strong>si</strong></span> <span class='ocrx_word' id='word_1_218' title='bbox 2695 1508 2873 1563; x_wconf 86' lang='lat' dir='ltr'><strong>sanari</strong></span> <span class='ocrx_word' id='word_1_219' title='bbox 2896 1507 3121 1573; x_wconf 89' lang='lat' dir='ltr'><strong>nollent,</strong></span> <span class='ocrx_word' id='word_1_220' title='bbox 3152 1506 3413 1564; x_wconf 85' lang='lat' dir='ltr'><strong>decedere</strong></span> <span class='ocrx_word' id='word_1_221' title='bbox 3451 1508 3535 1563; x_wconf 84' lang='lat' dir='ltr'><strong>abs</strong></span> <span class='ocrx_word' id='word_1_222' title='bbox 3560 1508 3746 1565; x_wconf 77' lang='lat' dir='ltr'><strong>Theodo-</strong></span> 
     </span>
    </p>
   </div>
   <div class='ocr_carea' id='block_1_31' title="bbox 2253 1600 3743 1670">
    <p class='ocr_par' dir='ltr' id='par_1_31' title="bbox 2253 1600 3743 1670">
     <span class='ocr_line' id='line_1_31' title="bbox 2253 1600 3743 1670; baseline 0.001 -13"><span class='ocrx_word' id='word_1_223' title='bbox 2253 1601 2339 1657; x_wconf 89' lang='lat' dir='ltr'><strong>sio</strong></span> <span class='ocrx_word' id='word_1_224' title='bbox 2357 1600 2709 1670; x_wconf 80' lang='lat' dir='ltr'><strong>jubebantur,</strong></span> <span class='ocrx_word' id='word_1_225' title='bbox 2733 1616 2843 1655; x_wconf 84' lang='lat' dir='ltr'><strong>non</strong></span> <span class='ocrx_word' id='word_1_226' title='bbox 2877 1600 3159 1657; x_wconf 84' lang='lat' dir='ltr'><strong>dissimilis</strong></span> <span class='ocrx_word' id='word_1_227' title='bbox 3196 1602 3429 1658; x_wconf 86' lang='lat' dir='ltr'><strong>conditio</strong></span> <span class='ocrx_word' id='word_1_228' title='bbox 3456 1602 3541 1657; x_wconf 81' lang='lat' dir='ltr'><strong>fuit</strong></span> <span class='ocrx_word' id='word_1_229' title='bbox 3578 1604 3743 1658; x_wconf 81' lang='lat' dir='ltr'><strong>oblata:</strong></span> 
     </span>
    </p>
   </div>
   <div class='ocr_carea' id='block_1_32' title="bbox 2254 1694 3743 1767">
    <p class='ocr_par' dir='ltr' id='par_1_32' title="bbox 2254 1694 3743 1767">
     <span class='ocr_line' id='line_1_32' title="bbox 2254 1694 3743 1767; baseline 0.003 -16"><span class='ocrx_word' id='word_1_230' title='bbox 2254 1712 2361 1767; x_wconf 89' lang='lat' dir='ltr'><strong>quo</strong></span> <span class='ocrx_word' id='word_1_231' title='bbox 2388 1696 2545 1751; x_wconf 85' lang='lat' dir='ltr'><strong>etiam</strong></span> <span class='ocrx_word' id='word_1_232' title='bbox 2572 1706 2815 1765; x_wconf 89' lang='lat' dir='ltr'><strong>tempore</strong></span> <span class='ocrx_word' id='word_1_233' title='bbox 2846 1694 3097 1751; x_wconf 79' lang='lat' dir='ltr'><strong>Meletius</strong></span> <span class='ocrx_word' id='word_1_234' title='bbox 3123 1697 3408 1767; x_wconf 85' lang='lat' dir='ltr'><strong>episcopus</strong></span> <span class='ocrx_word' id='word_1_235' title='bbox 3440 1696 3743 1761; x_wconf 65' lang='lat' dir='ltr'><strong>Antiochense,</strong></span> 
     </span>
    </p>
   </div>
   <div class='ocr_carea' id='block_1_33' title="bbox 552 1773 3744 1859">
    <p class='ocr_par' dir='ltr' id='par_1_33' title="bbox 552 1773 3744 1859">
     <span class='ocr_line' id='line_1_33' title="bbox 552 1773 3744 1859; baseline 0.001 -19"><span class='ocrx_word' id='word_1_236' title='bbox 552 1781 704 1830; x_wconf 68' lang='grc' dir='ltr'><strong>81³ῐῦ</strong></span> <span class='ocrx_word' id='word_1_237' title='bbox 731 1789 893 1844; x_wconf 57' lang='lat' dir='ltr'><strong>illlam</strong></span> <span class='ocrx_word' id='word_1_238' title='bbox 916 1773 1110 1831; x_wconf 64' lang='lat' dir='ltr'><strong>sedere</strong></span> <span class='ocrx_word' id='word_1_239' title='bbox 1132 1773 1409 1840; x_wconf 69' lang='grc' dir='ltr'><strong>Ιιηιυίεῦθ,</strong></span> <span class='ocrx_word' id='word_1_240' title='bbox 1443 1789 1565 1830; x_wconf 73' lang='lat' dir='ltr'><strong>cum</strong></span> <span class='ocrx_word' id='word_1_241' title='bbox 1594 1773 1726 1830; x_wconf 75' lang='grc' dir='ltr'><strong>ίηυά</strong></span> <span class='ocrx_word' id='word_1_242' title='bbox 1773 1789 2013 1844; x_wconf 63' lang='lat' dir='ltr'><strong>reorum.</strong></span> <span class='ocrx_word' id='word_1_243' title='bbox 2048 1775 2151 1833; x_wconf 66' lang='lat' dir='ltr'><strong>hoc</strong></span> <span class='ocrx_word' id='word_1_244' title='bbox 2179 1786 2229 1847; x_wconf 85' lang='grc' dir='ltr'><strong>Β</strong></span> <span class='ocrx_word' id='word_1_245' title='bbox 2255 1788 2399 1859; x_wconf 83' lang='lat' dir='ltr'><strong>pacis</strong></span> <span class='ocrx_word' id='word_1_246' title='bbox 2427 1788 2723 1843; x_wconf 70' lang='lat' dir='ltr'><strong>retinendae</strong></span> <span class='ocrx_word' id='word_1_247' title='bbox 2744 1800 2929 1853; x_wconf 85' lang='lat' dir='ltr'><strong>causa,</strong></span> <span class='ocrx_word' id='word_1_248' title='bbox 2953 1786 3200 1854; x_wconf 83' lang='lat' dir='ltr'><strong>Paulino,</strong></span> <span class='ocrx_word' id='word_1_249' title='bbox 3229 1786 3319 1855; x_wconf 87' lang='lat' dir='ltr'><strong>qui</strong></span> <span class='ocrx_word' id='word_1_250' title='bbox 3346 1787 3744 1858; x_wconf 84' lang='lat' dir='ltr'><strong>separatosalioqui</strong></span> 
     </span>
    </p>
   </div>
   <div class='ocr_carea' id='block_1_34' title="bbox 549 1868 2156 1941">
    <p class='ocr_par' dir='ltr' id='par_1_34' title="bbox 549 1868 2156 1941">
     <span class='ocr_line' id='line_1_34' title="bbox 549 1868 2156 1941; baseline 0 -17"><span class='ocrx_word' id='word_1_251' title='bbox 549 1869 794 1941; x_wconf 89' lang='lat' dir='ltr'><strong>judicum</strong></span> <span class='ocrx_word' id='word_1_252' title='bbox 821 1870 911 1925; x_wconf 87' lang='lat' dir='ltr'><strong>sit.</strong></span> <span class='ocrx_word' id='word_1_253' title='bbox 950 1869 1065 1926; x_wconf 85' lang='lat' dir='ltr'><strong>[me</strong></span> <span class='ocrx_word' id='word_1_254' title='bbox 1093 1884 1216 1925; x_wconf 89' lang='lat' dir='ltr'><strong>cum</strong></span> <span class='ocrx_word' id='word_1_255' title='bbox 1240 1883 1369 1925; x_wconf 89' lang='lat' dir='ltr'><strong>reus</strong></span> <span class='ocrx_word' id='word_1_256' title='bbox 1410 1868 1604 1925; x_wconf 89' lang='lat' dir='ltr'><strong>sedere</strong></span> <span class='ocrx_word' id='word_1_257' title='bbox 1630 1868 1944 1939; x_wconf 81' lang='lat' dir='ltr'><strong>jubebatur,</strong></span> <span class='ocrx_word' id='word_1_258' title='bbox 1994 1869 2156 1925; x_wconf 84' lang='lat' dir='ltr'><strong>abso-</strong></span> 
     </span>
    </p>
   </div>
   <div class='ocr_carea' id='block_1_35' title="bbox 557 1962 2153 2036">
    <p class='ocr_par' dir='ltr' id='par_1_35' title="bbox 557 1962 2153 2036">
     <span class='ocr_line' id='line_1_35' title="bbox 557 1962 2153 2036; baseline -0.002 -15"><span class='ocrx_word' id='word_1_259' title='bbox 557 1965 704 2021; x_wconf 87' lang='lat' dir='ltr'><strong>lutus</strong></span> <span class='ocrx_word' id='word_1_260' title='bbox 731 1979 854 2021; x_wconf 89' lang='lat' dir='ltr'><strong>esse</strong></span> <span class='ocrx_word' id='word_1_261' title='bbox 880 1965 1304 2036; x_wconf 75' lang='lat' dir='ltr'><strong>intelligebatur,</strong></span> <span class='ocrx_word' id='word_1_262' title='bbox 1334 1979 1510 2034; x_wconf 88' lang='lat' dir='ltr'><strong>neque</strong></span> <span class='ocrx_word' id='word_1_263' title='bbox 1535 1963 1643 2018; x_wconf 87' lang='lat' dir='ltr'><strong>alia</strong></span> <span class='ocrx_word' id='word_1_264' title='bbox 1662 1962 2019 2019; x_wconf 81' lang='lat' dir='ltr'><strong>absolutionis</strong></span> <span class='ocrx_word' id='word_1_265' title='bbox 2042 1963 2153 2018; x_wconf 80' lang='lat' dir='ltr'><strong>for-</strong></span> 
     </span>
    </p>
   </div>
   <div class='ocr_carea' id='block_1_36' title="bbox 556 2055 2153 2128">
    <p class='ocr_par' dir='ltr' id='par_1_36' title="bbox 556 2055 2153 2128">
     <span class='ocr_line' id='line_1_36' title="bbox 556 2055 2153 2128; baseline -0.001 -13"><span class='ocrx_word' id='word_1_266' title='bbox 556 2061 699 2115; x_wconf 92' lang='lat' dir='ltr'><strong>mula</strong></span> <span class='ocrx_word' id='word_1_267' title='bbox 725 2060 806 2115; x_wconf 90' lang='lat' dir='ltr'><strong>usi</strong></span> <span class='ocrx_word' id='word_1_268' title='bbox 834 2067 992 2115; x_wconf 86' lang='lat' dir='ltr'><strong>erant</strong></span> <span class='ocrx_word' id='word_1_269' title='bbox 1018 2074 1207 2115; x_wconf 90' lang='lat' dir='ltr'><strong>eorum</strong></span> <span class='ocrx_word' id='word_1_270' title='bbox 1232 2064 1466 2128; x_wconf 86' lang='lat' dir='ltr'><strong>majores</strong></span> <span class='ocrx_word' id='word_1_271' title='bbox 1514 2058 1567 2112; x_wconf 88' lang='lat' dir='ltr'><strong>in</strong></span> <span class='ocrx_word' id='word_1_272' title='bbox 1593 2056 1765 2127; x_wconf 84' lang='lat' dir='ltr'><strong>primo</strong></span> <span class='ocrx_word' id='word_1_273' title='bbox 1790 2057 1883 2113; x_wconf 90' lang='lat' dir='ltr'><strong>illo</strong></span> <span class='ocrx_word' id='word_1_274' title='bbox 1907 2072 2007 2112; x_wconf 90' lang='lat' dir='ltr'><strong>suo</strong></span> <span class='ocrx_word' id='word_1_275' title='bbox 2034 2055 2153 2114; x_wconf 82' lang='lat' dir='ltr'><strong>Cir-</strong></span> 
     </span>
    </p>
   </div>
   <div class='ocr_carea' id='block_1_37' title="bbox 552 2150 2151 2223">
    <p class='ocr_par' dir='ltr' id='par_1_37' title="bbox 552 2150 2151 2223">
     <span class='ocr_line' id='line_1_37' title="bbox 552 2150 2151 2223; baseline 0 -14"><span class='ocrx_word' id='word_1_276' title='bbox 552 2154 691 2210; x_wconf 87' lang='lat' dir='ltr'><strong>tensi</strong></span> <span class='ocrx_word' id='word_1_277' title='bbox 717 2154 965 2215; x_wconf 89' lang='lat' dir='ltr'><strong>concilio,</strong></span> <span class='ocrx_word' id='word_1_278' title='bbox 998 2154 1154 2223; x_wconf 87' lang='lat' dir='ltr'><strong>cujus</strong></span> <span class='ocrx_word' id='word_1_279' title='bbox 1179 2161 1337 2208; x_wconf 87' lang='lat' dir='ltr'><strong>antea</strong></span> <span class='ocrx_word' id='word_1_280' title='bbox 1354 2151 1683 2208; x_wconf 84' lang='lat' dir='ltr'><strong>mentionem</strong></span> <span class='ocrx_word' id='word_1_281' title='bbox 1713 2151 1835 2208; x_wconf 80' lang='lat' dir='ltr'><strong>feci.</strong></span> <span class='ocrx_word' id='word_1_282' title='bbox 1868 2150 1993 2208; x_wconf 84' lang='lat' dir='ltr'><strong>Fuit</strong></span> <span class='ocrx_word' id='word_1_283' title='bbox 2022 2168 2151 2223; x_wconf 71' lang='lat' dir='ltr'><strong>pro-</strong></span> 
     </span>
    </p>
   </div>
   <div class='ocr_carea' id='block_1_38' title="bbox 557 2245 2146 2319">
    <p class='ocr_par' dir='ltr' id='par_1_38' title="bbox 557 2245 2146 2319">
     <span class='ocr_line' id='line_1_38' title="bbox 557 2245 2146 2319; baseline 0 -17"><span class='ocrx_word' id='word_1_284' title='bbox 557 2248 699 2304; x_wconf 79' lang='lat' dir='ltr'><strong>iecto</strong></span> <span class='ocrx_word' id='word_1_285' title='bbox 729 2246 1060 2304; x_wconf 87' lang='lat' dir='ltr'><strong>incredibilis</strong></span> <span class='ocrx_word' id='word_1_286' title='bbox 1081 2245 1296 2319; x_wconf 83' lang='lat' dir='ltr'><strong>quidam</strong></span> <span class='ocrx_word' id='word_1_287' title='bbox 1327 2246 1497 2302; x_wconf 79' lang='lat' dir='ltr'><strong>fastus</strong></span> <span class='ocrx_word' id='word_1_288' title='bbox 1514 2245 1709 2302; x_wconf 89' lang='lat' dir='ltr'><strong>borum</strong></span> <span class='ocrx_word' id='word_1_289' title='bbox 1723 2245 2146 2318; x_wconf 81' lang='lat' dir='ltr'><strong>bypocritarum.</strong></span> 
     </span>
    </p>
   </div>
   <div class='ocr_carea' id='block_1_39' title="bbox 554 2341 2153 2412">
    <p class='ocr_par' dir='ltr' id='par_1_39' title="bbox 554 2341 2153 2412">
     <span class='ocr_line' id='line_1_39' title="bbox 554 2341 2153 2412; baseline 0.001 -14"><span class='ocrx_word' id='word_1_290' title='bbox 554 2342 663 2398; x_wconf 86' lang='lat' dir='ltr'><strong>Sed</strong></span> <span class='ocrx_word' id='word_1_291' title='bbox 694 2342 895 2398; x_wconf 74' lang='lat' dir='ltr'><strong>factum</strong></span> <span class='ocrx_word' id='word_1_292' title='bbox 922 2352 1007 2398; x_wconf 86' lang='lat' dir='ltr'><strong>est</strong></span> <span class='ocrx_word' id='word_1_293' title='bbox 1023 2342 1174 2411; x_wconf 86' lang='lat' dir='ltr'><strong>justo</strong></span> <span class='ocrx_word' id='word_1_294' title='bbox 1201 2341 1297 2398; x_wconf 88' lang='lat' dir='ltr'><strong>Dei</strong></span> <span class='ocrx_word' id='word_1_295' title='bbox 1318 2341 1543 2412; x_wconf 84' lang='lat' dir='ltr'><strong>judicio,</strong></span> <span class='ocrx_word' id='word_1_296' title='bbox 1591 2350 1649 2396; x_wconf 90' lang='lat' dir='ltr'><strong>ut</strong></span> <span class='ocrx_word' id='word_1_297' title='bbox 1679 2341 1938 2398; x_wconf 87' lang='lat' dir='ltr'><strong>honorem</strong></span> <span class='ocrx_word' id='word_1_298' title='bbox 1991 2342 2153 2401; x_wconf 88' lang='lat' dir='ltr'><strong>nimis</strong></span> 
     </span>
    </p>
   </div>
   <div class='ocr_carea' id='block_1_40' title="bbox 556 2436 2151 2509">
    <p class='ocr_par' dir='ltr' id='par_1_40' title="bbox 556 2436 2151 2509">
     <span class='ocr_line' id='line_1_40' title="bbox 556 2436 2151 2509; baseline -0.001 -17"><span class='ocrx_word' id='word_1_299' title='bbox 556 2436 858 2493; x_wconf 85' lang='lat' dir='ltr'><strong>liberaliter</strong></span> <span class='ocrx_word' id='word_1_300' title='bbox 908 2438 973 2492; x_wconf 89' lang='lat' dir='ltr'><strong>iis</strong></span> <span class='ocrx_word' id='word_1_301' title='bbox 1003 2437 1268 2506; x_wconf 88' lang='lat' dir='ltr'><strong>oblatum,</strong></span> <span class='ocrx_word' id='word_1_302' title='bbox 1321 2452 1428 2508; x_wconf 91' lang='lat' dir='ltr'><strong>quo</strong></span> <span class='ocrx_word' id='word_1_303' title='bbox 1459 2436 1662 2509; x_wconf 80' lang='lat' dir='ltr'><strong>indigni</strong></span> <span class='ocrx_word' id='word_1_304' title='bbox 1692 2447 1869 2503; x_wconf 80' lang='lat' dir='ltr'><strong>erant,</strong></span> <span class='ocrx_word' id='word_1_305' title='bbox 1930 2452 2151 2493; x_wconf 79' lang='lat' dir='ltr'><strong>recusa-</strong></span> 
     </span>
    </p>
   </div>
   <div class='ocr_carea' id='block_1_41' title="bbox 551 2529 2145 2601">
    <p class='ocr_par' dir='ltr' id='par_1_41' title="bbox 551 2529 2145 2601">
     <span class='ocr_line' id='line_1_41' title="bbox 551 2529 2145 2601; baseline 0.001 -16"><span class='ocrx_word' id='word_1_306' title='bbox 551 2537 694 2585; x_wconf 89' lang='lat' dir='ltr'><strong>rent.</strong></span> <span class='ocrx_word' id='word_1_307' title='bbox 724 2529 969 2601; x_wconf 89' lang='lat' dir='ltr'><strong>Optatus,</strong></span> <span class='ocrx_word' id='word_1_308' title='bbox 1009 2530 1104 2585; x_wconf 87' lang='lat' dir='ltr'><strong>lib.</strong></span> <span class='ocrx_word' id='word_1_309' title='bbox 1158 2546 1199 2594; x_wconf 89' lang='grc' dir='ltr'>ι,</span> <span class='ocrx_word' id='word_1_310' title='bbox 1228 2539 1414 2585; x_wconf 87' lang='lat' dir='ltr'><strong>narrat</strong></span> <span class='ocrx_word' id='word_1_311' title='bbox 1456 2530 1677 2601; x_wconf 78' lang='lat' dir='ltr'><strong>indigne</strong></span> <span class='ocrx_word' id='word_1_312' title='bbox 1719 2532 1881 2584; x_wconf 86' lang='lat' dir='ltr'><strong>etiam</strong></span> <span class='ocrx_word' id='word_1_313' title='bbox 1932 2530 2145 2598; x_wconf 81' lang='lat' dir='ltr'><strong>tulisse,</strong></span> 
     </span>
    </p>
   </div>
   <div class='ocr_carea' id='block_1_42' title="bbox 545 2618 2151 2696">
    <p class='ocr_par' dir='ltr' id='par_1_42' title="bbox 545 2618 2151 2696">
     <span class='ocr_line' id='line_1_42' title="bbox 545 2618 2151 2696; baseline 0 -18"><span class='ocrx_word' id='word_1_314' title='bbox 545 2623 689 2696; x_wconf 89' lang='lat' dir='ltr'><strong>quod</strong></span> <span class='ocrx_word' id='word_1_315' title='bbox 734 2627 929 2680; x_wconf 85' lang='lat' dir='ltr'><strong>lratres</strong></span> <span class='ocrx_word' id='word_1_316' title='bbox 953 2618 985 2678; x_wconf 59' lang='grc' dir='ltr'><strong>ι</strong></span> <span class='ocrx_word' id='word_1_317' title='bbox 1022 2623 1319 2680; x_wconf 85' lang='lat' dir='ltr'><strong>Catholicis</strong></span> <span class='ocrx_word' id='word_1_318' title='bbox 1369 2624 1781 2695; x_wconf 85' lang='lat' dir='ltr'><strong>appellarentur</strong></span> <span class='ocrx_word' id='word_1_319' title='bbox 1812 2642 1825 2677; x_wconf 87' lang='lat'><strong>:</strong></span> <span class='ocrx_word' id='word_1_320' title='bbox 1857 2633 1908 2680; x_wconf 90' lang='lat' dir='ltr'><strong>et</strong></span> <span class='ocrx_word' id='word_1_321' title='bbox 1966 2624 2151 2679; x_wconf 90' lang='lat' dir='ltr'><strong>multis</strong></span> 
     </span>
    </p>
   </div>
   <div class='ocr_carea' id='block_1_43' title="bbox 560 2717 2150 2791">
    <p class='ocr_par' dir='ltr' id='par_1_43' title="bbox 560 2717 2150 2791">
     <span class='ocr_line' id='line_1_43' title="bbox 560 2717 2150 2791; baseline 0 -19"><span class='ocrx_word' id='word_1_322' title='bbox 560 2730 679 2791; x_wconf 87' lang='lat' dir='ltr'><strong>post</strong></span> <span class='ocrx_word' id='word_1_323' title='bbox 702 2722 882 2785; x_wconf 83' lang='lat' dir='ltr'><strong>annis,</strong></span> <span class='ocrx_word' id='word_1_324' title='bbox 907 2727 1069 2790; x_wconf 88' lang='lat' dir='ltr'><strong>atque</strong></span> <span class='ocrx_word' id='word_1_325' title='bbox 1098 2717 1238 2774; x_wconf 87' lang='lat' dir='ltr'><strong>adeo</strong></span> <span class='ocrx_word' id='word_1_326' title='bbox 1259 2719 1312 2773; x_wconf 92' lang='lat' dir='ltr'><strong>in</strong></span> <span class='ocrx_word' id='word_1_327' title='bbox 1361 2718 1478 2788; x_wconf 88' lang='lat' dir='ltr'><strong>ipsa</strong></span> <span class='ocrx_word' id='word_1_328' title='bbox 1526 2718 1830 2775; x_wconf 87' lang='lat' dir='ltr'><strong>Collatione</strong></span> <span class='ocrx_word' id='word_1_329' title='bbox 1878 2717 2022 2774; x_wconf 87' lang='lat' dir='ltr'><strong>hanc</strong></span> <span class='ocrx_word' id='word_1_330' title='bbox 2050 2734 2150 2773; x_wconf 86' lang='lat' dir='ltr'><strong>no-</strong></span> 
     </span>
    </p>
   </div>
   <div class='ocr_carea' id='block_1_44' title="bbox 551 2811 2151 2884">
    <p class='ocr_par' dir='ltr' id='par_1_44' title="bbox 551 2811 2151 2884">
     <span class='ocr_line' id='line_1_44' title="bbox 551 2811 2151 2884; baseline 0 -17"><span class='ocrx_word' id='word_1_331' title='bbox 551 2822 790 2868; x_wconf 87' lang='lat' dir='ltr'><strong>strorum</strong></span> <span class='ocrx_word' id='word_1_332' title='bbox 818 2812 1208 2868; x_wconf 84' lang='lat' dir='ltr'><strong>humanitatem</strong></span> <span class='ocrx_word' id='word_1_333' title='bbox 1255 2813 1492 2883; x_wconf 87' lang='lat' dir='ltr'><strong>superbe</strong></span> <span class='ocrx_word' id='word_1_334' title='bbox 1520 2820 1861 2884; x_wconf 87' lang='lat' dir='ltr'><strong>respucrunt.</strong></span> <span class='ocrx_word' id='word_1_335' title='bbox 1890 2811 2151 2883; x_wconf 77' lang='lat' dir='ltr'><strong>Augusti-</strong></span> 
     </span>
    </p>
   </div>
   <div class='ocr_carea' id='block_1_45' title="bbox 549 2906 2151 2980">
    <p class='ocr_par' dir='ltr' id='par_1_45' title="bbox 549 2906 2151 2980">
     <span class='ocr_line' id='line_1_45' title="bbox 549 2906 2151 2980; baseline 0.001 -18"><span class='ocrx_word' id='word_1_336' title='bbox 549 2922 669 2973; x_wconf 87' lang='lat' dir='ltr'><strong>nus,</strong></span> <span class='ocrx_word' id='word_1_337' title='bbox 688 2908 783 2963; x_wconf 88' lang='lat' dir='ltr'><strong>lib.</strong></span> <span class='ocrx_word' id='word_1_338' title='bbox 810 2924 867 2963; x_wconf 88' lang='grc' dir='ltr'><strong>ιιι</strong></span> <span class='ocrx_word' id='word_1_339' title='bbox 883 2916 1069 2965; x_wconf 82' lang='lat' dir='ltr'><strong>contra</strong></span> <span class='ocrx_word' id='word_1_340' title='bbox 1090 2906 1383 2964; x_wconf 84' lang='lat' dir='ltr'><strong>Gaudent.:</strong></span> <span class='ocrx_word' id='word_1_341' title='bbox 1409 2906 1512 2972; x_wconf 81' lang='lat' dir='ltr'><strong>An,</strong></span> <span class='ocrx_word' id='word_1_342' title='bbox 1540 2907 1730 2979; x_wconf 83' lang='lat' dir='ltr'><strong>inquit,</strong></span> <span class='ocrx_word' id='word_1_343' title='bbox 1751 2908 2007 2972; x_wconf 77' lang='lat' dir='ltr'><strong>irasceris,</strong></span> <span class='ocrx_word' id='word_1_344' title='bbox 2028 2909 2151 2980; x_wconf 76' lang='lat' dir='ltr'><strong>quia</strong></span> 
     </span>
    </p>
   </div>
   <div class='ocr_carea' id='block_1_46' title="bbox 557 3000 2149 3073">
    <p class='ocr_par' dir='ltr' id='par_1_46' title="bbox 557 3000 2149 3073">
     <span class='ocr_line' id='line_1_46' title="bbox 557 3000 2149 3073; baseline 0.001 -18"><span class='ocrx_word' id='word_1_345' title='bbox 557 3011 605 3056; x_wconf 84' lang='lat' dir='ltr'><strong>te</strong></span> <span class='ocrx_word' id='word_1_346' title='bbox 635 3002 849 3073; x_wconf 77' lang='lat' dir='ltr'><strong>fratrem</strong></span> <span class='ocrx_word' id='word_1_347' title='bbox 876 3003 1038 3057; x_wconf 70' lang='lat' dir='ltr'><strong>voco?</strong></span> <span class='ocrx_word' id='word_1_348' title='bbox 1086 3000 1205 3058; x_wconf 84' lang='lat' dir='ltr'><strong>Hoc</strong></span> <span class='ocrx_word' id='word_1_349' title='bbox 1234 3003 1368 3057; x_wconf 81' lang='lat' dir='ltr'><strong>enim</strong></span> <span class='ocrx_word' id='word_1_350' title='bbox 1414 3017 1600 3057; x_wconf 76' lang='lat' dir='ltr'><strong>nomen</strong></span> <span class='ocrx_word' id='word_1_351' title='bbox 1628 3019 1661 3056; x_wconf 88' lang='lat' dir='ltr'><strong>a</strong></span> <span class='ocrx_word' id='word_1_352' title='bbox 1712 3002 1857 3058; x_wconf 82' lang='lat' dir='ltr'><strong>nobis</strong></span> <span class='ocrx_word' id='word_1_353' title='bbox 1893 3003 2050 3058; x_wconf 80' lang='lat' dir='ltr'><strong>etiam</strong></span> <span class='ocrx_word' id='word_1_354' title='bbox 2093 3003 2149 3057; x_wconf 76' lang='lat' dir='ltr'><strong>ira</strong></span> 
     </span>
    </p>
   </div>
   <div class='ocr_carea' id='block_1_47' title="bbox 547 3093 1477 3164">
    <p class='ocr_par' dir='ltr' id='par_1_47' title="bbox 547 3093 1477 3164">
     <span class='ocr_line' id='line_1_47' title="bbox 547 3093 1477 3164; baseline 0.001 -15"><span class='ocrx_word' id='word_1_355' title='bbox 547 3103 725 3151; x_wconf 81' lang='lat' dir='ltr'><strong>nostra</strong></span> <span class='ocrx_word' id='word_1_356' title='bbox 750 3093 1040 3151; x_wconf 84' lang='lat' dir='ltr'><strong>Collatione</strong></span> <span class='ocrx_word' id='word_1_357' title='bbox 1057 3095 1351 3164; x_wconf 81' lang='lat' dir='ltr'><strong>respuistis,</strong></span> <span class='ocrx_word' id='word_1_358' title='bbox 1369 3102 1477 3152; x_wconf 88' lang='lat' dir='ltr'><strong>etc.</strong></span> 
     </span>
    </p>
   </div>
   <div class='ocr_carea' id='block_1_48' title="bbox 2256 1878 3740 1949">
    <p class='ocr_par' dir='ltr' id='par_1_48' title="bbox 2256 1878 3740 1949">
     <span class='ocr_line' id='line_1_48' title="bbox 2256 1878 3740 1949; baseline -0.001 -14"><span class='ocrx_word' id='word_1_359' title='bbox 2256 1879 2490 1936; x_wconf 87' lang='lat' dir='ltr'><strong>habebat</strong></span> <span class='ocrx_word' id='word_1_360' title='bbox 2513 1894 2641 1935; x_wconf 89' lang='lat' dir='ltr'><strong>suos</strong></span> <span class='ocrx_word' id='word_1_361' title='bbox 2666 1890 2862 1943; x_wconf 71' lang='lat' dir='ltr'><strong>ctetus,</strong></span> <span class='ocrx_word' id='word_1_362' title='bbox 2894 1894 3004 1933; x_wconf 87' lang='lat' dir='ltr'><strong>non</strong></span> <span class='ocrx_word' id='word_1_363' title='bbox 3030 1878 3279 1934; x_wconf 88' lang='lat' dir='ltr'><strong>dissimili</strong></span> <span class='ocrx_word' id='word_1_364' title='bbox 3308 1889 3548 1949; x_wconf 64' lang='lat' dir='ltr'><strong>praetextu</strong></span> <span class='ocrx_word' id='word_1_365' title='bbox 3577 1878 3740 1949; x_wconf 75' lang='lat' dir='ltr'><strong>quoilu-</strong></span> 
     </span>
    </p>
   </div>
   <div class='ocr_carea' id='block_1_49' title="bbox 2254 1971 3746 2039">
    <p class='ocr_par' dir='ltr' id='par_1_49' title="bbox 2254 1971 3746 2039">
     <span class='ocr_line' id='line_1_49' title="bbox 2254 1971 3746 2039; baseline -0.003 -9"><span class='ocrx_word' id='word_1_366' title='bbox 2254 1977 2490 2039; x_wconf 66' lang='lat' dir='ltr'><strong>natistaz,</strong></span> <span class='ocrx_word' id='word_1_367' title='bbox 2521 1974 2734 2039; x_wconf 89' lang='lat' dir='ltr'><strong>obtulit,</strong></span> <span class='ocrx_word' id='word_1_368' title='bbox 2767 1983 2825 2028; x_wconf 90' lang='lat' dir='ltr'><strong>nt</strong></span> <span class='ocrx_word' id='word_1_369' title='bbox 2850 1972 3159 2029; x_wconf 88' lang='lat' dir='ltr'><strong>conciliatio</strong></span> <span class='ocrx_word' id='word_1_370' title='bbox 3190 1972 3361 2034; x_wconf 82' lang='lat' dir='ltr'><strong>ﬁeret.</strong></span> <span class='ocrx_word' id='word_1_371' title='bbox 3410 1972 3669 2027; x_wconf 76' lang='lat' dir='ltr'><strong>societatem</strong></span> <span class='ocrx_word' id='word_1_372' title='bbox 3686 1971 3746 2026; x_wconf 71' lang='lat' dir='ltr'><strong>sui</strong></span> 
     </span>
    </p>
   </div>
   <div class='ocr_carea' id='block_1_50' title="bbox 2254 2062 3751 2138">
    <p class='ocr_par' dir='ltr' id='par_1_50' title="bbox 2254 2062 3751 2138">
     <span class='ocr_line' id='line_1_50' title="bbox 2254 2062 3751 2138; baseline -0.004 -15"><span class='ocrx_word' id='word_1_373' title='bbox 2254 2067 2617 2138; x_wconf 71' lang='lat' dir='ltr'><strong>episcopatus,</strong></span> <span class='ocrx_word' id='word_1_374' title='bbox 2655 2080 2716 2121; x_wconf 88' lang='lat' dir='ltr'><strong>ea</strong></span> <span class='ocrx_word' id='word_1_375' title='bbox 2755 2065 2890 2136; x_wconf 87' lang='lat' dir='ltr'><strong>lege,</strong></span> <span class='ocrx_word' id='word_1_376' title='bbox 2940 2073 2997 2120; x_wconf 93' lang='lat' dir='ltr'><strong>ut</strong></span> <span class='ocrx_word' id='word_1_377' title='bbox 3041 2064 3220 2120; x_wconf 90' lang='lat' dir='ltr'><strong>altero</strong></span> <span class='ocrx_word' id='word_1_378' title='bbox 3266 2071 3490 2128; x_wconf 87' lang='lat' dir='ltr'><strong>mortuo,</strong></span> <span class='ocrx_word' id='word_1_379' title='bbox 3530 2062 3653 2125; x_wconf 75' lang='lat' dir='ltr'><strong>alter,</strong></span> <span class='ocrx_word' id='word_1_380' title='bbox 3688 2062 3751 2131; x_wconf 82' lang='lat' dir='ltr'><strong>qui</strong></span> 
     </span>
    </p>
   </div>
   <div class='ocr_carea' id='block_1_51' title="bbox 2253 2155 3753 2232">
    <p class='ocr_par' dir='ltr' id='par_1_51' title="bbox 2253 2155 3753 2232">
     <span class='ocr_line' id='line_1_51' title="bbox 2253 2155 3753 2232; baseline -0.005 -14"><span class='ocrx_word' id='word_1_381' title='bbox 2253 2170 2531 2232; x_wconf 80' lang='lat' dir='ltr'><strong>superstes</strong></span> <span class='ocrx_word' id='word_1_382' title='bbox 2552 2171 2718 2227; x_wconf 87' lang='lat' dir='ltr'><strong>esset,</strong></span> <span class='ocrx_word' id='word_1_383' title='bbox 2748 2161 2800 2214; x_wconf 91' lang='lat' dir='ltr'><strong>in</strong></span> <span class='ocrx_word' id='word_1_384' title='bbox 2840 2158 3070 2223; x_wconf 68' lang='lat' dir='ltr'><strong>solidum</strong></span> <span class='ocrx_word' id='word_1_385' title='bbox 3096 2160 3388 2229; x_wconf 82' lang='lat' dir='ltr'><strong>cpiscopus</strong></span> <span class='ocrx_word' id='word_1_386' title='bbox 3413 2167 3634 2215; x_wconf 81' lang='lat' dir='ltr'><strong>maneret.</strong></span> <span class='ocrx_word' id='word_1_387' title='bbox 3656 2155 3753 2224; x_wconf 77' lang='lat' dir='ltr'><strong>Quid</strong></span> 
     </span>
    </p>
   </div>
   <div class='ocr_carea' id='block_1_52' title="bbox 2256 2249 3754 2325">
    <p class='ocr_par' dir='ltr' id='par_1_52' title="bbox 2256 2249 3754 2325">
     <span class='ocr_line' id='line_1_52' title="bbox 2256 2249 3754 2325; baseline -0.005 -15"><span class='ocrx_word' id='word_1_388' title='bbox 2256 2255 2479 2310; x_wconf 82' lang='lat' dir='ltr'><strong>moror?</strong></span> <span class='ocrx_word' id='word_1_389' title='bbox 2508 2254 2858 2325; x_wconf 74' lang='lat' dir='ltr'><strong>Augustinus,</strong></span> <span class='ocrx_word' id='word_1_390' title='bbox 2892 2252 2948 2307; x_wconf 87' lang='lat' dir='ltr'><strong>in</strong></span> <span class='ocrx_word' id='word_1_391' title='bbox 2972 2253 3132 2323; x_wconf 85' lang='lat' dir='ltr'><strong>epist.</strong></span> <span class='ocrx_word' id='word_1_392' title='bbox 3166 2251 3293 2319; x_wconf 73' lang='grc'><strong>165,</strong></span> <span class='ocrx_word' id='word_1_393' title='bbox 3321 2259 3512 2318; x_wconf 85' lang='lat' dir='ltr'><strong>narrat,</strong></span> <span class='ocrx_word' id='word_1_394' title='bbox 3536 2265 3636 2309; x_wconf 86' lang='lat' dir='ltr'><strong>cum</strong></span> <span class='ocrx_word' id='word_1_395' title='bbox 3658 2249 3754 2304; x_wconf 81' lang='lat' dir='ltr'><strong>ltel-</strong></span> 
     </span>
    </p>
   </div>
   <div class='ocr_carea' id='block_1_53' title="bbox 2253 2344 3755 2416">
    <p class='ocr_par' dir='ltr' id='par_1_53' title="bbox 2253 2344 3755 2416">
     <span class='ocr_line' id='line_1_53' title="bbox 2253 2344 3755 2416; baseline -0.005 -11"><span class='ocrx_word' id='word_1_396' title='bbox 2253 2348 2475 2405; x_wconf 83' lang='lat' dir='ltr'><strong>chiades</strong></span> <span class='ocrx_word' id='word_1_397' title='bbox 2534 2347 2806 2403; x_wconf 75' lang='lat' dir='ltr'><strong>Romanus</strong></span> <span class='ocrx_word' id='word_1_398' title='bbox 2854 2344 3142 2416; x_wconf 85' lang='lat' dir='ltr'><strong>episcopus</strong></span> <span class='ocrx_word' id='word_1_399' title='bbox 3195 2360 3265 2404; x_wconf 75' lang='lat' dir='ltr'><strong>ex</strong></span> <span class='ocrx_word' id='word_1_400' title='bbox 3307 2344 3552 2403; x_wconf 80' lang='lat' dir='ltr'><strong>sententia</strong></span> <span class='ocrx_word' id='word_1_401' title='bbox 3593 2356 3755 2399; x_wconf 81' lang='lat' dir='ltr'><strong>sttorust</strong></span> 
     </span>
    </p>
   </div>
   <div class='ocr_carea' id='block_1_54' title="bbox 2255 2439 3758 2516">
    <p class='ocr_par' dir='ltr' id='par_1_54' title="bbox 2255 2439 3758 2516">
     <span class='ocr_line' id='line_1_54' title="bbox 2255 2439 3758 2516; baseline -0.007 -15"><span class='ocrx_word' id='word_1_402' title='bbox 2255 2445 2585 2516; x_wconf 80' lang='lat' dir='ltr'><strong>collegarum</strong></span> <span class='ocrx_word' id='word_1_403' title='bbox 2616 2443 2901 2498; x_wconf 83' lang='lat' dir='ltr'><strong>damnaret</strong></span> <span class='ocrx_word' id='word_1_404' title='bbox 2935 2442 3236 2511; x_wconf 85' lang='lat' dir='ltr'><strong>Donatum,</strong></span> <span class='ocrx_word' id='word_1_405' title='bbox 3277 2440 3570 2506; x_wconf 85' lang='lat' dir='ltr'><strong>Donatistis,</strong></span> <span class='ocrx_word' id='word_1_406' title='bbox 3607 2439 3677 2509; x_wconf 87' lang='lat' dir='ltr'><strong>qui</strong></span> <span class='ocrx_word' id='word_1_407' title='bbox 3698 2453 3758 2499; x_wconf 84' lang='lat' dir='ltr'><strong>re-</strong></span> 
     </span>
    </p>
   </div>
   <div class='ocr_carea' id='block_1_55' title="bbox 2253 2533 3757 2608">
    <p class='ocr_par' dir='ltr' id='par_1_55' title="bbox 2253 2533 3757 2608">
     <span class='ocr_line' id='line_1_55' title="bbox 2253 2533 3757 2608; baseline -0.005 -15"><span class='ocrx_word' id='word_1_408' title='bbox 2253 2538 2516 2608; x_wconf 89' lang='lat' dir='ltr'><strong>sipiscere</strong></span> <span class='ocrx_word' id='word_1_409' title='bbox 2534 2537 2759 2601; x_wconf 79' lang='lat' dir='ltr'><strong>vellent,</strong></span> <span class='ocrx_word' id='word_1_410' title='bbox 2787 2538 2854 2589; x_wconf 91' lang='lat' dir='ltr'><strong>ita</strong></span> <span class='ocrx_word' id='word_1_411' title='bbox 2880 2536 3214 2606; x_wconf 87' lang='lat' dir='ltr'><strong>pepercisse,</strong></span> <span class='ocrx_word' id='word_1_412' title='bbox 3243 2542 3304 2590; x_wconf 88' lang='lat' dir='ltr'><strong>ut</strong></span> <span class='ocrx_word' id='word_1_413' title='bbox 3341 2533 3563 2590; x_wconf 72' lang='lat' dir='ltr'><strong>sattiuttis</strong></span> <span class='ocrx_word' id='word_1_414' title='bbox 3595 2545 3757 2600; x_wconf 60' lang='lat' dir='ltr'><strong>recupcn</strong></span> 
     </span>
    </p>
   </div>
   <div class='ocr_carea' id='block_1_56' title="bbox 2253 2623 3759 2699">
    <p class='ocr_par' dir='ltr' id='par_1_56' title="bbox 2253 2623 3759 2699">
     <span class='ocr_line' id='line_1_56' title="bbox 2253 2623 3759 2699; baseline -0.004 -14"><span class='ocrx_word' id='word_1_415' title='bbox 2253 2628 2460 2695; x_wconf 69' lang='lat' dir='ltr'><strong>randae,</strong></span> <span class='ocrx_word' id='word_1_416' title='bbox 2491 2629 2664 2699; x_wconf 86' lang='lat' dir='ltr'><strong>inquit</strong></span> <span class='ocrx_word' id='word_1_417' title='bbox 2690 2629 3039 2698; x_wconf 73' lang='lat' dir='ltr'><strong>Augustinus.</strong></span> <span class='ocrx_word' id='word_1_418' title='bbox 3088 2630 3367 2699; x_wconf 79' lang='lat' dir='ltr'><strong>optionem</strong></span> <span class='ocrx_word' id='word_1_419' title='bbox 3392 2626 3594 2685; x_wconf 80' lang='lat' dir='ltr'><strong>liberam</strong></span> <span class='ocrx_word' id='word_1_420' title='bbox 3624 2625 3675 2679; x_wconf 81' lang='lat' dir='ltr'><strong>iis</strong></span> <span class='ocrx_word' id='word_1_421' title='bbox 3707 2623 3759 2679; x_wconf 82' lang='lat' dir='ltr'><strong>le-</strong></span> 
     </span>
    </p>
   </div>
   <div class='ocr_carea' id='block_1_57' title="bbox 2252 2719 3758 2793">
    <p class='ocr_par' dir='ltr' id='par_1_57' title="bbox 2252 2719 3758 2793">
     <span class='ocr_line' id='line_1_57' title="bbox 2252 2719 3758 2793; baseline -0.008 -13"><span class='ocrx_word' id='word_1_422' title='bbox 2252 2725 2411 2789; x_wconf 87' lang='lat' dir='ltr'><strong>eerlt,</strong></span> <span class='ocrx_word' id='word_1_423' title='bbox 2442 2732 2659 2793; x_wconf 91' lang='lat' dir='ltr'><strong>paratus</strong></span> <span class='ocrx_word' id='word_1_424' title='bbox 2678 2721 3191 2778; x_wconf 75' lang='lat' dir='ltr'><strong>communicatur-ias</strong></span> <span class='ocrx_word' id='word_1_425' title='bbox 3225 2722 3428 2776; x_wconf 85' lang='lat' dir='ltr'><strong>litteras</strong></span> <span class='ocrx_word' id='word_1_426' title='bbox 3442 2720 3629 2776; x_wconf 85' lang='lat' dir='ltr'><strong>mittere</strong></span> <span class='ocrx_word' id='word_1_427' title='bbox 3645 2719 3758 2773; x_wconf 73' lang='lat' dir='ltr'><strong>etiam</strong></span> 
     </span>
    </p>
   </div>
   <div class='ocr_carea' id='block_1_58' title="bbox 2252 2812 3763 2887">
    <p class='ocr_par' dir='ltr' id='par_1_58' title="bbox 2252 2812 3763 2887">
     <span class='ocr_line' id='line_1_58' title="bbox 2252 2812 3763 2887; baseline -0.007 -16"><span class='ocrx_word' id='word_1_428' title='bbox 2252 2816 2341 2884; x_wconf 87' lang='lat' dir='ltr'><strong>iis,</strong></span> <span class='ocrx_word' id='word_1_429' title='bbox 2373 2831 2510 2886; x_wconf 82' lang='lat' dir='ltr'><strong>quos</strong></span> <span class='ocrx_word' id='word_1_430' title='bbox 2531 2832 2561 2871; x_wconf 71' lang='grc' dir='ltr'><strong>ιι</strong></span> <span class='ocrx_word' id='word_1_431' title='bbox 2590 2815 2853 2887; x_wconf 84' lang='lat' dir='ltr'><strong>Majorino</strong></span> <span class='ocrx_word' id='word_1_432' title='bbox 2881 2814 3160 2872; x_wconf 85' lang='lat' dir='ltr'><strong>ordinatos</strong></span> <span class='ocrx_word' id='word_1_433' title='bbox 3189 2830 3321 2872; x_wconf 86' lang='lat' dir='ltr'><strong>esse</strong></span> <span class='ocrx_word' id='word_1_434' title='bbox 3349 2821 3597 2871; x_wconf 88' lang='lat' dir='ltr'><strong>constaret</strong></span> <span class='ocrx_word' id='word_1_435' title='bbox 3621 2812 3704 2865; x_wconf 81' lang='lat' dir='ltr'><strong>:ita</strong></span> <span class='ocrx_word' id='word_1_436' title='bbox 3723 2816 3763 2862; x_wconf 88' lang='lat' dir='ltr'><strong>ut</strong></span> 
     </span>
    </p>
   </div>
   <div class='ocr_carea' id='block_1_59' title="bbox 2251 2904 3762 2981">
    <p class='ocr_par' dir='ltr' id='par_1_59' title="bbox 2251 2904 3762 2981">
     <span class='ocr_line' id='line_1_59' title="bbox 2251 2904 3762 2981; baseline -0.005 -16"><span class='ocrx_word' id='word_1_437' title='bbox 2251 2911 2681 2981; x_wconf 77' lang='lat' dir='ltr'><strong>quibuscumque</strong></span> <span class='ocrx_word' id='word_1_438' title='bbox 2708 2910 2842 2965; x_wconf 87' lang='lat' dir='ltr'><strong>lueis</strong></span> <span class='ocrx_word' id='word_1_439' title='bbox 2856 2909 2963 2964; x_wconf 90' lang='lat' dir='ltr'><strong>duo</strong></span> <span class='ocrx_word' id='word_1_440' title='bbox 2983 2909 3167 2964; x_wconf 79' lang='lat' dir='ltr'><strong>essent</strong></span> <span class='ocrx_word' id='word_1_441' title='bbox 3186 2909 3454 2980; x_wconf 85' lang='lat' dir='ltr'><strong>episcopi,</strong></span> <span class='ocrx_word' id='word_1_442' title='bbox 3475 2921 3593 2978; x_wconf 84' lang='lat' dir='ltr'><strong>quos</strong></span> <span class='ocrx_word' id='word_1_443' title='bbox 3610 2904 3762 2965; x_wconf 64' lang='lat' dir='ltr'><strong>dissut-</strong></span> 
     </span>
    </p>
   </div>
   <div class='ocr_carea' id='block_1_60' title="bbox 2252 2995 3764 3076">
    <p class='ocr_par' dir='ltr' id='par_1_60' title="bbox 2252 2995 3764 3076">
     <span class='ocr_line' id='line_1_60' title="bbox 2252 2995 3764 3076; baseline -0.007 -17"><span class='ocrx_word' id='word_1_444' title='bbox 2252 3007 2335 3059; x_wconf 89' lang='lat' dir='ltr'><strong>sio</strong></span> <span class='ocrx_word' id='word_1_445' title='bbox 2361 3004 2713 3076; x_wconf 86' lang='lat' dir='ltr'><strong>geminasset,</strong></span> <span class='ocrx_word' id='word_1_446' title='bbox 2766 3018 2894 3058; x_wconf 84' lang='lat' dir='ltr'><strong>eum</strong></span> <span class='ocrx_word' id='word_1_447' title='bbox 2940 3000 3257 3057; x_wconf 80' lang='lat' dir='ltr'><strong>conﬁrmari</strong></span> <span class='ocrx_word' id='word_1_448' title='bbox 3304 3002 3484 3065; x_wconf 88' lang='lat' dir='ltr'><strong>vellet,</strong></span> <span class='ocrx_word' id='word_1_449' title='bbox 3528 2999 3603 3069; x_wconf 85' lang='lat' dir='ltr'><strong>qui</strong></span> <span class='ocrx_word' id='word_1_450' title='bbox 3630 2995 3764 3052; x_wconf 67' lang='lat' dir='ltr'><strong>luisset</strong></span> 
     </span>
    </p>
   </div>
   <div class='ocr_carea' id='block_1_61' title="bbox 2252 3091 3762 3169">
    <p class='ocr_par' dir='ltr' id='par_1_61' title="bbox 2252 3091 3762 3169">
     <span class='ocr_line' id='line_1_61' title="bbox 2252 3091 3762 3169; baseline -0.009 -15"><span class='ocrx_word' id='word_1_451' title='bbox 2252 3098 2534 3154; x_wconf 82' lang='lat' dir='ltr'><strong>ordinatus</strong></span> <span class='ocrx_word' id='word_1_452' title='bbox 2558 3100 2706 3169; x_wconf 90' lang='lat' dir='ltr'><strong>prior</strong></span> <span class='ocrx_word' id='word_1_453' title='bbox 2748 3116 2762 3153; x_wconf 92' lang='lat'>:</span> <span class='ocrx_word' id='word_1_454' title='bbox 2794 3097 2951 3152; x_wconf 85' lang='lat' dir='ltr'><strong>alteri</strong></span> <span class='ocrx_word' id='word_1_455' title='bbox 2978 3105 3160 3152; x_wconf 84' lang='lat' dir='ltr'><strong>autem</strong></span> <span class='ocrx_word' id='word_1_456' title='bbox 3188 3112 3382 3151; x_wconf 82' lang='lat' dir='ltr'><strong>eorum</strong></span> <span class='ocrx_word' id='word_1_457' title='bbox 3411 3093 3551 3166; x_wconf 81' lang='lat' dir='ltr'><strong>plebs</strong></span> <span class='ocrx_word' id='word_1_458' title='bbox 3584 3091 3669 3147; x_wconf 81' lang='lat' dir='ltr'><strong>alia</strong></span> <span class='ocrx_word' id='word_1_459' title='bbox 3705 3102 3762 3142; x_wconf 82' lang='lat' dir='ltr'><strong>re-</strong></span> 
     </span>
    </p>
   </div>
   <div class='ocr_carea' id='block_1_62' title="bbox 619 3181 3766 3275">
    <p class='ocr_par' dir='ltr' id='par_1_62' title="bbox 619 3181 3766 3275">
     <span class='ocr_line' id='line_1_62' title="bbox 619 3181 3766 3275; baseline -0.004 -30"><span class='ocrx_word' id='word_1_460' title='bbox 619 3187 753 3247; x_wconf 87' lang='lat' dir='ltr'><strong>Cum</strong></span> <span class='ocrx_word' id='word_1_461' title='bbox 780 3189 952 3245; x_wconf 86' lang='lat' dir='ltr'><strong>multa</strong></span> <span class='ocrx_word' id='word_1_462' title='bbox 981 3190 1090 3245; x_wconf 90' lang='lat' dir='ltr'><strong>sint</strong></span> <span class='ocrx_word' id='word_1_463' title='bbox 1119 3190 1172 3245; x_wconf 91' lang='lat' dir='ltr'><strong>in</strong></span> <span class='ocrx_word' id='word_1_464' title='bbox 1202 3190 1369 3260; x_wconf 85' lang='lat' dir='ltr'><strong>gestis</strong></span> <span class='ocrx_word' id='word_1_465' title='bbox 1410 3188 1571 3260; x_wconf 87' lang='lat' dir='ltr'><strong>hujus</strong></span> <span class='ocrx_word' id='word_1_466' title='bbox 1619 3186 1942 3246; x_wconf 87' lang='lat' dir='ltr'><strong>Collationls</strong></span> <span class='ocrx_word' id='word_1_467' title='bbox 1965 3188 2149 3261; x_wconf 87' lang='lat' dir='ltr'><strong>singu-</strong></span> <span class='ocrx_word' id='word_1_468' title='bbox 2176 3194 2223 3259; x_wconf 74' lang='grc' dir='ltr'><strong>ρ</strong></span> <span class='ocrx_word' id='word_1_469' title='bbox 2254 3191 2427 3263; x_wconf 89' lang='lat' dir='ltr'><strong>genda</strong></span> <span class='ocrx_word' id='word_1_470' title='bbox 2458 3190 2856 3275; x_wconf 73' lang='lat' dir='ltr'><strong>provideretur.</strong></span> <span class='ocrx_word' id='word_1_471' title='bbox 2887 3189 2963 3246; x_wconf 86' lang='lat' dir='ltr'><strong>De</strong></span> <span class='ocrx_word' id='word_1_472' title='bbox 3011 3189 3114 3245; x_wconf 85' lang='lat' dir='ltr'><strong>bac</strong></span> <span class='ocrx_word' id='word_1_473' title='bbox 3136 3188 3453 3246; x_wconf 85' lang='lat' dir='ltr'><strong>Melchiadis</strong></span> <span class='ocrx_word' id='word_1_474' title='bbox 3475 3181 3766 3243; x_wconf 65' lang='lat' dir='ltr'><strong>sententiam-</strong></span> 
     </span>
    </p>
   </div>
   <div class='ocr_carea' id='block_1_63' title="bbox 549 3285 2145 3354">
    <p class='ocr_par' dir='ltr' id='par_1_63' title="bbox 549 3285 2145 3354">
     <span class='ocr_line' id='line_1_63' title="bbox 549 3285 2145 3354; baseline -0.003 -11"><span class='ocrx_word' id='word_1_475' title='bbox 549 3287 739 3344; x_wconf 88' lang='lat' dir='ltr'><strong>lariter</strong></span> <span class='ocrx_word' id='word_1_476' title='bbox 756 3287 1119 3354; x_wconf 88' lang='lat' dir='ltr'><strong>observanda,</strong></span> <span class='ocrx_word' id='word_1_477' title='bbox 1152 3296 1263 3342; x_wconf 88' lang='lat' dir='ltr'><strong>tum</strong></span> <span class='ocrx_word' id='word_1_478' title='bbox 1299 3301 1430 3341; x_wconf 90' lang='lat' dir='ltr'><strong>vero</strong></span> <span class='ocrx_word' id='word_1_479' title='bbox 1475 3285 1610 3341; x_wconf 91' lang='lat' dir='ltr'><strong>illud</strong></span> <span class='ocrx_word' id='word_1_480' title='bbox 1660 3285 2012 3341; x_wconf 88' lang='lat' dir='ltr'><strong>memorabile</strong></span> <span class='ocrx_word' id='word_1_481' title='bbox 2037 3294 2145 3351; x_wconf 84' lang='lat' dir='ltr'><strong>est,</strong></span> 
     </span>
    </p>
   </div>
   <div class='ocr_carea' id='block_1_64' title="bbox 551 3380 2143 3454">
    <p class='ocr_par' dir='ltr' id='par_1_64' title="bbox 551 3380 2143 3454">
     <span class='ocr_line' id='line_1_64' title="bbox 551 3380 2143 3454; baseline -0.003 -17"><span class='ocrx_word' id='word_1_482' title='bbox 551 3382 694 3454; x_wconf 90' lang='lat' dir='ltr'><strong>quod</strong></span> <span class='ocrx_word' id='word_1_483' title='bbox 725 3380 1015 3449; x_wconf 84' lang='lat' dir='ltr'><strong>Catholici,</strong></span> <span class='ocrx_word' id='word_1_484' title='bbox 1049 3392 1108 3436; x_wconf 95' lang='lat' dir='ltr'><strong>ut</strong></span> <span class='ocrx_word' id='word_1_485' title='bbox 1138 3381 1429 3437; x_wconf 87' lang='lat' dir='ltr'><strong>Donatistis</strong></span> <span class='ocrx_word' id='word_1_486' title='bbox 1476 3388 1756 3436; x_wconf 87' lang='lat' dir='ltr'><strong>uterentur</strong></span> <span class='ocrx_word' id='word_1_487' title='bbox 1796 3380 2143 3451; x_wconf 60' lang='lat' dir='ltr'><strong>aequioribus,</strong></span> 
     </span>
    </p>
   </div>
   <div class='ocr_carea' id='block_1_65' title="bbox 545 3474 2145 3546">
    <p class='ocr_par' dir='ltr' id='par_1_65' title="bbox 545 3474 2145 3546">
     <span class='ocr_line' id='line_1_65' title="bbox 545 3474 2145 3546; baseline 0 -17"><span class='ocrx_word' id='word_1_488' title='bbox 545 3491 654 3529; x_wconf 89' lang='lat' dir='ltr'><strong>non</strong></span> <span class='ocrx_word' id='word_1_489' title='bbox 687 3484 941 3531; x_wconf 89' lang='lat' dir='ltr'><strong>recusant</strong></span> <span class='ocrx_word' id='word_1_490' title='bbox 963 3476 1198 3546; x_wconf 85' lang='lat' dir='ltr'><strong>iniquam</strong></span> <span class='ocrx_word' id='word_1_491' title='bbox 1228 3474 1373 3530; x_wconf 85' lang='lat' dir='ltr'><strong>ultro</strong></span> <span class='ocrx_word' id='word_1_492' title='bbox 1422 3474 1605 3530; x_wconf 88' lang='lat' dir='ltr'><strong>subire</strong></span> <span class='ocrx_word' id='word_1_493' title='bbox 1633 3474 2018 3543; x_wconf 87' lang='lat' dir='ltr'><strong>conditionem,</strong></span> <span class='ocrx_word' id='word_1_494' title='bbox 2054 3475 2145 3529; x_wconf 86' lang='lat' dir='ltr'><strong>ad-</strong></span> 
     </span>
    </p>
   </div>
   <div class='ocr_carea' id='block_1_66' title="bbox 553 3568 2144 3639">
    <p class='ocr_par' dir='ltr' id='par_1_66' title="bbox 553 3568 2144 3639">
     <span class='ocr_line' id='line_1_66' title="bbox 553 3568 2144 3639; baseline 0.004 -20"><span class='ocrx_word' id='word_1_495' title='bbox 553 3570 809 3623; x_wconf 79' lang='lat' dir='ltr'><strong>versariis</strong></span> <span class='ocrx_word' id='word_1_496' title='bbox 841 3584 971 3625; x_wconf 88' lang='lat' dir='ltr'><strong>vero</strong></span> <span class='ocrx_word' id='word_1_497' title='bbox 997 3569 1214 3626; x_wconf 79' lang='lat' dir='ltr'><strong>deferre</strong></span> <span class='ocrx_word' id='word_1_498' title='bbox 1264 3569 1471 3625; x_wconf 90' lang='lat' dir='ltr'><strong>utilem.</strong></span> <span class='ocrx_word' id='word_1_499' title='bbox 1502 3568 1744 3625; x_wconf 86' lang='lat' dir='ltr'><strong>Oti&#39;erunt</strong></span> <span class='ocrx_word' id='word_1_500' title='bbox 1787 3570 1955 3639; x_wconf 86' lang='lat' dir='ltr'><strong>enim,</strong></span> <span class='ocrx_word' id='word_1_501' title='bbox 1997 3570 2040 3624; x_wconf 90' lang='lat' dir='ltr'><strong>si</strong></span> <span class='ocrx_word' id='word_1_502' title='bbox 2090 3569 2144 3625; x_wconf 91' lang='lat' dir='ltr'><strong>in</strong></span> 
     </span>
    </p>
   </div>
   <div class='ocr_carea' id='block_1_67' title="bbox 558 3663 2147 3732">
    <p class='ocr_par' dir='ltr' id='par_1_67' title="bbox 558 3663 2147 3732">
     <span class='ocr_line' id='line_1_67' title="bbox 558 3663 2147 3732; baseline 0.001 -13"><span class='ocrx_word' id='word_1_503' title='bbox 558 3663 658 3719; x_wconf 92' lang='lat' dir='ltr'><strong>hac</strong></span> <span class='ocrx_word' id='word_1_504' title='bbox 681 3664 985 3720; x_wconf 81' lang='lat' dir='ltr'><strong>Collatione</strong></span> <span class='ocrx_word' id='word_1_505' title='bbox 1009 3668 1315 3729; x_wconf 88' lang='lat' dir='ltr'><strong>vincantur,</strong></span> <span class='ocrx_word' id='word_1_506' title='bbox 1346 3680 1467 3722; x_wconf 88' lang='lat' dir='ltr'><strong>sese</strong></span> <span class='ocrx_word' id='word_1_507' title='bbox 1493 3665 1856 3732; x_wconf 86' lang='lat' dir='ltr'><strong>abdicaturos,</strong></span> <span class='ocrx_word' id='word_1_508' title='bbox 1893 3674 1952 3720; x_wconf 91' lang='lat' dir='ltr'><strong>ut</strong></span> <span class='ocrx_word' id='word_1_509' title='bbox 1981 3665 2147 3721; x_wconf 84' lang='lat' dir='ltr'><strong>verbo</strong></span> 
     </span>
    </p>
   </div>
   <div class='ocr_carea' id='block_1_68' title="bbox 552 3758 2146 3826">
    <p class='ocr_par' dir='ltr' id='par_1_68' title="bbox 552 3758 2146 3826">
     <span class='ocr_line' id='line_1_68' title="bbox 552 3758 2146 3826; baseline 0.001 -14"><span class='ocrx_word' id='word_1_510' title='bbox 552 3758 798 3813; x_wconf 77' lang='lat' dir='ltr'><strong>Romano</strong></span> <span class='ocrx_word' id='word_1_511' title='bbox 837 3766 999 3813; x_wconf 84' lang='lat' dir='ltr'><strong>utar:</strong></span> <span class='ocrx_word' id='word_1_512' title='bbox 1059 3759 1142 3813; x_wconf 90' lang='lat' dir='ltr'><strong>sin</strong></span> <span class='ocrx_word' id='word_1_513' title='bbox 1199 3759 1443 3826; x_wconf 80' lang='lat' dir='ltr'><strong>vincant,</strong></span> <span class='ocrx_word' id='word_1_514' title='bbox 1495 3758 1845 3814; x_wconf 85' lang='lat' dir='ltr'><strong>nihilominus</strong></span> <span class='ocrx_word' id='word_1_515' title='bbox 1900 3767 1960 3813; x_wconf 89' lang='lat' dir='ltr'><strong>ut</strong></span> <span class='ocrx_word' id='word_1_516' title='bbox 1989 3759 2146 3813; x_wconf 81' lang='lat' dir='ltr'><strong>victis</strong></span> 
     </span>
    </p>
   </div>
   <div class='ocr_carea' id='block_1_69' title="bbox 546 3849 2147 3926">
    <p class='ocr_par' dir='ltr' id='par_1_69' title="bbox 546 3849 2147 3926">
     <span class='ocr_line' id='line_1_69' title="bbox 546 3849 2147 3926; baseline 0.002 -20"><span class='ocrx_word' id='word_1_517' title='bbox 546 3851 879 3908; x_wconf 86' lang='lat' dir='ltr'><strong>adversariis</strong></span> <span class='ocrx_word' id='word_1_518' title='bbox 904 3852 1168 3926; x_wconf 85' lang='lat' dir='ltr'><strong>integrum</strong></span> <span class='ocrx_word' id='word_1_519' title='bbox 1197 3852 1268 3908; x_wconf 85' lang='lat' dir='ltr'><strong>sit</strong></span> <span class='ocrx_word' id='word_1_520' title='bbox 1308 3867 1415 3908; x_wconf 90' lang='lat' dir='ltr'><strong>non</strong></span> <span class='ocrx_word' id='word_1_521' title='bbox 1442 3852 1699 3909; x_wconf 87' lang='lat' dir='ltr'><strong>abdicare</strong></span> <span class='ocrx_word' id='word_1_522' title='bbox 1742 3871 1756 3909; x_wconf 89' lang='lat'><strong>:</strong></span> <span class='ocrx_word' id='word_1_523' title='bbox 1789 3849 1886 3909; x_wconf 76' lang='lat' dir='ltr'><strong>sed</strong></span> <span class='ocrx_word' id='word_1_524' title='bbox 1912 3856 2147 3909; x_wconf 85' lang='lat' dir='ltr'><strong>victores</strong></span> 
     </span>
    </p>
   </div>
   <div class='ocr_carea' id='block_1_70' title="bbox 551 3944 2147 4017">
    <p class='ocr_par' dir='ltr' id='par_1_70' title="bbox 551 3944 2147 4017">
     <span class='ocr_line' id='line_1_70' title="bbox 551 3944 2147 4017; baseline -0.001 -16"><span class='ocrx_word' id='word_1_525' title='bbox 551 3944 619 4001; x_wconf 90' lang='lat' dir='ltr'><strong>iis</strong></span> <span class='ocrx_word' id='word_1_526' title='bbox 649 3947 1095 4017; x_wconf 85' lang='lat' dir='ltr'><strong>resipiscentibus</strong></span> <span class='ocrx_word' id='word_1_527' title='bbox 1122 3947 1523 4003; x_wconf 85' lang='lat' dir='ltr'><strong>communicent</strong></span> <span class='ocrx_word' id='word_1_528' title='bbox 1550 3948 1808 4003; x_wconf 89' lang='lat' dir='ltr'><strong>honorem</strong></span> <span class='ocrx_word' id='word_1_529' title='bbox 1830 3956 1884 4002; x_wconf 93' lang='lat' dir='ltr'><strong>et</strong></span> <span class='ocrx_word' id='word_1_530' title='bbox 1909 3945 2147 4017; x_wconf 86' lang='lat' dir='ltr'><strong>dignita-</strong></span> 
     </span>
    </p>
   </div>
   <div class='ocr_carea' id='block_1_71' title="bbox 554 4039 2145 4113">
    <p class='ocr_par' dir='ltr' id='par_1_71' title="bbox 554 4039 2145 4113">
     <span class='ocr_line' id='line_1_71' title="bbox 554 4039 2145 4113; baseline 0.001 -21"><span class='ocrx_word' id='word_1_531' title='bbox 554 4050 662 4096; x_wconf 89' lang='lat' dir='ltr'><strong>tem</strong></span> <span class='ocrx_word' id='word_1_532' title='bbox 691 4042 932 4098; x_wconf 89' lang='lat' dir='ltr'><strong>muneris</strong></span> <span class='ocrx_word' id='word_1_533' title='bbox 945 4042 1293 4113; x_wconf 89' lang='lat' dir='ltr'><strong>episcopalis,</strong></span> <span class='ocrx_word' id='word_1_534' title='bbox 1324 4051 1383 4097; x_wconf 92' lang='lat' dir='ltr'><strong>ut</strong></span> <span class='ocrx_word' id='word_1_535' title='bbox 1409 4042 1461 4096; x_wconf 90' lang='lat' dir='ltr'><strong>in</strong></span> <span class='ocrx_word' id='word_1_536' title='bbox 1477 4041 1664 4096; x_wconf 83' lang='lat' dir='ltr'><strong>eadem</strong></span> <span class='ocrx_word' id='word_1_537' title='bbox 1683 4041 1922 4095; x_wconf 86' lang='lat' dir='ltr'><strong>Ecclesia</strong></span> <span class='ocrx_word' id='word_1_538' title='bbox 1939 4039 2046 4093; x_wconf 91' lang='lat' dir='ltr'><strong>duo</strong></span> <span class='ocrx_word' id='word_1_539' title='bbox 2062 4049 2145 4094; x_wconf 90' lang='lat' dir='ltr'><strong>to-</strong></span> 
     </span>
    </p>
   </div>
   <div class='ocr_carea' id='block_1_72' title="bbox 555 4132 2148 4205">
    <p class='ocr_par' dir='ltr' id='par_1_72' title="bbox 555 4132 2148 4205">
     <span class='ocr_line' id='line_1_72' title="bbox 555 4132 2148 4205; baseline 0 -19"><span class='ocrx_word' id='word_1_540' title='bbox 555 4132 797 4189; x_wconf 86' lang='lat' dir='ltr'><strong>lerentur</strong></span> <span class='ocrx_word' id='word_1_541' title='bbox 821 4134 1082 4204; x_wconf 85' lang='lat' dir='ltr'><strong>episcopi,</strong></span> <span class='ocrx_word' id='word_1_542' title='bbox 1107 4142 1380 4203; x_wconf 88' lang='lat' dir='ltr'><strong>tamquam</strong></span> <span class='ocrx_word' id='word_1_543' title='bbox 1403 4132 1645 4203; x_wconf 68' lang='lat' dir='ltr'><strong>collegae,</strong></span> <span class='ocrx_word' id='word_1_544' title='bbox 1674 4132 1837 4205; x_wconf 71' lang='lat'><strong>352</strong></span> <span class='ocrx_word' id='word_1_545' title='bbox 1859 4142 1911 4187; x_wconf 91' lang='lat' dir='ltr'><strong>et</strong></span> <span class='ocrx_word' id='word_1_546' title='bbox 1940 4142 1997 4187; x_wconf 90' lang='grc' dir='ltr'><strong>ιιι</strong></span> <span class='ocrx_word' id='word_1_547' title='bbox 2018 4132 2148 4186; x_wconf 89' lang='lat' dir='ltr'><strong>olim</strong></span> 
     </span>
    </p>
   </div>
   <div class='ocr_carea' id='block_1_73' title="bbox 553 4224 2152 4299">
    <p class='ocr_par' dir='ltr' id='par_1_73' title="bbox 553 4224 2152 4299">
     <span class='ocr_line' id='line_1_73' title="bbox 553 4224 2152 4299; baseline 0.001 -19"><span class='ocrx_word' id='word_1_548' title='bbox 553 4225 741 4281; x_wconf 60' lang='lat' dir='ltr'><strong>Romae</strong></span> <span class='ocrx_word' id='word_1_549' title='bbox 770 4227 1020 4282; x_wconf 88' lang='lat' dir='ltr'><strong>consules</strong></span> <span class='ocrx_word' id='word_1_550' title='bbox 1044 4242 1059 4280; x_wconf 89' lang='lat'><strong>:</strong></span> <span class='ocrx_word' id='word_1_551' title='bbox 1083 4225 1178 4282; x_wconf 89' lang='lat' dir='ltr'><strong>sed</strong></span> <span class='ocrx_word' id='word_1_552' title='bbox 1211 4226 1305 4293; x_wconf 87' lang='lat' dir='ltr'><strong>ita,</strong></span> <span class='ocrx_word' id='word_1_553' title='bbox 1335 4234 1395 4280; x_wconf 91' lang='lat' dir='ltr'><strong>ut</strong></span> <span class='ocrx_word' id='word_1_554' title='bbox 1415 4224 1483 4280; x_wconf 88' lang='lat' dir='ltr'><strong>sit</strong></span> <span class='ocrx_word' id='word_1_555' title='bbox 1507 4226 1649 4280; x_wconf 89' lang='lat' dir='ltr'><strong>inter</strong></span> <span class='ocrx_word' id='word_1_556' title='bbox 1668 4240 1763 4281; x_wconf 86' lang='lat' dir='ltr'><strong>eos</strong></span> <span class='ocrx_word' id='word_1_557' title='bbox 1792 4225 2038 4296; x_wconf 62' lang='lat' dir='ltr'><strong>quaedam</strong></span> <span class='ocrx_word' id='word_1_558' title='bbox 2065 4224 2152 4299; x_wconf 87' lang='lat' dir='ltr'><strong>(ut</strong></span> 
     </span>
    </p>
   </div>
   <div class='ocr_carea' id='block_1_74' title="bbox 2249 3277 3764 3355">
    <p class='ocr_par' dir='ltr' id='par_1_74' title="bbox 2249 3277 3764 3355">
     <span class='ocr_line' id='line_1_74' title="bbox 2249 3277 3764 3355; baseline -0.005 -19"><span class='ocrx_word' id='word_1_559' title='bbox 2249 3298 2422 3355; x_wconf 88' lang='lat' dir='ltr'><strong>quens</strong></span> <span class='ocrx_word' id='word_1_560' title='bbox 2446 3286 2775 3354; x_wconf 85' lang='lat' dir='ltr'><strong>Augustinus</strong></span> <span class='ocrx_word' id='word_1_561' title='bbox 2794 3282 3102 3337; x_wconf 80' lang='lat' dir='ltr'><strong>exclatnat:</strong></span> <span class='ocrx_word' id='word_1_562' title='bbox 3147 3281 3323 3349; x_wconf 79' lang='lat' dir='ltr'><strong>Quam</strong></span> <span class='ocrx_word' id='word_1_563' title='bbox 3367 3277 3627 3337; x_wconf 69' lang='lat' dir='ltr'><strong>innocens!</strong></span> <span class='ocrx_word' id='word_1_564' title='bbox 3656 3286 3764 3345; x_wconf 66' lang='lat' dir='ltr'><strong>quas!</strong></span> 
     </span>
    </p>
   </div>
   <div class='ocr_carea' id='block_1_75' title="bbox 2248 3366 3767 3447">
    <p class='ocr_par' dir='ltr' id='par_1_75' title="bbox 2248 3366 3767 3447">
     <span class='ocr_line' id='line_1_75' title="bbox 2248 3366 3767 3447; baseline -0.007 -18"><span class='ocrx_word' id='word_1_565' title='bbox 2248 3376 2447 3447; x_wconf 76' lang='lat' dir='ltr'><strong>integra</strong></span> <span class='ocrx_word' id='word_1_566' title='bbox 2473 3376 2495 3429; x_wconf 87' lang='lat'><strong>.&#39;</strong></span> <span class='ocrx_word' id='word_1_567' title='bbox 2520 3392 2672 3442; x_wconf 75' lang='lat' dir='ltr'><strong>quam</strong></span> <span class='ocrx_word' id='word_1_568' title='bbox 2701 3375 2918 3443; x_wconf 78' lang='lat' dir='ltr'><strong>prouida</strong></span> <span class='ocrx_word' id='word_1_569' title='bbox 2939 3385 3089 3446; x_wconf 83' lang='lat' dir='ltr'><strong>atque</strong></span> <span class='ocrx_word' id='word_1_570' title='bbox 3114 3374 3385 3446; x_wconf 77' lang='lat' dir='ltr'><strong>paciﬁca?</strong></span> <span class='ocrx_word' id='word_1_571' title='bbox 3436 3372 3479 3428; x_wconf 84' lang='grc'><strong>0</strong></span> <span class='ocrx_word' id='word_1_572' title='bbox 3503 3372 3643 3427; x_wconf 76' lang='lat' dir='ltr'><strong>uirum</strong></span> <span class='ocrx_word' id='word_1_573' title='bbox 3674 3366 3767 3436; x_wconf 77' lang='lat' dir='ltr'><strong>spti-</strong></span> 
     </span>
    </p>
   </div>
   <div class='ocr_carea' id='block_1_76' title="bbox 2253 3462 3769 3539">
    <p class='ocr_par' dir='ltr' id='par_1_76' title="bbox 2253 3462 3769 3539">
     <span class='ocr_line' id='line_1_76' title="bbox 2253 3462 3769 3539; baseline -0.007 -16"><span class='ocrx_word' id='word_1_574' title='bbox 2253 3485 2394 3523; x_wconf 78' lang='lat' dir='ltr'><strong>ntum</strong></span> <span class='ocrx_word' id='word_1_575' title='bbox 2415 3469 2439 3523; x_wconf 63' lang='grc' dir='ltr'><em>Ξ</em></span> <span class='ocrx_word' id='word_1_576' title='bbox 2458 3486 2491 3522; x_wconf 85' lang='grc' dir='ltr'><strong><em>ο</em></strong></span> <span class='ocrx_word' id='word_1_577' title='bbox 2514 3468 2683 3539; x_wconf 77' lang='lat' dir='ltr'><strong>ﬁlium</strong></span> <span class='ocrx_word' id='word_1_578' title='bbox 2711 3466 3022 3523; x_wconf 70' lang='lat' dir='ltr'><strong>Christiana</strong></span> <span class='ocrx_word' id='word_1_579' title='bbox 3042 3468 3206 3537; x_wconf 75' lang='lat' dir='ltr'><strong>pacis,</strong></span> <span class='ocrx_word' id='word_1_580' title='bbox 3254 3476 3304 3522; x_wconf 77' lang='lat' dir='ltr'><strong>et</strong></span> <span class='ocrx_word' id='word_1_581' title='bbox 3325 3477 3511 3537; x_wconf 75' lang='lat' dir='ltr'><strong>patrem</strong></span> <span class='ocrx_word' id='word_1_582' title='bbox 3534 3462 3769 3519; x_wconf 63' lang='lat' dir='ltr'><strong>Christiana</strong></span> 
     </span>
    </p>
   </div>
   <div class='ocr_carea' id='block_1_77' title="bbox 2256 3556 3764 3635">
    <p class='ocr_par' dir='ltr' id='par_1_77' title="bbox 2256 3556 3764 3635">
     <span class='ocr_line' id='line_1_77' title="bbox 2256 3556 3764 3635; baseline -0.005 -15"><span class='ocrx_word' id='word_1_583' title='bbox 2256 3564 2417 3635; x_wconf 70' lang='lat' dir='ltr'><strong>plebis</strong></span> <span class='ocrx_word' id='word_1_584' title='bbox 2441 3564 2462 3619; x_wconf 86' lang='lat'><strong>.&#39;</strong></span> <span class='ocrx_word' id='word_1_585' title='bbox 2500 3564 2644 3619; x_wconf 84' lang='lat' dir='ltr'><strong>idem</strong></span> <span class='ocrx_word' id='word_1_586' title='bbox 2675 3562 3028 3634; x_wconf 80' lang='lat' dir='ltr'><strong>Augustinus,</strong></span> <span class='ocrx_word' id='word_1_587' title='bbox 3071 3564 3235 3632; x_wconf 83' lang='lat' dir='ltr'><strong>epist.</strong></span> <span class='ocrx_word' id='word_1_588' title='bbox 3268 3562 3362 3627; x_wconf 76' lang='lat'><strong>50,</strong></span> <span class='ocrx_word' id='word_1_589' title='bbox 3394 3559 3618 3617; x_wconf 83' lang='lat' dir='ltr'><strong>eamdem</strong></span> <span class='ocrx_word' id='word_1_590' title='bbox 3641 3556 3764 3613; x_wconf 78' lang='lat' dir='ltr'><strong>ltile-</strong></span> 
     </span>
    </p>
   </div>
   <div class='ocr_carea' id='block_1_78' title="bbox 2254 3646 3769 3728">
    <p class='ocr_par' dir='ltr' id='par_1_78' title="bbox 2254 3646 3769 3728">
     <span class='ocr_line' id='line_1_78' title="bbox 2254 3646 3769 3728; baseline -0.01 -14"><span class='ocrx_word' id='word_1_591' title='bbox 2254 3657 2388 3714; x_wconf 89' lang='lat' dir='ltr'><strong>riam</strong></span> <span class='ocrx_word' id='word_1_592' title='bbox 2418 3658 2630 3724; x_wconf 89' lang='lat' dir='ltr'><strong>recitat,</strong></span> <span class='ocrx_word' id='word_1_593' title='bbox 2655 3665 2714 3713; x_wconf 90' lang='lat' dir='ltr'><strong>et</strong></span> <span class='ocrx_word' id='word_1_594' title='bbox 2730 3656 2892 3712; x_wconf 89' lang='lat' dir='ltr'><strong>simul</strong></span> <span class='ocrx_word' id='word_1_595' title='bbox 2915 3655 3186 3728; x_wconf 80' lang='lat' dir='ltr'><strong>signiﬁcat</strong></span> <span class='ocrx_word' id='word_1_596' title='bbox 3200 3656 3510 3712; x_wconf 79' lang='lat' dir='ltr'><strong>Catholicos</strong></span> <span class='ocrx_word' id='word_1_597' title='bbox 3527 3646 3769 3709; x_wconf 77' lang='lat' dir='ltr'><strong>hocdeinds</strong></span> 
     </span>
    </p>
   </div>
   <div class='ocr_carea' id='block_1_79' title="bbox 2250 3738 3769 3824">
    <p class='ocr_par' dir='ltr' id='par_1_79' title="bbox 2250 3738 3769 3824">
     <span class='ocr_line' id='line_1_79' title="bbox 2250 3738 3769 3824; baseline -0.005 -15"><span class='ocrx_word' id='word_1_598' title='bbox 2250 3751 2558 3824; x_wconf 72' lang='lat' dir='ltr'><strong>exemplum</strong></span> <span class='ocrx_word' id='word_1_599' title='bbox 2586 3759 2805 3806; x_wconf 87' lang='lat' dir='ltr'><strong>secutos</strong></span> <span class='ocrx_word' id='word_1_600' title='bbox 2828 3766 2952 3807; x_wconf 84' lang='lat' dir='ltr'><strong>esse</strong></span> <span class='ocrx_word' id='word_1_601' title='bbox 2982 3751 3034 3805; x_wconf 91' lang='lat' dir='ltr'><strong>in</strong></span> <span class='ocrx_word' id='word_1_602' title='bbox 3076 3749 3411 3821; x_wconf 87' lang='lat' dir='ltr'><strong>recipiendis</strong></span> <span class='ocrx_word' id='word_1_603' title='bbox 3449 3744 3654 3807; x_wconf 75' lang='lat' dir='ltr'><strong>Ariauis,</strong></span> <span class='ocrx_word' id='word_1_604' title='bbox 3691 3738 3769 3810; x_wconf 76' lang='lat' dir='ltr'><strong>qui.</strong></span> 
     </span>
    </p>
   </div>
   <div class='ocr_carea' id='block_1_80' title="bbox 2253 3836 3772 3918">
    <p class='ocr_par' dir='ltr' id='par_1_80' title="bbox 2253 3836 3772 3918">
     <span class='ocr_line' id='line_1_80' title="bbox 2253 3836 3772 3918; baseline -0.01 -15"><span class='ocrx_word' id='word_1_605' title='bbox 2253 3863 2376 3904; x_wconf 84' lang='lat' dir='ltr'><strong>eum</strong></span> <span class='ocrx_word' id='word_1_606' title='bbox 2404 3848 2806 3918; x_wconf 87' lang='lat' dir='ltr'><strong>resipiscerent.</strong></span> <span class='ocrx_word' id='word_1_607' title='bbox 2834 3845 3017 3901; x_wconf 90' lang='lat' dir='ltr'><strong>clerici</strong></span> <span class='ocrx_word' id='word_1_608' title='bbox 3046 3855 3102 3900; x_wconf 89' lang='lat' dir='ltr'><strong>et</strong></span> <span class='ocrx_word' id='word_1_609' title='bbox 3146 3846 3432 3916; x_wconf 88' lang='lat' dir='ltr'><strong>episcopi,</strong></span> <span class='ocrx_word' id='word_1_610' title='bbox 3458 3853 3514 3900; x_wconf 90' lang='lat' dir='ltr'><strong>ut</strong></span> <span class='ocrx_word' id='word_1_611' title='bbox 3535 3849 3666 3899; x_wconf 76' lang='lat' dir='ltr'><strong>antea</strong></span> <span class='ocrx_word' id='word_1_612' title='bbox 3693 3836 3772 3891; x_wconf 83' lang='lat' dir='ltr'><strong>lue-</strong></span> 
     </span>
    </p>
   </div>
   <div class='ocr_carea' id='block_1_81' title="bbox 2250 3930 3775 4007">
    <p class='ocr_par' dir='ltr' id='par_1_81' title="bbox 2250 3930 3775 4007">
     <span class='ocr_line' id='line_1_81' title="bbox 2250 3930 3775 4007; baseline -0.009 -11"><span class='ocrx_word' id='word_1_613' title='bbox 2250 3949 2393 4007; x_wconf 85' lang='lat' dir='ltr'><strong>rsnt,</strong></span> <span class='ocrx_word' id='word_1_614' title='bbox 2424 3942 2477 3995; x_wconf 89' lang='lat' dir='ltr'><strong>in</strong></span> <span class='ocrx_word' id='word_1_615' title='bbox 2497 3939 2689 3996; x_wconf 88' lang='lat' dir='ltr'><strong>eodem</strong></span> <span class='ocrx_word' id='word_1_616' title='bbox 2719 3937 2914 3995; x_wconf 88' lang='lat' dir='ltr'><strong>ordine</strong></span> <span class='ocrx_word' id='word_1_617' title='bbox 2934 3948 3236 3994; x_wconf 81' lang='lat' dir='ltr'><strong>ntatterent.</strong></span> <span class='ocrx_word' id='word_1_618' title='bbox 3259 3937 3459 3996; x_wconf 76' lang='lat' dir='ltr'><strong>Narrat</strong></span> <span class='ocrx_word' id='word_1_619' title='bbox 3479 3930 3680 3993; x_wconf 82' lang='lat' dir='ltr'><strong>etiamid</strong></span> <span class='ocrx_word' id='word_1_620' title='bbox 3698 3939 3775 3985; x_wconf 77' lang='lat' dir='ltr'><strong>tatu</strong></span> 
     </span>
    </p>
   </div>
   <div class='ocr_carea' id='block_1_82' title="bbox 2251 4019 3775 4104">
    <p class='ocr_par' dir='ltr' id='par_1_82' title="bbox 2251 4019 3775 4104">
     <span class='ocr_line' id='line_1_82' title="bbox 2251 4019 3775 4104; baseline -0.009 -16"><span class='ocrx_word' id='word_1_621' title='bbox 2251 4033 2596 4104; x_wconf 74' lang='lat' dir='ltr'><strong>displicuisse</strong></span> <span class='ocrx_word' id='word_1_622' title='bbox 2621 4032 2894 4100; x_wconf 73' lang='lat' dir='ltr'><strong>Lucifero,</strong></span> <span class='ocrx_word' id='word_1_623' title='bbox 2917 4040 2979 4087; x_wconf 86' lang='lat' dir='ltr'><strong>ut</strong></span> <span class='ocrx_word' id='word_1_624' title='bbox 3004 4039 3294 4102; x_wconf 81' lang='lat' dir='ltr'><strong>propterea</strong></span> <span class='ocrx_word' id='word_1_625' title='bbox 3338 4028 3607 4089; x_wconf 77' lang='lat' dir='ltr'><strong>desciverit</strong></span> <span class='ocrx_word' id='word_1_626' title='bbox 3634 4023 3688 4078; x_wconf 83' lang='lat' dir='ltr'><strong>ab</strong></span> <span class='ocrx_word' id='word_1_627' title='bbox 3704 4019 3775 4075; x_wconf 80' lang='lat' dir='ltr'><strong>Ec-</strong></span> 
     </span>
    </p>
   </div>
   <div class='ocr_carea' id='block_1_83' title="bbox 2252 4112 3776 4198">
    <p class='ocr_par' dir='ltr' id='par_1_83' title="bbox 2252 4112 3776 4198">
     <span class='ocr_line' id='line_1_83' title="bbox 2252 4112 3776 4198; baseline -0.005 -17"><span class='ocrx_word' id='word_1_628' title='bbox 2252 4127 2418 4183; x_wconf 82' lang='lat' dir='ltr'><strong>clesia</strong></span> <span class='ocrx_word' id='word_1_629' title='bbox 2465 4127 2657 4197; x_wconf 84' lang='lat' dir='ltr'><strong>:quod</strong></span> <span class='ocrx_word' id='word_1_630' title='bbox 2704 4135 2760 4183; x_wconf 89' lang='lat' dir='ltr'><strong>et</strong></span> <span class='ocrx_word' id='word_1_631' title='bbox 2787 4135 2970 4182; x_wconf 81' lang='lat' dir='ltr'><strong>narrat</strong></span> <span class='ocrx_word' id='word_1_632' title='bbox 3011 4126 3377 4198; x_wconf 80' lang='lat' dir='ltr'><strong>Hieronymus</strong></span> <span class='ocrx_word' id='word_1_633' title='bbox 3427 4134 3602 4183; x_wconf 80' lang='lat' dir='ltr'><strong>contra</strong></span> <span class='ocrx_word' id='word_1_634' title='bbox 3623 4112 3776 4177; x_wconf 74' lang='lat' dir='ltr'><strong>Lucife-</strong></span> 
     </span>
    </p>
   </div>
   <div class='ocr_carea' id='block_1_84' title="bbox 2254 4208 3777 4292">
    <p class='ocr_par' dir='ltr' id='par_1_84' title="bbox 2254 4208 3777 4292">
     <span class='ocr_line' id='line_1_84' title="bbox 2254 4208 3777 4292; baseline -0.002 -16"><span class='ocrx_word' id='word_1_635' title='bbox 2254 4221 2452 4277; x_wconf 85' lang='lat' dir='ltr'><strong>rianos.</strong></span> <span class='ocrx_word' id='word_1_636' title='bbox 2474 4221 2581 4279; x_wconf 86' lang='lat' dir='ltr'><strong>Sed</strong></span> <span class='ocrx_word' id='word_1_637' title='bbox 2614 4222 2809 4292; x_wconf 88' lang='lat' dir='ltr'><strong>injusta</strong></span> <span class='ocrx_word' id='word_1_638' title='bbox 2840 4220 3154 4278; x_wconf 86' lang='lat' dir='ltr'><strong>schismatis</strong></span> <span class='ocrx_word' id='word_1_639' title='bbox 3182 4235 3355 4279; x_wconf 73' lang='lat' dir='ltr'><strong>causa</strong></span> <span class='ocrx_word' id='word_1_640' title='bbox 3377 4219 3611 4277; x_wconf 67' lang='lat' dir='ltr'><strong>haeccsse</strong></span> <span class='ocrx_word' id='word_1_641' title='bbox 3632 4208 3777 4277; x_wconf 62' lang='grc' dir='ltr'>ιιοείάξ</span> 
     </span>
    </p>
   </div>
   <div class='ocr_carea' id='block_1_85' title="bbox 550 4306 3778 4392">
    <p class='ocr_par' dir='ltr' id='par_1_85' title="bbox 550 4306 3778 4392">
     <span class='ocr_line' id='line_1_85' title="bbox 550 4306 3778 4392; baseline -0.002 -20"><span class='ocrx_word' id='word_1_642' title='bbox 550 4317 863 4373; x_wconf 65' lang='lat' dir='ltr'><strong>Graecorum</strong></span> <span class='ocrx_word' id='word_1_643' title='bbox 902 4317 1419 4388; x_wconf 74' lang='lat' dir='ltr'><strong>iurisconsultorum</strong></span> <span class='ocrx_word' id='word_1_644' title='bbox 1463 4319 1631 4374; x_wconf 86' lang='lat' dir='ltr'><strong>verbo</strong></span> <span class='ocrx_word' id='word_1_645' title='bbox 1674 4317 1815 4392; x_wconf 86' lang='lat' dir='ltr'><strong>utar)</strong></span> <span class='ocrx_word' id='word_1_646' title='bbox 1846 4320 2151 4381; x_wconf 79' lang='grc' dir='ltr'><strong>ἀλληλοκλη-</strong></span> <span class='ocrx_word' id='word_1_647' title='bbox 2253 4316 2366 4372; x_wconf 85' lang='lat' dir='ltr'><strong>visa</strong></span> <span class='ocrx_word' id='word_1_648' title='bbox 2395 4324 2498 4373; x_wconf 86' lang='lat' dir='ltr'><strong>est.</strong></span> <span class='ocrx_word' id='word_1_649' title='bbox 2528 4316 2660 4371; x_wconf 85' lang='lat' dir='ltr'><strong>Illud</strong></span> <span class='ocrx_word' id='word_1_650' title='bbox 2684 4331 2827 4379; x_wconf 84' lang='lat' dir='ltr'><strong>nunc</strong></span> <span class='ocrx_word' id='word_1_651' title='bbox 2855 4316 3126 4372; x_wconf 85' lang='lat' dir='ltr'><strong>inculcare</strong></span> <span class='ocrx_word' id='word_1_652' title='bbox 3155 4316 3282 4373; x_wconf 85' lang='lat' dir='ltr'><strong>volo</strong></span> <span class='ocrx_word' id='word_1_653' title='bbox 3302 4359 3318 4384; x_wconf 90' lang='lat'><strong>,</strong></span> <span class='ocrx_word' id='word_1_654' title='bbox 3353 4311 3643 4372; x_wconf 71' lang='lat' dir='ltr'><strong>Melcltiadis</strong></span> <span class='ocrx_word' id='word_1_655' title='bbox 3677 4306 3778 4362; x_wconf 68' lang='grc' dir='ltr'>ιιιιω</span> 
     </span>
    </p>
   </div>
   <div class='ocr_carea' id='block_1_86' title="bbox 550 4409 2150 4488">
    <p class='ocr_par' dir='ltr' id='par_1_86' title="bbox 550 4410 2150 4488">
     <span class='ocr_line' id='line_1_86' title="bbox 550 4410 2150 4488; baseline 0.003 -23"><span class='ocrx_word' id='word_1_656' title='bbox 550 4414 764 4488; x_wconf 80' lang='grc' dir='ltr'><strong>ρονομία</strong></span> <span class='ocrx_word' id='word_1_657' title='bbox 795 4422 847 4467; x_wconf 90' lang='lat' dir='ltr'><strong>et</strong></span> <span class='ocrx_word' id='word_1_658' title='bbox 867 4410 1140 4484; x_wconf 89' lang='lat' dir='ltr'><strong>quoddam</strong></span> <span class='ocrx_word' id='word_1_659' title='bbox 1172 4413 1335 4469; x_wconf 87' lang='lat' dir='ltr'><strong>veluti</strong></span> <span class='ocrx_word' id='word_1_660' title='bbox 1373 4412 1467 4485; x_wconf 88' lang='lat' dir='ltr'><strong>jus</strong></span> <span class='ocrx_word' id='word_1_661' title='bbox 1514 4412 1860 4469; x_wconf 89' lang='lat' dir='ltr'><strong>accrescendi</strong></span> <span class='ocrx_word' id='word_1_662' title='bbox 1892 4430 1906 4468; x_wconf 87' lang='lat'><strong>:</strong></span> <span class='ocrx_word' id='word_1_663' title='bbox 1962 4422 2021 4469; x_wconf 86' lang='grc' dir='ltr'><strong>ιιι</strong></span> <span class='ocrx_word' id='word_1_664' title='bbox 2059 4412 2150 4484; x_wconf 85' lang='lat' dir='ltr'><strong>qui</strong></span> 
     </span>
    </p>
   </div>
   <div class='ocr_carea' id='block_1_87' title="bbox 2254 4409 3778 4488">
    <p class='ocr_par' dir='ltr' id='par_1_87' title="bbox 2254 4409 3778 4480">
     <span class='ocr_line' id='line_1_87' title="bbox 2254 4409 3778 4480; baseline -0.002 -17"><span class='ocrx_word' id='word_1_665' title='bbox 2254 4410 2512 4480; x_wconf 86' lang='lat' dir='ltr'><strong>judicium</strong></span> <span class='ocrx_word' id='word_1_666' title='bbox 2539 4419 2757 4465; x_wconf 89' lang='lat' dir='ltr'><strong>secutos</strong></span> <span class='ocrx_word' id='word_1_667' title='bbox 2785 4410 2943 4480; x_wconf 90' lang='lat' dir='ltr'><strong>paulo</strong></span> <span class='ocrx_word' id='word_1_668' title='bbox 3000 4418 3121 4479; x_wconf 88' lang='lat' dir='ltr'><strong>post</strong></span> <span class='ocrx_word' id='word_1_669' title='bbox 3167 4424 3295 4467; x_wconf 86' lang='lat' dir='ltr'><strong>esse</strong></span> <span class='ocrx_word' id='word_1_670' title='bbox 3343 4409 3581 4466; x_wconf 71' lang='lat' dir='ltr'><strong>Nicaenos</strong></span> <span class='ocrx_word' id='word_1_671' title='bbox 3620 4410 3778 4471; x_wconf 74' lang='lat' dir='ltr'><strong>ququ</strong></span> 
     </span>
    </p>
   </div>
   <div class='ocr_carea' id='block_1_88' title="bbox 552 4497 3772 4581">
    <p class='ocr_par' dir='ltr' id='par_1_88' title="bbox 552 4497 3772 4581">
     <span class='ocr_line' id='line_1_88' title="bbox 552 4497 3772 4581; baseline -0.002 -23"><span class='ocrx_word' id='word_1_672' title='bbox 552 4508 702 4574; x_wconf 87' lang='lat' dir='ltr'><strong>prior</strong></span> <span class='ocrx_word' id='word_1_673' title='bbox 765 4505 1015 4574; x_wconf 88' lang='lat' dir='ltr'><strong>decedet,</strong></span> <span class='ocrx_word' id='word_1_674' title='bbox 1070 4507 1277 4581; x_wconf 90' lang='lat' dir='ltr'><strong>socium</strong></span> <span class='ocrx_word' id='word_1_675' title='bbox 1329 4507 1594 4579; x_wconf 87' lang='lat' dir='ltr'><strong>relinquat</strong></span> <span class='ocrx_word' id='word_1_676' title='bbox 1635 4504 1961 4576; x_wconf 83' lang='lat' dir='ltr'><strong>Episcopum</strong></span> <span class='ocrx_word' id='word_1_677' title='bbox 2008 4517 2149 4561; x_wconf 55' lang='lat' dir='ltr'><strong>tam.</strong></span> <span class='ocrx_word' id='word_1_678' title='bbox 2256 4502 2465 4569; x_wconf 85' lang='lat' dir='ltr'><strong>Patres,</strong></span> <span class='ocrx_word' id='word_1_679' title='bbox 2497 4516 2618 4559; x_wconf 86' lang='lat' dir='ltr'><strong>eum</strong></span> <span class='ocrx_word' id='word_1_680' title='bbox 2644 4503 2714 4558; x_wconf 88' lang='lat' dir='ltr'><strong>de</strong></span> <span class='ocrx_word' id='word_1_681' title='bbox 2756 4502 3069 4558; x_wconf 86' lang='lat' dir='ltr'><strong>Novatianis</strong></span> <span class='ocrx_word' id='word_1_682' title='bbox 3107 4511 3356 4573; x_wconf 86' lang='lat' dir='ltr'><strong>agerent.</strong></span> <span class='ocrx_word' id='word_1_683' title='bbox 3387 4500 3518 4567; x_wconf 71' lang='lat' dir='ltr'><strong>Nam</strong></span> <span class='ocrx_word' id='word_1_684' title='bbox 3559 4497 3666 4554; x_wconf 81' lang='lat' dir='ltr'><strong>licet</strong></span> <span class='ocrx_word' id='word_1_685' title='bbox 3687 4506 3772 4552; x_wconf 57' lang='lat' dir='ltr'><strong>etii.</strong></span> 
     </span>
    </p>
   </div>
   <div class='ocr_carea' id='block_1_89' title="bbox 547 4594 3779 4671">
    <p class='ocr_par' dir='ltr' id='par_1_89' title="bbox 547 4594 3779 4671">
     <span class='ocr_line' id='line_1_89' title="bbox 547 4594 3779 4671; baseline -0.003 -19"><span class='ocrx_word' id='word_1_686' title='bbox 547 4613 710 4670; x_wconf 90' lang='lat' dir='ltr'><strong>quam</strong></span> <span class='ocrx_word' id='word_1_687' title='bbox 740 4598 1010 4656; x_wconf 66' lang='lat' dir='ltr'><strong>haeredem</strong></span> <span class='ocrx_word' id='word_1_688' title='bbox 1038 4601 1091 4657; x_wconf 93' lang='lat' dir='ltr'><strong>in</strong></span> <span class='ocrx_word' id='word_1_689' title='bbox 1121 4599 1375 4657; x_wconf 88' lang='lat' dir='ltr'><strong>solidum.</strong></span> <span class='ocrx_word' id='word_1_690' title='bbox 1396 4599 1538 4657; x_wconf 88' lang='lat' dir='ltr'><strong>Sane</strong></span> <span class='ocrx_word' id='word_1_691' title='bbox 1568 4598 1755 4656; x_wconf 78' lang='lat' dir='ltr'><strong>Oarion</strong></span> <span class='ocrx_word' id='word_1_692' title='bbox 1784 4599 1989 4656; x_wconf 67' lang='lat' dir='ltr'><strong>Nicazui</strong></span> <span class='ocrx_word' id='word_1_693' title='bbox 2019 4615 2152 4655; x_wconf 88' lang='lat' dir='ltr'><strong>con-</strong></span> <span class='ocrx_word' id='word_1_694' title='bbox 2174 4602 2228 4664; x_wconf 89' lang='lat' dir='ltr'><strong>D</strong></span> <span class='ocrx_word' id='word_1_695' title='bbox 2254 4614 2388 4671; x_wconf 89' lang='lat' dir='ltr'><strong>quos</strong></span> <span class='ocrx_word' id='word_1_696' title='bbox 2415 4600 2599 4671; x_wconf 83' lang='lat' dir='ltr'><strong>lapsos</strong></span> <span class='ocrx_word' id='word_1_697' title='bbox 2629 4599 2912 4664; x_wconf 84' lang='lat' dir='ltr'><strong>vocabant,</strong></span> <span class='ocrx_word' id='word_1_698' title='bbox 2960 4598 3027 4653; x_wconf 88' lang='lat' dir='ltr'><strong>ad</strong></span> <span class='ocrx_word' id='word_1_699' title='bbox 3049 4613 3113 4655; x_wconf 86' lang='lat' dir='ltr'><strong>se</strong></span> <span class='ocrx_word' id='word_1_700' title='bbox 3151 4598 3417 4661; x_wconf 69' lang='lat' dir='ltr'><strong>Ecclesia:</strong></span> <span class='ocrx_word' id='word_1_701' title='bbox 3459 4594 3651 4667; x_wconf 87' lang='lat' dir='ltr'><strong>quidem</strong></span> <span class='ocrx_word' id='word_1_702' title='bbox 3673 4601 3779 4643; x_wconf 78' lang='lat' dir='ltr'><strong>cout-</strong></span> 
     </span>
    </p>
   </div>
   <div class='ocr_carea' id='block_1_90' title="bbox 550 4689 3780 4764">
    <p class='ocr_par' dir='ltr' id='par_1_90' title="bbox 550 4689 3780 4764">
     <span class='ocr_line' id='line_1_90' title="bbox 550 4689 3780 4764; baseline -0.002 -17"><span class='ocrx_word' id='word_1_703' title='bbox 550 4692 662 4748; x_wconf 89' lang='lat' dir='ltr'><strong>cilii</strong></span> <span class='ocrx_word' id='word_1_704' title='bbox 695 4692 1017 4763; x_wconf 89' lang='lat' dir='ltr'><strong>prohibebat</strong></span> <span class='ocrx_word' id='word_1_705' title='bbox 1056 4693 1195 4749; x_wconf 88' lang='lat' dir='ltr'><strong>duos</strong></span> <span class='ocrx_word' id='word_1_706' title='bbox 1247 4695 1301 4749; x_wconf 91' lang='lat' dir='ltr'><strong>in</strong></span> <span class='ocrx_word' id='word_1_707' title='bbox 1347 4709 1453 4749; x_wconf 87' lang='lat' dir='ltr'><strong>una</strong></span> <span class='ocrx_word' id='word_1_708' title='bbox 1505 4692 1639 4749; x_wconf 89' lang='lat' dir='ltr'><strong>urbe</strong></span> <span class='ocrx_word' id='word_1_709' title='bbox 1687 4707 1810 4749; x_wconf 84' lang='lat' dir='ltr'><strong>esse</strong></span> <span class='ocrx_word' id='word_1_710' title='bbox 1839 4692 2146 4763; x_wconf 85' lang='lat' dir='ltr'><strong>episcopos.</strong></span> <span class='ocrx_word' id='word_1_711' title='bbox 2256 4695 2567 4753; x_wconf 82' lang='lat' dir='ltr'><strong>munionem</strong></span> <span class='ocrx_word' id='word_1_712' title='bbox 2616 4704 2736 4764; x_wconf 91' lang='lat' dir='ltr'><strong>post</strong></span> <span class='ocrx_word' id='word_1_713' title='bbox 2791 4693 3214 4764; x_wconf 83' lang='lat' dir='ltr'><strong>exomologesim</strong></span> <span class='ocrx_word' id='word_1_714' title='bbox 3287 4689 3667 4761; x_wconf 78' lang='lat' dir='ltr'><strong>admittendos,</strong></span> <span class='ocrx_word' id='word_1_715' title='bbox 3704 4692 3780 4735; x_wconf 76' lang='lat' dir='ltr'><strong>noti</strong></span> 
     </span>
    </p>
   </div>
   <div class='ocr_carea' id='block_1_91' title="bbox 552 4775 3780 4857">
    <p class='ocr_par' dir='ltr' id='par_1_91' title="bbox 552 4775 3780 4857">
     <span class='ocr_line' id='line_1_91' title="bbox 552 4775 3780 4857; baseline -0.001 -17"><span class='ocrx_word' id='word_1_716' title='bbox 552 4784 683 4840; x_wconf 86' lang='lat' dir='ltr'><strong>Nam</strong></span> <span class='ocrx_word' id='word_1_717' title='bbox 727 4785 1093 4857; x_wconf 89' lang='lat' dir='ltr'><strong>prospiciebat</strong></span> <span class='ocrx_word' id='word_1_718' title='bbox 1123 4786 1467 4842; x_wconf 89' lang='lat' dir='ltr'><strong>incommoda</strong></span> <span class='ocrx_word' id='word_1_719' title='bbox 1499 4785 1621 4841; x_wconf 90' lang='lat' dir='ltr'><strong>talis</strong></span> <span class='ocrx_word' id='word_1_720' title='bbox 1666 4785 1964 4849; x_wconf 84' lang='lat' dir='ltr'><strong>societatis,</strong></span> <span class='ocrx_word' id='word_1_721' title='bbox 1997 4792 2051 4839; x_wconf 90' lang='lat' dir='ltr'><strong>et</strong></span> <span class='ocrx_word' id='word_1_722' title='bbox 2093 4792 2151 4838; x_wconf 90' lang='lat' dir='ltr'><strong>ut</strong></span> <span class='ocrx_word' id='word_1_723' title='bbox 2254 4790 2416 4843; x_wconf 88' lang='lat' dir='ltr'><strong>etiam</strong></span> <span class='ocrx_word' id='word_1_724' title='bbox 2443 4788 2509 4844; x_wconf 92' lang='lat' dir='ltr'><strong>ad</strong></span> <span class='ocrx_word' id='word_1_725' title='bbox 2541 4788 2709 4843; x_wconf 91' lang='lat' dir='ltr'><strong>ullum</strong></span> <span class='ocrx_word' id='word_1_726' title='bbox 2741 4788 2986 4847; x_wconf 86' lang='lat' dir='ltr'><strong>ordinem</strong></span> <span class='ocrx_word' id='word_1_727' title='bbox 3032 4788 3167 4844; x_wconf 87' lang='lat' dir='ltr'><strong>cleri</strong></span> <span class='ocrx_word' id='word_1_728' title='bbox 3206 4788 3296 4843; x_wconf 87' lang='lat' dir='ltr'><strong>vel</strong></span> <span class='ocrx_word' id='word_1_729' title='bbox 3347 4783 3614 4842; x_wconf 89' lang='lat' dir='ltr'><strong>ministerii</strong></span> <span class='ocrx_word' id='word_1_730' title='bbox 3655 4775 3780 4833; x_wconf 53' lang='lat' dir='ltr'><strong>eccle-</strong></span> 
     </span>
    </p>
   </div>
   <div class='ocr_carea' id='block_1_92' title="bbox 552 4874 3783 4952">
    <p class='ocr_par' dir='ltr' id='par_1_92' title="bbox 552 4874 3783 4952">
     <span class='ocr_line' id='line_1_92' title="bbox 552 4874 3783 4952; baseline -0.002 -21"><span class='ocrx_word' id='word_1_731' title='bbox 552 4878 742 4934; x_wconf 70' lang='lat' dir='ltr'><strong>Romze</strong></span> <span class='ocrx_word' id='word_1_732' title='bbox 769 4896 875 4935; x_wconf 92' lang='lat' dir='ltr'><strong>non</strong></span> <span class='ocrx_word' id='word_1_733' title='bbox 904 4880 1005 4936; x_wconf 92' lang='lat' dir='ltr'><strong>nisi</strong></span> <span class='ocrx_word' id='word_1_734' title='bbox 1035 4895 1176 4935; x_wconf 89' lang='lat' dir='ltr'><strong>unus</strong></span> <span class='ocrx_word' id='word_1_735' title='bbox 1205 4889 1322 4935; x_wconf 91' lang='lat' dir='ltr'><strong>erat</strong></span> <span class='ocrx_word' id='word_1_736' title='bbox 1350 4880 1604 4952; x_wconf 88' lang='lat' dir='ltr'><strong>princeps</strong></span> <span class='ocrx_word' id='word_1_737' title='bbox 1634 4879 1885 4944; x_wconf 84' lang='lat' dir='ltr'><strong>Senatus,</strong></span> <span class='ocrx_word' id='word_1_738' title='bbox 1905 4877 2153 4949; x_wconf 85' lang='lat' dir='ltr'><strong>quamvis</strong></span> <span class='ocrx_word' id='word_1_739' title='bbox 2251 4882 2477 4945; x_wconf 86' lang='lat' dir='ltr'><strong>siastici,</strong></span> <span class='ocrx_word' id='word_1_740' title='bbox 2506 4880 2873 4937; x_wconf 86' lang='lat' dir='ltr'><strong>decrevissent</strong></span> <span class='ocrx_word' id='word_1_741' title='bbox 2898 4899 2912 4936; x_wconf 85' lang='lat'><strong>:</strong></span> <span class='ocrx_word' id='word_1_742' title='bbox 2945 4880 3267 4942; x_wconf 83' lang='lat' dir='ltr'><strong>Novatianis</strong></span> <span class='ocrx_word' id='word_1_743' title='bbox 3300 4891 3481 4937; x_wconf 88' lang='lat' dir='ltr'><strong>tamen</strong></span> <span class='ocrx_word' id='word_1_744' title='bbox 3526 4874 3783 4944; x_wconf 79' lang='lat' dir='ltr'><strong>resipiscen-</strong></span> 
     </span>
    </p>
   </div>
   <div class='ocr_carea' id='block_1_93' title="bbox 551 4969 3782 5045">
    <p class='ocr_par' dir='ltr' id='par_1_93' title="bbox 551 4969 3782 5045">
     <span class='ocr_line' id='line_1_93' title="bbox 551 4969 3782 5045; baseline -0.001 -19"><span class='ocrx_word' id='word_1_745' title='bbox 551 4980 737 5027; x_wconf 84' lang='lat' dir='ltr'><strong>essent</strong></span> <span class='ocrx_word' id='word_1_746' title='bbox 765 4976 1017 5031; x_wconf 87' lang='lat' dir='ltr'><strong>consules</strong></span> <span class='ocrx_word' id='word_1_747' title='bbox 1046 4974 1190 5031; x_wconf 90' lang='lat' dir='ltr'><strong>duo:</strong></span> <span class='ocrx_word' id='word_1_748' title='bbox 1224 4976 1303 5031; x_wconf 90' lang='lat' dir='ltr'><strong>sic</strong></span> <span class='ocrx_word' id='word_1_749' title='bbox 1327 4976 1503 5030; x_wconf 88' lang='lat' dir='ltr'><strong>visum</strong></span> <span class='ocrx_word' id='word_1_750' title='bbox 1533 4974 1656 5040; x_wconf 80' lang='lat' dir='ltr'><strong>fuit,</strong></span> <span class='ocrx_word' id='word_1_751' title='bbox 1715 4973 1947 5045; x_wconf 72' lang='lat' dir='ltr'><strong>collegio</strong></span> <span class='ocrx_word' id='word_1_752' title='bbox 1993 4987 2149 5044; x_wconf 86' lang='lat' dir='ltr'><strong>pres-</strong></span> <span class='ocrx_word' id='word_1_753' title='bbox 2255 4975 2395 5030; x_wconf 87' lang='lat' dir='ltr'><strong>tibus</strong></span> <span class='ocrx_word' id='word_1_754' title='bbox 2422 4991 2527 5030; x_wconf 92' lang='lat' dir='ltr'><strong>non</strong></span> <span class='ocrx_word' id='word_1_755' title='bbox 2553 4974 2717 5031; x_wconf 85' lang='lat' dir='ltr'><strong>modo</strong></span> <span class='ocrx_word' id='word_1_756' title='bbox 2745 4976 3074 5031; x_wconf 84' lang='lat' dir='ltr'><strong>remiserunt</strong></span> <span class='ocrx_word' id='word_1_757' title='bbox 3099 4974 3379 5033; x_wconf 85' lang='lat' dir='ltr'><strong>duriorem</strong></span> <span class='ocrx_word' id='word_1_758' title='bbox 3429 4969 3660 5043; x_wconf 85' lang='lat' dir='ltr'><strong>longioris</strong></span> <span class='ocrx_word' id='word_1_759' title='bbox 3689 4975 3782 5017; x_wconf 64' lang='lat'><strong>019-</strong></span> 
     </span>
    </p>
   </div>
   <div class='ocr_carea' id='block_1_94' title="bbox 551 5066 2144 5140">
    <p class='ocr_par' dir='ltr' id='par_1_94' title="bbox 551 5066 2144 5140">
     <span class='ocr_line' id='line_1_94' title="bbox 551 5066 2144 5140; baseline -0.001 -17"><span class='ocrx_word' id='word_1_760' title='bbox 551 5067 867 5140; x_wconf 87' lang='lat' dir='ltr'><strong>byterorum</strong></span> <span class='ocrx_word' id='word_1_761' title='bbox 901 5084 1007 5123; x_wconf 92' lang='lat' dir='ltr'><strong>non</strong></span> <span class='ocrx_word' id='word_1_762' title='bbox 1038 5071 1137 5123; x_wconf 90' lang='lat' dir='ltr'><strong>nisi</strong></span> <span class='ocrx_word' id='word_1_763' title='bbox 1163 5085 1325 5123; x_wconf 90' lang='lat' dir='ltr'><strong>unum</strong></span> <span class='ocrx_word' id='word_1_764' title='bbox 1374 5082 1497 5125; x_wconf 90' lang='lat' dir='ltr'><strong>esse</strong></span> <span class='ocrx_word' id='word_1_765' title='bbox 1547 5068 1970 5139; x_wconf 61' lang='lat' dir='ltr'><strong>praeﬁciendum.</strong></span> <span class='ocrx_word' id='word_1_766' title='bbox 2012 5066 2144 5133; x_wconf 86' lang='lat' dir='ltr'><strong>Sed,</strong></span> 
     </span>
    </p>
   </div>
   <div class='ocr_carea' id='block_1_95' title="bbox 551 5160 2150 5232">
    <p class='ocr_par' dir='ltr' id='par_1_95' title="bbox 551 5160 2150 5232">
     <span class='ocr_line' id='line_1_95' title="bbox 551 5160 2150 5232; baseline 0.001 -16"><span class='ocrx_word' id='word_1_767' title='bbox 551 5172 611 5216; x_wconf 90' lang='grc' dir='ltr'><strong>ιιι</strong></span> <span class='ocrx_word' id='word_1_768' title='bbox 633 5160 684 5216; x_wconf 90' lang='lat' dir='ltr'><strong>id</strong></span> <span class='ocrx_word' id='word_1_769' title='bbox 725 5161 950 5232; x_wconf 87' lang='lat' dir='ltr'><strong>placuit,</strong></span> <span class='ocrx_word' id='word_1_770' title='bbox 980 5162 1128 5232; x_wconf 87' lang='lat' dir='ltr'><strong>pacis</strong></span> <span class='ocrx_word' id='word_1_771' title='bbox 1168 5162 1414 5217; x_wconf 82' lang='lat' dir='ltr'><strong>fovendae</strong></span> <span class='ocrx_word' id='word_1_772' title='bbox 1467 5177 1628 5217; x_wconf 88' lang='lat' dir='ltr'><strong>causa</strong></span> <span class='ocrx_word' id='word_1_773' title='bbox 1675 5179 1690 5218; x_wconf 89' lang='lat'><strong>:</strong></span> <span class='ocrx_word' id='word_1_774' title='bbox 1726 5163 1803 5218; x_wconf 91' lang='lat' dir='ltr'><strong>sic</strong></span> <span class='ocrx_word' id='word_1_775' title='bbox 1847 5161 2012 5218; x_wconf 87' lang='lat' dir='ltr'><strong>etiam</strong></span> <span class='ocrx_word' id='word_1_776' title='bbox 2057 5161 2150 5217; x_wconf 92' lang='lat' dir='ltr'><strong>ubi</strong></span> 
     </span>
    </p>
   </div>
   <div class='ocr_carea' id='block_1_96' title="bbox 553 5256 2151 5328">
    <p class='ocr_par' dir='ltr' id='par_1_96' title="bbox 553 5256 2151 5328">
     <span class='ocr_line' id='line_1_96' title="bbox 553 5256 2151 5328; baseline 0.001 -17"><span class='ocrx_word' id='word_1_777' title='bbox 553 5256 960 5312; x_wconf 87' lang='lat' dir='ltr'><strong>conciliationis</strong></span> <span class='ocrx_word' id='word_1_778' title='bbox 989 5256 1131 5313; x_wconf 85' lang='lat' dir='ltr'><strong>ratio</strong></span> <span class='ocrx_word' id='word_1_779' title='bbox 1159 5258 1273 5312; x_wconf 86' lang='lat' dir='ltr'><strong>visa</strong></span> <span class='ocrx_word' id='word_1_780' title='bbox 1307 5267 1385 5312; x_wconf 86' lang='lat' dir='ltr'><strong>est</strong></span> <span class='ocrx_word' id='word_1_781' title='bbox 1416 5259 1713 5328; x_wconf 87' lang='lat' dir='ltr'><strong>postulare,</strong></span> <span class='ocrx_word' id='word_1_782' title='bbox 1743 5268 1798 5312; x_wconf 89' lang='lat' dir='ltr'><strong>ut</strong></span> <span class='ocrx_word' id='word_1_783' title='bbox 1821 5258 1929 5313; x_wconf 88' lang='lat' dir='ltr'><strong>duo</strong></span> <span class='ocrx_word' id='word_1_784' title='bbox 1951 5259 2151 5313; x_wconf 81' lang='lat' dir='ltr'><strong>tolera-</strong></span> 
     </span>
    </p>
   </div>
   <div class='ocr_carea' id='block_1_97' title="bbox 551 5349 2148 5423">
    <p class='ocr_par' dir='ltr' id='par_1_97' title="bbox 551 5349 2148 5423">
     <span class='ocr_line' id='line_1_97' title="bbox 551 5349 2148 5423; baseline 0.003 -20"><span class='ocrx_word' id='word_1_785' title='bbox 551 5358 762 5414; x_wconf 90' lang='lat' dir='ltr'><strong>rentur,</strong></span> <span class='ocrx_word' id='word_1_786' title='bbox 787 5365 910 5406; x_wconf 90' lang='lat' dir='ltr'><strong>cum</strong></span> <span class='ocrx_word' id='word_1_787' title='bbox 941 5353 1079 5407; x_wconf 89' lang='lat' dir='ltr'><strong>alter</strong></span> <span class='ocrx_word' id='word_1_788' title='bbox 1101 5350 1300 5423; x_wconf 82' lang='lat' dir='ltr'><strong>expelli</strong></span> <span class='ocrx_word' id='word_1_789' title='bbox 1328 5353 1417 5407; x_wconf 83' lang='lat' dir='ltr'><strong>vix</strong></span> <span class='ocrx_word' id='word_1_790' title='bbox 1462 5359 1666 5423; x_wconf 89' lang='lat' dir='ltr'><strong>posset,</strong></span> <span class='ocrx_word' id='word_1_791' title='bbox 1720 5349 1956 5408; x_wconf 81' lang='lat' dir='ltr'><strong>Canonis</strong></span> <span class='ocrx_word' id='word_1_792' title='bbox 1986 5351 2148 5407; x_wconf 84' lang='lat' dir='ltr'><strong>tinem</strong></span> 
     </span>
    </p>
   </div>
   <div class='ocr_carea' id='block_1_98' title="bbox 553 5444 2152 5517">
    <p class='ocr_par' dir='ltr' id='par_1_98' title="bbox 553 5444 2152 5517">
     <span class='ocr_line' id='line_1_98' title="bbox 553 5444 2152 5517; baseline 0.004 -20"><span class='ocrx_word' id='word_1_793' title='bbox 553 5450 609 5497; x_wconf 90' lang='lat' dir='ltr'><strong>et</strong></span> <span class='ocrx_word' id='word_1_794' title='bbox 634 5447 959 5499; x_wconf 89' lang='lat' dir='ltr'><strong>sententiam</strong></span> <span class='ocrx_word' id='word_1_795' title='bbox 994 5447 1175 5516; x_wconf 86' lang='lat' dir='ltr'><strong>petius</strong></span> <span class='ocrx_word' id='word_1_796' title='bbox 1225 5461 1385 5515; x_wconf 89' lang='lat' dir='ltr'><strong>quam</strong></span> <span class='ocrx_word' id='word_1_797' title='bbox 1438 5444 1602 5501; x_wconf 81' lang='lat' dir='ltr'><strong>verba</strong></span> <span class='ocrx_word' id='word_1_798' title='bbox 1643 5445 1843 5500; x_wconf 90' lang='lat' dir='ltr'><strong>intueri</strong></span> <span class='ocrx_word' id='word_1_799' title='bbox 1891 5447 2152 5517; x_wconf 90' lang='lat' dir='ltr'><strong>oportuit.</strong></span> 
     </span>
    </p>
   </div>
   <div class='ocr_carea' id='block_1_99' title="bbox 554 5535 2154 5622">
    <p class='ocr_par' dir='ltr' id='par_1_99' title="bbox 554 5535 2154 5622">
     <span class='ocr_line' id='line_1_99' title="bbox 554 5535 2154 5622; baseline -0.003 -29"><span class='ocrx_word' id='word_1_800' title='bbox 554 5535 699 5593; x_wconf 87' lang='lat' dir='ltr'><strong>Sane</strong></span> <span class='ocrx_word' id='word_1_801' title='bbox 728 5545 904 5594; x_wconf 82' lang='lat' dir='ltr'><strong>tamen</strong></span> <span class='ocrx_word' id='word_1_802' title='bbox 933 5554 1054 5594; x_wconf 89' lang='lat' dir='ltr'><strong>cum</strong></span> <span class='ocrx_word' id='word_1_803' title='bbox 1084 5540 1415 5610; x_wconf 79' lang='lat' dir='ltr'><strong>Augustinus</strong></span> <span class='ocrx_word' id='word_1_804' title='bbox 1452 5553 1643 5622; x_wconf 82' lang='lat' dir='ltr'><strong>passus</strong></span> <span class='ocrx_word' id='word_1_805' title='bbox 1686 5548 1832 5594; x_wconf 89' lang='lat' dir='ltr'><strong>esset</strong></span> <span class='ocrx_word' id='word_1_806' title='bbox 1874 5552 1996 5594; x_wconf 85' lang='lat' dir='ltr'><strong>sese</strong></span> <span class='ocrx_word' id='word_1_807' title='bbox 2044 5538 2154 5592; x_wconf 54' lang='lat' dir='ltr'><strong>Va,</strong></span> 
     </span>
    </p>
   </div>
   <div class='ocr_carea' id='block_1_100' title="bbox 556 5629 2157 5704">
    <p class='ocr_par' dir='ltr' id='par_1_100' title="bbox 556 5629 2157 5704">
     <span class='ocr_line' id='line_1_100' title="bbox 556 5629 2157 5704; baseline 0.003 -21"><span class='ocrx_word' id='word_1_808' title='bbox 556 5629 676 5685; x_wconf 90' lang='lat' dir='ltr'><strong>lerii</strong></span> <span class='ocrx_word' id='word_1_809' title='bbox 703 5631 941 5702; x_wconf 80' lang='lat' dir='ltr'><strong>episcopi</strong></span> <span class='ocrx_word' id='word_1_810' title='bbox 976 5630 1338 5702; x_wconf 86' lang='lat' dir='ltr'><strong>Hipponensis</strong></span> <span class='ocrx_word' id='word_1_811' title='bbox 1366 5633 1635 5704; x_wconf 71' lang='lat' dir='ltr'><strong>collegam</strong></span> <span class='ocrx_word' id='word_1_812' title='bbox 1657 5633 1855 5699; x_wconf 88' lang='lat' dir='ltr'><strong>creari,</strong></span> <span class='ocrx_word' id='word_1_813' title='bbox 1904 5641 1963 5687; x_wconf 90' lang='lat' dir='ltr'><strong>ut</strong></span> <span class='ocrx_word' id='word_1_814' title='bbox 2009 5640 2157 5689; x_wconf 83' lang='lat' dir='ltr'><strong>esset</strong></span> 
     </span>
    </p>
   </div>
   <div class='ocr_carea' id='block_1_101' title="bbox 568 5726 2156 5811">
    <p class='ocr_par' dir='ltr' id='par_1_101' title="bbox 568 5726 2156 5811">
     <span class='ocr_line' id='line_1_101' title="bbox 568 5726 2156 5811; baseline -0.008 -10"><span class='ocrx_word' id='word_1_815' title='bbox 568 5726 733 5800; x_wconf 75' lang='grc' dir='ltr'>νθιυιι</span> <span class='ocrx_word' id='word_1_816' title='bbox 757 5732 1146 5806; x_wconf 84' lang='lat' dir='ltr'><strong>coepiscopus;</strong></span> <span class='ocrx_word' id='word_1_817' title='bbox 1190 5733 1433 5811; x_wconf 78' lang='lat' dir='ltr'><strong>ignotum</strong></span> <span class='ocrx_word' id='word_1_818' title='bbox 1456 5736 1555 5792; x_wconf 89' lang='lat' dir='ltr'><strong>sibi</strong></span> <span class='ocrx_word' id='word_1_819' title='bbox 1583 5737 1858 5793; x_wconf 83' lang='lat' dir='ltr'><strong>Canonem</strong></span> <span class='ocrx_word' id='word_1_820' title='bbox 1881 5730 2156 5789; x_wconf 69' lang='lat' dir='ltr'><strong>Nlcaenum</strong></span> 
     </span>
    </p>
   </div>
   <div class='ocr_carea' id='block_1_102' title="bbox 591 5820 2157 5928">
    <p class='ocr_par' dir='ltr' id='par_1_102' title="bbox 591 5820 2157 5928">
     <span class='ocr_line' id='line_1_102' title="bbox 591 5820 2157 5928; baseline 0.003 -47"><span class='ocrx_word' id='word_1_821' title='bbox 591 5820 753 5895; x_wconf 76' lang='lat' dir='ltr'><strong>htltsc</strong></span> <span class='ocrx_word' id='word_1_822' title='bbox 790 5824 943 5889; x_wconf 76' lang='lat' dir='ltr'><strong>dixit.</strong></span> <span class='ocrx_word' id='word_1_823' title='bbox 993 5826 1059 5887; x_wconf 88' lang='lat' dir='ltr'><strong>Et</strong></span> <span class='ocrx_word' id='word_1_824' title='bbox 1100 5842 1394 5928; x_wconf 38' lang='lat' dir='ltr'><strong>propterea.</strong></span> <span class='ocrx_word' id='word_1_825' title='bbox 1430 5831 1705 5892; x_wconf 85' lang='lat' dir='ltr'><strong>Possidius</strong></span> <span class='ocrx_word' id='word_1_826' title='bbox 1756 5837 1960 5905; x_wconf 83' lang='lat' dir='ltr'><strong>narrat,</strong></span> <span class='ocrx_word' id='word_1_827' title='bbox 2010 5841 2157 5909; x_wconf 82' lang='lat' dir='ltr'><strong>eum,</strong></span> 
     </span>
    </p>
   </div>
   <div class='ocr_carea' id='block_1_103' title="bbox 2255 5057 3782 5141">
    <p class='ocr_par' dir='ltr' id='par_1_103' title="bbox 2255 5057 3782 5141">
     <span class='ocr_line' id='line_1_103' title="bbox 2255 5057 3782 5141; baseline -0.007 -17"><span class='ocrx_word' id='word_1_828' title='bbox 2255 5070 2592 5141; x_wconf 87' lang='lat' dir='ltr'><strong>mologeseos</strong></span> <span class='ocrx_word' id='word_1_829' title='bbox 2647 5069 3057 5135; x_wconf 85' lang='lat' dir='ltr'><strong>conditionem;</strong></span> <span class='ocrx_word' id='word_1_830' title='bbox 3103 5069 3200 5125; x_wconf 89' lang='lat' dir='ltr'><strong>sed</strong></span> <span class='ocrx_word' id='word_1_831' title='bbox 3247 5078 3305 5125; x_wconf 86' lang='lat' dir='ltr'><strong>et</strong></span> <span class='ocrx_word' id='word_1_832' title='bbox 3342 5066 3615 5125; x_wconf 88' lang='lat' dir='ltr'><strong>ministerii</strong></span> <span class='ocrx_word' id='word_1_833' title='bbox 3656 5057 3782 5117; x_wconf 75' lang='lat' dir='ltr'><strong>eccle-</strong></span> 
     </span>
    </p>
   </div>
   <div class='ocr_carea' id='block_1_104' title="bbox 2255 5153 3781 5231">
    <p class='ocr_par' dir='ltr' id='par_1_104' title="bbox 2255 5153 3781 5231">
     <span class='ocr_line' id='line_1_104' title="bbox 2255 5153 3781 5231; baseline -0.002 -14"><span class='ocrx_word' id='word_1_834' title='bbox 2255 5163 2455 5218; x_wconf 89' lang='lat' dir='ltr'><strong>siastici</strong></span> <span class='ocrx_word' id='word_1_835' title='bbox 2488 5162 2790 5219; x_wconf 79' lang='lat' dir='ltr'><strong>functiones</strong></span> <span class='ocrx_word' id='word_1_836' title='bbox 2813 5162 3192 5231; x_wconf 70' lang='lat' dir='ltr'><strong>permisurunt.</strong></span> <span class='ocrx_word' id='word_1_837' title='bbox 3224 5160 3341 5218; x_wconf 85' lang='lat' dir='ltr'><strong>Cur</strong></span> <span class='ocrx_word' id='word_1_838' title='bbox 3387 5178 3509 5231; x_wconf 81' lang='lat' dir='ltr'><strong>erga</strong></span> <span class='ocrx_word' id='word_1_839' title='bbox 3544 5153 3781 5214; x_wconf 52' lang='lat' dir='ltr'><strong>Donati“:5</strong></span> 
     </span>
    </p>
   </div>
   <div class='ocr_carea' id='block_1_105' title="bbox 2258 5251 3780 5319">
    <p class='ocr_par' dir='ltr' id='par_1_105' title="bbox 2258 5251 3780 5319">
     <span class='ocr_line' id='line_1_105' title="bbox 2258 5251 3780 5319; baseline -0.003 -6"><span class='ocrx_word' id='word_1_840' title='bbox 2258 5256 2380 5314; x_wconf 81' lang='lat' dir='ltr'><strong>Afri</strong></span> <span class='ocrx_word' id='word_1_841' title='bbox 2423 5258 2693 5315; x_wconf 88' lang='lat' dir='ltr'><strong>antistites</strong></span> <span class='ocrx_word' id='word_1_842' title='bbox 2739 5257 2991 5319; x_wconf 83' lang='lat' dir='ltr'><strong>duriores</strong></span> <span class='ocrx_word' id='word_1_843' title='bbox 3038 5267 3239 5313; x_wconf 86' lang='lat' dir='ltr'><strong>essent.</strong></span> <span class='ocrx_word' id='word_1_844' title='bbox 3277 5257 3428 5313; x_wconf 88' lang='lat' dir='ltr'><strong>nulla</strong></span> <span class='ocrx_word' id='word_1_845' title='bbox 3478 5268 3626 5315; x_wconf 69' lang='lat' dir='ltr'><strong>causa</strong></span> <span class='ocrx_word' id='word_1_846' title='bbox 3669 5251 3780 5304; x_wconf 59' lang='lat' dir='ltr'><strong>eral:</strong></span> 
     </span>
    </p>
   </div>
   <div class='ocr_carea' id='block_1_106' title="bbox 2257 5339 3784 5423">
    <p class='ocr_par' dir='ltr' id='par_1_106' title="bbox 2257 5339 3784 5423">
     <span class='ocr_line' id='line_1_106' title="bbox 2257 5339 3784 5423; baseline -0.009 -15"><span class='ocrx_word' id='word_1_847' title='bbox 2257 5367 2446 5423; x_wconf 77' lang='lat' dir='ltr'><strong>magna</strong></span> <span class='ocrx_word' id='word_1_848' title='bbox 2471 5366 2619 5411; x_wconf 84' lang='lat' dir='ltr'><strong>vero.</strong></span> <span class='ocrx_word' id='word_1_849' title='bbox 2650 5360 2709 5407; x_wconf 88' lang='grc' dir='ltr'><strong>ιιι</strong></span> <span class='ocrx_word' id='word_1_850' title='bbox 2729 5355 2889 5408; x_wconf 88' lang='lat' dir='ltr'><strong>etiam</strong></span> <span class='ocrx_word' id='word_1_851' title='bbox 2916 5360 3101 5407; x_wconf 88' lang='lat' dir='ltr'><strong>essent</strong></span> <span class='ocrx_word' id='word_1_852' title='bbox 3151 5350 3594 5423; x_wconf 83' lang='lat' dir='ltr'><strong>indulgentiores,</strong></span> <span class='ocrx_word' id='word_1_853' title='bbox 3622 5344 3659 5398; x_wconf 89' lang='lat' dir='ltr'><strong>si</strong></span> <span class='ocrx_word' id='word_1_854' title='bbox 3684 5339 3784 5395; x_wconf 62' lang='lat' dir='ltr'><strong>forts</strong></span> 
     </span>
    </p>
   </div>
   <div class='ocr_carea' id='block_1_107' title="bbox 2255 5443 3784 5507">
    <p class='ocr_par' dir='ltr' id='par_1_107' title="bbox 2255 5443 3784 5507">
     <span class='ocr_line' id='line_1_107' title="bbox 2255 5443 3784 5507; baseline -0.004 -6"><span class='ocrx_word' id='word_1_855' title='bbox 2255 5444 2359 5503; x_wconf 85' lang='lat' dir='ltr'><strong>hac</strong></span> <span class='ocrx_word' id='word_1_856' title='bbox 2387 5445 2698 5502; x_wconf 89' lang='lat' dir='ltr'><strong>conditione</strong></span> <span class='ocrx_word' id='word_1_857' title='bbox 2725 5445 2992 5502; x_wconf 86' lang='lat' dir='ltr'><strong>redimere</strong></span> <span class='ocrx_word' id='word_1_858' title='bbox 3020 5446 3245 5501; x_wconf 64' lang='lat' dir='ltr'><strong>unitatis</strong></span> <span class='ocrx_word' id='word_1_859' title='bbox 3288 5456 3343 5501; x_wconf 91' lang='lat' dir='ltr'><strong>et</strong></span> <span class='ocrx_word' id='word_1_860' title='bbox 3374 5443 3622 5502; x_wconf 65' lang='lat' dir='ltr'><strong>Ecclesia:</strong></span> <span class='ocrx_word' id='word_1_861' title='bbox 3646 5445 3784 5507; x_wconf 68' lang='lat' dir='ltr'><strong>pacet&quot;</strong></span> 
     </span>
    </p>
   </div>
   <div class='ocr_carea' id='block_1_108' title="bbox 2257 5530 3785 5610">
    <p class='ocr_par' dir='ltr' id='par_1_108' title="bbox 2257 5530 3785 5610">
     <span class='ocr_line' id='line_1_108' title="bbox 2257 5530 3785 5610; baseline 0.003 -19"><span class='ocrx_word' id='word_1_862' title='bbox 2257 5548 2499 5608; x_wconf 78' lang='lat' dir='ltr'><strong>possent.</strong></span> <span class='ocrx_word' id='word_1_863' title='bbox 2529 5540 2733 5593; x_wconf 76' lang='lat' dir='ltr'><strong>(lmitto</strong></span> <span class='ocrx_word' id='word_1_864' title='bbox 2769 5539 2912 5610; x_wconf 90' lang='lat' dir='ltr'><strong>quod</strong></span> <span class='ocrx_word' id='word_1_865' title='bbox 2939 5540 3051 5610; x_wconf 87' lang='lat' dir='ltr'><strong>jam</strong></span> <span class='ocrx_word' id='word_1_866' title='bbox 3099 5538 3228 5594; x_wconf 81' lang='lat' dir='ltr'><strong>olim</strong></span> <span class='ocrx_word' id='word_1_867' title='bbox 3258 5538 3331 5594; x_wconf 89' lang='lat' dir='ltr'><strong>de</strong></span> <span class='ocrx_word' id='word_1_868' title='bbox 3370 5552 3470 5592; x_wconf 88' lang='lat' dir='ltr'><strong>sna</strong></span> <span class='ocrx_word' id='word_1_869' title='bbox 3514 5547 3625 5603; x_wconf 69' lang='lat' dir='ltr'><strong>erga</strong></span> <span class='ocrx_word' id='word_1_870' title='bbox 3652 5530 3785 5595; x_wconf 60' lang='lat' dir='ltr'><strong>laps”</strong></span> 
     </span>
    </p>
   </div>
   <div class='ocr_carea' id='block_1_109' title="bbox 2259 5618 3784 5704">
    <p class='ocr_par' dir='ltr' id='par_1_109' title="bbox 2259 5618 3784 5704">
     <span class='ocr_line' id='line_1_109' title="bbox 2259 5618 3784 5704; baseline -0.004 -19"><span class='ocrx_word' id='word_1_871' title='bbox 2259 5632 2592 5687; x_wconf 85' lang='lat' dir='ltr'><strong>immanitate</strong></span> <span class='ocrx_word' id='word_1_872' title='bbox 2623 5631 2923 5704; x_wconf 84' lang='lat' dir='ltr'><strong>Cyprianus</strong></span> <span class='ocrx_word' id='word_1_873' title='bbox 2950 5632 3016 5687; x_wconf 87' lang='lat' dir='ltr'><strong>ad</strong></span> <span class='ocrx_word' id='word_1_874' title='bbox 3046 5631 3360 5688; x_wconf 87' lang='lat' dir='ltr'><strong>Cornelium</strong></span> <span class='ocrx_word' id='word_1_875' title='bbox 3392 5630 3580 5698; x_wconf 87' lang='lat' dir='ltr'><strong>Papam</strong></span> <span class='ocrx_word' id='word_1_876' title='bbox 3604 5618 3784 5689; x_wconf 50' lang='lat' dir='ltr'><strong>scripsi.</strong></span> 
     </span>
    </p>
   </div>
   <div class='ocr_carea' id='block_1_110' title="bbox 2260 5711 3782 5801">
    <p class='ocr_par' dir='ltr' id='par_1_110' title="bbox 2260 5711 3782 5801">
     <span class='ocr_line' id='line_1_110' title="bbox 2260 5711 3782 5801; baseline -0.017 -15"><span class='ocrx_word' id='word_1_877' title='bbox 2260 5726 2488 5786; x_wconf 84' lang='lat' dir='ltr'><strong>antistes</strong></span> <span class='ocrx_word' id='word_1_878' title='bbox 2519 5726 2718 5801; x_wconf 86' lang='lat' dir='ltr'><strong>alioqui</strong></span> <span class='ocrx_word' id='word_1_879' title='bbox 2749 5734 2806 5787; x_wconf 87' lang='lat' dir='ltr'><strong>et</strong></span> <span class='ocrx_word' id='word_1_880' title='bbox 2857 5726 2973 5798; x_wconf 85' lang='lat' dir='ltr'><strong>ipse</strong></span> <span class='ocrx_word' id='word_1_881' title='bbox 3000 5724 3130 5788; x_wconf 80' lang='lat' dir='ltr'><strong>Ai‘er</strong></span> <span class='ocrx_word' id='word_1_882' title='bbox 3169 5735 3224 5782; x_wconf 88' lang='lat' dir='ltr'><strong>et</strong></span> <span class='ocrx_word' id='word_1_883' title='bbox 3249 5738 3477 5789; x_wconf 82' lang='lat' dir='ltr'><strong>severus</strong></span> <span class='ocrx_word' id='word_1_884' title='bbox 3517 5730 3569 5778; x_wconf 83' lang='lat' dir='ltr'><strong>et</strong></span> <span class='ocrx_word' id='word_1_885' title='bbox 3614 5711 3782 5801; x_wconf 79' lang='lat' dir='ltr'><strong>rigidus.</strong></span> 
     </span>
    </p>
   </div>
   <div class='ocr_carea' id='block_1_111' title="bbox 2273 5800 3785 5907">
    <p class='ocr_par' dir='ltr' id='par_1_111' title="bbox 2273 5800 3785 5907">
     <span class='ocr_line' id='line_1_111' title="bbox 2273 5800 3785 5907; baseline -0.005 -19"><span class='ocrx_word' id='word_1_886' title='bbox 2273 5823 2405 5892; x_wconf 79' lang='lat' dir='ltr'><strong>illud</strong></span> <span class='ocrx_word' id='word_1_887' title='bbox 2433 5823 2556 5889; x_wconf 83' lang='lat' dir='ltr'><strong>dico</strong></span> <span class='ocrx_word' id='word_1_888' title='bbox 2578 5824 2631 5886; x_wconf 91' lang='lat' dir='ltr'><strong>lu</strong></span> <span class='ocrx_word' id='word_1_889' title='bbox 2652 5800 2656 5801; x_wconf 18' lang='grc' dir='ltr'>ί</span> <span class='ocrx_word' id='word_1_890' title='bbox 2677 5812 3107 5907; x_wconf 77' lang='lat' dir='ltr'><strong>resipiscentiutn</strong></span> <span class='ocrx_word' id='word_1_891' title='bbox 3150 5822 3531 5897; x_wconf 72' lang='lat' dir='ltr'><strong>haereticorum</strong></span> <span class='ocrx_word' id='word_1_892' title='bbox 3569 5822 3703 5880; x_wconf 64' lang='lat' dir='ltr'><strong>est!“</strong></span> <span class='ocrx_word' id='word_1_893' title='bbox 3723 5800 3785 5891; x_wconf 58' lang='grc' dir='ltr'><strong>φὶ</strong></span> 
     </span>
    </p>
   </div>
  </div>
