3748 6310
834 325 1152 385 HISTORIA
1193 324 1788 385 CARTIIAGINENSIS
1826 324 2298 385 COLLATIONIS.

3111 325 3250 385 H70

15 459 72 497 ιο
159 453 530 514 peccassent,
579 443 746 514 magis
793 457 954 512 quam
989 443 1041 500 in
1098 444 1392 513 lapsorum,
1453 442 1540 510 qui
1572 455 1619 514 Α
1648 442 1996 500 absolutum:
2053 451 2108 500 et
2159 442 2566 504 Donatistarum
2621 449 2903 513 propterea
2951 440 3249 500 calumnias

26 575 44 598 ,
89 539 384 600 auditam
415 536 575 592 fuisse
609 545 847 596 veterem
881 533 1028 590 illam
1061 534 1229 605 legem
1261 550 1330 590 xu
1361 532 1495 590 Tab.
1529 549 1543 585 :

27 629 226 684 libus
289 629 427 684 idem
465 632 555 702 jus
597 637 705 682 esto
732 625 871 697 quod
918 626 1156 694 fortibus.
1216 626 1386 684 Porro
1439 638 1545 682 non

16 738 38 774 ›
83 723 452 782 obtulerunt
493 720 758 776 Catholici
815 719 1106 774 Donatistis
1157 717 1546 783 conditionem,

16 830 39 868 ι
105 815 262 886 jam
307 815 460 881 dixi;
505 814 599 870 sed
654 813 816 870 etiam
878 813 1174 868 liberaliter
1225 812 1547 872 addiderunt

15 925 172 976 am,
245 926 407 982 quam
435 909 596 966 didici
650 925 716 968 ex
769 909 1051 979 Augustini
1086 908 1222 964 libro
1252 907 1319 964 de
1369 907 1548 964 Gestis

40 1004 368 1070 Emerito,
399 1004 487 1060 ubi
516 1012 569 1060 et
598 1011 778 1058 narrat
799 1001 1000 1072 aliquid
1030 1001 1380 1058 memorabile
1407 1000 1550 1060 acci-

15 1116 55 1162 ι,
99 1114 268 1152 cum
296 1098 363 1152 de
391 1113 452 1152 ea
481 1083 832 1168 preponenda
863 1093 1127 1152 Catholici
1157 1097 1294 1152 inter
1325 1109 1382 1150 se
1413 1092 1550 1150 deli-

16 1203 210 1250 rent.
249 1193 601 1252 Recitabatur
628 1194 680 1250 in
719 1193 949 1264 quodam
993 1203 1262 1249 conventu
1295 1194 1548 1252 Maurita-

14 1287 432 1344 Cmsariensis
460 1288 671 1343 notaria
701 1287 798 1343 abs
829 1286 1122 1343 Catholicis
1167 1289 1218 1344 in
1243 1289 1546 1347 Collatioue

17 1381 358 1452 haginensi
391 1381 687 1453 proposita.
717 1381 854 1436 Cum
895 1391 1114 1437 ventum
1159 1391 1241 1437 est
1284 1383 1349 1440 ad
1402 1383 1547 1441 hunc

13 1490 76 1529 m
126 1491 142 1527 :
184 1474 262 1529 Si
291 1478 428 1546 forte
457 1473 635 1543 populi
663 1472 945 1528 Christiani
974 1474 1190 1544 singulis
1233 1474 1547 1532 delectentur

13 1568 201 1637 :opis,
245 1575 295 1621 et
317 1567 533 1620 duorum
561 1567 876 1620 consortium
904 1567 1150 1622 inusitata
1201 1583 1369 1622 rerum
1415 1569 1548 1638 [acie

14 1680 134 1718 ’τινα
169 1679 289 1716 non
324 1671 558 1732 possunt,
582 1661 785 1729 utrique
812 1661 877 1714 de
929 1663 1095 1715 ntedio
1122 1659 1468 1728 discedamus,
1496 1673 1546 1719 et

14 1757 175 1812 iesiis
213 1755 443 1826 singulis
466 1756 709 1810 damnata
738 1754 1025 1810 schismatis
1052 1772 1240 1823 causa,
1271 1758 1323 1814 in
1351 1759 1547 1814 unitate

1653 539 1923 600 retexere,
1972 535 2472 607 imprudentiamque
2503 550 2670 606 prope
2699 534 3094 596 incredibilem.
3141 531 3245 587 Sed

1651 623 1814 696 353
1840 633 2017 686 tamen
2048 627 2343 686 Donatista:
2376 630 2425 683 in
2447 644 2508 690 ea
2547 625 2891 686 cavillatione
2911 622 3244 697 perstabant,

1653 717 1830 786 potius
1849 733 2007 787 quam
2031 719 2096 776 ad
2114 719 2249 789 juris
2276 723 2628 792 qnatstionem
2645 721 2712 778 de
2735 722 2979 784 Ecclesia
3007 719 3248 792 pertrahi

1649 824 1710 865 se
1733 819 2065 879 paterentur.
2089 811 2178 870 Sic
2191 816 2337 872 enim
2355 817 2519 872 multa
2552 816 2776 878 confuse
2793 815 3067 876 miscendo
3097 824 3247 874 tene-

1651 905 1777 962 bras
1806 906 2093 966 oﬂ'undere
2115 949 2132 975 ,
2175 918 2236 966 ut
2281 910 2623 968 elaberentur
2645 952 2659 978 ,
2696 911 2966 972 volebant.
3007 909 3249 980 Cumque

1650 1000 1788 1058 alias
1822 1002 1874 1062 in
1899 1017 1996 1062 are
2026 1001 2229 1062 habere
2255 1003 2498 1060 solerent
2522 1003 2791 1064 forensem
2819 1004 2962 1062 illam
3000 1002 3248 1074 praeseri-

1653 1094 1888 1165 ptioncm
1913 1113 1926 1150 :
1954 1094 2066 1152 Nec
2096 1112 2256 1154 causa
2284 1112 2474 1162 causai,
2503 1113 2594 1152 nec
2617 1114 2832 1166 persona
2857 1113 3089 1171 persona:
3119 1112 3250 1167 prat-

1640 1189 1863 1262 judicat.
1923 1188 2127 1258 Tamen
2179 1189 2402 1262 indigne
2447 1189 2695 1246 ferebant
2721 1205 2840 1249 eam
2868 1192 3243 1261 exceptionem

1649 1281 1753 1338 sibi
1784 1282 1970 1354 objici,
1993 1283 2081 1346 ubi
2111 1281 2386 1344 Carciliaui
2419 1298 2634 1338 causam
2679 1297 2801 1339 cum
2832 1283 3090 1342 Ecclesite
3119 1299 3247 1342 catt-

1651 1392 1708 1436 sa
1742 1376 1816 1434 ita
1845 1377 2281 1449 conjungehant,
2334 1387 2391 1434 ut
2436 1377 2574 1436 hanc
2617 1393 2684 1438 ex
2716 1377 2805 1432 illa
2859 1377 3097 1447 pendere
3137 1379 3249 1438 vel-

1648 1471 1779 1528 lent.
1812 1472 1972 1530 Certe
2003 1474 2358 1543 Augustinus,
2389 1471 2550 1542 epist.
2581 1471 2710 1537 2M,
2738 1472 2844 1539 ait,
2871 1471 3084 1539 nihilgin
3113 1463 3248 1526 actis

1647 1565 1970 1622 Collationis
2010 1566 2178 1626 fuisse
2221 1567 2364 1638 quod
2412 1567 2708 1626 Donatista:
2755 1566 2925 1636 magis
2953 1564 3123 1622 deleri
3155 1578 3250 1620 vo-

1649 1659 1901 1720 luissent.
1937 1660 2062 1720 Fuit
2112 1676 2246 1720 sane
2291 1669 2447 1724 vetus
2490 1659 2619 1718 illud
2658 1658 3036 1717 hmreticorum
3073 1656 3250 1716 artiﬁ-

1647 1756 1815 1820 cium,
1861 1765 1940 1822 ut,
1972 1755 2341 1812 frustrationis
2375 1769 2529 1825 ergo,
2558 1769 2679 1810 cum
2708 1769 2864 1812 suum
2888 1752 3080 1824 dogma
3110 1751 3248 1814 tueri

14 1853 138 1923 [ica
175 1851 502 1916 constitutis,
535 1849 599 1904 ab
627 1848 708 1903 his
731 1850 948 1921 singulis
973 1852 1027 1904 in
1076 1849 1324 1906 Ecclesiis
1364 1854 1546 1923 singu-
1576 1865 1619 1924 Β
1652 1867 1760 1908 non
1796 1860 2040 1922 possent,
2072 1867 2202 1908 suos
2229 1867 2408 1908 moras
2431 1867 2569 1922 quos
2598 1851 2888 1908 laudabant
2913 1851 3245 1921 allegareut:

13 1944 400 2007 annitentibus,
433 1943 618 1996 unitati
649 1945 819 2012 facta,
849 1960 940 2012 per
968 1943 1081 1996 loca
1119 1945 1406 1998 necessaria
1437 1946 1544 1999 sin-

80 2037 485 2090 constituantur
540 2035 768 2106 episcopi
811 2051 829 2100 ;
881 2037 1210 2106 Augustinus
1254 2038 1542 2107 episcopus

12 2131 59 2185 it
97 2151 116 2187 -.
169 2148 193 2183 ι
239 2129 418 2188 Dicam
476 2128 730 2184 charitati
777 2137 970 2184 vestra:
1021 2139 1074 2184 et
1119 2145 1542 2188 commemorem

12 2242 31 2278 ι
71 2224 464 2278 dulcissimam
495 2232 551 2278 et
580 2223 978 2289 suavisslmam,
1009 2239 1167 2294 quam
1193 2223 1418 2278 Domino
1449 2224 1544 2278 ad-

11 2324 151 2371 ante
185 2331 381 2370 sumus
407 2315 638 2385 experti.
669 2312 804 2370 Cum
833 2325 962 2371 ante
986 2315 1156 2384 ipsam
1186 2315 1542 2370 Collationem

11 2428 61 2467 tr
93 2426 208 2466 nos
239 2411 407 2481 aliqui
439 2409 656 2477 fratres,
699 2409 768 2465 de
810 2409 912 2465 hac
962 2425 1021 2464 re
1063 2409 1542 2477 colloqueremur:

11 2522 42 2560 a
73 2519 185 2576 pro
223 2517 360 2575 pace
388 2502 587 2562 Christi
631 2505 871 2574 cpisoOpi
903 2503 1105 2558 debent
1139 2517 1260 2558 esse
1309 2513 1401 2558 aut
1445 2503 1544 2558 de-

11 2608 50 2652 tt
85 2614 206 2660 non
243 2613 370 2656 esse
415 2615 430 2655 :
487 2597 630 2668 quod
662 2597 816 2652 vobis
857 2596 1133 2651 fatendum
1167 2607 1270 2660 est,
1315 2598 1550 2666 circum-

11 2693 237 2747 :ientes
263 2705 456 2758 omnes
489 2690 684 2748 fratres
705 2700 760 2746 et
785 2691 1139 2760 coepiscopos
1171 2699 1410 2755 nostros,
1438 2707 1544 2747 non

11 2788 84 2842 ile
117 2789 296 2842 nobis
324 2786 707 2852 occurrebant,
759 2787 848 2856 qui
875 2786 978 2840 hoc
999 2785 1203 2840 vellent
1243 2787 1542 2856 suspicere,

12 2882 73 2936 ie
104 2880 217 2935 hac
251 2881 558 2936 humilitate
593 2881 820 2935 Domino
845 2879 1155 2935 sacrificare
1186 2897 1198 2934 ;
1230 2879 1546 2936 dicebamus

11 2975 134 3028 lieri
169 2973 363 3028 solet:
414 2973 504 3038 ille
532 2983 734 3044 potest,
793 2973 882 3027 ille
911 2989 1011 3026 non
1042 2982 1246 3041 potest:
1293 2973 1383 3028 ille
1427 2990 1550 3028 cott-

16 3067 79 3120 tit
108 3067 238 3132 hoc,
262 3066 354 3121 ille
383 3081 484 3118 non
511 3065 694 3120 tolerat
726 3081 744 3119 :
779 3064 1067 3132 loquentes
1101 3065 1270 3136 magis
1327 3081 1423 3136 pro
1457 3081 1549 3121 su-

16 3159 286 3215 ciouihus
313 3159 538 3224 n05tris,
567 3159 657 3230 qui
681 3159 848 3215 corda
878 3160 1341 3229 illorumiminime
1362 3161 1548 3217 videre

1643 1953 1738 2002 aut
1766 1961 1886 2002 cum
1917 1947 2355 2004 adversariorum
2381 1947 2684 2003 doctrinam
2709 1945 2959 2001 refellere
2984 1961 3088 2001 non
3123 1958 3247 2016 pns-

1643 2047 1786 2104 sent,
1822 2053 2004 2096 mores
2032 2055 2220 2095 eorum
2258 2049 2602 2096 accusarent.
2639 2039 2746 2096 Sed
2781 2039 2896 2094 haec
2926 2038 3247 2095 diverticula

1645 2139 1770 2188 sunt
1796 2147 2008 2198 eortuu,
2040 2134 2129 2203 qui
2155 2133 2378 2189 eludere
2409 2133 2619 2188 volunt.
2653 2133 2796 2189 Sane
2837 2141 2962 2187 ante
2987 2131 3244 2188 Collatio-

1647 2240 1770 2282 ncm
1798 2225 2094 2282 Petilianus
2128 2226 2510 2297 Augustinum,
2543 2242 2665 2282 cum
2692 2242 2798 2296 qtto
2816 2226 3080 2292 certabat,
3104 2225 3245 2280 mul-

1648 2317 1718 2372 tis
1742 2317 2001 2374 conviciis
2043 2329 2327 2390 propterea
2367 2319 2685 2390 impetebal,
2717 2329 2772 2374 ut
2805 2320 2918 2389 jam
2941 2319 3010 2373 de
3053 2318 3241 2388 Augu-

1647 2412 1775 2468 stini
1831 2426 2062 2482 persona
2122 2413 2300 2478 potius
2325 2427 2487 2482 quam
2538 2412 2606 2467 de
2665 2412 2951 2481 Ecclesia,
3002 2412 3070 2467 de
3127 2427 3232 2482 qua

1651 2504 1889 2562 instituta
1921 2515 2036 2562 erat
2059 2506 2374 2576 disputatio,
2394 2518 2749 2576 quereretur:
2785 2505 2905 2573 Me,
2939 2507 3110 2576 inquit
3137 2507 3247 2566 Au-

1648 2601 1916 2668 gustinus,
1949 2600 2072 2669 facit
2104 2617 2336 2666 causam,
2369 2594 2486 2655 cum
2507 2600 2773 2669 defecisset
2793 2601 2847 2654 in
2875 2616 3050 2654 causa.
3077 2599 3240 2654 Item:

1653 2693 1851 2748 Relicto
1877 2695 2079 2766 negotio
2110 2695 2334 2765 publica,
2367 2695 2567 2764 priuata
2587 2693 2814 2758 quadam
2843 2693 3123 2759 simultate,
3156 2693 3249 2746 Ito-

1650 2789 1803 2842 minis
1851 2791 2009 2844 unius
2049 2792 2205 2844 vitam
2235 2789 2501 2844 maledicis
2531 2789 2824 2859 opprobriis
2848 2789 3124 2842 insectatus
3148 2797 3240 2853 est,

1651 2882 1801 2951 quasi
1822 2883 1974 2938 homo
1999 2883 2089 2937 ille
2115 2894 2242 2937 esset
2266 2898 2442 2945 causa,
2463 2897 2577 2952 qua:
2601 2882 2898 2950 inquiritur.
2921 2879 3030 2937 Sed
3058 2890 3117 2935 ut
3143 2885 3250 2935 Au-

1650 2978 1897 3048 gustinus
1923 2977 2126 3033 indicat
2157 2993 2419 3050 quorsum
2453 2978 2503 3032 id
2528 2977 2731 3032 faceret
2759 2985 2968 3030 astutus
2991 2976 3248 3054 advorsa-

1654 3073 1785 3136 rius,
1819 3073 1896 3127 sic
1928 3071 2142 3138 obstat,
2179 3087 2248 3126 ne
2280 3071 2368 3126 ille
2401 3070 2496 3126 tali
2525 3079 2646 3124 astu
2671 3068 2890 3124 eludat:
2914 3076 2965 3126 et
2999 3067 3248 3138 iujuriam

1654 3168 1914 3236 privatam
1961 3168 2066 3236 pati
2107 3165 2327 3228 mavult,
2363 3180 2524 3233 quam
2555 3161 2661 3219 alio
2685 3163 3045 3227 excurrendo,
3091 3162 3249 3217 deso-

9 3263 277 3308 teramus.
308 3251 538 3320 Quando
570 3263 748 3308 autem
780 3263 999 3314 ventum
1023 3263 1124 3318 est,
1151 3264 1205 3308 ut
1238 3254 1340 3310 hoc
1373 3257 1543 3325 palam
1575 3264 1620 3326 (ς
1653 3277 1774 3317 rere
1801 3276 2020 3316 causam
2054 3261 2350 3331 publicam.
2384 3259 2528 3330 Ergo
2564 3268 2617 3313 et
2639 3256 2934 3313 Cresconio
2958 3256 3251 3312 Donatista:

9 3355 85 3398 ret
135 3345 191 3402 in
224 3344 462 3400 Concilio
512 3344 889 3408 universorum
940 3355 1047 3400 tam
1099 3346 1364 3418 frequenti
1406 3364 1542 3418 pene

13 3447 312 3493 contorum
346 3438 751 3508 episcoporum,
794 3441 873 3500 sic
904 3439 1104 3508 placuit
1156 3441 1431 3506 oumibus,
1463 3443 1542 3500 sic

9 3545 269 3589 arserunt
292 3549 508 3597 omnes,
541 3545 595 3600 ut
621 3537 787 3606 parati
819 3545 1002 3592 essent
1046 3539 1415 3608 episcopatum
1447 3557 1545 3611 pro

19 3627 135 3680 risti
172 3630 386 3682 unitate
417 3628 690 3698 deponere
724 3647 737 3682 :
780 3637 835 3684 et
867 3646 970 3690 non
1004 3631 1254 3700 Perdere,
1310 3634 1404 3690 sed
1433 3635 1544 3690 Deo

10 3719 105 3774 ius
131 3721 548 3780 commendare.
585 3721 699 3782 Duo
728 3721 800 3778 ibi
831 3724 914 3780 vix
946 3723 1147 3786 inventi
1170 3737 1317 3792 sunt,
1349 3728 1546 3797 quibus

9 3813 280 3881 adiceret.
320 3813 469 3874 Unus
510 3830 746 3876 annosus
770 3831 956 3879 senex,
987 3817 1078 3887 qui
1112 3817 1213 3873 hoc
1252 3820 1412 3878 etiam
1466 3819 1547 3876 di-

9 3922 65 3961 re
89 3908 324 3964 liberius
347 3923 511 3964 ausus
535 3918 618 3963 est
649 3927 661 3963 :
694 3910 828 3965 alter
853 3912 1184 3966 voluntatem
1209 3927 1357 3968 suam
1387 3914 1548 3968 tacito

18 3999 93 4056 ltu
150 3999 496 4068 significavit.
541 4001 646 4056 Sed
709 4012 1058 4074 posteaquam
1122 4005 1273 4062 illum
1325 4005 1548 4063 liberius

9 4108 44 4145 lc
71 4093 352 4150 dicentem
381 4094 566 4152 obruit
595 4097 834 4154 omnium
859 4095 1092 4154 fraterna
1138 4101 1432 4171 correptio,
1458 4102 1549 4158 illo

10 4195 188 4241 utantc
247 4189 616 4253 sententiam,
664 4189 868 4244 vultum
908 4192 1071 4246 etiam
1116 4191 1207 4247 ille
1244 4195 1488 4250 mutavit.
1522 4214 1542 4249 s

10 4294 72 4334 ec
119 4282 478 4352 Augustinus.
507 4281 639 4350 Qua:
669 4283 887 4353 quidem
921 4294 1070 4340 tanto
1097 4286 1269 4355 magis
1301 4289 1546 4355 recitata,

9 4372 86 4426 l0d
121 4374 173 4434 in
199 4375 338 4438 actis
360 4375 676 4438 collationis
701 4377 810 4431 sint
837 4377 1122 4446 permissa,
1151 4387 1207 4432 et
1234 4387 1410 4434 tamen
1437 4395 1550 4436 me-

9 4468 214 4526 orabile
246 4469 555 4538 exemplum
579 4469 670 4536 sit,
698 4479 751 4524 et
801 4470 1065 4540 imprimis
1093 4471 1164 4524 sit
1209 4471 1376 4526 utile:
1418 4487 1550 4541 quo-

10 4578 48 4616 :s
71 4563 135 4618 de
168 4562 487 4634 pontificatu
527 4573 788 4629 certatur,
842 4574 895 4620 et
943 4563 1165 4624 ambitio
1210 4563 1547 4628 contenden-

10 4671 82 4714 im
111 4655 492 4725 perturbandos
535 4655 795 4712 Ecclesiae
822 4671 987 4712 causa
1015 4667 1119 4718 est.

23 4748 207 4806 Redeo
230 4751 295 4805 ad
328 4760 476 4821 gesta
509 4749 845 4806 Collatiouis.
880 4750 950 4806 Ut
970 4752 1131 4808 citius
1157 4751 1225 4807 ad
1256 4768 1368 4809 rem
1399 4753 1549 4812 veni-

9 4851 124 4909 :tur,
181 4854 237 4904 et
265 4845 332 4902 de
362 4845 624 4916 gravioris
647 4860 825 4900 causae
873 4855 1018 4902 statu
1045 4857 1318 4918 ageretur,
1348 4845 1547 4912 Catho-

9 4937 43 4990 εἰ
72 4937 357 4996 voluerunt
378 4938 687 5008 disjungere
712 4947 872 5009 atque
899 4953 1153 5009 separare
1183 4955 1398 4997 cauSam
1429 4942 1548 4996 (hc-

15 5031 155 5099 liani,
184 5043 236 5089 et
257 5049 374 5090 eam
402 5035 761 5104 quaestionem
793 5035 1010 5094 missam
1040 5033 1237 5101 facere,
1271 5051 1390 5106 qure
1421 5035 1545 5092 facti

9 5127 128 5195 uagis
155 5139 266 5185 erat
299 5145 456 5198 quam
486 5127 640 5199 juris.
673 5129 804 5184 Nam
831 5139 884 5184 et
935 5130 1136 5198 privata
1162 5141 1216 5186 et
1246 5131 1546 5200 personalls

9 5227 79 5272 rat
131 5235 190 5276 ea
217 5237 402 5287 causa,
434 5237 554 5291 qum
580 5237 702 5278 cum
730 5224 902 5278 altera
933 5223 1015 5295 (ut
1057 5223 1125 5278 ita
1157 5223 1356 5297 dicam)
1415 5225 1548 5280 reali

9 5315 293 5380 tgenerali,
329 5329 523 5381 nempe
547 5315 613 5369 de
645 5315 910 5378 Ecclesia,
934 5315 1066 5370 nihil
1119 5315 1351 5372 habebat
1401 5332 1552 5372 eom-

10 5420 144 5462 tunc.
170 5409 348 5479 Itaque
381 5427 485 5464 non
515 5411 838 5466 recu5abant
871 5412 1012 5466 ultro
1043 5412 1144 5465 hoc
1167 5412 1371 5481 largiri,
1407 5413 1550 5482 quod

10 5509 141 5554 tmen
155 5499 286 5555 falso
309 5503 673 5568 prauexebant
689 5502 1000 5568 Donatistae,
1019 5503 1366 5557 Caecilianum
1387 5503 1552 5560 fuisse

9 5589 292 5648 raditorem.
325 5592 458 5647 Nam
494 5608 561 5648 ne
593 5605 704 5648 tum
733 5595 952 5664 quidem
976 5593 1044 5649 ab
1071 5595 1307 5650 Ecclesia
1349 5594 1550 5649 Catho-

9 5680 97 5746 ica,
116 5701 227 5754 qua:
242 5690 288 5744 ei
307 5689 780 5755 communicasset,
805 5691 1108 5745 Donatistas
1137 5690 1440 5752 desciscere
1457 5691 1554 5748 de-

10 5776 181 5850 misse,
221 5783 390 5841 nostri
418 5785 652 5844 aiebant.
681 5785 821 5846 Nibil
847 5797 995 5846 certe
1020 5797 1135 5846 erat
1167 5785 1374 5844 facilius
1393 5804 1552 5861 quam

1651 3357 2009 3426 respondens,
2041 3356 2246 3419 Desine,
2276 3356 2467 3425 inquit,
2497 3352 2705 3408 talibus.
2740 3350 2886 3406 Unus
2916 3352 3067 3405 homo
3093 3365 3208 3404 sum
3233 3365 3253 3404 :

1649 3447 1896 3504 Ecclesite
1919 3451 2052 3504 inter
2078 3465 2170 3503 nos
2191 3449 2363 3520 agitur
2387 3464 2562 3513 causa,
2593 3462 2693 3500 non
2714 3461 2848 3499 mea.
2877 3444 3073 3513 Sicque
3086 3443 3248 3498 etiam

1649 3543 1976 3598 constrinxit
2021 3543 2374 3612 Pelagianos,
2420 3541 2510 3609 qui
2566 3541 2617 3594 in
2647 3538 3014 3608 disputatione
3063 3545 3249 3604 capta-

1652 3635 1800 3698 bant,
1847 3635 1988 3705 quod
2044 3634 2344 3690 Donatista:
2373 3651 2385 3688 :
2418 3631 2571 3698 Quod
2603 3631 2814 3704 (inquit
2841 3631 2937 3685 lib.
2971 3645 3028 3685 ιιι
3057 3638 3250 3684 contra

1650 3726 1946 3798 Juliauum)
1991 3729 2058 3782 ad
2111 3743 2275 3780 mores
2304 3735 2506 3779 nostros
2538 3726 2783 3797 pertinet,
2821 3721 3249 3791 queinadmodum

1651 3823 1899 3884 vivamus,
1927 3822 1979 3874 in
2002 3829 2239 3892 promptu
2261 3818 2336 3873 est
2363 3819 2455 3885 eis,
2487 3833 2603 3871 cum
2627 3816 2810 3887 quibus
2836 3817 3073 3870 uiuimus.
3095 3812 3250 3867 Nunc

1654 3915 1716 3969 de
1769 3913 2034 3968 Catholica
2094 3912 2267 3983 agitur
2307 3912 2564 3982 dogmate.
2614 3909 2892 3964 Mauichwi
2928 3951 2942 3975 ,
2999 3905 3248 3977 quamvis

1654 4009 1834 4063 minus
1872 4017 2055 4062 essent
2087 4005 2392 4060 Rhetoricis
2437 4003 2542 4057 illis
2564 4002 2774 4056 artibus
2801 4000 3042 4066 eruditi,
3071 4008 3250 4054 tamen

1655 4119 1764 4158 non
1793 4101 2076 4157 dissimilia
2109 4114 2297 4155 rursus
2326 4097 2646 4152 diverticula
2671 4097 3005 4168 qua-sierunt
3031 4111 3042 4146 :
3075 4108 3251 4163 neque

1653 4199 1836 4252 solum
1865 4209 2046 4252 mores
2071 4195 2280 4250 alienos
2304 4201 2628 4247 accusarunt
2649 4231 2662 4254 ,
2693 4189 2786 4244 sed
2821 4190 2984 4243 etiam
3014 4201 3138 4241 cum
3166 4201 3252 4241 os-

1656 4301 1780 4346 sent
1818 4288 2200 4360 impurissimi,
2234 4301 2362 4341 suos
2389 4285 2773 4356 prmdicarunt.
2805 4281 2894 4337 Sic
2923 4279 3257 4336 Fortunatus

1656 4382 1986 4440 Mauicbazus
2014 4381 2081 4435 de
2109 4380 2213 4434 fide
2242 4391 2482 4450 rogatus,
2521 4377 2595 4432 de
2640 4392 2734 4431 sua
2765 4390 3098 4444 suorumque
3143 4375 3253 4430 vita

1655 4474 1970 4544 respondet.
2001 4473 2143 4541 Quid
2167 4470 2543 4542 Augustinus?
2564 4471 2615 4524 in
2647 4470 2741 4523 lib.
2771 4479 2959 4523 contra
2987 4468 3214 4523 Fortun.
3239 4484 3252 4521 :

1657 4569 1799 4635 Alia,
1846 4567 2041 4638 inquit,
2071 4577 2143 4619 est
2171 4566 2384 4636 quastio
2424 4564 2487 4617 de
2517 4563 2640 4631 ﬁde,
2673 4563 2777 4614 alia
2806 4562 2869 4614 de
2895 4561 3144 4615 moribus.
3178 4563 3258 4615 Ac

1574 4671 1627 4734 ι)
1651 4663 1869 4734 quidem
1904 4663 2039 4718 ullas
2071 4660 2467 4716 Donatistarum
2501 4656 3026 4726 Manichaeorumque
3071 4668 3254 4710 mores

1653 4757 1956 4820 accusavit,
2007 4764 2062 4810 et
2108 4769 2331 4810 suorum
2359 4749 2800 4806 constantissime
2843 4748 3107 4804 defendit.
3147 4745 3254 4801 Sed

1659 4867 1764 4907 non
1806 4852 2011 4922 patitur
2055 4863 2275 4910 causam
2308 4846 2587 4911 religionis
2614 4860 2736 4898 cum
2770 4844 2860 4898 tali
2898 4841 3112 4896 actione
3134 4854 3257 4911 pcr-

1654 4947 1894 5001 misceri.
1962 4943 2052 5000 Sic
2097 4953 2150 4998 et
2202 4942 2565 5014 Hieronymus
2609 4947 2797 4993 contra
2845 4935 3095 4991 Rufinum
3155 4936 3257 4990 im-

1657 5040 1846 5112 primis
1889 5039 1994 5094 boc
2042 5040 2152 5110 agit
2179 5048 2233 5092 et
2277 5045 2452 5108 urget,
2479 5045 2536 5090 ut
2566 5050 2675 5090 non
2702 5034 3103 5103 conjungantur
3127 5047 3255 5100 cap-

1652 5138 1813 5200 tiose,
1843 5151 1964 5205 qua!
1987 5132 2343 5204 disjuugenda
2373 5140 2522 5186 sunt:
2548 5129 2669 5184 Non
2691 5138 2787 5194 est,
2813 5127 3006 5196 inquit,
3033 5141 3256 5189 necesse,

1654 5239 1709 5284 ut
1736 5231 1787 5283 in
1825 5228 2202 5283 Ecclesiasticis
2234 5227 2532 5280 tractatibus
2559 5239 2665 5278 rem
2715 5222 3020 5276 tribunalem
3047 5217 3258 5272 uentile-

1657 5339 1792 5376 mus.
1822 5321 1954 5376 Item
1977 5340 1988 5375 :
2015 5322 2130 5392 quis
2153 5330 2465 5384 nostrorum,
2497 5318 2686 5370 omissa
2710 5329 2887 5373 causa,
2915 5311 2968 5363 in
2993 5310 3256 5379 superﬂua

1654 5417 1922 5469 criminum
1953 5415 2288 5487 objectasione
2330 5422 2559 5465 versatus
2607 5406 2728 5461 est?
2777 5406 2906 5471 ρυω
2931 5419 3036 5458 non
3062 5403 3258 5457 charta:

1657 5507 2058 5573 Ecclesiasticte,
2082 5506 2172 5560 sed
2195 5503 2352 5558 libelli
2364 5501 2604 5574 judicum
2630 5496 3084 5553 debentcontinere
3107 5496 3132 5549 2
3154 5496 3256 5548 Aut

1655 5600 1778 5668 quid
1807 5603 1968 5670 refert
1998 5601 2043 5653 si
2069 5614 2224 5652 causa
2255 5597 2413 5649 cadas
2439 5635 2454 5660 ,
2501 5601 2548 5647 et
2598 5592 2815 5646 crimine
2859 5591 3109 5659 superes?
3135 5588 3259 5644 Ista:

1655 5695 1909 5749 istac/time
1938 5693 2292 5750 lucreticorurn
2317 5697 2458 5753 sunt,
2485 5696 2538 5740 ut
2568 5686 2784 5739 conuicti
2809 5685 2875 5738 de
2901 5682 3142 5752 perﬁdia,
3193 5681 3261 5735 ad

1658 5793 1947 5854 maledicta
1981 5790 2348 5861 seconferant.
2399 5785 2526 5842 Hmc
2571 5783 2684 5843 ille.
2721 5783 2817 5842 Est
2862 5791 3043 5838 autem
3088 5795 3269 5852 operae

9 5876 207 5956 probare
231 5881 576 5946 Oweilisuum
610 5881 768 5946 talem
801 5897 905 5944 non
928 5882 1117 5960 fuisse,
1145 5893 1363 5948 etrccte
1392 5885 1558 5950 tuisse
1667 5889 1906 5972 pretluin
1940 5885 2071 5948 talia
2104 5885 2395 5984 diligenter
2422 5883 2734 5974 observare,
2765 5879 2888 5958 quia
2921 5874 3027 5936 hoc
3055 5890 3272 5960 quoque
