3996 6332
493 307 625 363 ΗΊΙ

1990 301 2361 361 APPENDIX.

3642 318 3667 375 Ι
3677 318 3785 375 472

493 432 741 496 tempore
770 424 1013 479 videmus
1057 437 1156 480 eos
1180 423 1271 496 qui
1314 421 1385 479 de
1415 422 1681 494 religione
1706 420 2043 478 contendunt
2071 465 2085 489 ,
2116 432 2164 486 Α
2264 422 2399 479 Cum
2430 424 2662 495 primum
2714 440 2836 483 sese
2887 434 3154 485 steterunt
3199 430 3522 499 Donatistae,
3554 434 3794 490 cavillati

493 517 892 587 intempestive,
920 527 980 572 ut
1018 518 1198 573 omnia
1229 516 1514 586 misceant,
1546 516 1823 573 transilire
1867 516 1933 570 ad
1982 516 2091 571 cri-

493 612 845 668 minationem
899 626 1283 683 personarum.
1344 613 1485 669 Sane
1544 627 1654 684 quo
1710 613 1883 684 magis
1931 621 2083 684 gesta

492 708 815 764 Collationis
862 708 1311 781 Cartltaginensis
1356 710 1688 777 considero,
1739 717 1890 764 tanto
1919 708 2092 781 magis

492 803 705 865 sentio,
742 809 849 856 tam
881 802 947 858 ad
997 818 1109 859 retu
1143 804 1494 874 principalem
1547 804 1867 860 Catholicos
1903 804 2091 861 venire

492 899 678 951 statim
711 897 949 953 voluisse
976 939 992 965 ,
1040 914 1199 969 quam
1248 899 1557 955 Donatistas
1588 899 1639 954 id
1670 899 1967 969 refugisse:
2000 900 2091 971 qui

496 989 987 1062 (quemadmodum
1026 1006 1173 1063 smpe
1206 991 1543 1063 Augustinus
1572 993 1741 1063 dixit)
1785 992 1888 1048 hoc
1924 1008 2090 1048 unum

495 1087 761 1155 agebant,
804 1098 861 1142 ut
919 1087 1050 1143 nihil
1090 1098 1366 1159 ageretur.
1419 1088 1552 1143 Nam
1608 1098 1665 1144 et
1708 1087 2093 1160 Carthaginem

494 1187 700 1235 tantunt
729 1182 947 1237 venisse
977 1182 1232 1237 videntur
1260 1192 1317 1238 ut
1336 1184 1602 1239 redirent.
1628 1184 1776 1239 Dixit
1800 1186 1965 1239 etiam
1992 1186 2093 1240 ali-

492 1274 707 1343 quando
749 1278 1081 1347 Augttstinus
1125 1277 1177 1331 in
1216 1278 1371 1333 libris
1401 1288 1592 1333 contra
1618 1278 1895 1334 lulianum
1928 1280 2086 1336 Pela-

492 1364 732 1436 giannm,
768 1367 1001 1424 frontem
1035 1369 1419 1425 haereticorum
1448 1387 1554 1426 non
1582 1387 1704 1427 esse
1736 1372 1996 1429 frontem.
2036 1374 2090 1428 Id

493 1476 625 1515 vero
655 1462 724 1517 de
765 1463 1071 1519 incredibili
1108 1464 1511 1519 Donatistarum
1552 1465 1887 1535 impudentia
1920 1466 2092 1523 multo

494 1555 667 1625 magis
711 1555 818 1609 dici
874 1556 1044 1625 potuit
1093 1556 1410 1625 debuitque.
1461 1556 1603 1612 Sane
1650 1573 1771 1612 cum
1816 1557 2092 1615 refelleret

493 1645 849 1701 Cresconium
910 1647 1243 1703 Douatistam
1308 1650 1763 1719 grammaticum,
1824 1650 2092 1721 significat

492 1753 662 1809 prope
682 1753 804 1795 esse
847 1748 906 1794 ut
926 1740 1196 1795 exclamet
1227 1740 1355 1796 illud
1390 1740 1586 1807 Persii,
1622 1744 1844 1811 frontem
1876 1743 2092 1812 periisse

2196 520 2381 574 nescio
2408 520 2534 590 quid
2563 519 2805 583 fuerunt,
2848 523 2915 577 de
2943 533 3189 594 tempore
3210 567 3224 591 ,
3254 526 3394 596 quod
3425 529 3794 597 prtestitutum

2196 610 2369 667 fuerat
2412 612 2522 682 jam
2552 613 2756 683 elapso.
2792 614 2897 670 Sed
2945 616 3300 671 interlocutus
3324 627 3408 672 est
3439 617 3790 675 Marcellinus

2193 706 2262 763 de
2294 707 2678 779 prorogatione
2706 727 2717 763 :
2746 718 2800 765 et
2834 710 3054 766 tenebat
3091 710 3224 765 illud
3259 711 3473 783 Ulpiani
3508 731 3521 767 :
3561 712 3668 779 Qui
3706 730 3798 784 pro

2196 800 2447 855 tribunali
2475 804 2763 873 cognoscit,
2790 821 3171 874 nonnumquam
3201 814 3399 874 tempus
3411 806 3648 879 judicati
3674 823 3800 878 pro-

2194 905 2363 964 rogat,
2387 904 2517 962 etc.,
2548 897 2584 951 l.
2635 913 2670 951 ιι
2699 896 2766 951 de
2787 897 2862 953 [te
2891 898 3058 966 judic.
3088 898 3263 953 Credo
3291 899 3570 968 equidem,
3609 899 3802 954 Iuben-

2196 996 2279 1042 ter
2310 988 2471 1042 etiam
2499 989 2789 1045 Donatistae
2820 991 3362 1047 submurmurassent
3393 993 3523 1048 illud
3556 1011 3588 1049 c
3620 993 3805 1049 medio

2191 1088 2313 1159 jure
2336 1089 2503 1151 civili,
2525 1104 2731 1143 moram
2766 1090 2979 1160 purgari
3013 1105 3122 1144 non
3150 1105 3327 1159 posse,
3354 1091 3442 1145 ubi
3476 1090 3637 1161 lapsu
3664 1100 3805 1146 tem-

2198 1183 2342 1251 poris
2369 1184 2661 1237 commissa
2689 1192 2791 1236 est.
2827 1182 2932 1236 Sed
2963 1182 3112 1239 hisce
3144 1184 3355 1237 cavillis
3378 1198 3484 1238 non
3506 1194 3627 1238 erat
3654 1198 3807 1238 nunc

2196 1276 2365 1330 locus.
2399 1275 2669 1329 Caeterum
2702 1290 2822 1328 cum
2861 1274 2995 1328 ordo
3023 1272 3343 1330 Collationis
3374 1276 3645 1346 imprimis
3675 1290 3807 1346 pos-

2196 1368 2413 1432 tularet,
2444 1374 2500 1420 ttt
2545 1365 2799 1436 utrinque
2830 1366 2965 1420 certi
3014 1365 3390 1435 deligerentur
3415 1375 3633 1421 actores
3659 1410 3675 1431 ,
3714 1367 3803 1421 id-

2194 1474 2301 1529 que
2339 1458 2681 1512 Marcellinus
2709 1457 2997 1523 ediceret,
3043 1469 3096 1512 ct
3145 1456 3414 1513 Catholici
3457 1461 3804 1529 probarent,

2198 1552 2493 1607 Donatistm
2535 1566 2723 1606 rursus
2754 1550 3156 1614 reclamabant,
3187 1553 3277 1621 qui
3324 1567 3445 1605 cum
3487 1567 3655 1623 pmpe
3683 1562 3805 1608 tre-

2194 1648 2335 1701 centi
2366 1646 2776 1710 convenissent,
2807 1645 3063 1699 volebant
3090 1660 3280 1699 omnes
3303 1645 3583 1715 disputare
3608 1664 3619 1697 :
3646 1645 3801 1715 quod

2196 1741 2439 1811 profecto
2456 1738 2573 1793 sine
2600 1740 2828 1793 tumultu
2860 1748 2915 1793 ct
2943 1737 3263 1793 confusione
3280 1738 3395 1792 ﬁeri
3420 1756 3523 1792 non
3553 1748 3793 1809 poterat.

489 1831 554 1885 de
581 1833 750 1889 rebus.
788 1832 853 1887 Et
886 1834 994 1888 alio
1023 1834 1144 1889 loco
1166 1834 1301 1890 dixit
1330 1850 1389 1890 se
1420 1836 1604 1890 mirari
1630 1836 1963 1901 Donatistas,
1985 1837 2081 1891 ha-
2116 1840 2163 1901 B
2191 1833 2331 1904 Ergo
2380 1833 2728 1888 Marcellinus
2774 1832 3156 1903 ittterloqttitur
3183 1873 3199 1896 .
3255 1832 3640 1887 observandum
3689 1832 3787 1887 hic

496 1922 629 1978 bere
660 1924 711 1979 in
740 1918 969 1995 corpore
996 1928 1336 1997 sanguinem,
1366 1937 1421 1982 et
1444 1936 1622 1983 tamen
1652 1944 1941 1999 numquam
1964 1946 2087 1985 eru-

490 2017 737 2073 bescere.
770 2014 1039 2085 Dicerem,
1061 2037 1221 2090 quam
1251 2020 1505 2077 crudeles
1530 2022 1742 2078 fuerunt
1771 2021 1954 2077 sicarii
1978 2033 2084 2078 tam

490 2109 676 2164 vafros
717 2109 886 2168 fuisse
927 2114 1310 2184 pragmaticus.
1354 2112 1460 2168 Sed
1495 2124 1646 2181 acta,
1677 2115 1745 2169 de
1774 2114 1973 2185 quibus
2001 2116 2085 2169 lo-

488 2218 649 2274 quor,
673 2208 1017 2261 testabantur
1038 2250 1052 2271 ,
1087 2207 1342 2279 strophas
1368 2224 1556 2263 eorum
1598 2224 1703 2264 non
1730 2218 1837 2264 tam
1872 2210 2086 2265 erudito

487 2296 671 2366 aliquo
699 2296 932 2353 artificio
964 2306 1158 2365 tectas,
1182 2316 1339 2371 quam
1365 2302 1670 2357 meretricia
1699 2302 1927 2373 quadam
1960 2319 2087 2374 pro-

490 2391 656 2445 tervia
688 2396 1053 2449 communitas
1084 2393 1271 2451 fuisse.
1308 2395 1451 2452 Sunt
1480 2396 1534 2451 itt
1564 2397 1716 2452 libris
1737 2398 1875 2467 juris
1913 2399 2086 2469 expli-

486 2494 603 2538 cata
641 2486 756 2539 haec
784 2485 947 2539 verba
980 2487 1113 2557 legis
1146 2530 1163 2555 ,
1204 2488 1249 2542 si
1279 2488 1517 2543 caluitur.
1550 2488 1657 2545 Sed
1700 2490 1789 2544 vix
1830 2506 2082 2560 umquam

487 2576 663 2645 magis
684 2576 812 2647 quid
847 2577 977 2631 illud
1005 2578 1096 2645 sit,
1121 2579 1395 2651 apparuit.
1418 2596 1578 2649 quam
1602 2582 1655 2635 in
1684 2582 2082 2638 Donatistarum

486 2670 937 2739 tergiversatione
963 2682 1128 2741 atque
1160 2672 1533 2729 frustratione.
1565 2672 1707 2743 Ergo
1744 2674 2084 2731 Marcellinus

488 2763 937 2819 interlocutiones
968 2780 1137 2835 prope
1163 2776 1487 2831 sexcentos,
1530 2776 1587 2821 ut
1612 2783 1799 2821 eorum
1842 2768 2084 2823 ludifica-

486 2860 616 2915 tioni
640 2870 976 2927 occurreret,
994 2863 1345 2932 interponere
1362 2875 1581 2917 mactus
1606 2864 1724 2929 fuit,
1748 2864 1899 2935 prius
1921 2880 2080 2933 quam

485 2951 551 3005 ad
583 2966 697 3006 rem
730 2966 828 3006 eos
855 2955 1169 3009 restitantes
1202 2970 1477 3021 revocare,
1510 2966 1563 3010 et
1590 2956 1655 3011 ad
1686 2972 1905 3011 cau~am
1938 2958 2080 3027 prin-

485 3046 714 3115 cipalem
743 3045 1093 3117 judicandam
1127 3049 1315 3104 venire
1361 3050 1620 3119 pntuerit.
1656 3051 1722 3103 Et
1758 3066 1885 3106 vero
1915 3066 2079 3122 opor-

487 3140 590 3195 tuit
634 3156 740 3195 non
787 3142 965 3197 minus
1018 3144 1233 3208 civilis,
1284 3160 1445 3215 quam
1478 3145 1645 3200 divini
1671 3146 1809 3216 juris
1844 3148 2079 3218 peritum

2187 1941 2329 1991 esse,
2354 1922 2495 1995 qttod
2522 1925 2574 1978 itt
2606 1924 2835 1995 publicis
2857 1924 3162 1979 actionibus
3183 1933 3239 1979 et
3260 1925 3575 1994 corporibus
3597 1934 3787 1979 custo-

2187 2017 2334 2072 ditur
2363 2060 2377 2081 ,
2420 2026 2478 2073 ut
2528 2033 2626 2088 per
2652 2028 2857 2085 certas,
2893 2018 3052 2073 sicuti
3082 2018 3187 2082 ait,
3222 2027 3277 2073 et
3306 2017 3584 2072 ordinatas
3610 2028 3667 2072 et
3701 2016 3798 2072 lir-

2186 2121 2360 2165 matas
2415 2126 2675 2181 personas
2733 2112 2915 2164 omnia
2973 2119 3341 2181 peragantur,
3383 2111 3542 2166 sicuti
3592 2122 3791 2166 noster

2187 2202 2451 2274 Ulpianus
2518 2204 2725 2258 scribit.
2797 2202 3006 2270 Quibus
3070 2205 3391 2273 permissum
3439 2214 3523 2260 est
3580 2218 3795 2274 corpus

2191 2296 2392 2352 habere
2418 2295 2634 2367 collegii
2660 2297 2775 2351 sive
2822 2296 3097 2351 societatis
3143 2298 3396 2359 nomine,
3430 2312 3621 2352 eorum
3661 2314 3800 2368 pro-

2187 2390 2364 2461 prium
2404 2404 2558 2455 esse,
2594 2390 2660 2443 ad
2690 2389 2995 2459 exemplum
3034 2389 3369 2459 Reipublicae
3402 2389 3608 2445 habere
3636 2401 3803 2445 acto—

2188 2498 2299 2537 rem
2327 2484 2439 2537 sive
2468 2474 2751 2553 syndicum
2775 2524 2789 2548 ,
2814 2498 2909 2552 per
2931 2498 3117 2553 quem,
3146 2482 3290 2553 quod
3317 2484 3692 2539 communiter
3709 2485 3800 2556 agi

2187 2576 2413 2647 fierique
2441 2586 2710 2646 oporteat,
2740 2577 2931 2646 agalur
2953 2588 3007 2631 et
3044 2577 3157 2643 fiat,
3193 2577 3229 2632 Ι.
3274 2593 3312 2644 t,
3343 2577 3493 2646 Quod
3517 2578 3800 2649 cujusque

2188 2671 2734 2741 univers.nom.Ergo
2751 2671 2962 2725 tandem
2985 2671 3180 2740 placuit
3196 2670 3361 2744 355
3373 2681 3428 2727 et
3441 2673 3800 2737 convenit,nt

2184 2775 2390 2835 septem
2422 2781 2486 2821 ex
2513 2782 2739 2820 numero
2758 2765 3184 2831 Catholicorum,
3211 2778 3265 2820 et
3289 2765 3510 2821 totidem
3535 2782 3602 2821 ex
3633 2776 3796 2836 parte

2188 2862 2381 2917 Donati
2410 2861 2802 2931 deligereutur,
2827 2861 2920 2930 qui
2942 2876 3056 2915 Suae
3081 2861 3457 2917 universitatis
3484 2863 3714 2917 nomine
3738 2874 3795 2918 et

2186 2956 2441 3011 mandato
2494 2970 2714 3009 causam
2770 2963 3036 3025 agerent,
3070 2965 3126 3010 et
3173 2954 3606 3025 disputationem
3641 2971 3789 3025 pra:-

2186 3057 2436 3104 texerent
2484 3048 2537 3103 in
2588 3048 2688 3103 hac
2718 3048 3043 3104 Cullatione.
3078 3048 3278 3104 Eorum
3332 3060 3512 3104 autem
3570 3061 3791 3119 septem

2186 3148 2441 3217 princeps
2487 3147 2653 3201 veluti
2696 3147 2797 3201 fuit
2841 3147 2965 3201 hinc
2996 3146 3354 3216 Augustinus.
3386 3146 3537 3202 illinc
3568 3145 3794 3200 Petilia-

488 3234 675 3301 fuisse,
700 3243 757 3290 ut
785 3235 871 3291 hic
900 3246 1185 3308 praestaret
1215 3238 1359 3307 quod
1391 3247 1507 3292 erat
1546 3253 1789 3293 necesse.
1820 3222 1951 3292 Nam
1978 3240 2085 3293 Do-
2109 3242 2155 3306 C
2190 3257 2291 3295 nus
2317 3259 2330 3295 :
2362 3252 2418 3295 ut
2445 3250 2499 3297 et
2524 3252 2686 3297 antea
2712 3242 2765 3297 hi
2788 3241 3005 3311 scriptis
3027 3240 3357 3296 adversariis
3385 3240 3686 3296 conflictati
3713 3242 3797 3296 in-

488 3327 704 3382 natista:
756 3343 883 3384 cum
927 3330 1247 3385 simularent
1298 3344 1421 3386 sese
1464 3346 1685 3385 caus;im
1738 3347 1901 3403 agere
1940 3332 2081 3388 velle

487 3431 695 3475 tantum
740 3437 812 3478 ex
844 3423 1015 3479 sacris
1044 3423 1263 3488 litteris,
1296 3424 1455 3479 sicuti
1488 3423 1769 3495 theologos
1806 3425 2036 3480 decebat
2065 3444 2078 3480 :

486 3524 665 3571 tamen
694 3518 1134 3588 praescriptiones
1172 3517 1410 3573 infinitas
1439 3535 1507 3573 ex
1564 3518 1769 3574 forensi
1802 3520 2083 3574 tcchnolo-

484 3609 569 3679 gia
604 3610 942 3678 repetebant,
971 3627 1093 3682 quae
1119 3612 1240 3666 sine
1264 3611 1403 3680 juris
1420 3611 1595 3667 civilis
1639 3613 1951 3683 cognitione
1991 3628 2081 3668 re-

485 3701 597 3757 felli
641 3716 746 3757 non
780 3715 1055 3773 poterant.
1106 3704 1397 3759 Miraretur
1423 3705 1640 3775 aliquis.
1673 3721 1798 3773 eos,
1825 3722 1945 3761 cum
1976 3724 2080 3761 nu-

483 3793 647 3865 dique
673 3796 1065 3866 conquirerent
1088 3812 1277 3853 omues
1300 3797 1390 3870 (ut
1431 3807 1628 3854 vocant
1655 3798 1676 3871 )
1700 3799 2082 3855 declinatorias

484 3888 857 3960 exceptiones,
893 3900 1073 3946 tamen
1103 3906 1211 3946 non
1240 3892 1524 3962 excepisse
1545 3934 1561 3959 ,
1589 3894 1732 3963 quod
1761 3894 2081 3949 Ambrosius

484 3992 640 4036 antea
678 3993 967 4051 exceperat
1009 3982 1075 4037 ad
1113 3982 1475 4039 Valentiniani
1532 3984 1765 4055 junioris
1813 3986 2083 4040 consisto-

487 4076 654 4143 riutn,
681 4078 861 4133 aulica
893 4078 1083 4135 fraude
1108 4078 1335 4134 Iustina:
1380 4090 1663 4143 evocatus,
1694 4088 1751 4133 ut
1789 4080 1841 4134 in
1870 4094 1937 4135 eo
1958 4095 2081 4134 cum

484 4166 704 4224 Arianis
739 4170 1067 4240 disputaret.
1116 4170 1221 4225 Sed
1254 4171 1753 4226 dissimilitudinem
1784 4172 2084 4228 observare

486 4258 646 4316 facile
674 4261 800 4317 licet
830 4280 844 4318 :
872 4272 927 4316 et
982 4263 1280 4317 Donatista:
1326 4264 1428 4319 sibi
1477 4264 1740 4334 gratulari
1771 4264 2080 4331 debebant,

486 4367 609 4407 sese
654 4354 722 4408 ad
775 4354 958 4410 aulam
1008 4355 1235 4411 Honorii
1267 4357 1350 4412 vel
1394 4358 1817 4414 transmarinum
1866 4359 2083 4431 aliquod

487 4444 724 4501 tribunal
752 4487 766 4511 ,
795 4448 955 4503 sicuti
986 4460 1145 4505 antea
1170 4452 1384 4506 evocari
1416 4464 1672 4507 curarant
1702 4453 2080 4524 Carcilianum,

494 4552 636 4592 nunc
668 4554 774 4594 non
806 4541 1042 4597 evocari.
1089 4541 1145 4598 In
1179 4544 1330 4600 Actis
1372 4546 1636 4617 scriptum
1668 4556 1750 4602 est
1782 4547 1922 4603 hanc
1956 4547 2083 4605 Col-

2186 3345 2271 3391 ter
2295 3351 2417 3391 sese
2443 3334 2679 3403 fuerant,
2706 3346 2760 3390 et
2781 3345 2897 3391 erat
2926 3336 2979 3391 in
3005 3352 3103 3391 suo
3131 3336 3361 3407 quisque
3392 3336 3589 3391 ordine
3646 3352 3793 3406 prae-

2185 3431 2571 3485 stantissimus.
2603 3430 2670 3485 Et
2711 3430 3010 3485 Petiliantts
3036 3431 3129 3501 qui
3160 3431 3455 3501 aliquando
3479 3432 3797 3485 causidicus

2187 3523 2401 3591 fuerat,
2428 3525 2634 3595 jactare
2666 3525 2881 3579 solebat
2920 3540 3071 3579 suam
3103 3524 3374 3596 quondam
3406 3525 3709 3595 potentiam
3742 3526 3795 3579 in

2186 3621 2543 3677 advocatione
2608 3621 2857 3687 forensi,
2922 3630 2982 3675 ut
3032 3622 3106 3675 ait
3176 3620 3313 3691 Aug.
3358 3621 3454 3676 lib.
3484 3637 3544 3675 ttt
3601 3630 3793 3676 contra

2187 3713 2345 3769 Petil.
2369 3730 2491 3784 cap.
2522 3715 2609 3769 l7.
2643 3714 2747 3769 Sed
2774 3724 2863 3770 res
2897 3714 3009 3785 ipsa
3031 3714 3271 3769 ostendit
3297 3715 3431 3769 nihil
3460 3715 3609 3769 aliud
3633 3732 3792 3782 quam

2186 3806 2429 3877 ineptum
2483 3807 2727 3862 rabulam
2786 3806 2993 3873 fuisse,
3020 3806 3145 3878 qui,
3186 3822 3343 3877 quam
3384 3806 3438 3861 in
3482 3806 3795 3863 Collatione

2186 3915 2403 3954 causam
2429 3900 2495 3954 de
2520 3900 2756 3954 Ecclesia
2789 3901 3117 3970 impotenter
3140 3909 3343 3970 ageret,
3366 3915 3434 3955 ne
3459 3900 3797 3970 intelligeret

2186 3992 2403 4059 quidem
2434 4011 2446 4045 :
2481 4002 2538 4047 ut
2573 3992 2913 4061 impudentes
2953 4001 3007 4048 et
3032 3992 3235 4062 garruli
3272 3992 3539 4047 causidici
3576 3994 3629 4047 in
3674 3993 3796 4048 foro

2188 4081 2398 4135 educati
2430 4091 2635 4137 temere
2666 4092 2717 4138 et
2744 4082 2993 4154 imperite
3030 4093 3085 4138 et
3113 4082 3341 4139 confuse
3390 4084 3674 4141 balbutire
3709 4102 3797 4141 so-

2188 4175 2303 4230 lent
2327 4175 2392 4229 tle
2419 4176 2700 4248 religione.

2262 4269 2437 4325 Porro
2462 4273 2584 4342 quia
2614 4271 2877 4327 Catholici
2909 4274 2979 4329 ab
3008 4273 3339 4344 imperatore
3370 4275 3641 4345 petierant
3670 4276 3797 4331 Col-

2188 4363 2469 4428 lationem.
2489 4366 2782 4422 Donatista:
2810 4366 3063 4423 volebant
3083 4368 3237 4423 initio
3258 4367 3360 4423 sibi
3385 4368 3475 4423 edi
3496 4377 3554 4423 et
3577 4369 3797 4425 nomina

2190 4458 2493 4530 legatorum
2526 4468 2583 4514 et
2625 4474 2836 4531 preces.
2871 4462 3199 4530 Quaerebam
3241 4464 3409 4530 enim,
3465 4463 3615 4533 quod
3650 4466 3705 4518 in
3734 4481 3799 4520 eo

2196 4570 2413 4626 quoque
2440 4571 2643 4626 genere
2672 4556 3012 4612 arroderent.
3045 4556 3392 4612 Marcellinus
3422 4557 3560 4612 nihil
3600 4558 3707 4615 hoc
3734 4558 3799 4612 ad

489 4632 750 4689 lationem
794 4634 1031 4691 habitam
1083 4652 1209 4693 esse
1258 4638 1312 4693 itt
1364 4639 1674 4696 Secretario
1725 4641 2082 4697 Thermarum
2113 4644 2305 4705 Drem
2357 4648 2636 4719 pertinere
2682 4650 3034 4719 pronuntiat:
3063 4659 3119 4705 et
3148 4650 3485 4721 respondet,
3528 4652 3799 4723 rescripto

488 4728 943 4799 Cargilianarum,
974 4731 1115 4802 quod
1147 4732 1200 4787 in
1233 4734 1367 4789 urbe
1401 4733 1819 4805 Carthaginensi
1872 4735 2090 4792 videtur

490 4824 658 4877 fuisse
689 4824 1018 4879 auditorium
1042 4825 1259 4896 aliquod
1285 4826 1487 4883 nobile.
1526 4827 1829 4899 Cyprianus
1853 4845 1977 4885 reus
2007 4830 2089 4886 di-

490 4914 632 4969 citur
658 4917 723 4970 ad
754 4929 1040 4987 paternum
1068 4918 1455 4975 Proconsulem
1489 4920 1970 4993 Carthaginensem
1993 4924 2089 4980 ad—

491 5003 688 5061 ductus
716 5008 881 5063 fuisse
912 5010 964 5063 itt
988 5010 1258 5079 quoddam
1289 5009 1680 5069 Secretarium.
1715 5015 1783 5070 Et
1806 5015 1857 5069 in
1899 5016 2087 5072 codice

491 5095 954 5153 Constitutionum
997 5116 1144 5171 saepe
1171 5112 1395 5159 vocatur
1427 5104 1788 5163 Secretarium
1818 5108 2085 5179 jttdicnm,

494 5202 549 5247 ut
580 5192 977 5249 Consistorinm
1004 5195 1290 5264 Principis.
1321 5197 1683 5255 Secretarium
1713 5201 1957 5257 Prtetorii
1994 5219 2091 5258 vo-

492 5294 585 5341 cat
628 5291 960 5359 Augustinus
990 5290 1127 5345 libro
1154 5306 1212 5345 ttt
1236 5302 1422 5346 contra
1447 5293 1709 5350 Crescon.
1750 5313 1872 5369 cap.
1907 5299 1993 5355 56.
2027 5300 2084 5356 ln

494 5380 824 5451 Hipponensi
858 5383 1063 5440 Balneo
1100 5385 1259 5440 Sosn.
1284 5386 1384 5441 sub
1413 5390 1697 5457 praesentia
1733 5392 1916 5462 populi
1963 5409 2086 5450 sese

494 5476 793 5532 contulisse
815 5491 940 5532 cum
971 5476 1271 5534 Fortunato
1299 5480 1599 5537 Manichmo
1638 5482 1828 5539 scribit
1862 5486 1913 5540 in
1946 5487 2086 5543 libro

491 5578 681 5625 contra
709 5568 933 5626 Fortun.
971 5572 1027 5627 In
1049 5572 1238 5627 Trullo
1261 5573 1447 5644 palatii
1471 5577 1791 5633 convenisse
1814 5578 2079 5650 synodunt

492 5662 910 5734 Constantinop.
980 5681 1087 5721 non
1143 5678 1226 5722 est
1275 5671 1535 5738 ignotum.
1587 5670 1739 5738 Quod
1787 5670 1913 5726 dico
1948 5714 1962 5737 ,
2014 5690 2082 5729 ne

498 5757 621 5826 quis
658 5758 745 5814 hic
793 5758 1103 5816 oﬂ‘eudatur
1158 5761 1410 5821 Thermis
1451 5764 1768 5836 Gagilianis.
1814 5764 1973 5822 Nunc
2017 5767 2084 5823 ad

491 5856 631 5903 rem.

2194 4740 2529 4809 pragmatico
2552 4756 2740 4809 preces
2763 4742 2926 4797 inseri
2956 4759 3061 4798 non
3093 4744 3292 4798 solere.
3330 4742 3567 4798 Petitam
3601 4745 3673 4798 ab
3702 4745 3803 4799 im-

2192 4842 2448 4901 peratore
2499 4850 2623 4890 esse
2665 4834 3024 4891 Collationem
3076 4852 3184 4891 non
3245 4838 3471 4891 omnino
3519 4838 3801 4893 audebant

2193 4923 2491 4980 Donatista!
2537 4927 2941 4995 reprehendere
2981 4946 2994 4982 :
3044 4929 3168 4999 quia
3196 4938 3252 4984 et
3300 4929 3401 4998 ipsi
3435 4931 3657 5001 priores
3690 4932 3799 4985 ali-

2193 5018 2413 5087 quando
2444 5018 2493 5073 id
2528 5021 2831 5089 petiissent,
2861 5029 2916 5075 et
2966 5036 3184 5076 causam
3223 5020 3504 5077 Cteciliani
3552 5023 3690 5077 olim
3734 5024 3800 5078 ad

2193 5110 2608 5167 Constantinum
2659 5114 2999 5169 retulissent.
3059 5115 3166 5171 Sed
3205 5117 3342 5171 clam
3395 5126 3580 5172 tamen
3612 5119 3799 5173 nescio

2192 5204 2318 5273 qttid
2352 5204 2872 5261 submurmurahaut
2900 5225 2912 5258 :
2948 5206 3110 5261 Nabis
3151 5209 3348 5280 (inquit
3377 5208 3722 5280 Augustinus
3745 5213 3794 5265 ia

2191 5295 2330 5351 libro
2361 5308 2482 5366 post
2509 5294 2732 5371 Collat.)
2755 5298 3005 5353 invidiam
3036 5301 3312 5365 concitant,
3344 5302 3486 5370 quod
3517 5305 3669 5370 apud
3698 5306 3796 5356 ita.

2191 5400 2481 5458 peratorem
2529 5407 2740 5444 causam
2794 5408 3009 5463 agamus
3056 5390 3323 5448 Ecclesiae.
3359 5392 3496 5447 Hinc
3545 5395 3646 5449 illa
3678 5394 3797 5449 Pri.

2188 5485 2351 5538 miani
2390 5483 2678 5539 Donatista:
2724 5486 2974 5540 vox:llli
3005 5496 3207 5558 portant
3254 5487 3537 5541 multorum
3568 5488 3797 5554 impera-

2190 5587 2360 5631 torum
2382 5594 2597 5633 sacras:
2627 5595 2718 5632 nos
2762 5579 2878 5632 sola
2934 5589 3200 5647 portamus
3229 5577 3537 5651 Evangelia.
3574 5582 3697 5636 Dixi
3732 5598 3791 5637 ea

2188 5670 2257 5725 de
2313 5686 2375 5725 te
2410 5670 2685 5741 quidpiam
2720 5672 2771 5725 in
2809 5680 3055 5725 annotat.
3087 5671 3153 5725 ad
3183 5671 3470 5741 Optatum,
3505 5674 3599 5728 ubi
3633 5687 3687 5728 ct
3717 5676 3792 5729 al-

2190 5773 2363 5820 teram
2414 5780 2480 5819 ex
2530 5766 2832 5835 Augustino
2858 5766 3080 5821 recitavi
3124 5765 3609 5834 exprobrationem
3646 5769 3791 5825 Petio

2201 5856 2328 5911 liani
2357 5875 2368 5911 :
2412 5855 2551 5922 Quid
2577 5858 2721 5913 nobis
2744 5868 2860 5912 cum
2893 5852 3099 5927 regibus
3124 5856 3324 5925 seculi,
3354 5870 3484 5927 quos
3512 5872 3787 5929 numquam
