3996 6332
181 286 306 349 1475

1099 281 1420 344 HISTORIA
1458 271 2053 340 CARTHAGINENSIS
2090 270 2560 334 COLLATIONIS.

3309 271 3453 334 1678

178 399 520 461 Christianitati
542 399 642 456 nisi
672 397 873 456 invidos
899 397 1059 455 sensit
1082 397 1107 453 2’
1133 397 1190 454 Si
1219 407 1274 454 ct
1299 396 1513 453 doctior
1546 402 1601 451 et
1632 407 1760 450 acu-
1786 393 1839 457 Α
1863 388 2046 446 omnia
2088 387 2454 444 frustrationis
2483 383 2804 443 diverticula
2827 393 3100 458 captasse,
3129 399 3252 458 qua:
3286 401 3356 443 ne
3377 387 3458 443 fo-

181 495 273 550 tior
298 493 487 550 fuisset
524 492 860 556 Petilianus,
891 491 1130 546 fortasse
1169 489 1436 562 potuisset
1481 489 1531 542 id
1565 488 1634 543 ita
1669 503 1758 541 ur-

1871 483 2047 538 rensis
2078 481 2294 553 quidem
2322 480 2636 537 causidicus
2667 480 2718 538 in
2752 479 2894 535 mala
2930 494 3096 537 causa
3121 479 3460 554 invenisset?

164 575 320 657 igere,
351 596 410 642 ut
445 586 750 657 Augustino
779 584 1060 640 difﬁcilior
1089 583 1284 640 fuisset
1328 583 1640 654 responsio.
1694 581 1761 637 Et
1858 572 2039 630 Etiam
2071 582 2194 644 post
2220 588 2337 628 rem
2361 572 2657 643 judicatam
2687 573 3035 643 exceptiones
3062 571 3454 636 obtendebant.

180 678 293 749 quid
314 678 357 733 si
385 693 449 733 ex
479 677 800 732 Tertulliani
831 674 946 730 Afri
965 675 1251 748 Apologet.
1280 675 1574 745 objecisset
1604 671 1754 737 illud,

181 771 412 829 Ca:sares
431 771 799 828 credidissent
821 769 1064 836 Christo,
1089 768 1135 824 si
1160 776 1217 824 et
1235 767 1530 824 Christiani
1557 767 1764 836 potuis-

181 874 292 922 sent
313 880 434 922 esse
464 863 744 922 Ctesares?
774 863 880 920 Sed
917 863 1212 919 Donatista:
1244 863 1554 918 obtusiores
1596 859 1764 914 fuisse

183 960 438 1025 videntur,
458 973 618 1029 quam
648 966 706 1013 ut
728 955 1004 1032 potuerint
1034 955 1194 1011 valde
1216 969 1457 1026 pungere
1487 966 1765 1024 premere-

182 1068 278 1125 que
298 1049 693 1108 adversarium.
727 1050 931 1106 Saltem
981 1048 1215 1105 fuissent
1265 1049 1445 1102 minus
1493 1045 1676 1110 aulici,
1708 1053 1767 1099 ut

183 1146 511 1206 adversarios
539 1187 556 1213 ,
609 1145 774 1216 siqui
824 1144 984 1199 nimis
1013 1141 1175 1198 aulici
1222 1139 1645 1210 erant,justiori
1673 1153 1768 1194 ex-

183 1240 518 1312 probratione
554 1238 931 1308 castigassent.
977 1234 1157 1290 Fateri
1187 1234 1331 1289 cnim
1374 1232 1641 1304 cogimur,
1670 1246 1768 1300 op-

187 1337 391 1390 tandum
415 1347 539 1388 esse
562 1341 618 1385 ut
635 1329 830 1386 aulicis
854 1329 1092 1399 strophis
1111 1328 1303 1398 religio
1327 1341 1435 1382 non
1460 1325 1770 1380 inVolvatur

184 1445 242 1486 ac
271 1428 559 1500 polluatur,
587 1425 776 1497 quales
797 1423 1023 1479 nimium
1050 1423 1178 1494 ipsis
1207 1422 1506 1476 Donatistis
1532 1418 1768 1475 familia—

184 1539 267 1580 res
304 1522 472 1586 fuere.
532 1521 672 1590 Quid
705 1520 882 1575 dicam
923 1517 1236 1574 Africanam
1282 1516 1606 1581 Ecclesiam,
1649 1528 1770 1585 quae

183 1627 333 1672 antea
353 1615 498 1672 domi
530 1629 644 1670 sua:
675 1612 856 1668 nullos
884 1622 978 1666 aut
1007 1612 1361 1681 imperatores
1391 1619 1485 1664 aut
1515 1624 1668 1679 reges
1691 1606 1770 1661 vi—

185 1709 368 1776 derat,
422 1707 582 1778 paulo
615 1715 737 1776 post
766 1705 1008 1760 sensisse
1032 1703 1161 1774 quid
1190 1703 1262 1758 sit
1286 1703 1423 1758 tales
1475 1702 1676 1758 habere
1715 1701 1769 1755 in

1861 676 1918 724 ct
1947 667 2164 738 quidem
2193 683 2258 722 ex
2286 667 2410 737 jure
2439 666 2586 722 civili
2621 667 2884 738 repetitas
2905 682 3029 723 esse
3052 665 3326 737 ﬁngebant
3352 684 3365 720 :
3397 666 3466 722 dc

1861 761 2061 832 quibus
2088 760 2290 832 aliquid
2325 771 2513 832 postea
2539 759 2739 815 dicam.
2771 760 3013 831 Denique
3050 759 3101 814 in
3135 760 3200 816 iis
3235 776 3355 832 qute
3395 758 3464 815 ad

1864 869 1977 909 rem
2017 854 2376 926 principalem
2413 854 2615 924 alioqui
2667 869 2775 908 non
2820 853 3204 925 pertinebant,
3258 854 3379 924 plus
3413 863 3469 911 et

1867 947 2130 1016 temporis
2161 956 2215 1003 et
2246 947 2536 1003 verborum
2573 955 2951 1017 consumptum
2979 946 3179 1004 frustra
3211 947 3302 1004 hic
3333 947 3468 1014 fuit,

1865 1053 2027 1111 quam
2068 1038 2123 1095 in
2157 1055 2220 1096 ea
2257 1040 2561 1112 quaestione
2599 1036 2669 1094 de
2711 1054 2818 1110 qua
2848 1039 2964 1096 sola
2992 1041 3285 1097 collatores
3306 1054 3470 1112 agere

1868 1131 2162 1189 debebant.

1943 1225 2081 1298 Age,
2112 1240 2255 1282 nunc
2280 1225 2349 1283 de
2369 1241 2535 1283 causa
2563 1227 2847 1299 principali
2874 1229 3066 1284 iterum
3089 1234 3468 1298 cognoscatur,

1872 1329 1930 1377 et
1958 1321 2079 1392 quis
2109 1320 2228 1393 ejus
2255 1331 2428 1378 status
2454 1323 2637 1391 fuerit,
2665 1324 2967 1380 videamus.
3001 1323 3073 1381 Ut
3107 1323 3313 1379 duobus
3344 1338 3471 1378 ver-

1876 1416 1960 1472 bis
1988 1416 2194 1486 dicam,
2227 1416 2458 1489 quaestio
2486 1419 2586 1473 fuit
2629 1419 2700 1476 de
2731 1419 2976 1476 Ecclesia
3003 1437 3016 1474 :
3048 1434 3117 1474 an
3165 1419 3281 1474 hare
3329 1425 3477 1474 esset

1875 1525 2041 1579 penes
2068 1508 2400 1577 Catholicos,
2427 1528 2497 1568 an
2529 1528 2658 1569 vero
2696 1514 3027 1570 Donatistas.
3062 1513 3170 1571 Sed
3200 1523 3349 1568 tanto
3375 1510 3478 1569 dif-

1873 1603 2072 1662 ﬁcilior
2101 1605 2419 1676 dijudicatio
2448 1606 2570 1676 fuit,
2595 1607 2739 1680 quod
2773 1607 3065 1679 utrobique
3095 1623 3264 1679 prope
3287 1607 3478 1664 eadem

1875 1700 2075 1771 alioqui
2100 1709 2323 1756 sonaret
2351 1701 2630 1770 doctrina,
2658 1712 2715 1759 et
2745 1702 2918 1758 forma
2953 1704 3147 1759 similis
3190 1703 3477 1774 conspice-

184 1816 280 1858 suo
308 1801 450 1866 sinu,
483 1799 670 1870 quales
693 1797 883 1853 habuit
912 1796 1226 1852 Vandalos?
1251 1795 1402 1851 Tunc
1437 1796 1618 1866 igitur,
1644 1803 1771 1848 tunc
1799 1786 1847 1846 Β
1876 1803 2027 1850 retur
2052 1811 2066 1848 :
2113 1795 2220 1848 imo
2256 1803 2312 1850 et
2335 1794 2540 1851 etedem
2577 1794 2830 1879 formulae
2857 1796 3198 1865 audirentur,
3237 1796 3395 1852 sicuti
3425 1805 3482 1852 et

185 1893 250 1949 ad
281 1907 466 1949 eorum
497 1889 734 1946 tribunal
763 1889 1020 1956 citata,in
1048 1904 1156 1960 quo
1180 1889 1362 1944 Ariani
1391 1887 1664 1944 antistites
1685 1902 1775 1941 re-

185 1989 419 2062 gnabant
449 2028 465 2052 ,
527 1985 943 2055 subscripsisset
993 1984 1295 2040 Donatistis
1347 1981 1779 2038 cxclamantibus

185 2082 322 2154 apud
366 2079 620 2152 Optatum
650 2120 665 2143 ,
701 2077 840 2145 Quid
867 2079 1127 2150 episcOpis
1175 2093 1292 2131 cum
1324 2075 1579 2130 Palatio?
1622 2073 1780 2129 Nunc

188 2175 420 2231 redirem
465 2171 532 2226 ad
576 2172 981 2226 Donatistarum
1030 2169 1388 2225 Collationem
1433 2167 1778 2238 fugitantium

185 2266 535 2326 circuitiones
566 2276 726 2337 atque
772 2264 1272 2335 tergiversationes.
1301 2261 1409 2318 Sed
1441 2263 1564 2332 quis
1589 2277 1782 2317 omnes

186 2361 496 2436 enumeret?
530 2361 740 2417 Interea
771 2357 944 2414 sedati
987 2356 1185 2428 judicis
1210 2355 1334 2423 fuit,
1367 2353 1627 2426 quidquid
1657 2363 1774 2409 tan-

187 2458 308 2513 dem
342 2456 421 2513 illi
451 2455 718 2522 dicerent,
771 2453 986 2508 tametsi
1033 2452 1231 2524 smpius
1263 2453 1436 2508 otiose
1486 2461 1541 2506 et
1584 2449 1782 2505 fruSIra

187 2551 527 2607 iuculcarent
547 2591 563 2616 ,
593 2548 863 2618 patienter
894 2546 944 2600 id
971 2544 1162 2600 audire
1186 2564 1199 2597 :
1234 2543 1376 2614 quod
1400 2542 1617 2614 quidem
1645 2540 1786 2596 Mar—

189 2642 448 2700 cellinum
483 2638 680 2697 fecisse
713 2641 850 2696 Acta
893 2647 1183 2695 testantur.
1220 2637 1368 2694 Sane
1395 2637 1531 2692 mira
1557 2635 1656 2690 fuit
1695 2635 1786 2691 illa

188 2750 376 2792 eorum
409 2733 724 2789 cavillatio:
755 2733 899 2804 quod
946 2732 1034 2788 ubi
1107 2729 1482 2802 proferebatur
1528 2728 1788 2785 ecclesia-

187 2828 384 2883 Sticum
407 2825 697 2882 concilium
720 2840 845 2881 cum
869 2839 969 2879 suo
991 2823 1080 2900 die
1093 2831 1146 2878 et
1167 2821 1396 2877 consule
1419 2838 1432 2874 :
1458 2829 1678 2891 propter
1694 2819 1790 2874 atl-

183 2919 389 2991 jcrtam
409 2919 552 2972 hanc
567 2916 830 2988 temporis
847 2916 1206 2982 notationem,
1227 2913 1590 2968 causabantur
1602 2912 1786 2967 ﬁctum

189 3030 314 3071 csse
359 3012 672 3069 concilium.
736 3011 969 3076 Rursus,
1027 3026 1150 3066 cum
1201 3007 1417 3078 aliquod
1451 3005 1792 3060 Constantini

188 3105 514 3177 rescriptum
557 3104 624 3159 iis
663 3103 1057 3174 objiciebatur,
1088 3101 1177 3156 cui
1227 3100 1366 3155 forte
1396 3099 1639 3170 adjectus
1682 3114 1786 3154 non

1880 1888 2126 1958 Optatus,
2172 1887 2346 1956 lib.t,
2391 1889 2682 1961 signiﬁcat.
2713 1889 2900 1962 Neque
2942 1901 3147 1948 temere
3173 1901 3297 1958 est,
3336 1889 3482 1962 quod

1880 1981 2214 2053 Augustinus
2234 1984 2286 2038 in
2313 1983 2407 2040 lib.
2430 1983 2497 2039 de
2523 2000 2650 2040 vera
2675 1985 2847 2056 ltelig.
2871 2000 2992 2057 cap.
3015 1987 3070 2052 5,
3097 2003 3205 2042 non
3231 1986 3394 2042 modo
3425 1986 3481 2042 in

1881 2074 2246 2132 scbismaticis
2287 2075 2338 2131 id
2379 2076 2671 2142 observat,
2703 2077 2801 2134 sed
2832 2079 2994 2135 etiam
3052 2079 3105 2134 in
3159 2079 3483 2153 quibusdam

1884 2167 2176 2235 haereticis,
2209 2177 2268 2224 ut
2286 2168 2507 2226 Ariauis
2529 2181 2582 2226 et
2611 2169 2969 2227 Photinianis.
3001 2171 3327 2228 Manichaeos
3355 2187 3487 2228 vero

1884 2271 1940 2317 et
1967 2263 2259 2318 nonnullos
2285 2263 2424 2319 alios
2453 2265 2530 2318 ait
2555 2262 2720 2320 etiam
2756 2267 2861 2321 ritu
2889 2277 3354 2323 sacramentorum
3375 2267 3487 2323 dis-

1887 2369 2045 2423 pares
2093 2370 2214 2412 esse
2256 2356 2520 2421 voluisse,
2572 2367 2632 2414 ut
2655 2359 2836 2414 minus
2863 2361 3170 2416 mirandum
3200 2361 3311 2428 sit,
3343 2361 3488 2433 quod

1886 2448 2005 2517 bos,
2042 2451 2222 2506 minus
2252 2467 2413 2522 quam
2457 2452 2584 2506 illos
2608 2497 2622 2521 ,
2653 2453 2893 2510 Ecclesia
2923 2455 3188 2512 catholica
3222 2455 3364 2512 ferre
3395 2472 3492 2527 po-

1886 2543 2069 2599 tuerit.
2113 2542 2248 2599 Cum
2291 2559 2421 2616 ergo
2462 2545 2757 2601 Donatista:
2808 2561 2969 2616 pares
3020 2561 3142 2603 esse
3174 2547 3492 2604 viderentur

1888 2635 2132 2691 doctrina
2158 2648 2212 2692 et
2238 2636 2452 2705 ritibus,
2476 2636 2752 2693 difficilior
2778 2653 2902 2694 cum
2933 2638 2997 2694 iis
3025 2638 3122 2694 fuit
3145 2640 3213 2695 de
3233 2640 3492 2696 Ecclesia:

1891 2729 2167 2801 agnitione
2191 2729 2423 2801 quaestio
2453 2748 2468 2786 :
2497 2739 2554 2786 et
2595 2730 2716 2786 aliis
2771 2731 2986 2786 indiciis
3015 2729 3116 2786 fuit
3155 2746 3295 2800 Opus
3328 2748 3489 2804 quam

1892 2822 2156 2879 doctrina:
2193 2831 2250 2879 et
2286 2832 2776 2879 sacramentorum.
2823 2823 2892 2879 Et
2932 2838 3066 2879 vero
3104 2824 3148 2879 si
3194 2824 3492 2881 Donatista:

1893 2934 2014 2973 cum
2049 2917 2291 2974 Ecclesia
2334 2918 2598 2975 catholica
2627 2921 3099 2977 communicarent
3124 2926 3231 2976 tam
3259 2921 3314 2978 in
3355 2921 3490 2979 dnc-

1896 3014 2032 3068 trina
2061 3013 2217 3080 ﬁdei,
2246 3028 2408 3085 quam
2457 3014 2508 3068 in
2556 3014 2752 3070 ritibus
2780 3024 2836 3070 et
2865 3016 3226 3086 carremoniis,
3281 3016 3496 3073 tametsi

1896 3122 2016 3162 cum
2049 3106 2298 3177 personis
2329 3122 2434 3163 non
2479 3107 2946 3163 communicarent
2973 3149 2990 3176 ,
3038 3123 3172 3180 quas
3222 3119 3496 3182 tamquam

189 3208 313 3256 erat
353 3213 506 3256 cons.
538 3197 700 3252 index
734 3195 905 3268 ipsius
940 3194 1069 3249 anni
1098 3213 1110 3249 :
1142 3203 1432 3264 propterea
1462 3191 1791 3248 cavillaban-
1816 3185 1862 3249 C
1898 3200 2130 3270 pollutas
2158 3198 2532 3269 refugiebant,
2582 3213 2688 3256 non
2719 3200 2819 3255 nisi
2850 3200 3132 3270 cujusdam
3165 3204 3499 3260 morositatis

191 3305 284 3348 tur
312 3291 506 3347 falsum
534 3299 588 3346 et
617 3288 797 3346 ﬁctum
831 3303 1048 3358 quoque
1077 3301 1221 3342 esse.
1246 3285 1383 3351 Quid
1411 3283 1794 3340 Marcellinus?

191 3388 263 3444 de
291 3384 542 3443 conciliis
572 3384 703 3440 nihil
729 3384 880 3439 dicit.
906 3381 1079 3438 Nimis
1104 3381 1250 3437 enim
1272 3390 1456 3435 notum
1481 3388 1797 3450 certumque

194 3490 337 3548 erat,
370 3478 514 3534 diem
543 3485 598 3534 et
621 3476 903 3532 consulem
931 3475 996 3530 iis
1015 3473 1272 3540 adscribi,
1297 3482 1355 3528 ut
1384 3474 1506 3529 ﬁcta
1540 3489 1645 3528 non
1675 3488 1798 3529 esse

193 3573 588 3645 intelligantur.
629 3571 736 3628 Sed
761 3572 1096 3642 pronuntiat,
1137 3585 1242 3625 non
1274 3584 1475 3624 nocere
1503 3578 1681 3623 tamen
1703 3585 1794 3624 ve-

192 3669 347 3727 ritati
377 3669 556 3740 legum
589 3677 646 3724 et
674 3669 1086 3740 rescriptorum,
1120 3669 1162 3723 si
1196 3665 1396 3723 omissa
1428 3667 1498 3723 sit
1529 3666 1644 3723 haec
1668 3678 1801 3722 tem-

197 3763 351 3834 poris
378 3763 618 3818 notatio:
648 3760 917 3833 Cognitor,
962 3760 1138 3830 inquit
1181 3759 1544 3830 Augustinus,
1590 3760 1804 3814 interlo-

197 3867 351 3911 cutus
377 3865 473 3922 est,
499 3854 895 3910 euidentissimis
921 3854 1116 3926 legibus
1137 3854 1405 3926 deﬁnitum
1432 3869 1540 3908 esse
1561 3853 1804 3926 imperia—

198 3950 276 4005 lia
299 3950 583 4004 constituta
612 3990 628 4014 ,
682 3949 886 4004 etiamsi
929 3948 1166 4003 consules
1213 3965 1317 4004 non
1367 3949 1697 4020 legerentur,
1752 3947 1807 4000 in

198 4043 423 4097 dubiant
451 4059 553 4097 non
576 4042 769 4098 vocari.
795 4041 921 4097 Scio
940 4039 1359 4097 Constantinum
1409 4039 1766 4111 rescripsisse
1786 4079 1805 4108 ,

196 4136 531 4192 auctoritate
559 4150 748 4192 earere
775 4135 1079 4206 personalia
1102 4135 1394 4200 beneﬁcia,
1421 4150 1543 4205 quae
1574 4134 1692 4189 sine
1720 4132 1808 4189 die

197 4240 260 4288 et
293 4230 523 4286 consule
555 4229 978 4301 proferuntur,l.
1009 4244 1062 4284 tv
1113 4227 1176 4283 C.
1207 4228 1275 4284 de
1303 4228 1505 4283 divers.
1539 4227 1808 4298 iiescript.

195 4325 316 4380 Sed
343 4324 528 4378 talium
583 4323 973 4380 beneﬁciorum
1007 4321 1113 4377 alia
1141 4323 1278 4378 ratio
1313 4331 1397 4377 est
1423 4340 1435 4376 :
1467 4329 1524 4377 et
1554 4321 1672 4391 ipse
1720 4321 1812 4378 Ju-

198 4417 500 4483 stiniauus,
531 4415 654 4472 licet
677 4415 780 4472 hoc
816 4416 1141 4486 rescriptum
1185 4414 1238 4469 in
1263 4429 1418 4470 suurn
1449 4413 1705 4469 Codirem
1729 4429 1815 4469 rc-

200 4510 424 4578 tulerit,
479 4519 658 4566 tamen
704 4508 960 4582 praefatus
999 4519 1080 4564 est
1129 4507 1182 4564 id
1238 4507 1344 4563 dici
1391 4523 1498 4563 non
1542 4522 1704 4576 posse
1746 4507 1814 4564 de

1897 3290 2133 3346 schisma
2160 3292 2329 3347 fuisse
2357 3292 2590 3348 videtur.
2624 3293 2732 3348 Sed
2765 3293 2818 3349 in
2856 3307 2952 3350 sua
2980 3292 3197 3351 actione
3219 3294 3298 3351 sic
3319 3296 3498 3352 varia-

1897 3394 2048 3451 runt,
2069 3395 2126 3441 ut
2147 3385 2253 3440 sibi
2285 3386 2417 3456 ipsis
2468 3402 2574 3440 non
2607 3388 3003 3454 consentirent,
3032 3396 3086 3444 et
3115 3387 3171 3444 in
3198 3387 3502 3446 Collatione

1899 3479 2193 3535 miscerent
2213 3479 2584 3535 inconstanter
2604 3481 2849 3552 quaedam
2879 3482 3254 3552 repugnantia.
3283 3482 3503 3555 Alioqui

1901 3573 2139 3630 dicerem
2167 3589 2234 3629 eo
2267 3573 2526 3629 recidisse
2551 3583 2854 3639 certamen,
2879 3585 2934 3630 ut
2975 3575 3118 3646 quod
3154 3576 3206 3629 in
3254 3576 3506 3648 symbolo

1903 3679 2093 3722 omnes
2119 3665 2536 3737 proﬁtebantur,
2585 3666 2884 3722 Ecclesium
2913 3684 3076 3724 unam
3108 3683 3231 3726 esse
3261 3680 3505 3728 sanetam

1903 3772 1958 3817 et
1986 3760 2331 3829 catholicam,
2359 3761 2410 3816 in
2442 3758 2745 3819 Collatione
2775 3762 3188 3834 Carthagiuensi
3220 3765 3368 3820 varie
3392 3765 3504 3835 agi-

1907 3861 2077 3908 latum
2124 3856 2233 3909 sit:
2264 3870 2388 3910 cum
2424 3856 2594 3910 nostri
2625 3866 2883 3928 urgerent
2917 3859 3165 3914 vaticinia
3210 3860 3508 3930 prOpheta-

1906 3964 2050 4017 rum,
2101 3965 2223 4021 qua:
2275 3949 2600 4005 catholicam
2633 3951 2998 4020 promittunt:
3032 3953 3327 4009 Donatista:
3376 3968 3507 4010 vero

1908 4054 2247 4117 opponerent
2273 4043 2544 4112 vaticinia,
2568 4061 2688 4116 qua:
2711 4055 2950 4102 sanctam
2978 4047 3293 4104 describunt
3322 4047 3509 4105 Eccle-

1911 4137 2070 4192 siam.
2104 4136 2299 4192 Fateor
2324 4151 2545 4192 causam
2595 4136 2735 4194 lianc
2776 4137 3039 4195 adversus
3066 4139 3386 4196 Petilianum
3413 4181 3428 4206 ,
3455 4150 3512 4196 et

1914 4229 2200 4286 nervosius
2221 4237 2276 4284 et
2305 4228 2518 4299 planius
2539 4231 2716 4301 egisse
2750 4231 3111 4302 Augustinum
3143 4227 3237 4288 lib.
3267 4232 3334 4288 de
3359 4232 3509 4290 Unit.

1914 4338 2075 4394 quam
2102 4323 2154 4378 in
2189 4323 2303 4392 ipsa
2329 4321 2676 4380 Collatione:
2707 4323 2834 4392 quia
2864 4324 3218 4395 scriptionem
3267 4339 3375 4381 non
3428 4326 3515 4381 iu—

1917 4414 2291 4484 terrumpebat
2315 4413 2696 4480 adversarius,
2737 4416 3117 4472 utorationem
3145 4432 3160 4484 ;
3202 4417 3296 4473 sed
3325 4417 3515 4474 eadem

1919 4521 2137 4578 semper
2175 4521 2336 4562 causa
2381 4505 2503 4562 fuit.
2531 4507 2900 4564 Observemus
2949 4520 3166 4577 autem,
3207 4510 3520 4569 Catholicos

200 4574 732 4662 Constitutionibus:
791 4603 927 4660 Nam
977 4604 1180 4660 nullam
1229 4574 1624 4661 dubitationem
1688 4603 1814 4661 inde
1839 4574 1894 4636 D
1919 4574 2082 4655 aliam
2116 4615 2223 4656 non
2253 4599 2647 4670 admiscuisse,
2678 4617 2801 4673 qua:
2845 4574 3159 4660 institutam
3194 4606 3515 4678 disputatio-

200 4713 501 4770 entergere
543 4697 696 4766 vult,
746 4697 889 4769 quod
930 4696 1176 4768 quaedam
1224 4696 1345 4754 sine
1373 4696 1463 4754 die
1505 4705 1562 4753 et
1589 4696 1817 4754 consule

200 4792 540 4861 composita:
566 4791 836 4862 legantur.
866 4789 1009 4848 Sane
1048 4800 1541 4862 cumqurereretur
1571 4791 1639 4846 de
1681 4806 1817 4862 qua-

201 4887 343 4941 dam
385 4885 613 4954 epistola
643 4883 757 4941 sive
778 4885 1051 4952 cautione,
1081 4882 1368 4956 respondit
1419 4891 1604 4940 uoster
1635 4883 1820 4939 Cervi-

204 4978 344 5033 dius
372 4977 614 5035 Scaevola
641 5019 656 5042 ,
681 4993 787 5034 non
820 4977 943 5034 ideo
967 4977 1169 5033 nullius
1211 4993 1336 5034 esse
1389 4978 1649 5035 momenti
1675 4978 1820 5050 quod

204 5070 344 5127 sine
366 5070 453 5126 die
478 5080 531 5126 et
563 5070 789 5127 consule
815 5071 918 5138 sit,
972 5069 1010 5124 l.
1045 5069 1116 5126 δι
1165 5069 1234 5126 de
1280 5065 1502 5142 Pignor.
1562 5070 1633 5126 Et
1675 5069 1820 5142 quod

208 5164 280 5220 in
313 5162 604 5220 Pandectis
659 5177 765 5218 non
795 5171 1011 5230 exstat,
1061 5160 1333 5219 invenitur
1355 5161 1627 5233 quoddam
1677 5161 1823 5232 frag-

207 5267 473 5315 mentum
511 5272 578 5313 ex
624 5257 778 5312 libris
823 5256 1132 5327 regularum
1157 5256 1329 5311 nostri
1357 5254 1827 5324 Modestini,nihil

211 5366 434 5409 nocere
461 5359 809 5415 testamento,
832 5349 877 5404 si
899 5349 1016 5405 dies
1039 5359 1094 5404 et
1114 5349 1305 5405 consul
1335 5347 1531 5419 adjecti
1567 5365 1674 5405 non
1697 5349 1828 5404 sint.

213 5447 413 5518 Adjic't
438 5456 619 5502 tamen
647 5444 848 5517 saepius
871 5443 1151 5500 solebant:
1174 5443 1302 5499 licet
1328 5442 1416 5499 ubi
1441 5452 1825 5499 testamentum

214 5541 601 5613 aperiebatur,
636 5539 776 5596 diem
808 5547 863 5595 et
883 5538 1183 5605 consulem,
1217 5537 1388 5609 inquit
1423 5547 1609 5593 noster
1652 5536 1834 5608 Ulpia-

217 5651 366 5701 nns,
416 5650 524 5690 non
567 5633 872 5705 patiebatur
899 5632 1110 5687 Praetor
1133 5631 1369 5688 describi
1392 5630 1477 5688 vel
1506 5630 1732 5703 inspici,
1769 5646 1837 5687 ne

219 5729 369 5801 quid
419 5728 538 5785 falsi
583 5729 696 5794 fiat,
730 5726 821 5782 lib.
867 5742 924 5794 tt,
953 5723 1418 5793 Quemadmodum
1454 5734 1835 5781 testamentum

224 5837 397 5895 aper.
449 5819 556 5880 Sed
605 5819 727 5894 quis
773 5817 1054 5880 mirabitur
1101 5816 1411 5874 Donatistas
1452 5818 1506 5875 in
1533 5817 1836 5876 Collatione

1923 4708 2046 4749 nem
2082 4692 2478 4764 perturbasset.

1997 4786 2253 4842 Poterant
2307 4783 2542 4841 fortasse
2589 4785 2891 4844 Donatistis
2924 4787 3116 4848 odiose
3147 4790 3388 4862 objicere
3419 4793 3522 4849 ali-

1923 4877 2050 4949 quid
2067 4877 2229 4951 355
2242 4876 2550 4932 Ariauismi.
2569 4877 2674 4935 Sed
2690 4880 2877 4937 nolunt
2890 4881 3002 4938 alio
3015 4898 3321 4952 excurrere.
3341 4897 3397 4944 et
3411 4904 3525 4945 ma-

1926 4971 2047 5027 lunt
2071 4971 2244 5026 amice
2271 4968 2555 5038 conﬁteri,
2588 4971 2691 5028 sibi
2720 4988 2843 5029 cum
2882 4974 2950 5031 iis
2976 4991 3090 5032 rem
3117 4992 3275 5047 esse,
3319 4995 3428 5038 non
3458 4983 3528 5042 de

1927 5065 2129 5135 capite,
2163 5063 2215 5119 id
2242 5071 2348 5131 est,
2382 5061 2624 5134 Christo,
2655 5065 2755 5123 sed
2785 5067 2855 5124 de
2890 5083 3143 5142 corpore,
3183 5072 3238 5130 id
3275 5085 3380 5142 est,
3423 5077 3528 5134 Ec-

1931 5157 2120 5214 clesia.
2163 5157 2420 5227 Quinimo
2445 5159 2805 5231 quaestionem
2838 5161 2907 5220 de
2936 5165 3310 5237 anabaptismo
3329 5209 3344 5234 ,
3371 5170 3530 5241 cujus

1935 5261 2091 5308 erant
2121 5251 2200 5306 rei
2229 5251 2544 5319 Donatistae,
2577 5253 2666 5310 hic
2693 5257 2859 5312 etiam
2891 5259 3180 5314 omittunt:
3215 5269 3271 5316 et
3300 5275 3423 5316 cum
3462 5263 3530 5321 iis

1936 5353 2102 5417 agunt
2147 5343 2376 5418 perinde
2417 5356 2581 5428 atque
2619 5363 2744 5403 cum
2781 5349 3160 5418 Luciferianis,
3205 5353 3299 5424 qui
3335 5355 3529 5414 eodem

1938 5447 2185 5510 tempore
2218 5435 2273 5492 in
2314 5438 2428 5508 ipsa
2455 5438 2621 5496 etiam
2659 5439 2837 5496 Africa
2875 5453 3158 5513 separatos
3188 5445 3258 5502 ab
3289 5446 3532 5505 Ecclesia

1939 5531 2208 5589 catholica
2234 5545 2364 5588 suos
2393 5541 2567 5590 ctetus
2593 5533 2902 5604 habebant,
2941 5552 3120 5609 neque
3152 5548 3334 5598 tamen
3361 5543 3534 5602 luere-

1939 5627 2050 5695 tici,
2083 5625 2180 5683 sed
2213 5627 2390 5699 potius
2406 5628 2739 5686 schismatici
2762 5640 2950 5686 erant:
2977 5633 3147 5690 multo
3167 5643 3348 5693 tamen
3369 5653 3533 5709 quam

1943 5721 2237 5777 Donatista:
2268 5721 2651 5778 modestiores.
2682 5725 2981 5791 Quamdam
3018 5743 3141 5784 cum
3172 5728 3258 5786 his
3291 5732 3539 5790 collatio-

1939 5832 2064 5875 nem
2107 5803 2819 5892 quodamCarthaginiensis
2861 5834 2986 5877 cum
3036 5822 3336 5884 Donatistis
3369 5823 3540 5886 colla-
