3996 6332
585 272 608 328 1
629 269 726 327 175

2025 255 2390 322 ΑΡΡΕΝΒΙΧ.
3642 283 3733 341 mg

579 386 743 441 tionis
784 380 1062 454 exemplo,
1106 380 1467 451 Hieronymus
1511 378 1795 436 deserlblt.
1844 379 2180 450 Augustinus
2209 394 2254 453 Α
2284 381 2552 453 gustinus,
2586 381 2746 453 epist.
2814 381 2919 446 id,
2987 381 3223 453 graviter
3272 385 3564 456 reprehendit
3608 413 3735 454 eorum

574 489 832 548 utroSque
864 475 1196 545 coniunctim
1231 474 1472 529 damnat.
1507 471 1641 528 Nam
1668 473 1722 528 in
1763 470 1858 530 lib.
1894 469 1964 529 de
1993 477 2180 543 Agone

575 569 868 628 christiano
911 583 1032 641 cap.
1067 567 1137 625 30
1159 611 1172 631 ,
1210 575 1562 639 posteaquam
1605 565 1676 622 de
1705 566 2003 622 Donatistis
2033 567 2179 637 egit:

579 663 692 720 Nec
721 681 828 732 eos,
873 663 1080 733 inquit,
1110 662 1408 731 audiamus,
1441 661 1528 732 qui
1551 660 1788 728 quamvis
1817 659 2071 714 neminem
2097 675 2181 714 re-

573 758 861 822 baptizent,
901 755 1179 828 prwcidere
1221 772 1275 809 se
1318 765 1486 809 tamen
1527 753 1589 809 ab
1621 753 1848 819 unitate,
1891 759 1938 808 et
1965 752 2179 826 Lucife-

571 849 708 906 riani
739 853 842 906 dici
878 863 1032 923 quam
1065 847 1320 906 Catholici
1349 851 1664 905 maluerunt.
1704 846 1858 914 Quod
1892 863 1994 902 non
2030 847 2181 902 reba-

575 947 797 1017 ptizant,
831 957 931 1001 non
956 945 1288 1019 reprobamus
1314 961 1332 1001 :
1363 945 1454 1000 sed
1483 946 1620 1017 quod
1652 945 1804 999 etiam
1833 946 1934 1013 ipsi
1966 943 2180 1015 prwcidi

573 1055 605 1093 a
631 1038 808 1094 radice
845 1037 1114 1094 voluerunt
1134 1083 1148 1104 ,
1177 1039 1292 1111 quis
1331 1056 1436 1094 non
1473 1038 1829 1094 detestandum
1859 1053 1968 1092 esse
1990 1051 2180 1110 coquod

570 1132 726 1186 scut?
767 1130 838 1185 Ili
877 1141 1031 1197 sunt,
1077 1132 1140 1186 de
1174 1133 1354 1198 quibus
1397 1133 1673 1201 Apostolus
1714 1131 1888 1185 dicit:
1920 1123 2179 1186 [labentes

572 1225 790 1292 speciem
819 1223 1044 1294 pietatis,
1077 1224 1315 1280 virtutem
1341 1236 1511 1280 autem
1534 1225 1646 1291 eius
1665 1223 1995 1296 abnegantes.
2032 1221 2180 1277 Hanc

574 1316 656 1371 illi
687 1333 789 1371 non
819 1315 1027 1383 habent,
1067 1317 1188 1387 quia
1215 1317 1421 1390 ργαξεὶδί
1450 1315 1513 1371 ab
1545 1317 1742 1371 unitate
1767 1323 1908 1381 sunt,
1935 1326 2043 1373 etc.
2069 1313 2177 1373 Sed

572 1419 628 1467 et
659 1409 916 1482 Prosper,
953 1413 1232 1481 Augustini
1257 1411 1577 1481 discipulus,
1613 1409 1710 1465 lib.
1745 1421 1784 1467 ιι
1811 1410 1882 1467 de
1909 1407 2172 1467 Promiss.

571 1516 625 1561 et
665 1504 919 1561 Prmdict.
968 1521 1090 1562 cum
1133 1505 1430 1562 Donatistis
1475 1505 1844 1562 Luciferianos
1875 1515 2175 1577 comparat,

571 1607 625 1654 et
675 1610 935 1670 utrosque
993 1601 1113 1667 ait,
1169 1599 1365 1656 Christi
1405 1611 1602 1671 corpus
1633 1642 1647 1665 ,
1709 1598 1760 1655 id
1801 1609 1887 1656 est
1917 1642 1932 1668 ,
1991 1597 2179 1656 Eccle-

570 1696 741 1758 siam,
787 1694 1034 1750 humanis
1085 1694 1372 1750 calumniis
1423 1696 1714 1750 insectatos
1757 1709 1928 1751 esse:
1982 1703 2042 1750 ut
2085 1693 2176 1750 alii

2285 490 2551 543 errorem,
2602 477 2690 546 qui
2739 476 3123 533 existimabant
3163 477 3288 533 nihil
3329 479 3562 552 interesse,
3597 487 3634 542 in
3666 508 3738 561 qua

2284 569 2514 642 quisque
2541 579 2693 642 parte
2721 571 3060 626 Christianus
3089 573 3158 627 sit
3183 615 3196 636 .
3237 573 3321 629 sed
3349 575 3424 631 ubi
3455 573 3582 634 fidem
3604 591 3738 639 teneat.

2285 658 2483 730 Objicit
2511 670 2692 716 autem
2715 704 2729 727 ,
2759 661 2863 718 hoc
2891 661 2985 717 uni
3013 661 3120 718 Deo
3149 677 3446 736 congruere,
3476 679 3523 724 ut
3547 671 3587 724 in
3605 675 3741 732 unitate

2281 755 2511 811 colatur.
2535 753 2729 811 Narrat
2769 757 2957 823 etiam,
2987 754 3078 812 lib.
3115 773 3129 812 l
3159 768 3333 814 eontra
3363 761 3590 830 Parmen.,
3612 765 3745 822 Ticino-

2284 850 2432 904 nium
2466 851 2613 905 illum
2635 893 2648 916 ,
2676 849 2766 922 qui
2801 850 2943 906 inter
2973 850 3273 908 Donatistis
3301 849 3680 914 moderatissimus
3700 861 3746 916 si-

2285 942 2394 996 mul
2421 953 2474 997 et
2506 943 2855 999 doctissimus
2894 954 3031 1012 erat,
3065 945 3288 1015 ingenue
3311 946 3500 1017 quidem
3521 953 3745 1020 agnovisse,

2284 1035 2584 1093 Ecclesiam
2623 1036 2944 1093 catholicam
2982 1045 3094 1093 toto
3133 1037 3263 1093 orbe
3296 1033 3512 1095 dili‘nsam
3542 1045 3746 1099 esse:setl

2282 1139 2509 1199 negasse
2551 1127 2744 1202 (quod
2773 1141 2955 1187 tamen
3003 1137 3126 1187 erat
3160 1135 3498 1204 consequens)
3536 1133 3750 1194 Doiiatistas

2283 1237 2540 1294 peccare,
2573 1226 2662 1296 qui
2692 1225 2766 1280 illi
2799 1240 2908 1282 non
2939 1226 3415 1282 cummanicabant.
3441 1223 3578 1283 Recte
3601 1230 3748 1299 quidem

2282 1316 2418 1372 solet
2465 1316 2669 1372 laudari
2716 1316 2847 1373 illttd
2903 1315 3104 1374 Christi
3157 1328 3413 1390 tamquam
3459 1322 3748 1390 proverbium:

2287 1409 2600 1480 Ubicumque
2631 1412 2788 1481 fuerit
2815 1428 3001 1484 corpus
3033 1412 3138 1466 sive
3175 1413 3410 1477 cadaver,
3443 1412 3534 1466 illic
3564 1429 3752 1485 congrega-

2284 1505 2471 1559 buntur
2510 1515 2555 1560 et
2585 1506 2771 1575 aquila:
2796 1522 2815 1560 :
2851 1516 2907 1560 ut
2937 1505 3328 1577 intelligamus,
3359 1521 3466 1561 cum
3500 1505 3553 1561 de
3577 1507 3754 1578 religione

2283 1598 2559 1668 qumrilur,
2588 1599 2640 1652 in
2666 1598 2940 1654 Christum
2971 1615 3069 1655 nos
3099 1601 3316 1666 intueri,
3347 1601 3407 1655 ad
3430 1615 3617 1672 eumque
3631 1616 3752 1657 accur-

2283 1705 2406 1744 rere
2444 1690 2644 1746 debere
2668 1733 2682 1759 ,
2725 1693 2882 1748 sicuti
2932 1693 3080 1749 corvi
3125 1702 3221 1750 aut
3258 1691 3483 1751 Vultures
3515 1693 3569 1752 ad
3603 1694 3755 1751 cadaver

571 1789 834 1856 lucretici,
887 1788 1146 1845 Ecclesim
1189 1797 1370 1860 caput,
1415 1787 1466 1844 id
1509 1798 1611 1856 est,
1651 1787 1930 1844 Christum
1975 1789 2174 1860 ipsum,
2209 1803 2258 1867 B
2289 1781 2598 1838 convniant.

572 1882 1001 1937 insectabantur.
1032 1881 1274 1950 Denique
1311 1877 1678 1953 Hieronymus
1717 1881 2002 1952 disputans
2039 1895 2172 1936 con-

573 1991 654 2035 tra
686 1977 1078 2044 Luciferianos,
1111 1977 1270 2033 simul
1302 1975 1522 2032 damnat
1557 1977 1893 2042 Donatistas,
1915 1988 2052 2046 quos
2083 1990 2176 2029 vo-

571 2084 660 2130 cat
685 2071 1025 2139 Montenses,
1058 2073 1216 2128 sicuti
1241 2086 1306 2127 eo
1331 2082 1577 2141 tempore
1609 2069 1796 2125 Romte
1818 2067 2174 2136 vocabantur,

569 2179 620 2226 et
651 2167 966 2239 pronuntiat
997 2167 1140 2238 apud
1181 2181 1278 2222 eos
1314 2177 1419 2221 non
1450 2165 1748 2221 Ecclesiam
1790 2162 2032 2230 Christi,
2080 2165 2174 2221 sed

568 2262 892 2319 Antichristi
923 2277 1044 2318 esse
1072 2276 1421 2335 synagogam.
1468 2257 1761 2315 Donatista:
1789 2255 2140 2315 clamitabant
2159 2301 2174 2327 ,

569 2357 867 2414 Ecclesiam
899 2357 1222 2412 catholicam
1257 2353 1341 2429 (ut
1369 2355 1757 2427 loquebantur)
1796 2364 2173 2426 apostatasse,

567 2459 623 2506 et
647 2465 768 2507 cum
813 2451 964 2523 asylo
997 2448 1210 2506 Romuli
1241 2463 1362 2505 eam
1394 2458 1810 2519 compararunt,
1858 2453 1918 2503 ιιι
1948 2448 2023 2503 ait
2065 2451 2180 2503 Au-

570 2544 818 2614 gustinus
848 2543 942 2598 lib.
978 2561 1015 2599 ιι
1043 2553 1228 2600 contra
1255 2544 1442 2599 Cresc.
1469 2555 1590 2612 cap.
1619 2541 1704 2597 l5.
1738 2541 2067 2598 Lucil'eriani
2091 2541 2174 2596 tli-

567 2638 763 2692 cebant
797 2635 865 2692 dc
897 2637 1137 2693 Ecclesia
1169 2635 1369 2692 factum
1407 2651 1528 2690 esse
1555 2637 1816 2706 lupanar,
1858 2643 1916 2689 ιιι
1947 2630 2172 2690 Hieron.

567 2738 756 2785 Contra
785 2730 958 2784 Lucil.
986 2740 1184 2786 narrat.
1218 2729 1590 2802 Utrorumqu'e
1623 2729 1815 2786 similis
1842 2739 1957 2785 erat
1998 2731 2171 2785 ratio:

568 2828 693 2894 quia
717 2825 882 2896 lapsi,
917 2827 1004 2881 vel
1041 2825 1314 2890 h:rretici,
1352 2826 1441 2896 qui
1486 2826 1906 2895 resipiscerent,
1945 2825 2176 2895 recipie-

569 2920 784 2974 bantur.
836 2917 942 2974 Sed
981 2917 1290 2973 schismatis
1325 2917 1528 2987 justam
1578 2919 1985 2973 excusationem
2034 2917 2175 2972 hanc

569 3029 679 3069 non
701 3028 824 3070 esse
846 3012 1110 3068 Catholici
1152 3010 1573 3083 reSponderunt.
1597 3011 1814 3069 Lucifer
1829 3011 2173 3067 Calaritanus

568 3106 622 3160 in
653 3105 898 3162 Sardinia
931 3107 1250 3176 episcopus,
1285 3107 1584 3162 acerrimus
1630 3114 1747 3162 erat
1785 3103 2018 3160 Niczente
2049 3103 2172 3159 fidei

2356 1875 2567 1950 [Audio
2609 1876 2890 1933 Calvinum
2937 1888 3003 1934 eo
3054 1879 3174 1936 loco
3220 1887 3494 1937 annotasse
3534 1879 3748 1952 quicumque

2283 1967 2501 2025 Christo
2541 1969 2821 2026 cohaerent
2861 1985 2984 2028 esse
3021 1983 3176 2029 extra
3217 1973 3506 2029 schismatis
3537 1974 3752 2045 perieulum.

2281 2063 2388 2118 Sed
2422 2073 2479 2119 ut
2515 2063 2677 2135 capiti
2709 2061 3082 2122 cohaereamus
3104 2109 3119 2134 ,
3165 2071 3378 2139 corpori
3417 2065 3576 2124 insitos
3596 2083 3665 2122 nos
3683 2079 3760 2121 esse

2281 2168 2513 2229 oportet.
2541 2157 2726 2230 Neque
2752 2173 2885 2215 sane
2913 2172 3074 2230 caput
3100 2159 3224 2218 sine
3245 2175 3462 2233 corpore
3481 2168 3567 2226 est,
3587 2169 3760 2229 utneque

2281 2265 2478 2320 corpus
2505 2251 2622 2306 sine
2649 2253 2828 2324 capite
2853 2251 2988 2328 est.)
3013 2252 3084 2310 Ει
3106 2270 3236 2311 vero
3256 2254 3488 2311 Christus
3507 2253 3762 2316 eodemloco,

2280 2346 2526 2417 corporis
2561 2361 2777 2418 quoque
2819 2349 2924 2418 sui,
2968 2343 3073 2405 hoc
3127 2359 3234 2417 est,
3281 2349 3519 2407 Ecclesiae
3553 2346 3761 2411 catholica,

2279 2442 2434 2511 cujus
2478 2441 2644 2496 veluti
2689 2442 2853 2498 ductu
2881 2441 2947 2497 ad
2979 2458 3104 2498 eum
3138 2457 3505 2509 accurranius,
3536 2442 3707 2514 gloriam
3733 2445 3766 2493 et

2277 2534 2472 2600 lucem,
2508 2547 2668 2606 quam
2702 2545 3034 2605 spectemus,
3077 2536 3238 2592 nobis
3265 2537 3596 2600 commendat,
3618 2547 3702 2588 cum
3724 2530 3765 2584 de

2277 2641 2376 2684 suo
2420 2643 2560 2684 novo
2608 2643 2775 2701 regno
2803 2673 2817 2698 ,
2872 2641 2927 2687 et
2985 2631 3104 2702 ejus
3148 2633 3427 2703 repentina
3461 2626 3766 2695 admirabilique

2278 2721 2661 2793 propagatione
2687 2722 2918 2794 loquens
2949 2723 3053 2791 ait,
3086 2722 3244 2779 Sicut
3265 2725 3435 2796 fulgur
3458 2721 3610 2778 caitab
3629 2717 3769 2772 Orienti:
3868 2737 3869 2752 ι

2277 2826 2323 2870 et
2368 2830 2585 2890 apparet
2632 2821 2700 2874 ad
2744 2820 3106 2890 Occidentem,
3140 2829 3251 2877 etc.
3292 2817 3428 2892 Ergo
3463 2827 3510 2875 et
3539 2813 3771 2888 Augustinus

2275 2909 2369 2966 lib.
2417 2928 2432 2967 ι
2477 2913 2730 2985 Evangel.
2779 2926 2973 2986 quaest.
3017 2932 3136 2988 Cap.
3176 2913 3281 2973 58:
3311 2914 3541 2982 Orientis,
3577 2911 3720 2981 inquit,
3741 2913 3770 2959 et

2280 3002 2572 3061 Occidentis
2600 3008 2802 3063 nomine
2842 3015 3004 3062 totum
3034 3010 3208 3064 orbem
3245 3009 3401 3064 voluit
3429 3007 3697 3078 signiﬁcare,
3719 3015 3773 3068 ρετ

2275 3117 2423 3171 quem
2477 3102 2656 3172 futura
2696 3113 2809 3158 erat
2855 3103 3106 3159 Ecclesia.
3161 3101 3318 3160 Tunc
3360 3103 3531 3160 addit:
3574 3097 3772 3153 Constituto

566 3201 842 3272 defensor,
872 3213 926 3258 et
952 3203 1020 3258 ab
1048 3201 1369 3270 Athanasio,
1400 3200 1625 3266 llilario,
1662 3201 2011 3272 Hieronymo,
2043 3213 2170 3270 pro-
2202 3205 2248 3273 α
2281 3213 2401 3267 ergo
2427 3197 2731 3251 auctoritate
2760 3195 3007 3253 Ecclesia:
3035 3216 3127 3271 per
3156 3199 3334 3253 orbem
3357 3208 3583 3252 tetrarum
3605 3191 3710 3246 clara
3727 3199 3776 3240 er-

567 3305 750 3366 pterea
779 3292 1032 3351 laudatus
1059 3304 1143 3350 est
1183 3291 1276 3367 (Et
1305 3311 1447 3349 nunc
1477 3295 1723 3365 legimus,
1779 3293 2024 3364 ejusdem
2057 3292 2168 3348 Lu-

563 3389 716 3446 ciferi
751 3389 816 3445 ad
845 3389 1222 3446 Constantium
1245 3390 1376 3459 imp.
1410 3387 1578 3444 libros
1608 3389 1816 3454 editos,
1851 3389 1938 3459 qui
1969 3396 2170 3443 testan-

565 3495 672 3550 tur,
713 3499 870 3556 quam
911 3500 1036 3540 acer
1076 3485 1460 3540 limreticorum
1503 3483 1673 3538 hostis
1719 3490 1867 3538 esset
1903 3481 2166 3552 Lucifer).

568 3578 674 3633 Sed
705 3577 895 3648 injusti
923 3586 1102 3633 tamen
1133 3578 1445 3634 schismatis
1468 3593 1576 3632 non
1601 3577 1780 3631 minus
1799 3591 1958 3647 quam
1987 3575 2168 3630 Dona-

567 3682 673 3733 tus,
705 3677 833 3725 reus
862 3670 996 3736 fuit,
1029 3685 1150 3727 cum
1183 3670 1376 3726 dolens
1408 3669 1624 3725 Arianis
1652 3669 1808 3724 facile
1840 3667 2085 3739 ignosci,
2117 3675 2172 3721 et

565 3765 884 3823 exiStimans
929 3779 1120 3822 eorum
1170 3765 1555 3821 communione
1607 3763 1907 3820 Ecclesiam
1955 3761 2168 3833 pollui,

565 3860 827 3927 secessit,
859 3871 916 3916 et
942 3858 1265 3916 catholicam
1305 3857 1741 3914 communionem
1775 3856 2050 3922 deseruit,
2087 3855 2170 3910 in-

566 3969 670 4025 que
703 3970 797 4009 sua
827 3953 1044 4010 demum
1075 3951 1343 4020 Sardinia,
1380 3962 1436 4008 ut
1469 3954 1704 4008 Donatus
1739 3950 1792 4006 in
1827 3951 2030 4015 Africa,
2066 3950 2171 4008 hoc

565 4058 670 4115 est,
699 4048 755 4102 in
786 4061 886 4103 suo
906 4055 1071 4114 ctetu,
1100 4047 1402 4103 Ecclesiam
1432 4058 1718 4113 superesse
1749 4041 1905 4098 dixit.
1938 4044 2028 4098 Sic
2055 4041 2166 4098 Lu-

563 4143 806 4198 cileriani
837 4141 903 4195 ad
939 4142 1248 4195 Donatistae
1289 4151 1607 4205 accessere,
1640 4147 1694 4193 et
1731 4147 1790 4192 ut
1827 4138 2051 4208 prepins
2080 4150 2172 4192 ac-

563 4233 841 4296 cederent,
871 4235 925 4288 in
960 4231 1191 4286 Africam
1225 4231 1577 4301 trajecerant.
1613 4225 1722 4286 Sed
1762 4231 1892 4285 mihi
1930 4231 2076 4286 venit
2112 4231 2166 4286 in

568 4333 803 4378 mentem
833 4324 974 4395 quod
1013 4322 1334 4380 Ambrosius
1358 4332 1541 4378 narrat
1571 4323 1624 4377 in
1656 4317 1903 4378 oratione
1929 4322 1996 4380 de
2018 4324 2166 4381 obitu

565 4417 748 4472 fratris
787 4419 868 4473 sui
897 4419 1094 4490 Satyri.
1136 4418 1346 4474 Laudat
1381 4417 1600 4475 fratrem
1638 4419 1790 4476 illum
1840 4438 2033 4488 suum,
2076 4421 2168 4492 qui

563 4519 684 4565 cum
717 4511 771 4565 in
813 4512 1047 4568 Africam
1094 4511 1231 4568 forte
1269 4511 1604 4584 trajecisset,
1650 4511 1740 4572 ubi
1773 4525 1889 4572 erat
1922 4515 2167 4574 Ecclesia

2274 3307 2372 3361 quc
2397 3288 2670 3362 manifesta
2697 3301 3064 3363 consequenter
3084 3291 3371 3363 discipulos
3397 3289 3601 3344 Christus
3618 3284 3775 3338 admonet

2274 3394 2426 3455 atque
2440 3402 2613 3440 omnes
2645 3385 2925 3456 ﬁdeles,ne
2955 3384 3296 3440 schisntaticis
3327 3383 3542 3448 credant,
3567 3379 3634 3451 qui
3652 3373 3778 3430 occulit

2273 3487 2585 3552 congregant
2643 3489 2905 3552 tamquam
2962 3482 3015 3536 in
3089 3479 3436 3550 penetralibus
3481 3487 3523 3532 et
3581 3467 3778 3544 pascaris

2273 3574 2488 3640 deserto,
2520 3582 2626 3628 etc.

2346 3665 2417 3723 Ut
2443 3668 2659 3722 redeam
2687 3666 2750 3721 ad
2777 3675 2927 3737 gesta
2948 3665 3270 3724 Collationis
3293 3685 3305 3721 :
3336 3665 3466 3722 nihil
3490 3663 3588 3735 jam
3606 3667 3671 3716 est
3689 3648 3779 3726 (ιιιοᾶ

2277 3762 2447 3834 magis
2477 3765 2768 3818 observare
2799 3761 3066 3834 imprimis
3097 3771 3387 3834 oporteat,
3415 3778 3563 3834 quam
3588 3753 3698 3828 quod
3713 3750 3782 3806 Au-

2274 3858 2523 3928 gustinus
2562 3856 2616 3912 in
2649 3857 2738 3914 lib.
2786 3857 2852 3913 de
2884 3855 3031 3915 Unit.
3065 3869 3256 3914 contra
3297 3858 3601 3914 Petilianum
3626 3846 3780 3904 scribit:

2279 3951 2438 4016 Quia,
2468 3951 2661 4022 inquit,
2693 3968 2808 4005 cum
2843 3951 3372 4024 Donatistis'quarstio
3399 3951 3534 4007 nobis
3560 3958 3635 4013 est,
3657 3959 3730 3998 non
3748 3937 3786 3991 de

2275 4045 2466 4113 capite,
2497 4047 2588 4100 sed
2627 4045 2690 4102 de
2731 4063 2982 4118 corpore:
3013 4049 3067 4102 id
3096 4059 3191 4115 est,
3223 4066 3329 4104 non
3367 4045 3430 4103 de
3464 4049 3563 4117 ipso
3597 4039 3786 4098 Saluium

2273 4133 2401 4191 Jesu
2429 4135 2655 4206 Christo,
2702 4140 2792 4194 sed
2823 4140 2886 4195 de
2929 4141 3039 4210 ejus
3077 4139 3320 4196 Ecclesia
3355 4158 3372 4196 :
3413 4141 3568 4214 ipsum
3596 4141 3729 4204 caput,
3751 4124 3787 4178 δέ

2273 4246 2372 4301 quo
2399 4232 2760 4300 consentimus,
2806 4235 3026 4288 ostendit
3065 4236 3211 4289 nobis
3249 4251 3439 4307 corpus
3476 4245 3625 4295 suum,
3657 4224 3703 4276 de
3724 4230 3786 4307 ti“?

2274 4324 2627 4380 dissentimus.
2670 4325 2860 4382 Recte.
2914 4323 3020 4383 Sed
3059 4328 3103 4382 si
3138 4329 3239 4396 illi,
3287 4305 3353 4383 ιιι.
3388 4342 3502 4392 nos,
3548 4328 3678 4393 caput
3701 4305 3786 4369 illud

2274 4429 2550 4476 ostentent
2592 4421 2726 4476 :ubi
2783 4421 2962 4493 potius
3011 4437 3209 4494 corpus
3273 4438 3396 4480 esse
3447 4403 3787 4478 existimabunt?

2273 4511 2606 4584 Augustinus
2633 4525 2820 4570 monet
2841 4558 2854 4581 ,
2887 4516 3081 4586 capitis
3117 4515 3333 4584 verbis,
3365 4516 3470 4572 hoc
3498 4522 3575 4570 est
3593 4501 3790 4565 sacrisiil—

561 4601 901 4661 Luciferiana
922 4649 936 4674 ,
969 4607 1142 4663 noluit
1170 4619 1291 4663 cum
1325 4621 1386 4662 ea
1418 4609 1856 4677 communicare,
1886 4627 2008 4682 quae
2039 4627 2162 4666 cum
2196 4616 2248 4676 D
2275 4610 2404 4665 teris
2433 4609 2483 4664 id
2505 4612 2636 4665 satis
2665 4608 2918 4665 indicari.
2946 4607 3197 4679 Quibus?
3227 4609 3360 4678 Quae
3386 4605 3650 4665 Ecclesiam
3669 4605 3789 4654 ostet‘r

559 4699 825 4756 catholica
866 4715 974 4755 non
999 4702 1473 4756 communicabat:
1513 4702 1757 4768 Quamvis
1797 4704 1954 4768 enim,
1988 4705 2168 4775 inquit

558 4793 901 4861 Ambrosius,
927 4791 1136 4862 Lucifer
1180 4811 1273 4866 pro
1319 4792 1422 4863 ﬁde
1463 4795 1763 4863 cxsulasset,
1808 4806 1855 4850 et
1893 4795 2022 4866 ﬁdei
2058 4815 2169 4854 sua:

559 4885 847 4956 reliquisset
875 4888 1100 4941 hteredes
1122 4929 1135 4952 ,
1165 4893 1335 4940 tamen
1364 4903 1465 4939 non
1502 4896 1573 4941 est
1601 4887 1730 4956 [idea
1758 4888 1811 4941 in
1847 4888 2126 4942 schismate
2147 4905 2168 4944 :

559 4985 607 5032 et
633 4978 750 5032 licet
781 4978 934 5047 ﬁdem
960 4993 1080 5051 erga
1112 4977 1280 5035 Deum
1307 4989 1528 5047 teneret,
1567 4991 1734 5035 tamen
1771 4997 1892 5053 erga
1925 4981 2022 5036 Dei
2054 4979 2163 5036 Ec-

556 5072 767 5127 clesiam
797 5085 897 5126 non
920 5075 1134 5137 tenebat,
1165 5077 1315 5148 cujus
1344 5074 1629 5142 patiebatur
1652 5077 1788 5130 velut
1811 5086 1955 5131 artus
1977 5077 2158 5146 dividi,

555 5174 608 5218 et
651 5159 880 5218 membra
922 5163 1162 5217 lacerari.
1208 5163 1415 5217 Etenim
1460 5181 1573 5218 cum
1619 5176 1827 5238 prapter
1876 5163 2161 5224 Ecclesiam

559 5254 798 5310 Christus
824 5269 1009 5329 passus
1043 5256 1131 5322 sit,
1172 5266 1218 5310 et
1247 5253 1437 5311 Christi
1465 5273 1650 5327 corpus
1684 5255 1914 5316 Ecclesia
1944 5263 2031 5330 sit,
2060 5281 2162 5319 non

556 5348 757 5403 videtur
783 5349 846 5404 ab
879 5350 959 5404 his
985 5349 1209 5404 exhiberi
1236 5343 1440 5404 Christo
1464 5347 1648 5417 βάθρα
1684 5351 1867 5420 quibus
1889 5359 2162 5412 evacuatur

557 5445 671 5516 ejus
700 5444 890 5511 passio,
920 5455 1208 5514 corpusque
1233 5443 1558 5498 distrahitur.
1584 5442 1717 5500 Haec
1745 5443 2086 5507 Ambrosius.

632 5537 756 5591 Feci
785 5545 892 5591 nun
918 5535 1139 5605 invitus,
1173 5547 1231 5592 ut
1263 5538 1438 5594 obiter
1461 5535 1528 5594 de
1555 5537 1918 5596 Luciferianis
1955 5541 2158 5613 aliquid

557 5629 947 5684 intersererem
967 5671 980 5695 ,
1011 5623 1153 5699 quod
1179 5640 1234 5685 et
1263 5623 1667 5686 Donatistarum
1691 5631 2061 5690 conditionem
2095 5638 2160 5692 il-

561 5725 773 5778 lnstret.
814 5721 946 5777 Nam
987 5727 1043 5777 et
1081 5723 1170 5778 ubi
1217 5723 1340 5780 illos
1375 5723 1622 5781 damnari
1662 5725 1934 5792 audimus,
1991 5729 2159 5783 multo

566 5816 735 5886 magis
755 5813 864 5873 hos
901 5813 1242 5873 damnandos
1279 5827 1400 5875 esse
1441 5817 1810 5891 intelligimus.
1865 5819 2007 5877 Sane
2039 5822 2161 5896 ,Au-

2274 4703 2408 4758 dunt
2446 4720 2566 4760 esse
2611 4701 2955 4760 catholicam.
2999 4699 3104 4761 Ubi
3157 4723 3282 4762 cum
3327 4705 3396 4762 iis
3425 4700 3792 4762 limreticis,cum

2272 4797 2470 4866 quibus
2514 4798 2582 4853 de
2633 4799 2832 4868 capite,
2879 4799 2932 4854 id
2981 4809 3084 4862 est,
3135 4795 3202 4854 de
3245 4799 3494 4862 Christo,
3531 4795 3683 4865 ejusve
3719 4782 3791 4837 site

2273 4890 2506 4945 essentia
2536 4899 2589 4945 et
2617 4902 2844 4958 natura,
2876 4892 2992 4947 sive
3023 4889 3204 4949 officio
3235 4902 3334 4950 aut
3355 4889 3634 4952 beneficio,
3659 4875 3792 4948 ὶωιπῖο

2272 4984 2374 5038 mis
2402 4985 2630 5055 quaestio
2661 4993 2815 5050 erat,
2848 4994 2904 5041 et
2946 4983 3147 5042 deinde
3176 4983 3244 5041 de
3277 5002 3542 5049 corpore,
3572 4979 3614 5035 id
3639 4983 3724 5035 est.
3749 4965 3793 5020 άθ

2267 5075 2536 5146 Ecclesia,
2565 5088 2623 5135 ut
2652 5096 2772 5135 cum
2805 5079 3028 5136 Arianis
3058 5099 3070 5135 :
3099 5080 3374 5137 Catholici
3403 5078 3686 5150 simpliciter
3709 5080 3794 5122 c00-

2270 5171 2588 5240 tendebant,
2631 5174 2700 5227 ad
2745 5171 3173 5242 dignoscendum
3217 5189 3441 5245 corpus,
3483 5158 3790 5252 insPi‘imduf'!

2270 5279 2393 5319 esse
2419 5275 2584 5334 coput
2604 5307 2619 5332 ,
2651 5274 2706 5320 et
2729 5264 2797 5321 de
2824 5265 3000 5336 capite
3034 5244 3384 5337 potissimum
3412 5260 3639 5336 agebant.
3662 5257 3714 5309 At
3736 5244 3792 5302 ulli

2267 5373 2392 5412 cum
2424 5356 2724 5413 Donatistis
2753 5374 2842 5414 res
2875 5368 2993 5415 erat
3021 5402 3034 5426 ,
3070 5358 3165 5430 qui
3203 5359 3271 5415 de
3304 5360 3401 5414 illo
3440 5357 3602 5428 capite
3629 5357 3792 5406 consen-

2269 5450 2476 5506 tiebant
2502 5468 2514 5503 :
2547 5450 2677 5517 alio,
2709 5459 2768 5506 ut
2807 5466 3032 5508 necesse
3059 5451 3178 5518 fuit,
3205 5463 3525 5523 argumento
3551 5454 3729 5515 corpus.
3749 5431 3792 5487 de

2268 5561 2376 5614 quo
2409 5545 2525 5600 solo
2559 5544 2931 5601 controversia
2957 5547 3110 5614 erat,
3144 5561 3313 5618 penes
3343 5563 3404 5601 sc
3431 5559 3546 5601 esse
3571 5526 3791 5595 contende-

2268 5645 2415 5691 runt.
2451 5633 2698 5693 Difﬁcilis
2737 5633 2788 5693 in
2825 5641 2974 5695 tanta
3003 5641 3202 5710 alioqui
3230 5635 3580 5695 similitudine
3619 5624 3793 5688 iuilbi‘c

2267 5729 2605 5800 dijudicatio.
2650 5727 2757 5787 Sed
2799 5731 3052 5790 suflicere
3078 5733 3187 5790 visa
3234 5742 3320 5789 est
3359 5733 3448 5789 illa
3473 5775 3488 5799 ,
3523 5742 3660 5802 quam
3687 5715 3788 5776 άῐιῖο

2269 5824 2544 5884 iudicatio.
2591 5821 2737 5898 Ergo
2774 5827 2874 5885 elsi
2925 5821 3217 5887 Donatista:
3257 5843 3387 5886 cunt
3429 5827 3592 5900 capite
3627 5819 3789 5878 fartam
