3748 6310
847 306 1174 372 HISTORIA
1209 300 1814 373 CARTllAGiNENSlS
1850 313 2324 377 COLLATIONIS.

3099 321 3126 378 1
3147 322 3241 380 1⁷8

16 432 278 485 narunt
303 427 534 499 alicujus
553 430 824 502 corporis,
855 430 959 485 hoc
980 436 1088 497 est,
1112 438 1225 486 suae
1253 431 1533 487 societatis
1560 426 1615 496 Α
1638 431 1851 504 pothesl
1895 433 2167 493 dissensio
2213 445 2367 504 erat;
2398 440 2454 493 et
2498 446 2621 493 cum
2662 436 2876 509 uirique
2906 442 3034 495 snas
3079 436 3246 495 veluti

15 518 439 589 inspirationis
465 522 852 593 speciosiorem
883 524 998 580 sive
1031 523 1221 581 faciem
1249 526 1362 581 sive
1392 525 1538 582 colo-

15 646 26 673 .
69 608 212 667 hoc
242 623 350 680 est,
392 613 530 670 ritus
559 626 613 672 et
640 622 822 672 mores
850 617 1031 673 minus
1056 618 1325 675 vitiosus:
1360 624 1541 675 tamen

15 704 221 761 caluit
260 704 429 764 altera
465 704 868 767 Cathollcorum
907 712 1190 782 probatio,
1228 726 1332 784 qua
1374 724 1543 784 penes

15 791 89 849 1h
101 797 248 853 risti
274 812 496 870 corpus;
527 800 578 856 id
606 810 710 868 est,
737 803 1056 871 Ecclesiatu,
1077 818 1200 861 esse
1223 806 1537 862 evicerunt:

16 889 179 943 ,mul
205 893 353 962 apud
386 892 691 949 Donatistas
721 906 825 950 non
848 908 971 951 esse
998 897 1376 953 ostenderunt.
1407 898 1541 956 Nam

15 994 114 1037 sse
155 984 388 1038 unicam
411 995 645 1040 constat.
675 984 900 1043 Frustra
922 996 1104 1044 autem
1130 988 1198 1045 de
1219 990 1395 1061 capite
1423 982 1543 1064 glo-

15 1083 121 1132 tur
148 1104 170 1142 δ
214 1079 313 1150 qui
338 1078 407 1136 de
433 1090 663 1151 corpore
688 1096 795 1138 non
826 1088 974 1138 sunt.
1023 1083 1157 1139 Nam
1189 1083 1279 1140 ubi
1309 1085 1541 1142 aitet-itm

30 1178 139 1225 est
166 1213 187 1240 ,
227 1180 480 1230 neutrum
502 1183 586 1231 est
606 1216 621 1242 ,
673 1188 795 1230 eum
826 1185 882 1233 et
913 1180 1058 1232 totus
1083 1177 1334 1236 Christus
1383 1188 1544 1251 caput

16 1280 215 1337 trptts
238 1268 332 1336 sit,
357 1278 418 1325 ut
434 1270 509 1324 ait
532 1269 885 1342 Angustinus.
908 1270 1074 1346 356
1096 1272 1231 1330 Hinc
1255 1276 1542 1344 protritum

15 1363 27 1418 l
76 1363 358 1435 ejusdem
402 1372 592 1421 contra
637 1364 991 1423 Donatistas:
1044 1367 1211 1423 Extra
1254 1364 1544 1426 Ecclesium

38 1466 132 1513 est
176 1460 353 1514 satas.
388 1458 529 1516 Sane
560 1460 756 1516 Paulus
790 1459 1091 1519 Ecclesiam
1125 1456 1361 1534 appellat
1387 1460 1545 1519 Chri-

15 1567 69 1606 n.
104 1548 377 1623 Cumque
403 1551 609 1608 Jeltova
642 1553 716 1609 sit
753 1556 1030 1625 proprium
1062 1564 1261 1611 nomen
1291 1550 1385 1613 Dei
1409 1600 1422 1621 ,
1460 1556 1545 1614 ta-

15 1656 31 1699 ι
68 1645 263 1701 etiam
296 1644 610 1701 attribuitur
635 1660 741 1701 non
773 1646 936 1703 modo
964 1646 1118 1702 altari
1148 1646 1543 1722 Hierosolymi-

15 1752 52 1805 ι,
92 1739 209 1793 sed
236 1748 293 1793 ct
322 1746 482 1795 novae
504 1738 861 1807 Hierusalem,
886 1739 939 1794 id
962 1749 1065 1808 cst,
1097 1728 1385 1798 Ecclesiae.
1414 1740 1543 1801 Hz‘cc

1645 523 1825 582 theses
1867 542 1932 583 ex
1963 531 2134 587 sacris
2174 531 2367 587 litteris
2398 540 2741 602 repeterent,
2790 533 3012 588 minime
3045 538 3245 589 conve-

1644 616 1864 673 ni’ebant
1904 620 1954 674 in
1986 620 2115 689 line,
2145 632 2268 689 usu,
2300 616 2765 693 interpretatione.
2804 622 3069 681 catholici
3095 623 3241 680 enim

1640 722 1765 766 cum
1797 720 1951 767 suam
1993 714 2289 771 Ecclesiam
2318 730 2441 773 esse
2469 716 2817 787 catholicam,
2864 714 2968 774 hoc
2995 726 3098 785 est,
3131 727 3247 774 toto

1642 801 1777 859 orbe
1797 802 2292 877 diil‘usam,liquere
2320 816 2423 863 nun
2451 808 2784 878 dubitarent,
2810 808 2947 867 satis
2972 822 3244 880 superque

1645 906 1768 951 esse
1802 902 2079 963 statuunt,
2131 898 2176 953 si
2222 899 2454 969 probent
2483 902 2651 957 sacris
2683 901 2879 958 litteris
2918 902 3242 959 catholicam

1642 990 2035 1046 commendari.
2069 990 2367 1047 Ordiuntur
2394 1004 2574 1051 autem
2603 1008 2632 1050 a
2659 993 2875 1053 Veteris
2914 994 3247 1053 Testamenti

1644 1072 1819 1140 libris.
1850 1083 1967 1140 Non
1990 1086 2135 1140 enim
2167 1072 2269 1141 ltos
2293 1084 2654 1174 repudiabant
2682 1086 3011 1154 Donatistae,
3048 1096 3109 1143 ut
3134 1088 3247 1144 Ma-

1650 1174 1863 1232 nichad.
1911 1177 1978 1233 Et
2007 1184 2064 1234 ut
2104 1192 2133 1233 a
2174 1178 2444 1250 principio
2485 1193 2572 1235 res
2621 1184 2921 1251 repetatur,
2962 1182 3250 1253 promissio

1644 1268 1784 1323 facta
1826 1259 2059 1326 Abrahae
2094 1271 2364 1343 imprimis
2402 1272 2727 1343 propellitur
2770 1273 2935 1345 (nam
2974 1282 3031 1329 et
3058 1282 3123 1330 ex
3155 1274 3250 1331 illo

1648 1363 1852 1421 fmdere
1877 1365 2141 1438 dependet
2181 1364 2435 1439 quicquid
2466 1365 2663 1424 deinde
2694 1369 2746 1424 in
2777 1368 3031 1426 universa
3058 1364 3249 1427 Eccle-

1644 1455 1729 1510 sia
1776 1456 2156 1531 admirantur).
2203 1458 2413 1517 Deinde
2447 1460 2703 1517 vaticinia
2750 1457 3147 1533 Prophetarum
3185 1452 3256 1519 de

1646 1549 1938 1607 venaticus
1962 1553 2225 1623 gentium,
2262 1554 2384 1625 qua:
2409 1553 2633 1611 Christo
2668 1550 2911 1611 exhibito
2938 1554 3118 1611 futura
3147 1556 3256 1622 est,

1646 1646 2015 1701 accumulant.
2044 1643 2182 1702 Nam
2214 1652 2268 1703 et
2293 1662 2353 1705 ea
2385 1649 2717 1706 conveniunt
2741 1658 2863 1707 cum
2893 1649 3261 1722 promissiOne

1646 1733 1787 1791 facta
1819 1732 2075 1792 Abrahae.

15 1844 96 1887 :m
130 1833 326 1888 obiter
350 1832 496 1898 dico,
525 1836 584 1887 ut
620 1834 790 1906 magis
819 1833 1212 1905 intelligamus,
1241 1840 1441 1907 quanta
1472 1836 1541 1894 de
1570 1842 1622 1908 B
1720 1829 1819 1886 Est
1844 1838 2026 1887 autem
2057 1830 2348 1905 diligenter
2375 1832 2798 1901 bitscﬂaudtlltl;
2830 1831 2975 1907 quod
2997 1835 3260 1905 Augusti-

15 1934 337 1996 quacratur,
374 1932 496 1980 cum
534 1924 601 1981 de
629 1925 872 1982 Ecclesia
901 1928 1165 1999 quaeritur
1193 1932 1248 1985 et
1276 1934 1401 1985 cum
1443 1926 1550 1985 Do-

15 2016 145 2073 istis
182 2017 272 2089 agi
302 2016 371 2074 de
412 2032 472 2074 re
504 2033 697 2091 magna
724 2018 1074 2094 omniumque
1099 2022 1237 2079 adeo
1272 2022 1547 2095 maxima,

15 2110 367 2167 minerimus;

16 2206 370 2277 ’ostcaquam
390 2216 569 2263 autem
584 2203 697 2275 iam
729 2206 1082 2280 intelligimus
1105 2211 1166 2267 τὸ
1195 2212 1545 2286 κρινούμενοιο,

15 2304 243 2355 eramus
269 2300 329 2356 eo
357 2304 631 2379 κριτήριον·
666 2304 880 2358 tametsi
912 2314 966 2359 et
994 2302 1095 2359 hoc
1120 2302 1234 2375 jam
1270 2302 1551 2374 judiCave-

16 2408 129 2462 ius,
177 2394 316 2450 illud
356 2395 484 2451 nolo
522 2396 805 2467 prmterire
849 2392 993 2473 quod
1029 2393 1454 2470 Chrysoslolnus
1490 2399 1548 2453 in

15 2486 115 2542 nil.
154 2487 233 2542 49
272 2487 327 2542 in
357 2502 481 2543 xxiv
507 2502 625 2559 cap.
662 2487 877 2555 Matth.,
927 2486 1126 2543 fatetur
1166 2504 1263 2544 suo
1303 2484 1551 2560 tempore

15 2594 91 2635 tse
118 2578 512 2636 diilicilllmum
548 2590 881 2652 cognoscere
916 2586 971 2637 et
1008 2579 1221 2637 discere
1254 2590 1309 2636 et
1343 2580 1552 2637 discer-

17 2691 50 2730 e
72 2674 393 2731 Ecclesiam
416 2676 467 2730 in
492 2682 637 2731 tanta
656 2674 979 2731 confusione
1000 2670 1395 2740 similitudinis,
1419 2688 1546 2730 cum

15 2769 173 2825 retici
201 2774 545 2825 ostentarent
566 2782 685 2842 quze
706 2765 975 2824 Catholici
1002 2766 1386 2823 ostendebant.
1413 2766 1551 2823 Uni-

15 2878 42 2916 n
91 2877 236 2918 vero
285 2862 553 2934 reliquum
607 2861 773 2917 fuisse
818 2858 1077 2916 indicium
1119 2873 1185 2916 ex
1229 2859 1551 2931 Scripturis.

15 2955 30 3011 l
61 2956 353 3027 quomodo
372 2956 398 3010 ἲ
426 2952 759 3027 Augustinus
788 2955 841 3010 id
862 2953 1114 3025 explicat.

16 3049 308 3105 )onatistze
339 3048 393 3104 in
424 3048 729 3104 Collatione
759 3048 1045 3118 rogabant,
1082 3042 1274 3119 quibus
1301 3048 1556 3105 testimo~

15 3161 64 3212 ς,
93 3142 306 3201 dirinis
332 3158 403 3199 an
434 3142 684 3199 humanis
711 3146 997 3215 ageretur,
1030 3150 1214 3213 etquo
1239 3134 1446 3213 judicio
1479 3141 1551 3198 lis

1656 1930 1761 1978 nus
1783 1925 2023 1995 graviter;
2050 1925 2366 1983 observavit
2394 1937 2449 1983 et
2478 1927 2730 1999 religiose
2770 1936 2961 1984 monet
2996 1928 3263 1985 concione

1652 2018 1898 2074 secunda
1927 2018 1982 2074 in
2005 2020 2199 2089 psalm.
2243 2026 2398 2087 xxx;
2429 2028 2659 2092 nempe,
2698 2022 2992 2093 prophetas
3026 2020 3270 2092 apertius

1656 2111 1725 2167 de
1751 2110 1997 2167 Ecclesia
2018 2127 2177 2183 quam
2202 2112 2270 2168 de
2293 2112 2513 2169 Christo
2536 2106 2748 2170 locutos
2769 2124 2922 2172 esse:
2951 2102 3113 2187 idque
3141 2122 3267 2185 pro-

1658 2212 1868 2274 pterea,
1920 2204 2067 2275 quod
2117 2203 2367 2261 riderent
2411 2205 2464 2260 in
2516 2206 2710 2272 spiritu
2753 2204 2837 2277 (ut
2874 2203 2975 2277 ait)
3018 2200 3289 2262 homines

1654 2302 1850 2352 contra
1888 2296 2189 2355 Ecclesiam
2233 2294 2472 2355 facturos
2524 2308 2647 2357 esse
2712 2300 3042 2372 particulas,
3099 2311 3154 2356 et
3200 2298 3271 2357 de

1657 2389 1876 2445 Christo
1900 2402 2009 2446 non
2033 2396 2245 2447 tantum
2275 2391 2423 2446 litem
2451 2386 2736 2448 habituros
2756 2436 2770 2459 ,
2795 2386 2889 2449 sed
2924 2392 2991 2449 de
3021 2390 3266 2450 Ecclesia

1658 2488 1883 2556 Magnas
1902 2486 2286 2541 contentiones
2314 2484 2670 2541 excitaturos.
2702 2485 2845 2558 E'rg‘o
2870 2480 3002 2541 illud
3021 2530 3035 2555 ,
3068 2487 3135 2541 de
3164 2502 3275 2556 quo

1656 2576 1895 2647 majores
1912 2577 2039 2633 lites
2058 2576 2261 2641 futura:
2283 2585 2460 2645 erant,
2486 2578 2701 2648 planius
2726 2587 2779 2633 et
2800 2579 3045 2650 apertius
3067 2578 3271 2650 p'rtedi-

1655 2676 1805 2725 ctum
1840 2680 1983 2726 ease.
2026 2671 2290 2741 Proponit
2328 2666 2489 2741 hujus
2529 2668 2608 2726 r‘cl
2644 2670 2954 2742 eXemplum
2995 2684 3060 2727 ex
3094 2672 3277 2728 Gene-

1650 2772 1787 2817 ~seos
1823 2774 1942 2833 cap.
1968 2770 2099 2831 m1,
2128 2760 2221 2818 ubi
2270 2773 2392 2835 post
2431 2764 2673 2819 Isaa'curn
2722 2780 2753 2821 e
2802 2773 2978 2822 morte
3026 2770 3276 2837 ereptum

1649 2857 1995 2927 promittitur
2023 2852 2253 2913 Abrahae
2280 2872 2465 2916 semen
2497 2858 2791 2925 inﬁnitum,
2825 2858 2986 2932 atoue
3014 2876 3079 2916 eo
3109 2858 3274 2917 modo

1659 2950 1902 3015 Ecclesia
1948 2950 2139 3027 aperte
2176 2946 2526 3026 praedicatur,
2570 2960 2692 3010 cum
2729 2953 2980 3012 Christus
3019 2971 3125 3012 non
3163 2955 3272 3012 nisi

1662 3044 1907 3120 ﬁgurate.
1950 3044 2191 3105 Tandem
2234 3048 2543 3117 concludit,
2587 3056 2725 3121 pene
2760 3050 2961 3123 ubique
2986 3044 3268 3109 Christum

1658 3142 1716 3195 fin
1762 3141 1948 3211 aliquo
1995 3141 2243 3198 involuto
2285 3146 2629 3199 sacramento
2673 3142 3024 3214 praedicatum
3068 3159 3190 3200 esse
3238 3160 3272 3201 a

16 3238 295 3294 iniretur?
328 3234 510 3293 Nostri
549 3248 757 3293 sacram
799 3237 1124 3307 scripturam
1145 3280 1159 3304 ,
1191 3246 1244 3292 et
1272 3242 1465 3293 testem
1494 3246 1553 3295 et
1573 3238 1624 3305 ε
1658 3228 1955 3305 Prophetis
1982 3249 1995 3288 :
2026 3232 2331 3291 “Ecclesium
2363 3251 2492 3292 vero
2534 3245 2743 3307 aperte,
2774 3245 2833 3293 ιιι
2872 3253 2992 3294 eam
3026 3237 3277 3296 viderent

16 3334 164 3388 ticetn
194 3330 304 3389 sibi
339 3332 451 3387 fore
476 3330 827 3403 respondent.
859 3329 966 3387 Sed
995 3330 1267 3401 quomodo
1297 3345 1359 3386 ea
1394 3338 1552 3387 utan-

19 3471 35 3496 ,
62 3436 120 3483 et
142 3427 279 3499 quid
312 3425 439 3483 inde
468 3434 753 3498 repetant,
788 3434 847 3481 ut
874 3426 1127 3481 evincant
1155 3422 1302 3495 quod
1325 3422 1548 3493 volunt,

15 3520 343 3578 servandum
386 3519 550 3576 etiam
578 3530 680 3576 est.
706 3519 842 3575 Cum
887 3519 1217 3589 Augustinus
1242 3516 1313 3575 de
1342 3518 1552 3591 Baptis-

15 3638 19 3659 ι
60 3614 128 3671 ab
164 3613 479 3679 haereticis,
521 3612 573 3668 id
627 3622 751 3679 est,
797 3622 949 3668 extra
984 3604 1286 3668 Ecclesium
1317 3609 1555 3668 admini-

15 3716 127 3776 ato,
160 3708 433 3765 adversus
460 3706 770 3763 Donatistas
799 3704 1070 3776 disputat,
1098 3718 1205 3760 non
1230 3712 1437 3760 tantum
1464 3704 1550 3760 al-

21 3812 74 3857 at
114 3803 450 3874 scripturam
479 3845 494 3871 ,
554 3799 651 3857 sed
693 3800 1045 3872 apostolicam
1096 3797 1448 3856 traditionem
1496 3808 1554 3855 et

15 3895 196 3950 clesia:
226 3909 412 3961 usum,
438 3893 907 3961 consuetudinem,
937 3890 1331 3957 testimonium,
1358 3901 1555 3947 aucto-

15 3998 149 4044 atem
176 4027 193 4056 ,
223 3997 285 4044 ut
335 3986 375 4042 l.
434 3987 563 4044 nde
589 3987 865 4058 Baptismo
911 3996 1029 4056 cap.
1060 3982 1123 4053 7,
1157 3994 1212 4041 et
1244 3984 1284 4039 l.
1317 3998 1369 4039 tv
1402 3992 1453 4041 c.
1482 3982 1551 4056 6,

30 4080 67 4135 ι.
97 4097 134 4137 v
182 4095 315 4150 cap.
343 4079 434 4147 23,
468 4090 522 4136 et
549 4079 588 4133 l.
621 4090 640 4133 ι
674 4088 864 4134 contra
891 4077 1155 4133 Crescon.
1182 4086 1302 4148 cap.
1334 4075 1425 4143 51,
1453 4076 1546 4146 32,

15 4213 25 4225 .
60 4173 292 4229 Sciebat
319 4172 572 4243 Optatum
603 4172 956 4242 quaestionem
984 4160 1054 4227 de
1086 4170 1244 4226 unico
1270 4162 1549 4242 Baptism'o

15 4277 123 4322 atra
156 4266 487 4340 ,Donatistas
510 4263 763 4320 'voluisse
803 4261 1030 4319 delinire
1068 4276 1135 4318 ex
1179 4261 1339 4318 nudis
1377 4264 1559 4319 sacris

15 4359 151 4415 .eris.
194 4358 308 4418 Sed
345 4358 633 4415 infeliciter
666 4356 717 4412 id
753 4368 878 4413 eum
913 4364 1151 4413 tentasse
1181 4354 1551 4424 agnoscebat:

15 4467 115 4522 que
143 4454 444 4525 ingenuum
472 4466 593 4510 esse
613 4450 878 4523 judicavit
898 4492 914 4518 ,
962 4450 1115 4506 Idcos
1149 4449 1433 4520 scripturae
1458 4447 1555 4503 de-

15 4561 218 4615 'quere.
273 4546 414 4619 Ergo
458 4546 601 4618 quod
641 4546 869 4617 Optatos
902 4543 970 4601 de
1000 4540 1276 4614 Baptismo
1304 4539 1564 4598 disturus

1606 3347 1613 3355 ε
1660 3335 1720 3382 et
1746 3327 1838 3398 qui
1858 3326 2023 3382 futuri
2050 3337 2209 3383 erant
2236 3336 2426 3384 contra
2453 3328 2623 3385 illam.
2898 3347 2910 3361 ·
2998 3366 3002 3370 Α

1732 3412 1877 3488 'Qnid
1915 3418 2241 3475 Donatistae?
2271 3418 2623 3491 Augustinus,
2657 3422 2711 3478 in
2738 3410 2832 3479 lib.
2866 3420 2934 3480 de
2958 3416 3185 3481 Unit.’c.
3218 3408 3275 3494 9,

1664 3515 1744 3570 ait
1788 3530 1884 3571 eos
1925 3531 2035 3571 non
2080 3526 2242 3571 ausas
2281 3506 2497 3587 quidem
2537 3534 2659 3574 esse
2704 3516 2863 3590 plane
2904 3516 3087 3575 dicere
3132 3512 3270 3575 falsa

1661 3616 1790 3665 esse
1811 3651 1825 3675 ,
1855 3612 1973 3681 quae
2004 3614 2069 3665 ei:
2096 3608 2382 3681 prophetis
2412 3606 2781 3667 recitabantur
2812 3611 3061 3667 vaticinia
3102 3610 3169 3668 de
3196 3610 3282 3668 fu-

1664 3706 1789 3757 tura
1821 3702 2180 3772 amplitudine
2214 3702 2477 3759 Ecclesia:
2506 3694 2818 3760 c’hristianm
2861 3711 2975 3760 toto
3014 3705 3147 3761 orbe
3175 3700 3283 3760 dif-

1661 3790 1825 3863 fusae,
1860 3795 1963 3851 hoc
1991 3804 2094 3861 eSt,
2124 3795 2412 3852 Catholicae
2437 3813 2450 3849 :
2508 3786 2604 3852 sed
2628 3790 2912 3866 excepisse
2937 3805 3139 3862 tamen,
3171 3813 3283 3853 non

1662 3894 1793 3947 esse
1827 3903 1889 3946 ea
1926 3890 2148 3961 impleta
2176 3932 2192 3959 ,
2240 3890 2365 3963 quia
2396 3890 2644 3948 homines
2684 3890 2979 3947 noluerint.
3020 3890 3118 3947 Hic
3147 3896 3278 3948 ver'o

1672 3983 1845 4038 multo
1867 3984 2037 4054 magis
2071 3983 2302 4056 insurgit
2327 3992 2381 4040 ct
2400 3984 2599 4041 clamat
2626 3983 2984 4055 Augustinus,
3014 3974 3148 4038 nihil
3174 3980 3280 4041 hoc

1666 4074 1816 4131 aliud
1845 4091 1989 4143 esse,
2020 4093 2182 4149 quam
2217 4077 2420 4145 dicere,
2449 4078 2791 4150 praphetiam
2823 4093 2946 4133 esse
2976 4076 3191 4146 falsam,
3220 4087 3284 4136 et

1670 4168 1965 4239 prophetas
1986 4168 2156 4225 fuisse
2191 4169 2712 4242 pseudoprophetas.
2768 4160 2972 4226 Fateor
3005 4168 3283 4241 perversi-

1671 4268 1783 4316 tate
1807 4262 2138 4333 ingratorum
2170 4262 2452 4319 hominum
2485 4262 2687 4320 factum
2713 4279 2857 4332 esse,
2888 4272 2945 4319 ut
2970 4265 3157 4319 multae
3184 4260 3288 4321 Dei

1672 4354 2097 4424 promiSSiones,
2144 4371 2252 4412 non
2296 4356 2420 4413 dico
2460 4357 2628 4412 irritae
2671 4352 2897 4426 fuerint,
2943 4358 3038 4415 sed
3085 4356 3287 4415 fuerint

1664 4446 2077 4517 quodammodo
2100 4448 2395 4519 impeditte,
2414 4460 2681 4521 quatenus
2706 4452 2859 4506 erant
2886 4448 3289 4510 conditionaies

1669 4534 1998 4608 appendices
2022 4536 2264 4595 laederis.
2295 4536 2401 4597 Sed
2424 4542 2565 4612 quod
2589 4542 2782 4599 attinet
2804 4543 2871 4598 ad
2899 4544 3253 4616 principalem
3272 4586 3290 4613 ,

15 4648 129 4694 atra
173 4640 485 4696 Donatistas
524 4644 919 4710 provocavcrat
965 4644 1147 4692 sacras
1190 4636 1398 4691 litteras
1424 4676 1441 4701 ,
1492 4643 1557 4692 et
1583 4640 1640 4707 D
1665 4640 1792 4702 quae
1822 4636 1961 4702 pura
1996 4630 2114 4698 fuit,
2146 4633 2589 4703 promissionem,
2616 4635 2782 4690 veluti
2804 4630 2870 4691 de
2897 4634 3090 4694 Mcs’sia
3114 4630 3277 4694 exhi-

19 4732 87 4787 od
127 4748 198 4789 ex
245 4734 556 4793 leuamenti
595 4731 790 4788 tabulis
832 4733 903 4788 de
946 4728 1227 4786 voluntate
1276 4727 1565 4787 testatoris

15 4826 296 4885 licandum
340 4844 463 4886 esse
490 4824 867 4900 iurisconsulti
909 4826 1090 4895 aiunt,
1123 4826 1228 4882 huc
1259 4820 1560 4882 retulerat:

32 4922 390 4993 Augustinus,
422 4924 475 4978 in
508 4920 701 4993 psalm.
737 4937 851 4988 χιι,
884 4921 955 4975 ita
983 4920 1224 4975 imitatus
1255 4928 1360 4985 εει,
1381 4929 1442 4975 ut
1469 4928 1556 4976 ta-

15 5026 74 5068 en
121 5015 175 5069 in
215 5016 515 5081 quastione
557 5013 628 5070 de
674 5010 911 5069 Ecclesia
952 5013 1130 5083 potius
1173 5010 1277 5068 hoc
1324 5011 1556 5069 diceret.

16 5120 85 5162 tm
118 5108 170 5162 in
200 5108 441 5180 gravieri
484 5108 584 5163 hac
622 5120 786 5164 causa
825 5106 1093 5162 sentiebat
1133 5106 1457 5175 scriptun-am
1488 5104 1566 5159 li-

15 5198 171 5257 lidius
199 5199 429 5273 probare
455 5198 599 5272 quod
629 5200 828 5258 aiebat.
858 5203 1032 5272 Atque
1054 5200 1127 5255 ita
1149 5199 1311 5255 etiam
1336 5198 1390 5254 in
1416 5194 1568 5254 libro

15 5290 255 5350 :Unitale
285 5292 491 5351 Eceles.
511 5303 699 5351 contra
728 5286 1081 5352 Petilianum:
1111 5286 1235 5348 Non
1258 5290 1559 5361 audiamus,

20 5388 317 5457 quit,_il:cc
341 5390 487 5458 dico,
525 5389 641 5449 haec
667 5389 836 5458 dicis;
867 5391 958 5447 sed
993 5390 1291 5456 audiamus,
1324 5389 1442 5445 haec
1470 5380 1567 5443 di-l

21 5491 40 5533 t
64 5481 339 5541 Dominus.
365 5482 500 5543 Sunt
526 5494 660 5542 certe
686 5484 801 5541 libri
826 5483 1109 5548 Dominici,
1133 5490 1354 5554 quorum
1377 5480 1566 5535 auctos

16 5574 101 5629 tati
132 5580 335 5653 utriqite
367 5579 710 5635 consentimus
732 5621 749 5647 ,
787 5577 986 5648 utrique
1023 5574 1283 5632 credimus
1308 5616 1322 5642 ,
1361 5573 1573 5644 utrique

15 5667 232 5729 eruimus.
279 5672 364 5728 ιω
411 5676 699 5744 quteramtts‘
736 5668 1054 5738 Ecclesium,
1101 5668 1174 5724 ibi
1219 5660 1569 5724 discutiamus

15 5770 174 5817 ausam
217 5770 468 5820 nostram.
1198 5826 1205 5830 .

47 5847 160 5910 Non
188 5862 512 5914 recusarunt
534 5853 673 5914 hanc
698 5855 870 5929 legent
900 5850 1222 5911 Donatistae:
1260 5851 1355 5910 sed
1381 5852 1434 5909 in
1463 5850 1567 5925 hy-

1668 4720 1874 4792 bendo,
1908 4732 1959 4780 et
1997 4723 2115 4795 ejus
2131 4740 2297 4795 regno
2322 4725 2673 4783 instauranda
2715 4738 2876 4799 atque
2905 4729 3278 4802 propagando,

1673 4816 1972 4887 ApdStolus
1999 4816 2283 4889 profitetur
2310 4828 2430 4874 eam
2475 4835 2580 4875 non
2623 4819 2865 4892 patuisse
2902 4816 3154 4891 impediri
3183 4821 3284 4882 ho-

1680 4912 1885 4968 minum
1910 4910 2253 4984 indignitate.
2301 4910 2497 4969 Fateor
2537 4906 2700 4970 etiam
2722 4914 2898 4969 inulta
2926 4914 2995 4970 de
3023 4906 3287 4974 Ecclesiae

1674 5005 2009 5061 ekceilcntia
2045 5014 2100 5061 et
2134 5004 2421 5077 majestate
2455 5006 2746 5078 prophe‘tas
2776 5004 3093 5079 praedixisse
3115 5052 3132 5080 ,
3165 5028 3287 5083 quae

1679 5102 1735 5157 in
1775 5100 1928 5158 caelis
1969 5100 2316 5171 impleantur.
2358 5101 2465 5158 Sed
2508 5101 2560 5157 in
2610 5094 2769 5159 terris
2808 5098 3000 5161 saltem
3043 5104 3293 5163 inchoari

1678 5209 1843 5251 nemo
1880 5196 2175 5265 negaverit.
2220 5193 2378 5268 Apud
2411 5192 2606 5251 Isaiam
2640 5193 2779 5252 Deus
2810 5192 3043 5268 loquens
3072 5184 3143 5252 de
3177 5186 3285 5254 Ec-

1676 5286 1861 5343 clesiae
1905 5286 2362 5357 ampliﬁcatione,
2410 5304 2534 5346 cum
2578 5280 2936 5359 jurejurando
2990 5289 3104 5344 ait:
3155 5279 3294 5346 Mihi

1680 5379 1918 5450 ﬂectetur
1941 5395 2088 5434 omne
2114 5395 2268 5453 genu.
2312 5376 2373 5435 Id
2406 5386 2585 5436 autem
2612 5370 2812 5433 Paulus
2843 5376 3009 5434 refert
3030 5376 3099 5436 ad
3123 5378 3291 5438 ﬁnem

1691 5470 1897 5540 mundi,
1940 5480 1996 5529 et
2040 5485 2372 5545 postremum
2420 5472 2503 5547 (ut
2550 5471 2799 5546 vocatur)
2844 5472 3133 5545 judicium.
3183 5475 3293 5532 Sed

1691 5570 1899 5625 interea
1926 5612 1942 5639 ,
1973 5584 2079 5625 non
2108 5580 2263 5641 negat
2292 5568 2422 5639 quin
2453 5576 2553 5624 suo
2583 5568 2746 5623 etiam
2775 5552 3007 5641 quodam
3041 5570 3204 5627 modo
3236 5569 3290 5627 id

1690 5654 1790 5718 ﬂat
1808 5654 1870 5719 in
1899 5660 2139 5732 Ecclesia
2172 5659 2485 5716 christiana.

1764 5754 1901 5819 Cum
1932 5752 2225 5816 Donatista:
2248 5770 2447 5828 negare
2468 5771 2578 5814 non
2602 5765 2827 5828 possent
2847 5758 3079 5828 aliquant
3106 5757 3297 5818 catho-

1688 5846 1858 5913 licam
1876 5849 2179 5911 Ecclesiam
2205 5856 2421 5907 exstare
2441 5890 2458 5921 ,
2489 5864 2604 5907 suae
2622 5841 2887 5907 Ecclesia;
2907 5848 3053 5906 hunc
3076 5850 3296 5908 titulum

1582 6031 1645 6047 ..αι
