3996 6332
567 257 591 316 ι
603 253 709 316 670

2023 254 2062 312 Α
2074 247 2389 315 ρρεκῡιιι.

3657 261 3754 326 Mill

565 379 920 442 arrogarnnt:
949 377 1144 428 etcum
1176 369 1517 428 adversarios
1549 367 1816 440 negabam
1843 380 1984 434 esse,
2009 367 2152 438 quod
2183 377 2239 441 Α
2261 366 2422 421 tertio
2462 371 2649 421 contra
2677 361 2964 431 Crescon.,
3008 377 3127 436 cap.
3154 365 3250 431 65,
3299 366 3491 437 arriplt,
3522 370 3637 441 quod
3675 375 3757 444 ipse

563 465 916 528 dicebantur,
949 465 1296 522 Catholicos:
1331 474 1443 521 tum
1476 479 1608 521 vero
1634 465 1689 519 in
1712 462 2016 518 Collatione
2041 477 2164 518 sese

565 567 942 630 nuncuparunt
977 559 1264 630 episcopos
1303 567 1359 616 et
1403 558 1726 615 defensores
1753 557 2033 614 catholica:
2062 557 2167 612 Ec.

564 652 745 709 clesia:
770 660 826 709 et
850 652 1109 709 veritatis.
1140 653 1238 708 llic
1267 667 1399 710 vero
1421 652 1586 723 coepit
1614 667 1737 708 esse
1764 653 1993 724 quaestio
2015 650 2160 714 facti,

563 745 745 814 potius
773 760 932 816 quam
973 745 1111 815 juris
1145 761 1160 798 :
1191 756 1247 800 et
1289 753 1438 802 tanto
1479 762 1666 802 rursus
1693 745 1987 812 difficilior,
2019 744 2163 815 quod

563 833 858 892 Donatista:
885 834 1187 891 doctrinam
1219 836 1347 892 ﬁdei
1377 836 1703 893 catholicam
1738 836 1971 892 retinere
2001 835 2164 891 etiam

562 925 908 994 videbantur,
937 944 1109 1000 neque
1129 930 1417 1001 apostasia:
1449 931 1501 985 in
1524 945 1591 987 eo
1616 945 1816 1002 genere
1835 931 2166 987 accusaban-

565 1031 670 1078 tur.
714 1021 991 1079 Adversus
1033 1023 1170 1079 alios
1212 1023 1499 1081 haereticos
1543 1024 1712 1081 veluti
1761 1033 1952 1081 contra
1997 1023 2166 1080 Mani-

563 1116 748 1172 chzeos
775 1124 832 1173 et
857 1117 1093 1174 Arianos
1123 1115 1334 1173 facilior
1359 1117 1458 1174 fuit
1497 1119 1656 1190 hujus
1680 1119 1994 1189 quaestionis
2025 1117 2167 1189 diju-

563 1209 786 1267 dicatio.
837 1209 981 1268 Sane
1020 1211 1355 1279 Lactantius,
1382 1212 1475 1268 lib.
1529 1228 1602 1277 ιν,
1645 1226 1767 1282 cap.
1817 1213 1908 1281 3t),
1953 1210 2164 1282 scribit,

563 1303 809 1374 singulos
847 1313 1020 1360 coetus
1062 1303 1440 1360 haereticorum
1477 1304 1819 1361 existimasse
1861 1319 2013 1360 suam
2044 1321 2168 1362 esse

563 1395 861 1452 Ecclesiam
891 1395 1236 1452 catholicam.
1267 1397 1469 1454 Saltem
1504 1398 1556 1454 id
1579 1399 1856 1468 jactarunt
1880 1439 1896 1467 ,
1935 1415 2060 1455 cum
2086 1399 2168 1455 vi-

565 1487 761 1545 derent
780 1488 1007 1558 primam
1037 1487 1178 1543 hanc
1206 1504 1327 1546 esse
1356 1490 1617 1546 Ecclesia:
1643 1489 1953 1547 christianaa
1983 1491 2170 1548 condi-

573 1581 797 1636 tionem.
821 1579 929 1636 Sed
950 1595 1072 1636 cum
1100 1580 1166 1636 ad
1191 1581 1566 1652 probationem
1598 1593 1818 1639 ventum
1844 1593 1981 1650 erat,
2015 1593 2172 1641 erant

566 1673 801 1729 ridiculi.
855 1672 969 1728 lmo
1018 1674 1185 1729 etiam
1231 1675 1552 1742 eveniebat,
1607 1686 1664 1731 ut
1707 1677 1908 1732 nostris
1951 1677 2168 1734 tandem

2267 454 2594 512 Cresconius
2643 457 2923 512 confessus
2953 465 3090 524 erat,
3124 465 3288 512 totum
3327 459 3542 529 quotidie
3566 463 3756 520 mundum

2267 549 2407 604 verti
2439 551 2490 604 in
2520 565 2716 604 nomen
2742 548 3110 605 Christianum
3141 567 3154 603 :
3196 559 3250 606 et
3298 552 3577 622 respondet,
3625 553 3759 614 Eccle-

2265 642 2402 698 siam
2432 641 2498 696 ad
2530 641 2746 697 residua
2776 642 3084 713 occupanda
3121 641 3354 713 quotidie
3382 643 3596 698 diffundi.

2340 736 2634 792 Fortunius
2664 736 2948 792 Donatista
2986 735 3213 792 audiens
3242 736 3380 792 illam
3417 736 3607 792 demum
3631 739 3762 797 Eccle

2266 830 2401 885 siam
2431 845 2554 886 esse
2583 830 2940 897 catholicam,
2989 847 3109 901 qum
3156 839 3269 886 toto
3308 845 3364 886 se
3407 840 3636 886 terrarum
3673 834 3763 890 orbe

2264 922 2611 987 diﬁ'underet,
2641 938 2802 978 ausus
2833 933 2917 979 est
2943 922 3150 988 dicere,
3187 937 3336 978 suam
3362 923 3542 996 ubique
3565 935 3764 982 terrarum

2267 1031 2391 1073 esse
2419 1015 2881 1072 communionem.
2932 1016 3284 1088 Augustinus,
3323 1017 3471 1086 epist.
3533 1016 3766 1082 163,ntei

2267 1109 2617 1181 respondeat,
2662 1118 2841 1180 rogat,
2870 1125 2997 1164 num
3038 1110 3230 1179 possit,
3270 1110 3509 1181 epistolas
3539 1109 3767 1178 Formatas,

2268 1218 2377 1274 quo
2404 1204 2561 1272 velit,
2607 1203 2760 1258 dare.
2792 1202 2885 1259 Sic
2927 1205 3072 1260 enim
3119 1203 3371 1261 facillime
3401 1205 3636 1260 terminari
3659 1221 3769 1277 posse

2269 1294 2412 1351 hanc
2436 1296 2821 1367 quaestionem.
2849 1296 3021 1352 Erant
3055 1297 3138 1351 ha:
3172 1298 3410 1368 epismlze
3436 1301 3769 1355 communicato-

2269 1387 2400 1453 rize,
2435 1396 2585 1444 certa
2631 1388 2859 1443 formula
2912 1399 3224 1461 conceptae,
3276 1405 3406 1460 quas
3449 1389 3572 1444 ultro
3593 1392 3771 1462 citroque

2271 1481 2558 1536 mittebant
2601 1482 2870 1552 episcopi,
2902 1494 2960 1537 ut
3002 1492 3167 1538 testes
3194 1493 3249 1538 et
3276 1481 3436 1540 veluti
3475 1492 3667 1539 tesseras
3696 1500 3773 1540 sua:

2271 1576 2651 1633 confessionis.
2681 1577 2774 1633 Sic
2801 1578 3051 1648 Optatus,
3085 1578 3181 1632 lib.
3214 1593 3253 1633 ιι
3308 1586 3488 1632 contra
3515 1576 3770 1645 Donatistas,

2271 1670 2345 1725 ait
2370 1685 2497 1725 suos
2537 1685 2657 1724 cum
2688 1671 2919 1725 Damasn
2944 1673 3385 1738 communicare,
3411 1686 3523 1727 cum
3558 1686 3644 1739 quo
3677 1681 3773 1727 totus

564 1766 963 1832 concederent,
991 1765 1135 1838 quod
1168 1776 1375 1824 temere
1410 1768 1785 1839 imprudentes
1806 1812 1821 1838 ,
1856 1769 1923 1826 iis
1948 1771 2166 1842 eripere
2197 1773 2244 1834 Β
2272 1765 2421 1818 orbis
2443 1763 2777 1818 commercio
2815 1763 3190 1821 Formatarum
3221 1764 3526 1821 concordat.
3566 1764 3771 1819 Donatistae

563 1858 868 1914 voluerant.
896 1857 1035 1930 Aug.
1063 1867 1254 1916 contra
1278 1875 1367 1930 ep.
1395 1859 1775 1934 Manich.jcap.
1804 1863 1876 1918 ιε
1903 1861 1970 1916 In
1995 1863 2176 1917 catho-

563 1951 711 2018 licaz,
745 1951 962 2024 inquit,
1003 1950 1249 2007 Ecclesia:
1288 1954 1479 2024 gremio
1509 1971 1588 2009 me
1616 1963 1748 2010 tenet
1779 1956 1948 2024 ipsum
1989 1971 2174 2010 nomen

563 2045 873 2100 catholicas:
915 2045 1054 2117 quod
1096 2062 1196 2100 non
1226 2047 1336 2101 sine
1357 2063 1516 2101 causa
1545 2049 1679 2103 inter
1717 2057 1824 2103 tam
1848 2049 2039 2104 multas
2069 2051 2172 2105 Ita:-

565 2154 701 2195 reses
727 2138 803 2194 sic
825 2139 928 2194 ista
954 2138 1186 2194 Ecclesia
1212 2139 1325 2196 sola
1350 2141 1606 2207 obtinuit,
1637 2152 1690 2196 ut
1715 2159 1829 2196 cum
1859 2159 2036 2197 omnes
2063 2144 2170 2199 Ita:-

564 2230 712 2285 retici
733 2247 787 2285 se
806 2229 1085 2286 catholicos
1105 2232 1208 2287 dici
1229 2233 1384 2288 velint
1403 2273 1418 2300 ,
1444 2236 1690 2304 quaerenti
1713 2245 1880 2290 tamen
1902 2236 2173 2308 peregrino

565 2323 744 2390 alicui,
775 2324 861 2378 ubi
889 2323 958 2377 ad
981 2322 1289 2379 catholicam
1315 2327 1666 2395 conveniatur,
1696 2328 1868 2382 nullus
1899 2329 2170 2384 lueretico-

569 2431 706 2484 mm,
730 2417 808 2472 uel
834 2417 1100 2472 basilicam
1125 2435 1293 2488 suam,
1334 2419 1411 2475 vel
1438 2407 1648 2476 domum
1669 2423 1859 2477 audeat
1885 2422 2170 2479 ostendere.

565 2505 712 2565 Idem
730 2510 1081 2586 Augustinus,
1109 2511 1160 2566 in
1177 2511 1271 2568 lib.
1292 2511 1359 2568 de
1379 2527 1504 2568 vera
1522 2512 1694 2586 Relig.
1710 2531 1830 2586 cap.
1852 2516 1903 2570 7:
1932 2515 2173 2572 Tenenda

568 2611 664 2669 est,
691 2601 887 2672 inquit,
920 2606 1034 2677 ejus
1075 2601 1324 2659 Ecclesia
1353 2607 1747 2661 communicatio
1771 2623 1887 2678 qua:
1917 2609 2174 2664 catholica

565 2706 661 2763 est,
694 2708 742 2752 et
781 2698 1036 2753 catholica
1073 2699 1390 2764 nominatur,
1431 2716 1533 2755 non
1561 2701 1727 2755 solum
1756 2718 1787 2755 a
1815 2703 1950 2770 suis,
1997 2719 2172 2757 verum

563 2789 720 2844 etiam
761 2791 826 2844 ab
871 2791 1106 2844 omnibus
1148 2791 1391 2846 inimicis.
1444 2791 1614 2847 Velint
1654 2794 1811 2861 enim,
1855 2795 2042 2862 nolint,
2068 2795 2172 2866 ipsi

566 2899 765 2955 quoque
785 2884 1010 2939 haeretici
1032 2893 1080 2938 et
1101 2884 1432 2939 schismatum
1457 2886 1678 2952 alumni,
1701 2887 1905 2958 quando
1927 2904 2030 2942 non
2053 2905 2171 2942 cum

565 2975 707 3044 suis,
746 2975 837 3030 sed
877 2991 994 3029 cum
1034 2976 1290 3032 extraneis
1329 2977 1628 3045 loquuntur,
1679 2979 1988 3035 catholicam
2041 2980 2172 3036 nihil

567 3066 713 3121 aliud
737 3083 890 3137 quam
911 3068 1220 3122 catholicam
1242 3079 1443 3124 vocant.
1471 3070 1594 3124 Non
1618 3072 1753 3126 enim
1779 3081 1992 3144 possunt
2021 3072 2174 3127 intel-

2272 1856 2551 1928 jactabant
2595 1859 2789 1913 saltem
2841 1874 3090 1929 magnam
3135 1874 3259 1915 esse
3311 1858 3658 1913 multitudinem
3691 1873 3766 1912 sua

2276 1960 2462 2018 sectaz,
2511 1959 2564 2005 ct
2590 1959 2651 2004 ut
2695 1965 2815 2006 eam
2867 1959 3242 2018 ostentarent,
3296 1961 3402 2005 tam
3443 1948 3580 2003 multi
3603 1948 3771 2004 certatim

2275 2041 2676 2113 confertimque
2725 2052 3118 2098 concurrerant
3155 2041 3528 2113 Carthaginem
3566 2040 3620 2096 ad
3653 2038 3776 2095 Colla-

2278 2136 2478 2193 tionem
2509 2156 2522 2191 :
2553 2139 2947 2209 conquestique
2975 2140 3139 2194 etiam
3161 2147 3312 2204 sunt,
3338 2137 3575 2206 iniuriam
3601 2135 3680 2191 sibi
3702 2134 3779 2188 fieri

2274 2231 2342 2287 ab
2375 2231 2461 2296 iis,
2493 2231 2586 2302 qui
2615 2247 2709 2288 eos
2739 2247 2845 2286 non
2895 2246 3016 2288 esse
3044 2232 3247 2288 multos
3267 2231 3526 2288 dixerant.
3547 2229 3777 2286 Sedtamen

2275 2338 2398 2378 eum
2419 2339 2531 2394 prze
2553 2323 2835 2380 catholicis
2861 2325 3017 2394 pauci
3047 2339 3170 2381 esse
3193 2323 3518 2392 viderentur,
3541 2322 3779 2394 paucitatem

2275 2414 2631 2470 nihilominus
2661 2431 2814 2470 suam
2838 2416 3129 2472 voluerunt
3155 2432 3281 2472 esse
3313 2416 3554 2472 indicium
3578 2415 3781 2477 Ecclesia,

2274 2507 2401 2578 quia
2431 2505 2515 2580 (ut
2539 2523 2728 2563 eorum
2759 2517 3019 2580 patronus
3047 2507 3381 2566 Cresconius
3409 2507 3619 2578 dicebat)
3642 2509 3680 2560 in
3701 2522 3786 2577 pau-

2275 2602 2353 2657 cis
2382 2602 2695 2673 frequenter
2737 2603 2810 2659 sit
2847 2604 3052 2661 veritas
3084 2621 3096 2657 :
3130 2619 3324 2660 errare
3363 2613 3534 2660 autem
3577 2603 3786 2658 multorum

2272 2694 2364 2749 sit.
2393 2695 2751 2765 Augustinus,
2804 2694 2901 2750 lib.
2936 2708 2996 2750 ιιι
3051 2705 3243 2751 contra
3299 2695 3548 2751 Crescon.
3595 2709 3688 2762 cap.
3718 2691 3784 2756 66,

2273 2786 2564 2856 respondet
2589 2787 2762 2842 bonos
2791 2802 3059 2859 verosque
3087 2785 3450 2850 Christianos,
3480 2786 3561 2858 qui
3587 2802 3662 2855 per
3690 2784 3783 2852 scip-

2271 2893 2363 2933 sos
2394 2879 2546 2933 multi
2575 2891 2731 2946 sunt,
2767 2880 2820 2933 in
2849 2880 3259 2950 comparatione
3303 2881 3555 2934 malorum
3577 2877 3785 2932 falsorum-

2270 2986 2375 3041 que
2402 2971 2586 3027 itidem
2619 2987 2820 3044 paucos
2845 2987 2990 3029 esse.
3016 2973 3184 3040 Idem,
3219 2974 3321 3030 lib.
3369 2989 3406 3029 Il
3435 2983 3602 3029 contra
3629 2971 3786 3026 Advers.

2273 3063 2376 3135 leg.
2411 3079 2533 3134 cap.
2571 3063 2638 3119 12
2663 3106 2676 3132 ,
2725 3080 2847 3120 cum
2877 3065 3133 3122 audisset
3181 3066 3476 3138 quemdam
3519 3064 3786 3120 Manicheum

569 3157 682 3232 ligi,
713 3159 814 3214 nisi
850 3158 945 3214 hoc
969 3176 1081 3215 eam
1110 3163 1316 3216 nomine
1345 3162 1659 3230 discernunt,
1693 3165 1830 3234 quod
1855 3166 1917 3218 ab
1939 3166 2173 3219 universo
2200 3162 2245 3226 C
2277 3159 2665 3215 Commendare
2704 3174 2928 3216 suorum
2957 3162 3314 3232 paucitatem,
3366 3162 3485 3232 quia
3532 3161 3602 3233 (ul
3623 3153 3789 3223 άὶεθὶιέι)

566 3251 729 3325 357
751 3253 869 3309 orbe
895 3265 1242 3326 nuncupatur.
1285 3254 1390 3310 Sed
1430 3264 1486 3310 et
1514 3271 1698 3311 rursus
1727 3255 1780 3311 in
1821 3257 1917 3312 lib.
1948 3255 2016 3312 de
2047 3255 2177 3312 Util.

567 3345 788 3401 creden.
820 3360 941 3418 cap.
966 3347 1021 3416 7,
1066 3347 1254 3404 scribit
1281 3348 1498 3420 quidem
1522 3365 1711 3406 omnes
1735 3349 2019 3407 haereticos
2042 3352 2180 3407 velle

567 3438 740 3495 videri
783 3449 839 3496 et
875 3440 980 3495 dici
1029 3440 1364 3497 catholicos:
1407 3441 1502 3498 sed
1543 3458 1704 3497 unam
1743 3451 1923 3500 tamen
1949 3459 2070 3500 esse
2097 3445 2175 3516 (ut

567 3544 760 3587 omnes
779 3531 1106 3606 concedunt)
1129 3533 1455 3589 catholicam
1478 3533 1804 3602 Ecclesiam,
1827 3536 2179 3592 multitudine

568 3623 910 3680 refertiorem
935 3666 952 3694 ,
995 3627 1042 3680 si
1075 3635 1245 3682 totum
1277 3627 1466 3684 orbem
1494 3628 1839 3693 consideres,
1865 3639 1922 3686 et
1948 3631 2178 3687 veritate

574 3715 933 3774 sinceriorem
960 3718 1176 3775 caeteris
1204 3721 1479 3776 omnibus.
1511 3721 1592 3778 Ex
1618 3737 1724 3792 quo
1747 3723 1829 3794 (ut
1851 3723 1948 3796 ait)
1979 3723 2178 3794 liqueat

565 3809 938 3882 judicantibus
962 3811 1182 3868 arbitris
1202 3854 1217 3880 ,
1250 3828 1386 3884 quos
1420 3815 1567 3870 nulla
1606 3815 1832 3886 impedit
1855 3817 2026 3887 gratia
2048 3858 2063 3883 ,
2087 3820 2175 3874 cui

569 3903 642 3960 sit
667 3904 994 3962 catholicum
1025 3920 1226 3963 nomen
1251 3907 1596 3964 tribuendum
1621 3949 1638 3976 ,
1677 3907 1821 3978 quod
1843 3924 2032 3965 omnes
2063 3925 2178 3965 am-

572 3996 744 4053 biunt.
784 3997 890 4055 Sed
929 4008 986 4055 et
1023 4009 1209 4070 postea
1245 4000 1526 4056 audiemus
1555 4015 1628 4056 ex
1675 4000 1895 4056 Victore
1932 4000 2178 4057 Uticensi

571 4091 804 4150 Arianos
840 4093 893 4148 in
936 4092 1168 4164 quadam
1198 4093 1611 4164 Carthaginensi
1641 4089 1948 4149 Collatione
1987 4092 2176 4162 impri-

570 4186 673 4242 mis
700 4187 768 4242 de
793 4187 896 4242 hoc
923 4185 1082 4241 titulo
1109 4185 1259 4241 litem
1286 4187 1541 4242 movisse.

643 4279 788 4334 Sane
817 4276 1144 4332 Novatianos
1171 4276 1462 4348 aliquando
1505 4277 1557 4332 id
1587 4277 1822 4335 irrisisse
1844 4321 1857 4347 ,
1901 4280 2027 4352 quia
2074 4281 2177 4354 (ut

573 4367 817 4442 aiebant)
846 4370 948 4425 sub
977 4369 1254 4441 Apostolis
1296 4386 1456 4426 nemo
1500 4367 1797 4428 catholiéus
1840 4375 2171 4445 vocabatur,

574 4465 861 4522 observavi
892 4465 944 4520 in
979 4464 1210 4536 quadam
1240 4465 1466 4537 epistola
1505 4465 1723 4522 Paciani
1753 4467 2172 4527 Barcinonensis

2282 3269 2577 3324 paucorum
2604 3254 2672 3309 sit
2701 3253 2964 3326 sapientia
2999 3273 3012 3308 :
3042 3255 3342 3326 respondet
3365 3255 3464 3311 hoc
3491 3253 3700 3309 omnibus
3719 3249 3790 3304 lia:-

2282 3351 2463 3406 reticis
2490 3349 2818 3407 adversariis
2849 3351 3114 3406 Ecclesia:
3136 3352 3450 3420 catholicae,
3490 3367 3598 3422 quae
3623 3364 3696 3421 per
3715 3362 3790 3400 om-

2282 3457 2379 3499 nes
2411 3451 2583 3498 terras
2621 3443 2844 3514 copiosa
2873 3443 3151 3500 fertilitate
3189 3444 3525 3512 diﬂ‘unditur,
3560 3444 3604 3498 in
3628 3455 3702 3496 sua
3728 3453 3790 3492 cu-

2276 3534 2474 3606 jusque
2529 3537 2749 3607 prnpria
2791 3537 3027 3594 vanitate
3075 3553 3371 3594 commune
3417 3553 3549 3594 esse.
3577 3531 3794 3594 Omnesde

2280 3642 2377 3683 sua
2406 3632 2677 3700 paucitate
2698 3630 2940 3701 gloriari,
2985 3642 3039 3686 et
3075 3631 3342 3687 seducere
3390 3630 3731 3687 multitudinem
3760 3622 3789 3677 si

2280 3723 2528 3794 possint,
2587 3724 2744 3779 velle.
2771 3723 2914 3780 Sane
2946 3724 3221 3792 Socrates,
3269 3726 3410 3781 llist.
3443 3725 3631 3781 Eecles.
3656 3721 3725 3776 lib.
3757 3733 3792 3779 \'.

2279 3833 2401 3890 cap.
2437 3819 2524 3888 l0,
2555 3830 2759 3886 narrat,
2807 3819 3038 3876 Arianos
3090 3822 3328 3891 primum
3373 3821 3618 3894 gloriatos
3643 3829 3733 3871 esse
3751 3810 3794 3864 de

2279 3927 2373 3967 sua
2407 3910 2775 3967 multitudine.
2819 3911 2918 3968 Ubi
2950 3926 3078 3968 vero
3105 3912 3202 3967 abs
3224 3911 3537 3968 Theodosio
3557 3906 3740 3980 repressi
3761 3911 3795 3956 et

2279 4005 2590 4060 civitatibus
2615 4005 2774 4076 ejecti
2799 4013 3000 4071 essent,
3022 4005 3259 4076 jactasse
3279 4006 3335 4060 in
3354 4005 3576 4062 desertis
3597 4001 3688 4058 suis
3709 4011 3794 4068 syn-

2277 4098 2462 4168 agogis
2496 4097 2650 4165 illud,
2682 4096 2842 4153 Multi
2870 4099 3058 4164 uocati,
3086 4099 3240 4171 pauci
3261 4099 3433 4154 electi.

2349 4191 2486 4246 Cum
2515 4193 2782 4249 sentirent
2810 4192 3106 4248 Donatistae
3140 4207 3263 4248 sese
3289 4207 3518 4249 numero
3542 4202 3591 4248 et
3617 4185 3795 4244 multitu-

2275 4283 2400 4340 dine
2423 4300 2529 4340 non
2552 4300 2713 4356 posse
2741 4285 2991 4343 evincere
3011 4300 3209 4341 nomen
3231 4285 3642 4347 Catholicorum,
3663 4275 3797 4336 cunic-

2275 4379 2430 4448 giunt
2469 4377 2534 4434 ad
2567 4377 2725 4433 aliam
2767 4379 3190 4434 cavillationem.
3241 4379 3378 4435 Nam
3407 4389 3521 4435 acta
3556 4369 3796 4432 (iollalionis

2277 4479 2524 4539 narrant,
2575 4470 2937 4527 Gaudentium
2979 4471 3206 4539 dixisse,
3256 4472 3362 4528 hoc
3398 4487 3517 4529 esse
3544 4467 3795 4526 catholicum

573 4559 644 4616 ad
673 4559 1130 4632 Sympronianum
1171 4557 1548 4614 Novatianum.
1581 4559 1718 4629 Quid
1763 4573 1942 4618 autem
1975 4571 2036 4618 ut
2065 4563 2166 4619 hoc
2194 4563 2243 4623 D
2269 4567 2413 4637 quod
2436 4566 2795 4622 sacramentis
2825 4567 3042 4637 plenum
3063 4577 3167 4635 est,
3191 4567 3335 4638 quod
3364 4567 3671 4638 perfectum,
3696 4555 3794 4628 qual

581 4667 781 4708 nomen
807 4661 1070 4719 tueretur,
1093 4651 1438 4722 responderit
1459 4651 1747 4719 Pacianus,
1781 4669 2009 4726 magnus
2037 4654 2164 4710 olim

575 4746 630 4801 in
651 4743 894 4802 Ecclesia
911 4743 1157 4810 antistes,
1179 4743 1368 4800 eadem
1388 4745 1617 4815 epistola
1643 4748 1914 4816 suggerit:
1935 4761 2098 4817 quam
2116 4755 2171 4802 et

575 4837 871 4895 Donatistae
889 4836 1081 4910 legisse
1093 4845 1401 4907 potuerunt.
1427 4837 1691 4894 Praeterea
1713 4839 1837 4909 quid
1861 4840 2018 4909 paulo
2045 4851 2170 4896 ante

576 4932 934 5002 Augustinum
949 4931 1064 5002 ipse
1082 4931 1211 5002 imp.
1235 4929 1574 4987 Theodosius
1597 4932 1715 5002 lege
1735 4934 1838 4987 lata
1862 4933 2168 4990 cdixeritea

577 5021 645 5079 de
674 5038 736 5079 re
774 5022 868 5077 lib.
901 5038 955 5090 ι,
991 5036 1111 5092 cap.
1135 5021 1204 5078 de
1232 5037 1442 5077 summa
1480 5021 1673 5079 Trinit.
1703 5023 1856 5081 Nunc
1885 5025 2168 5082 videamus

575 5112 708 5186 quid
733 5110 1030 5169 Donatistae
1055 5112 1445 5180 obtenderent,
1479 5123 1534 5167 ut
1555 5112 1696 5169 hunc
1714 5116 1928 5170 titulum
1953 5115 2058 5172 sibi
2083 5132 2169 5172 ar-

575 5205 1056 5281 rogarent,nostris
1068 5213 1251 5262 autem
1267 5204 1970 5265 detraherent.Creseonius
1991 5210 2137 5266 Dona
2150 5241 2168 5250 -

577 5301 701 5355 lista
729 5297 1062 5366 clamitabat,
1097 5295 1428 5366 Eeclesiam,
1462 5300 1547 5353 cui
1567 5297 1901 5368 Augustinus
1923 5317 2171 5358 commu-

577 5391 816 5459 nicabat,
841 5407 947 5448 non
963 5406 1084 5448 esse
1108 5389 1426 5446 catholicam
1443 5431 1459 5458 ,
1486 5389 1608 5461 quia
1632 5400 1777 5446 totus
1807 5393 1857 5448 ei
1888 5394 2036 5451 orbis
2062 5412 2168 5452 non

577 5484 1036 5552 communicaret,
1095 5499 1218 5540 cum
1266 5483 1482 5555 quidem
1528 5483 1712 5539 multm
1767 5484 1944 5542 adhuc
1977 5498 2169 5558 gentes

574 5577 844 5646 barbarae,
875 5593 996 5650 quae
1023 5577 1078 5633 in
1107 5577 1382 5634 Christum
1411 5579 1650 5634 nondum
1692 5579 2040 5638 crediderant
2066 5626 2082 5652 ,
2113 5597 2168 5641 et

575 5673 758 5729 multa:
789 5672 1022 5728 hereses
1040 5671 1144 5727 sub
1171 5671 1388 5727 nomine
1405 5670 1622 5740 Christi,
1638 5675 1830 5731 alienae
1857 5689 1888 5729 a
1911 5678 2172 5736 societate

575 5766 976 5823 communionis
1039 5765 1324 5836 Augustini
1373 5776 1578 5824 essent.
1651 5768 1980 5843 Augustinus
2027 5772 2171 5830 libro

2276 4660 2703 4715 immaculatum.
2731 4658 2821 4716 Sic
2848 4670 2904 4715 et
2922 4659 3273 4731 Augustinus,
3307 4662 3361 4716 in
3388 4659 3614 4738 Brevia,
3635 4650 3795 4711 scribil.

2280 4752 2585 4807 Donatistas
2615 4751 2981 4822 respondisse,
3028 4751 3371 4809 Catholicum
3417 4765 3607 4807 nomen
3643 4761 3725 4801 non
3753 4753 3796 4793 ex

2279 4848 2627 4902 universitate
2656 4846 2932 4912 Gentium,
2967 4847 3062 4904 sed
3103 4863 3170 4902 ex
3197 4846 3530 4918 plenitudine
3557 4851 3799 4900 sacramcuc

2276 4949 2454 4997 torum
2487 4957 2607 4998 esse
2645 4941 2970 4998 institutum.
3013 4943 3211 4998 Verum
3244 4943 3424 5014 inepta
3464 4949 3518 4996 et
3550 4936 3697 4994 inanis
3718 4934 3798 4983 erat

2279 5034 2393 5090 haec
2421 5035 2684 5106 argutiola
2714 5051 2727 5090 :
2762 5036 2983 5090 Acutum
3003 5035 3205 5107 aliquid
3235 5036 3332 5090 sibi
3357 5036 3523 5090 dicere
3542 5027 3797 5086 videbantur.

2277 5125 2451 5196 inquit
2475 5127 2703 5198 August.
2736 5127 2898 5198 epist.
2922 5125 3013 5193 49,
3037 5143 3155 5181 cum
3176 5127 3457 5199 Cat/colica
3471 5138 3636 5180 nomen
3660 5133 3738 5172 non
3753 5126 3795 5164 ex

2277 5219 2433 5274 totius
2467 5219 2604 5274 orbis
2635 5220 2990 5274 communione
3025 5221 3466 5291 interpretantur,
3495 5217 3578 5274 sed
3601 5229 3655 5270 ea:
3676 5208 3796 5264 obser-

2275 5312 2476 5367 vatione
2520 5322 2887 5383 praceptorum
2915 5314 3142 5369 omnium
3181 5324 3228 5370 et
3265 5321 3690 5369 sacramentorum.
3717 5300 3795 5355 Λα·

2276 5404 2521 5476 gustinns
2541 5406 2853 5477 reSpondet,
2885 5407 3045 5462 aliam
3078 5422 3201 5464 esse
3233 5407 3390 5477 hujus
3418 5405 3561 5462 vocis
3588 5393 3794 5490 significa-

2276 5497 2479 5554 tionem
2511 5541 2526 5568 ,
2559 5509 2616 5556 et
2648 5509 2827 5557 tamen
2855 5514 2914 5556 se
2939 5515 3048 5556 non
3079 5500 3136 5556 in
3164 5513 3226 5557 ea
3269 5499 3507 5566 hmrere,
3533 5493 3620 5551 sed
3651 5487 3796 5545 divinis

2276 5591 2509 5648 oraculis
2539 5591 2696 5647 inniti
2735 5591 3178 5664 promittentibus
3225 5589 3523 5648 Ecclesiam
3569 5592 3667 5640 toto
3703 5576 3794 5631 orbe

2275 5683 2544 5739 diﬂ'usam.
2568 5684 2637 5739 Et
2655 5700 2786 5740 vero
2808 5685 2896 5741 ille
2924 5685 3066 5740 idem
3091 5684 3422 5741 Gaudentius
3446 5679 3641 5737 tandem
3665 5687 3716 5727 eo
3735 5680 3794 5720 rc-

2277 5777 2428 5846 cidit,
2458 5788 2514 5834 ut
2539 5793 2662 5838 cum
2692 5782 2871 5851 urgeri
2915 5796 2975 5838 se
3012 5779 3260 5849 sentiret,
3295 5769 3695 5852 indignabundus
3729 5771 3791 5818 ει·
