  <div class='ocr_page' id='page_1' title='image "/cluster/home/n/w/nwhite01/storage/ocr_20150623/11/hvd.32044015471287/746.png"; bbox 0 0 3996 6332; ppageno 0'>
   <div class='ocr_carea' id='block_1_1' title="bbox 215 273 335 330">
    <p class='ocr_par' dir='ltr' id='par_1_1' title="bbox 215 273 335 330">
     <span class='ocr_line' id='line_1_1' title="bbox 215 273 335 330; baseline 0.042 -4"><span class='ocrx_word' id='word_1_1' title='bbox 215 273 335 330; x_wconf 72' lang='lat' dir='ltr'><strong>“Si</strong></span> 
     </span>
    </p>
   </div>
   <div class='ocr_carea' id='block_1_2' title="bbox 1093 271 2566 339">
    <p class='ocr_par' dir='ltr' id='par_1_2' title="bbox 1093 271 2566 339">
     <span class='ocr_line' id='line_1_2' title="bbox 1093 271 2566 339; baseline 0.005 -10"><span class='ocrx_word' id='word_1_2' title='bbox 1093 271 1409 331; x_wconf 77' lang='lat' dir='ltr'><strong>HISTORIA</strong></span> <span class='ocrx_word' id='word_1_3' title='bbox 1451 274 2051 335; x_wconf 80' lang='lat' dir='ltr'><strong>CARTHAGINENSIS</strong></span> <span class='ocrx_word' id='word_1_4' title='bbox 2089 278 2566 339; x_wconf 80' lang='lat' dir='ltr'><strong>COLLATIONIS.</strong></span> 
     </span>
    </p>
   </div>
   <div class='ocr_carea' id='block_1_3' title="bbox 3350 296 3497 357">
    <p class='ocr_par' dir='ltr' id='par_1_3' title="bbox 3350 296 3497 357">
     <span class='ocr_line' id='line_1_3' title="bbox 3350 296 3497 357; baseline 0.027 -4"><span class='ocrx_word' id='word_1_5' title='bbox 3350 298 3377 353; x_wconf 75' lang='grc'><strong>1</strong></span> <span class='ocrx_word' id='word_1_6' title='bbox 3391 296 3497 357; x_wconf 71' lang='grc'><strong>482</strong></span> 
     </span>
    </p>
   </div>
   <div class='ocr_carea' id='block_1_4' title="bbox 210 386 3497 469">
    <p class='ocr_par' dir='ltr' id='par_1_4' title="bbox 210 386 3497 469">
     <span class='ocr_line' id='line_1_4' title="bbox 210 386 3497 469; baseline 0.007 -25"><span class='ocrx_word' id='word_1_7' title='bbox 210 388 460 454; x_wconf 86' lang='lat' dir='ltr'><strong>clamarit,</strong></span> <span class='ocrx_word' id='word_1_8' title='bbox 495 387 820 444; x_wconf 71' lang='lat' dir='ltr'><strong>catholicam</strong></span> <span class='ocrx_word' id='word_1_9' title='bbox 851 386 1152 445; x_wconf 84' lang='lat' dir='ltr'><strong>Ecclesiam</strong></span> <span class='ocrx_word' id='word_1_10' title='bbox 1185 388 1480 444; x_wconf 89' lang='lat' dir='ltr'><strong>humanum</strong></span> <span class='ocrx_word' id='word_1_11' title='bbox 1524 404 1645 445; x_wconf 90' lang='lat' dir='ltr'><strong>esse</strong></span> <span class='ocrx_word' id='word_1_12' title='bbox 1691 390 1789 459; x_wconf 87' lang='lat' dir='ltr'><strong>tig-</strong></span> <span class='ocrx_word' id='word_1_13' title='bbox 1821 393 1871 452; x_wconf 82' lang='grc' dir='ltr'><strong>Α</strong></span> <span class='ocrx_word' id='word_1_14' title='bbox 1900 400 1966 446; x_wconf 75' lang='lat' dir='ltr'><strong>ta:</strong></span> <span class='ocrx_word' id='word_1_15' title='bbox 1994 407 2052 446; x_wconf 92' lang='lat' dir='ltr'><strong>se</strong></span> <span class='ocrx_word' id='word_1_16' title='bbox 2077 405 2200 447; x_wconf 93' lang='lat' dir='ltr'><strong>cum</strong></span> <span class='ocrx_word' id='word_1_17' title='bbox 2224 395 2390 450; x_wconf 86' lang='lat' dir='ltr'><strong>veteri</strong></span> <span class='ocrx_word' id='word_1_18' title='bbox 2421 396 2622 464; x_wconf 86' lang='lat' dir='ltr'><strong>optima</strong></span> <span class='ocrx_word' id='word_1_19' title='bbox 2650 396 2893 456; x_wconf 76' lang='lat' dir='ltr'><strong>Ecclesia</strong></span> <span class='ocrx_word' id='word_1_20' title='bbox 2918 401 3160 461; x_wconf 81' lang='lat' dir='ltr'><strong>Romana</strong></span> <span class='ocrx_word' id='word_1_21' title='bbox 3187 414 3497 469; x_wconf 89' lang='lat' dir='ltr'><strong>consentire</strong></span> 
     </span>
    </p>
   </div>
   <div class='ocr_carea' id='block_1_5' title="bbox 212 481 1794 553">
    <p class='ocr_par' dir='ltr' id='par_1_5' title="bbox 212 481 1794 553">
     <span class='ocr_line' id='line_1_5' title="bbox 212 481 1794 553; baseline 0.001 -17"><span class='ocrx_word' id='word_1_22' title='bbox 212 492 460 537; x_wconf 88' lang='lat' dir='ltr'><strong>mentum.</strong></span> <span class='ocrx_word' id='word_1_23' title='bbox 497 481 674 536; x_wconf 90' lang='lat' dir='ltr'><strong>Testis</strong></span> <span class='ocrx_word' id='word_1_24' title='bbox 716 491 798 538; x_wconf 89' lang='lat' dir='ltr'><strong>est</strong></span> <span class='ocrx_word' id='word_1_25' title='bbox 843 483 1178 553; x_wconf 88' lang='lat' dir='ltr'><strong>Augustinus</strong></span> <span class='ocrx_word' id='word_1_26' title='bbox 1211 482 1306 537; x_wconf 91' lang='lat' dir='ltr'><strong>lih.</strong></span> <span class='ocrx_word' id='word_1_27' title='bbox 1339 498 1378 538; x_wconf 89' lang='grc' dir='ltr'>ιι</span> <span class='ocrx_word' id='word_1_28' title='bbox 1407 491 1597 538; x_wconf 89' lang='lat' dir='ltr'><strong>contra</strong></span> <span class='ocrx_word' id='word_1_29' title='bbox 1645 482 1794 539; x_wconf 88' lang='lat' dir='ltr'><strong>Gau-</strong></span> 
     </span>
    </p>
   </div>
   <div class='ocr_carea' id='block_1_6' title="bbox 1897 487 3500 568">
    <p class='ocr_par' dir='ltr' id='par_1_6' title="bbox 1897 487 3500 568">
     <span class='ocr_line' id='line_1_6' title="bbox 1897 487 3500 568; baseline 0.015 -29"><span class='ocrx_word' id='word_1_30' title='bbox 1897 487 2313 555; x_wconf 87' lang='lat' dir='ltr'><strong>contendebant,</strong></span> <span class='ocrx_word' id='word_1_31' title='bbox 2347 498 2530 546; x_wconf 94' lang='lat' dir='ltr'><strong>etnon</strong></span> <span class='ocrx_word' id='word_1_32' title='bbox 2580 492 2682 548; x_wconf 86' lang='lat' dir='ltr'><strong>nisi</strong></span> <span class='ocrx_word' id='word_1_33' title='bbox 2722 509 2750 548; x_wconf 90' lang='lat' dir='ltr'><strong>a</strong></span> <span class='ocrx_word' id='word_1_34' title='bbox 2789 495 3047 568; x_wconf 75' lang='lat' dir='ltr'><strong>degeneri</strong></span> <span class='ocrx_word' id='word_1_35' title='bbox 3088 501 3376 561; x_wconf 82' lang='lat' dir='ltr'><strong>defecisse.</strong></span> <span class='ocrx_word' id='word_1_36' title='bbox 3408 506 3500 564; x_wconf 87' lang='lat' dir='ltr'><strong>Sic</strong></span> 
     </span>
    </p>
   </div>
   <div class='ocr_carea' id='block_1_7' title="bbox 210 575 3499 657">
    <p class='ocr_par' dir='ltr' id='par_1_7' title="bbox 210 575 3499 657">
     <span class='ocr_line' id='line_1_7' title="bbox 210 575 3499 657; baseline 0.008 -27"><span class='ocrx_word' id='word_1_37' title='bbox 210 575 346 631; x_wconf 89' lang='lat' dir='ltr'><strong>dent.</strong></span> <span class='ocrx_word' id='word_1_38' title='bbox 407 575 596 644; x_wconf 86' lang='lat' dir='ltr'><strong>Majori</strong></span> <span class='ocrx_word' id='word_1_39' title='bbox 635 575 817 631; x_wconf 87' lang='lat' dir='ltr'><strong>calore</strong></span> <span class='ocrx_word' id='word_1_40' title='bbox 856 575 1144 641; x_wconf 82' lang='lat' dir='ltr'><strong>dixissent,</strong></span> <span class='ocrx_word' id='word_1_41' title='bbox 1201 575 1538 630; x_wconf 81' lang='lat' dir='ltr'><strong>Catholicam</strong></span> <span class='ocrx_word' id='word_1_42' title='bbox 1595 590 1796 631; x_wconf 86' lang='lat' dir='ltr'><strong>nomen</strong></span> <span class='ocrx_word' id='word_1_43' title='bbox 1894 576 2005 646; x_wconf 85' lang='lat' dir='ltr'><strong>jam</strong></span> <span class='ocrx_word' id='word_1_44' title='bbox 2035 593 2212 635; x_wconf 75' lang='lat' dir='ltr'><strong>causa:</strong></span> <span class='ocrx_word' id='word_1_45' title='bbox 2244 582 2490 652; x_wconf 67' lang='lat' dir='ltr'><strong>quaedam</strong></span> <span class='ocrx_word' id='word_1_46' title='bbox 2543 586 2825 642; x_wconf 88' lang='lat' dir='ltr'><strong>translatio</strong></span> <span class='ocrx_word' id='word_1_47' title='bbox 2872 601 3010 657; x_wconf 90' lang='lat' dir='ltr'><strong>erat,</strong></span> <span class='ocrx_word' id='word_1_48' title='bbox 3043 602 3102 649; x_wconf 91' lang='lat' dir='ltr'><strong>ut</strong></span> <span class='ocrx_word' id='word_1_49' title='bbox 3145 611 3253 652; x_wconf 91' lang='lat' dir='ltr'><strong>non</strong></span> <span class='ocrx_word' id='word_1_50' title='bbox 3291 607 3398 655; x_wconf 91' lang='lat' dir='ltr'><strong>tam</strong></span> <span class='ocrx_word' id='word_1_51' title='bbox 3431 602 3499 657; x_wconf 87' lang='lat' dir='ltr'><strong>de</strong></span> 
     </span>
    </p>
   </div>
   <div class='ocr_carea' id='block_1_8' title="bbox 211 667 1794 741">
    <p class='ocr_par' dir='ltr' id='par_1_8' title="bbox 211 667 1794 741">
     <span class='ocr_line' id='line_1_8' title="bbox 211 667 1794 741; baseline 0 -17"><span class='ocrx_word' id='word_1_52' title='bbox 211 683 320 725; x_wconf 88' lang='lat' dir='ltr'><strong>esse</strong></span> <span class='ocrx_word' id='word_1_53' title='bbox 363 669 644 739; x_wconf 89' lang='lat' dir='ltr'><strong>profanum</strong></span> <span class='ocrx_word' id='word_1_54' title='bbox 694 677 750 724; x_wconf 91' lang='lat' dir='ltr'><strong>et</strong></span> <span class='ocrx_word' id='word_1_55' title='bbox 777 667 960 735; x_wconf 89' lang='lat' dir='ltr'><strong>civile,</strong></span> <span class='ocrx_word' id='word_1_56' title='bbox 1011 684 1118 740; x_wconf 90' lang='lat' dir='ltr'><strong>quo</strong></span> <span class='ocrx_word' id='word_1_57' title='bbox 1163 669 1313 741; x_wconf 89' lang='lat' dir='ltr'><strong>leges</strong></span> <span class='ocrx_word' id='word_1_58' title='bbox 1361 677 1610 735; x_wconf 89' lang='lat' dir='ltr'><strong>utuntur,</strong></span> <span class='ocrx_word' id='word_1_59' title='bbox 1670 684 1794 724; x_wconf 90' lang='lat' dir='ltr'><strong>cum</strong></span> 
     </span>
    </p>
   </div>
   <div class='ocr_carea' id='block_1_9' title="bbox 211 759 1794 834">
    <p class='ocr_par' dir='ltr' id='par_1_9' title="bbox 211 759 1794 834">
     <span class='ocr_line' id='line_1_9' title="bbox 211 759 1794 834; baseline 0 -16"><span class='ocrx_word' id='word_1_60' title='bbox 211 762 507 834; x_wconf 79' lang='lat' dir='ltr'><strong>significant</strong></span> <span class='ocrx_word' id='word_1_61' title='bbox 535 773 943 834; x_wconf 82' lang='lat' dir='ltr'><strong>procuratorem</strong></span> <span class='ocrx_word' id='word_1_62' title='bbox 965 762 1199 818; x_wconf 79' lang='lat' dir='ltr'><strong>Caesaris</strong></span> <span class='ocrx_word' id='word_1_63' title='bbox 1231 762 1268 816; x_wconf 93' lang='grc' dir='ltr'><strong>Ι.</strong></span> <span class='ocrx_word' id='word_1_64' title='bbox 1306 776 1432 832; x_wconf 87' lang='lat' dir='ltr'><strong>pen.</strong></span> <span class='ocrx_word' id='word_1_65' title='bbox 1463 759 1524 817; x_wconf 92' lang='lat' dir='ltr'><strong>C.</strong></span> <span class='ocrx_word' id='word_1_66' title='bbox 1557 759 1626 816; x_wconf 91' lang='lat' dir='ltr'><strong>de</strong></span> <span class='ocrx_word' id='word_1_67' title='bbox 1658 761 1794 818; x_wconf 86' lang='lat' dir='ltr'><strong>Bon.</strong></span> 
     </span>
    </p>
   </div>
   <div class='ocr_carea' id='block_1_10' title="bbox 213 853 1797 928">
    <p class='ocr_par' dir='ltr' id='par_1_10' title="bbox 213 853 1797 928">
     <span class='ocr_line' id='line_1_10' title="bbox 213 853 1797 928; baseline -0.001 -20"><span class='ocrx_word' id='word_1_68' title='bbox 213 872 410 926; x_wconf 86' lang='lat' dir='ltr'><strong>proscr.</strong></span> <span class='ocrx_word' id='word_1_69' title='bbox 443 855 589 912; x_wconf 87' lang='lat' dir='ltr'><strong>Sane</strong></span> <span class='ocrx_word' id='word_1_70' title='bbox 618 867 745 912; x_wconf 88' lang='lat' dir='ltr'><strong>ante</strong></span> <span class='ocrx_word' id='word_1_71' title='bbox 789 855 1173 928; x_wconf 76' lang='lat' dir='ltr'><strong>Augustinum,</strong></span> <span class='ocrx_word' id='word_1_72' title='bbox 1206 854 1434 925; x_wconf 86' lang='lat' dir='ltr'><strong>Optatos</strong></span> <span class='ocrx_word' id='word_1_73' title='bbox 1462 853 1558 908; x_wconf 92' lang='lat' dir='ltr'><strong>lib.</strong></span> <span class='ocrx_word' id='word_1_74' title='bbox 1596 869 1633 908; x_wconf 96' lang='grc' dir='ltr'><strong>ιι</strong></span> <span class='ocrx_word' id='word_1_75' title='bbox 1660 867 1797 908; x_wconf 88' lang='lat' dir='ltr'><strong>con-</strong></span> 
     </span>
    </p>
   </div>
   <div class='ocr_carea' id='block_1_11' title="bbox 211 944 1798 1020">
    <p class='ocr_par' dir='ltr' id='par_1_11' title="bbox 211 944 1798 1020">
     <span class='ocr_line' id='line_1_11' title="bbox 211 944 1798 1020; baseline -0.003 -16"><span class='ocrx_word' id='word_1_76' title='bbox 211 956 286 1004; x_wconf 85' lang='lat' dir='ltr'><strong>tra</strong></span> <span class='ocrx_word' id='word_1_77' title='bbox 316 949 618 1004; x_wconf 89' lang='lat' dir='ltr'><strong>Donatistas</strong></span> <span class='ocrx_word' id='word_1_78' title='bbox 643 948 925 1020; x_wconf 88' lang='lat' dir='ltr'><strong>disputans</strong></span> <span class='ocrx_word' id='word_1_79' title='bbox 956 963 1061 1004; x_wconf 90' lang='lat' dir='ltr'><strong>non</strong></span> <span class='ocrx_word' id='word_1_80' title='bbox 1093 948 1269 1005; x_wconf 91' lang='lat' dir='ltr'><strong>solum</strong></span> <span class='ocrx_word' id='word_1_81' title='bbox 1311 955 1466 1018; x_wconf 89' lang='lat' dir='ltr'><strong>urget</strong></span> <span class='ocrx_word' id='word_1_82' title='bbox 1495 944 1798 1002; x_wconf 89' lang='lat' dir='ltr'><strong>Ecclesiam</strong></span> 
     </span>
    </p>
   </div>
   <div class='ocr_carea' id='block_1_12' title="bbox 162 1040 1801 1113">
    <p class='ocr_par' dir='ltr' id='par_1_12' title="bbox 162 1040 1801 1113">
     <span class='ocr_line' id='line_1_12' title="bbox 162 1040 1801 1113; baseline -0.001 -15"><span class='ocrx_word' id='word_1_83' title='bbox 162 1082 168 1090; x_wconf 80' lang='lat'><strong>.</strong></span> <span class='ocrx_word' id='word_1_84' title='bbox 210 1058 322 1100; x_wconf 90' lang='lat' dir='ltr'><strong>esse</strong></span> <span class='ocrx_word' id='word_1_85' title='bbox 361 1042 705 1108; x_wconf 83' lang='lat' dir='ltr'><strong>catholicam,</strong></span> <span class='ocrx_word' id='word_1_86' title='bbox 738 1052 793 1099; x_wconf 91' lang='lat' dir='ltr'><strong>et</strong></span> <span class='ocrx_word' id='word_1_87' title='bbox 837 1043 908 1098; x_wconf 88' lang='lat' dir='ltr'><strong>ita</strong></span> <span class='ocrx_word' id='word_1_88' title='bbox 939 1042 1200 1112; x_wconf 83' lang='lat' dir='ltr'><strong>appellari</strong></span> <span class='ocrx_word' id='word_1_89' title='bbox 1227 1083 1242 1107; x_wconf 93' lang='lat'><strong>,</strong></span> <span class='ocrx_word' id='word_1_90' title='bbox 1271 1057 1392 1113; x_wconf 66' lang='lat' dir='ltr'><strong>qum</strong></span> <span class='ocrx_word' id='word_1_91' title='bbox 1423 1041 1495 1095; x_wconf 89' lang='lat' dir='ltr'><strong>sit</strong></span> <span class='ocrx_word' id='word_1_92' title='bbox 1526 1047 1640 1095; x_wconf 90' lang='lat' dir='ltr'><strong>toto</strong></span> <span class='ocrx_word' id='word_1_93' title='bbox 1666 1040 1801 1097; x_wconf 86' lang='lat' dir='ltr'><strong>orbe</strong></span> 
     </span>
    </p>
   </div>
   <div class='ocr_carea' id='block_1_13' title="bbox 212 1132 1800 1205">
    <p class='ocr_par' dir='ltr' id='par_1_13' title="bbox 212 1132 1800 1205">
     <span class='ocr_line' id='line_1_13' title="bbox 212 1132 1800 1205; baseline -0.003 -16"><span class='ocrx_word' id='word_1_94' title='bbox 212 1145 466 1190; x_wconf 86' lang='lat' dir='ltr'><strong>terrarum</strong></span> <span class='ocrx_word' id='word_1_95' title='bbox 496 1133 688 1189; x_wconf 72' lang='lat' dir='ltr'><strong>diffusa</strong></span> <span class='ocrx_word' id='word_1_96' title='bbox 723 1153 737 1188; x_wconf 91' lang='lat'><strong>:</strong></span> <span class='ocrx_word' id='word_1_97' title='bbox 787 1134 884 1191; x_wconf 91' lang='lat' dir='ltr'><strong>sed</strong></span> <span class='ocrx_word' id='word_1_98' title='bbox 915 1146 972 1190; x_wconf 89' lang='lat' dir='ltr'><strong>et</strong></span> <span class='ocrx_word' id='word_1_99' title='bbox 1001 1135 1136 1190; x_wconf 90' lang='lat' dir='ltr'><strong>alias</strong></span> <span class='ocrx_word' id='word_1_100' title='bbox 1183 1136 1268 1195; x_wconf 91' lang='lat' dir='ltr'><strong>(ut</strong></span> <span class='ocrx_word' id='word_1_101' title='bbox 1309 1133 1492 1205; x_wconf 88' lang='lat' dir='ltr'><strong>vocat)</strong></span> <span class='ocrx_word' id='word_1_102' title='bbox 1536 1132 1800 1188; x_wconf 62' lang='lat' dir='ltr'><strong>Ecclesiae</strong></span> 
     </span>
    </p>
   </div>
   <div class='ocr_carea' id='block_1_14' title="bbox 210 1226 1796 1299">
    <p class='ocr_par' dir='ltr' id='par_1_14' title="bbox 210 1226 1796 1299">
     <span class='ocr_line' id='line_1_14' title="bbox 210 1226 1796 1299; baseline -0.003 -15"><span class='ocrx_word' id='word_1_103' title='bbox 210 1228 381 1296; x_wconf 87' lang='lat' dir='ltr'><strong>dotes,</strong></span> <span class='ocrx_word' id='word_1_104' title='bbox 405 1228 599 1299; x_wconf 87' lang='lat' dir='ltr'><strong>quibus</strong></span> <span class='ocrx_word' id='word_1_105' title='bbox 631 1228 718 1284; x_wconf 92' lang='lat' dir='ltr'><strong>illa</strong></span> <span class='ocrx_word' id='word_1_106' title='bbox 752 1239 806 1284; x_wconf 91' lang='lat' dir='ltr'><strong>et</strong></span> <span class='ocrx_word' id='word_1_107' title='bbox 842 1237 1066 1283; x_wconf 87' lang='lat' dir='ltr'><strong>ornatur</strong></span> <span class='ocrx_word' id='word_1_108' title='bbox 1095 1237 1151 1284; x_wconf 91' lang='lat' dir='ltr'><strong>et</strong></span> <span class='ocrx_word' id='word_1_109' title='bbox 1176 1227 1535 1298; x_wconf 84' lang='lat' dir='ltr'><strong>dignoscitur,</strong></span> <span class='ocrx_word' id='word_1_110' title='bbox 1559 1226 1796 1282; x_wconf 89' lang='lat' dir='ltr'><strong>iudicat:</strong></span> 
     </span>
    </p>
   </div>
   <div class='ocr_carea' id='block_1_15' title="bbox 211 1321 1802 1394">
    <p class='ocr_par' dir='ltr' id='par_1_15' title="bbox 211 1321 1802 1394">
     <span class='ocr_line' id='line_1_15' title="bbox 211 1321 1802 1394; baseline -0.001 -17"><span class='ocrx_word' id='word_1_111' title='bbox 211 1322 416 1378; x_wconf 86' lang='lat' dir='ltr'><strong>tametsi</strong></span> <span class='ocrx_word' id='word_1_112' title='bbox 456 1321 511 1378; x_wconf 92' lang='lat' dir='ltr'><strong>id</strong></span> <span class='ocrx_word' id='word_1_113' title='bbox 556 1323 717 1378; x_wconf 78' lang='lat' dir='ltr'><strong>faciat</strong></span> <span class='ocrx_word' id='word_1_114' title='bbox 743 1322 936 1394; x_wconf 88' lang='lat' dir='ltr'><strong>frigide</strong></span> <span class='ocrx_word' id='word_1_115' title='bbox 966 1333 1021 1379; x_wconf 89' lang='lat' dir='ltr'><strong>et</strong></span> <span class='ocrx_word' id='word_1_116' title='bbox 1063 1324 1313 1380; x_wconf 87' lang='lat' dir='ltr'><strong>obscure.</strong></span> <span class='ocrx_word' id='word_1_117' title='bbox 1348 1323 1654 1385; x_wconf 62' lang='lat' dir='ltr'><strong>Praetereo,</strong></span> <span class='ocrx_word' id='word_1_118' title='bbox 1681 1337 1802 1391; x_wconf 67' lang='lat' dir='ltr'><strong>qua:</strong></span> 
     </span>
    </p>
   </div>
   <div class='ocr_carea' id='block_1_16' title="bbox 211 1414 1803 1488">
    <p class='ocr_par' dir='ltr' id='par_1_16' title="bbox 211 1414 1803 1488">
     <span class='ocr_line' id='line_1_16' title="bbox 211 1414 1803 1488; baseline 0.001 -19"><span class='ocrx_word' id='word_1_119' title='bbox 211 1416 364 1487; x_wconf 88' lang='lat' dir='ltr'><strong>paulo</strong></span> <span class='ocrx_word' id='word_1_120' title='bbox 406 1426 526 1485; x_wconf 91' lang='lat' dir='ltr'><strong>post</strong></span> <span class='ocrx_word' id='word_1_121' title='bbox 570 1414 926 1488; x_wconf 87' lang='lat' dir='ltr'><strong>Augustinum</strong></span> <span class='ocrx_word' id='word_1_122' title='bbox 961 1415 1278 1472; x_wconf 84' lang='lat' dir='ltr'><strong>Vincentius</strong></span> <span class='ocrx_word' id='word_1_123' title='bbox 1321 1414 1618 1471; x_wconf 86' lang='lat' dir='ltr'><strong>Lirinensis</strong></span> <span class='ocrx_word' id='word_1_124' title='bbox 1645 1429 1708 1470; x_wconf 91' lang='lat' dir='ltr'><strong>ea</strong></span> <span class='ocrx_word' id='word_1_125' title='bbox 1735 1414 1803 1470; x_wconf 88' lang='lat' dir='ltr'><strong>de</strong></span> 
     </span>
    </p>
   </div>
   <div class='ocr_carea' id='block_1_17' title="bbox 209 1508 1804 1582">
    <p class='ocr_par' dir='ltr' id='par_1_17' title="bbox 209 1508 1804 1582">
     <span class='ocr_line' id='line_1_17' title="bbox 209 1508 1804 1582; baseline -0.001 -17"><span class='ocrx_word' id='word_1_126' title='bbox 209 1525 267 1565; x_wconf 89' lang='lat' dir='ltr'><strong>re</strong></span> <span class='ocrx_word' id='word_1_127' title='bbox 289 1516 494 1566; x_wconf 89' lang='lat' dir='ltr'><strong>acutius</strong></span> <span class='ocrx_word' id='word_1_128' title='bbox 541 1511 779 1582; x_wconf 85' lang='lat' dir='ltr'><strong>scripsit.</strong></span> <span class='ocrx_word' id='word_1_129' title='bbox 834 1509 941 1566; x_wconf 87' lang='lat' dir='ltr'><strong>Sed</strong></span> <span class='ocrx_word' id='word_1_130' title='bbox 970 1509 1102 1565; x_wconf 91' lang='lat' dir='ltr'><strong>illud</strong></span> <span class='ocrx_word' id='word_1_131' title='bbox 1150 1509 1295 1576; x_wconf 90' lang='lat' dir='ltr'><strong>dico,</strong></span> <span class='ocrx_word' id='word_1_132' title='bbox 1331 1525 1452 1566; x_wconf 92' lang='lat' dir='ltr'><strong>cum</strong></span> <span class='ocrx_word' id='word_1_133' title='bbox 1503 1508 1804 1579; x_wconf 87' lang='lat' dir='ltr'><strong>apostolica</strong></span> 
     </span>
    </p>
   </div>
   <div class='ocr_carea' id='block_1_18' title="bbox 213 1601 1803 1673">
    <p class='ocr_par' dir='ltr' id='par_1_18' title="bbox 213 1601 1803 1673">
     <span class='ocr_line' id='line_1_18' title="bbox 213 1601 1803 1673; baseline -0.001 -16"><span class='ocrx_word' id='word_1_134' title='bbox 213 1602 442 1658; x_wconf 81' lang='lat' dir='ltr'><strong>Ecclesia</strong></span> <span class='ocrx_word' id='word_1_135' title='bbox 483 1602 825 1672; x_wconf 81' lang='lat' dir='ltr'><strong>defenditur,</strong></span> <span class='ocrx_word' id='word_1_136' title='bbox 857 1617 965 1658; x_wconf 92' lang='lat' dir='ltr'><strong>non</strong></span> <span class='ocrx_word' id='word_1_137' title='bbox 993 1601 1212 1659; x_wconf 87' lang='lat' dir='ltr'><strong>defendi</strong></span> <span class='ocrx_word' id='word_1_138' title='bbox 1240 1603 1596 1673; x_wconf 88' lang='lat' dir='ltr'><strong>apostolicam</strong></span> <span class='ocrx_word' id='word_1_139' title='bbox 1628 1601 1803 1656; x_wconf 91' lang='lat' dir='ltr'><strong>collu-</strong></span> 
     </span>
    </p>
   </div>
   <div class='ocr_carea' id='block_1_19' title="bbox 211 1694 1804 1766">
    <p class='ocr_par' dir='ltr' id='par_1_19' title="bbox 211 1694 1804 1766">
     <span class='ocr_line' id='line_1_19' title="bbox 211 1694 1804 1766; baseline -0.001 -17"><span class='ocrx_word' id='word_1_140' title='bbox 211 1696 418 1752; x_wconf 91' lang='lat' dir='ltr'><strong>vionem</strong></span> <span class='ocrx_word' id='word_1_141' title='bbox 465 1696 822 1766; x_wconf 88' lang='lat' dir='ltr'><strong>quorumdam</strong></span> <span class='ocrx_word' id='word_1_142' title='bbox 876 1695 1207 1750; x_wconf 86' lang='lat' dir='ltr'><strong>nebulonum</strong></span> <span class='ocrx_word' id='word_1_143' title='bbox 1261 1695 1353 1766; x_wconf 88' lang='lat' dir='ltr'><strong>qui</strong></span> <span class='ocrx_word' id='word_1_144' title='bbox 1396 1694 1661 1751; x_wconf 79' lang='grc' dir='ltr'><strong>κακολνκοὶ</strong></span> <span class='ocrx_word' id='word_1_145' title='bbox 1704 1709 1804 1764; x_wconf 87' lang='lat' dir='ltr'><strong>po-</strong></span> 
     </span>
    </p>
   </div>
   <div class='ocr_carea' id='block_1_20' title="bbox 1899 669 3499 764">
    <p class='ocr_par' dir='ltr' id='par_1_20' title="bbox 1899 669 3499 764">
     <span class='ocr_line' id='line_1_20' title="bbox 1899 669 3499 764; baseline 0.017 -40"><span class='ocrx_word' id='word_1_146' title='bbox 1899 669 2149 727; x_wconf 85' lang='lat' dir='ltr'><strong>Africana</strong></span> <span class='ocrx_word' id='word_1_147' title='bbox 2178 689 2336 744; x_wconf 90' lang='lat' dir='ltr'><strong>quam</strong></span> <span class='ocrx_word' id='word_1_148' title='bbox 2365 677 2432 732; x_wconf 93' lang='lat' dir='ltr'><strong>de</strong></span> <span class='ocrx_word' id='word_1_149' title='bbox 2457 678 2696 735; x_wconf 86' lang='lat' dir='ltr'><strong>Romana</strong></span> <span class='ocrx_word' id='word_1_150' title='bbox 2723 681 2962 739; x_wconf 84' lang='lat' dir='ltr'><strong>Ecclesia</strong></span> <span class='ocrx_word' id='word_1_151' title='bbox 2994 685 3255 762; x_wconf 89' lang='lat' dir='ltr'><strong>deinceps</strong></span> <span class='ocrx_word' id='word_1_152' title='bbox 3285 708 3499 764; x_wconf 73' lang='lat' dir='ltr'><strong>qutere-</strong></span> 
     </span>
    </p>
   </div>
   <div class='ocr_carea' id='block_1_21' title="bbox 1898 767 3496 844">
    <p class='ocr_par' dir='ltr' id='par_1_21' title="bbox 1898 767 3496 844">
     <span class='ocr_line' id='line_1_21' title="bbox 1898 767 3496 844; baseline 0.014 -26"><span class='ocrx_word' id='word_1_153' title='bbox 1898 771 2070 830; x_wconf 87' lang='lat' dir='ltr'><strong>retur,</strong></span> <span class='ocrx_word' id='word_1_154' title='bbox 2099 774 2155 820; x_wconf 91' lang='lat' dir='ltr'><strong>et</strong></span> <span class='ocrx_word' id='word_1_155' title='bbox 2181 783 2371 824; x_wconf 87' lang='lat' dir='ltr'><strong>rursus</strong></span> <span class='ocrx_word' id='word_1_156' title='bbox 2394 767 2674 842; x_wconf 75' lang='lat' dir='ltr'><strong>multiplex</strong></span> <span class='ocrx_word' id='word_1_157' title='bbox 2702 775 2932 844; x_wconf 68' lang='lat' dir='ltr'><strong>qumSIio</strong></span> <span class='ocrx_word' id='word_1_158' title='bbox 2958 778 3080 835; x_wconf 87' lang='lat' dir='ltr'><strong>facti</strong></span> <span class='ocrx_word' id='word_1_159' title='bbox 3124 781 3496 842; x_wconf 87' lang='lat' dir='ltr'><strong>oboriebatur.</strong></span> 
     </span>
    </p>
   </div>
   <div class='ocr_carea' id='block_1_22' title="bbox 1899 853 3501 935">
    <p class='ocr_par' dir='ltr' id='par_1_22' title="bbox 1899 853 3501 935">
     <span class='ocr_line' id='line_1_22' title="bbox 1899 853 3501 935; baseline 0.016 -25"><span class='ocrx_word' id='word_1_160' title='bbox 1899 853 2015 912; x_wconf 84' lang='lat' dir='ltr'><strong>Non</strong></span> <span class='ocrx_word' id='word_1_161' title='bbox 2059 859 2328 930; x_wconf 89' lang='lat' dir='ltr'><strong>negabant</strong></span> <span class='ocrx_word' id='word_1_162' title='bbox 2375 862 2670 922; x_wconf 85' lang='lat' dir='ltr'><strong>Donatistae</strong></span> <span class='ocrx_word' id='word_1_163' title='bbox 2713 865 2993 927; x_wconf 81' lang='lat' dir='ltr'><strong>Africanas</strong></span> <span class='ocrx_word' id='word_1_164' title='bbox 3044 872 3317 933; x_wconf 82' lang='lat' dir='ltr'><strong>Ecclesias</strong></span> <span class='ocrx_word' id='word_1_165' title='bbox 3362 888 3501 935; x_wconf 89' lang='lat' dir='ltr'><strong>tam-</strong></span> 
     </span>
    </p>
   </div>
   <div class='ocr_carea' id='block_1_23' title="bbox 1899 952 3498 1044">
    <p class='ocr_par' dir='ltr' id='par_1_23' title="bbox 1899 952 3498 1044">
     <span class='ocr_line' id='line_1_23' title="bbox 1899 952 3498 1044; baseline 0.017 -42"><span class='ocrx_word' id='word_1_166' title='bbox 1899 963 2058 1019; x_wconf 89' lang='lat' dir='ltr'><strong>quam</strong></span> <span class='ocrx_word' id='word_1_167' title='bbox 2086 952 2329 1008; x_wconf 89' lang='lat' dir='ltr'><strong>colonias</strong></span> <span class='ocrx_word' id='word_1_168' title='bbox 2351 957 2624 1028; x_wconf 82' lang='lat' dir='ltr'><strong>respicere</strong></span> <span class='ocrx_word' id='word_1_169' title='bbox 2645 959 2867 1030; x_wconf 89' lang='lat' dir='ltr'><strong>debere,</strong></span> <span class='ocrx_word' id='word_1_170' title='bbox 2899 963 3195 1023; x_wconf 87' lang='lat' dir='ltr'><strong>Romanam</strong></span> <span class='ocrx_word' id='word_1_171' title='bbox 3228 980 3498 1044; x_wconf 88' lang='lat' dir='ltr'><strong>tamquam</strong></span> 
     </span>
    </p>
   </div>
   <div class='ocr_carea' id='block_1_24' title="bbox 1901 1045 3497 1135">
    <p class='ocr_par' dir='ltr' id='par_1_24' title="bbox 1901 1045 3497 1135">
     <span class='ocr_line' id='line_1_24' title="bbox 1901 1045 3497 1135; baseline 0.016 -39"><span class='ocrx_word' id='word_1_172' title='bbox 1901 1045 2270 1135; x_wconf 76' lang='lat' dir='ltr'><strong>metropolim,</strong></span> <span class='ocrx_word' id='word_1_173' title='bbox 2300 1057 2358 1103; x_wconf 91' lang='lat' dir='ltr'><strong>ut</strong></span> <span class='ocrx_word' id='word_1_174' title='bbox 2401 1059 2458 1105; x_wconf 90' lang='lat' dir='ltr'><strong>et</strong></span> <span class='ocrx_word' id='word_1_175' title='bbox 2495 1049 2864 1110; x_wconf 89' lang='lat' dir='ltr'><strong>Tertullianus</strong></span> <span class='ocrx_word' id='word_1_176' title='bbox 2894 1057 3025 1114; x_wconf 89' lang='lat' dir='ltr'><strong>Afcr</strong></span> <span class='ocrx_word' id='word_1_177' title='bbox 3051 1060 3120 1117; x_wconf 92' lang='lat' dir='ltr'><strong>de</strong></span> <span class='ocrx_word' id='word_1_178' title='bbox 3148 1062 3456 1135; x_wconf 82' lang='lat' dir='ltr'><strong>Pracscript.</strong></span> <span class='ocrx_word' id='word_1_179' title='bbox 3483 1084 3497 1122; x_wconf 90' lang='lat'>:</span> 
     </span>
    </p>
   </div>
   <div class='ocr_carea' id='block_1_25' title="bbox 1909 1133 3502 1227">
    <p class='ocr_par' dir='ltr' id='par_1_25' title="bbox 1909 1133 3502 1227">
     <span class='ocr_line' id='line_1_25' title="bbox 1909 1133 3502 1227; baseline 0.018 -38"><span class='ocrx_word' id='word_1_180' title='bbox 1909 1133 2224 1204; x_wconf 77' lang='lat' dir='ltr'><strong>Videamus,</strong></span> <span class='ocrx_word' id='word_1_181' title='bbox 2273 1140 2476 1213; x_wconf 86' lang='lat' dir='ltr'><strong>inquit,</strong></span> <span class='ocrx_word' id='word_1_182' title='bbox 2517 1146 2644 1214; x_wconf 86' lang='lat' dir='ltr'><strong>quid</strong></span> <span class='ocrx_word' id='word_1_183' title='bbox 2674 1145 2908 1204; x_wconf 78' lang='lat' dir='ltr'><strong>Ecclesia</strong></span> <span class='ocrx_word' id='word_1_184' title='bbox 2950 1150 3185 1209; x_wconf 85' lang='lat' dir='ltr'><strong>Romana</strong></span> <span class='ocrx_word' id='word_1_185' title='bbox 3230 1133 3502 1227; x_wconf 80' lang='lat' dir='ltr'><strong>didicerit,</strong></span> 
     </span>
    </p>
   </div>
   <div class='ocr_carea' id='block_1_26' title="bbox 1900 1229 3504 1312">
    <p class='ocr_par' dir='ltr' id='par_1_26' title="bbox 1900 1229 3504 1312">
     <span class='ocr_line' id='line_1_26' title="bbox 1900 1229 3504 1312; baseline 0.017 -32"><span class='ocrx_word' id='word_1_186' title='bbox 1900 1229 2026 1298; x_wconf 87' lang='lat' dir='ltr'><strong>quid</strong></span> <span class='ocrx_word' id='word_1_187' title='bbox 2050 1229 2314 1300; x_wconf 86' lang='lat' dir='ltr'><strong>docuerit,</strong></span> <span class='ocrx_word' id='word_1_188' title='bbox 2358 1250 2475 1289; x_wconf 89' lang='lat' dir='ltr'><strong>cum</strong></span> <span class='ocrx_word' id='word_1_189' title='bbox 2508 1235 2766 1309; x_wconf 77' lang='lat' dir='ltr'><strong>Africanis</strong></span> <span class='ocrx_word' id='word_1_190' title='bbox 2790 1258 2989 1312; x_wconf 84' lang='lat' dir='ltr'><strong>quoque</strong></span> <span class='ocrx_word' id='word_1_191' title='bbox 3028 1244 3274 1303; x_wconf 83' lang='lat' dir='ltr'><strong>Ecclesiis</strong></span> <span class='ocrx_word' id='word_1_192' title='bbox 3303 1262 3504 1307; x_wconf 82' lang='lat' dir='ltr'><strong>contes-</strong></span> 
     </span>
    </p>
   </div>
   <div class='ocr_carea' id='block_1_27' title="bbox 1902 1322 3500 1413">
    <p class='ocr_par' dir='ltr' id='par_1_27' title="bbox 1902 1322 3500 1413">
     <span class='ocr_line' id='line_1_27' title="bbox 1902 1322 3500 1413; baseline 0.016 -40"><span class='ocrx_word' id='word_1_193' title='bbox 1902 1322 2105 1378; x_wconf 87' lang='lat' dir='ltr'><strong>serarit.</strong></span> <span class='ocrx_word' id='word_1_194' title='bbox 2163 1323 2305 1395; x_wconf 88' lang='lat' dir='ltr'><strong>Ergo</strong></span> <span class='ocrx_word' id='word_1_195' title='bbox 2331 1326 2628 1384; x_wconf 58' lang='lat' dir='ltr'><strong>Donatistae</strong></span> <span class='ocrx_word' id='word_1_196' title='bbox 2668 1340 2845 1388; x_wconf 90' lang='lat' dir='ltr'><strong>astute</strong></span> <span class='ocrx_word' id='word_1_197' title='bbox 2875 1348 3149 1406; x_wconf 83' lang='lat' dir='ltr'><strong>curarant,</strong></span> <span class='ocrx_word' id='word_1_198' title='bbox 3184 1348 3242 1396; x_wconf 87' lang='lat' dir='ltr'><strong>ut</strong></span> <span class='ocrx_word' id='word_1_199' title='bbox 3269 1343 3500 1413; x_wconf 85' lang='lat' dir='ltr'><strong>aliquam</strong></span> 
     </span>
    </p>
   </div>
   <div class='ocr_carea' id='block_1_28' title="bbox 1904 1415 3504 1502">
    <p class='ocr_par' dir='ltr' id='par_1_28' title="bbox 1904 1415 3504 1502">
     <span class='ocr_line' id='line_1_28' title="bbox 1904 1415 3504 1502; baseline 0.013 -30"><span class='ocrx_word' id='word_1_200' title='bbox 1904 1415 2094 1472; x_wconf 65' lang='lat' dir='ltr'><strong>Romae</strong></span> <span class='ocrx_word' id='word_1_201' title='bbox 2124 1416 2425 1476; x_wconf 85' lang='lat' dir='ltr'><strong>Ecclesiam</strong></span> <span class='ocrx_word' id='word_1_202' title='bbox 2454 1421 2737 1480; x_wconf 89' lang='lat' dir='ltr'><strong>haberent.</strong></span> <span class='ocrx_word' id='word_1_203' title='bbox 2772 1425 2879 1484; x_wconf 89' lang='lat' dir='ltr'><strong>Sed</strong></span> <span class='ocrx_word' id='word_1_204' title='bbox 2912 1444 3016 1486; x_wconf 93' lang='lat' dir='ltr'><strong>non</strong></span> <span class='ocrx_word' id='word_1_205' title='bbox 3058 1442 3352 1502; x_wconf 89' lang='lat' dir='ltr'><strong>potuerunt</strong></span> <span class='ocrx_word' id='word_1_206' title='bbox 3380 1437 3504 1493; x_wconf 87' lang='lat' dir='ltr'><strong>effi-</strong></span> 
     </span>
    </p>
   </div>
   <div class='ocr_carea' id='block_1_29' title="bbox 1903 1513 3507 1597">
    <p class='ocr_par' dir='ltr' id='par_1_29' title="bbox 1903 1513 3507 1597">
     <span class='ocr_line' id='line_1_29' title="bbox 1903 1513 3507 1597; baseline 0.014 -31"><span class='ocrx_word' id='word_1_207' title='bbox 1903 1524 2050 1578; x_wconf 90' lang='lat' dir='ltr'><strong>cere,</strong></span> <span class='ocrx_word' id='word_1_208' title='bbox 2085 1522 2142 1567; x_wconf 92' lang='lat' dir='ltr'><strong>ut</strong></span> <span class='ocrx_word' id='word_1_209' title='bbox 2172 1513 2284 1582; x_wconf 90' lang='lat' dir='ltr'><strong>jam</strong></span> <span class='ocrx_word' id='word_1_210' title='bbox 2314 1514 2440 1572; x_wconf 92' lang='lat' dir='ltr'><strong>inde</strong></span> <span class='ocrx_word' id='word_1_211' title='bbox 2469 1517 2538 1573; x_wconf 87' lang='lat' dir='ltr'><strong>ab</strong></span> <span class='ocrx_word' id='word_1_212' title='bbox 2581 1523 2950 1588; x_wconf 88' lang='lat' dir='ltr'><strong>apostolorum</strong></span> <span class='ocrx_word' id='word_1_213' title='bbox 2993 1528 3330 1597; x_wconf 84' lang='lat' dir='ltr'><strong>temporibus</strong></span> <span class='ocrx_word' id='word_1_214' title='bbox 3362 1531 3507 1588; x_wconf 85' lang='lat' dir='ltr'><strong>vide-</strong></span> 
     </span>
    </p>
   </div>
   <div class='ocr_carea' id='block_1_30' title="bbox 1905 1605 3510 1696">
    <p class='ocr_par' dir='ltr' id='par_1_30' title="bbox 1905 1605 3510 1696">
     <span class='ocr_line' id='line_1_30' title="bbox 1905 1605 3510 1696; baseline 0.015 -36"><span class='ocrx_word' id='word_1_215' title='bbox 1905 1613 2096 1661; x_wconf 91' lang='lat' dir='ltr'><strong>rentur</strong></span> <span class='ocrx_word' id='word_1_216' title='bbox 2125 1605 2196 1663; x_wconf 88' lang='lat' dir='ltr'><strong>ibi</strong></span> <span class='ocrx_word' id='word_1_217' title='bbox 2243 1607 2495 1667; x_wconf 89' lang='lat' dir='ltr'><strong>habuisse</strong></span> <span class='ocrx_word' id='word_1_218' title='bbox 2524 1615 2838 1686; x_wconf 89' lang='lat' dir='ltr'><strong>episcopum</strong></span> <span class='ocrx_word' id='word_1_219' title='bbox 2885 1634 2999 1675; x_wconf 87' lang='lat' dir='ltr'><strong>suae</strong></span> <span class='ocrx_word' id='word_1_220' title='bbox 3023 1631 3206 1677; x_wconf 82' lang='lat' dir='ltr'><strong>sectae.</strong></span> <span class='ocrx_word' id='word_1_221' title='bbox 3251 1625 3393 1696; x_wconf 87' lang='lat' dir='ltr'><strong>Ergo</strong></span> <span class='ocrx_word' id='word_1_222' title='bbox 3420 1642 3510 1685; x_wconf 89' lang='lat' dir='ltr'><strong>re-</strong></span> 
     </span>
    </p>
   </div>
   <div class='ocr_carea' id='block_1_31' title="bbox 1907 1700 3504 1789">
    <p class='ocr_par' dir='ltr' id='par_1_31' title="bbox 1907 1700 3504 1789">
     <span class='ocr_line' id='line_1_31' title="bbox 1907 1700 3504 1789; baseline 0.016 -37"><span class='ocrx_word' id='word_1_223' title='bbox 1907 1700 2085 1754; x_wconf 86' lang='lat' dir='ltr'><strong>vocati</strong></span> <span class='ocrx_word' id='word_1_224' title='bbox 2117 1700 2184 1756; x_wconf 90' lang='lat' dir='ltr'><strong>ad</strong></span> <span class='ocrx_word' id='word_1_225' title='bbox 2215 1703 2481 1774; x_wconf 86' lang='lat' dir='ltr'><strong>originem</strong></span> <span class='ocrx_word' id='word_1_226' title='bbox 2519 1709 2936 1766; x_wconf 87' lang='lat' dir='ltr'><strong>evanescebant.</strong></span> <span class='ocrx_word' id='word_1_227' title='bbox 2975 1712 3251 1786; x_wconf 88' lang='lat' dir='ltr'><strong>Originem</strong></span> <span class='ocrx_word' id='word_1_228' title='bbox 3283 1729 3466 1776; x_wconf 89' lang='lat' dir='ltr'><strong>autem</strong></span> <span class='ocrx_word' id='word_1_229' title='bbox 3487 1761 3504 1789; x_wconf 93' lang='lat'><strong>,</strong></span> 
     </span>
    </p>
   </div>
   <div class='ocr_carea' id='block_1_32' title="bbox 212 1786 3508 1880">
    <p class='ocr_par' dir='ltr' id='par_1_32' title="bbox 212 1786 3508 1880">
     <span class='ocr_line' id='line_1_32' title="bbox 212 1786 3508 1880; baseline 0.008 -37"><span class='ocrx_word' id='word_1_230' title='bbox 212 1790 314 1844; x_wconf 91' lang='lat' dir='ltr'><strong>tius</strong></span> <span class='ocrx_word' id='word_1_231' title='bbox 352 1789 568 1846; x_wconf 89' lang='lat' dir='ltr'><strong>dicendi</strong></span> <span class='ocrx_word' id='word_1_232' title='bbox 600 1799 744 1846; x_wconf 88' lang='lat' dir='ltr'><strong>sunt.</strong></span> <span class='ocrx_word' id='word_1_233' title='bbox 781 1791 922 1860; x_wconf 86' lang='lat' dir='ltr'><strong>Ergo</strong></span> <span class='ocrx_word' id='word_1_234' title='bbox 954 1791 1247 1846; x_wconf 70' lang='lat' dir='ltr'><strong>DouatiStm</strong></span> <span class='ocrx_word' id='word_1_235' title='bbox 1271 1801 1546 1862; x_wconf 89' lang='lat' dir='ltr'><strong>postremo</strong></span> <span class='ocrx_word' id='word_1_236' title='bbox 1567 1787 1806 1844; x_wconf 87' lang='lat' dir='ltr'><strong>Catholi-</strong></span> <span class='ocrx_word' id='word_1_237' title='bbox 1832 1786 1882 1848; x_wconf 91' lang='lat' dir='ltr'><strong>B</strong></span> <span class='ocrx_word' id='word_1_238' title='bbox 1907 1805 2029 1846; x_wconf 92' lang='lat' dir='ltr'><strong>cum</strong></span> <span class='ocrx_word' id='word_1_239' title='bbox 2081 1792 2149 1848; x_wconf 93' lang='lat' dir='ltr'><strong>de</strong></span> <span class='ocrx_word' id='word_1_240' title='bbox 2197 1798 2542 1854; x_wconf 89' lang='lat' dir='ltr'><strong>successione</strong></span> <span class='ocrx_word' id='word_1_241' title='bbox 2599 1811 2870 1871; x_wconf 84' lang='lat' dir='ltr'><strong>ageretur,</strong></span> <span class='ocrx_word' id='word_1_242' title='bbox 2925 1803 3315 1877; x_wconf 90' lang='lat' dir='ltr'><strong>inspiciendam</strong></span> <span class='ocrx_word' id='word_1_243' title='bbox 3360 1786 3508 1880; x_wconf 78' lang='lat' dir='ltr'><strong>esse,</strong></span> 
     </span>
    </p>
   </div>
   <div class='ocr_carea' id='block_1_33' title="bbox 212 1881 1806 1954">
    <p class='ocr_par' dir='ltr' id='par_1_33' title="bbox 212 1881 1806 1954">
     <span class='ocr_line' id='line_1_33' title="bbox 212 1881 1806 1954; baseline -0.001 -16"><span class='ocrx_word' id='word_1_244' title='bbox 212 1884 287 1938; x_wconf 91' lang='lat' dir='ltr'><strong>cis</strong></span> <span class='ocrx_word' id='word_1_245' title='bbox 315 1883 640 1954; x_wconf 75' lang='lat' dir='ltr'><strong>apOSIasiam</strong></span> <span class='ocrx_word' id='word_1_246' title='bbox 684 1883 1028 1953; x_wconf 71' lang='lat' dir='ltr'><strong>obiecerunt,</strong></span> <span class='ocrx_word' id='word_1_247' title='bbox 1062 1884 1218 1954; x_wconf 82' lang='lat' dir='ltr'><strong>cujus</strong></span> <span class='ocrx_word' id='word_1_248' title='bbox 1269 1893 1449 1938; x_wconf 90' lang='lat' dir='ltr'><strong>tamen</strong></span> <span class='ocrx_word' id='word_1_249' title='bbox 1484 1881 1586 1953; x_wconf 90' lang='lat' dir='ltr'><strong>ipsi</strong></span> <span class='ocrx_word' id='word_1_250' title='bbox 1627 1882 1806 1952; x_wconf 89' lang='lat' dir='ltr'><strong>potius</strong></span> 
     </span>
    </p>
   </div>
   <div class='ocr_carea' id='block_1_34' title="bbox 212 1975 1804 2048">
    <p class='ocr_par' dir='ltr' id='par_1_34' title="bbox 212 1975 1804 2048">
     <span class='ocr_line' id='line_1_34' title="bbox 212 1975 1804 2048; baseline -0.001 -17"><span class='ocrx_word' id='word_1_251' title='bbox 212 1977 288 2031; x_wconf 80' lang='lat' dir='ltr'><strong>rei</strong></span> <span class='ocrx_word' id='word_1_252' title='bbox 319 1985 493 2030; x_wconf 89' lang='lat' dir='ltr'><strong>erant.</strong></span> <span class='ocrx_word' id='word_1_253' title='bbox 527 1977 856 2047; x_wconf 76' lang='lat' dir='ltr'><strong>Augustinus</strong></span> <span class='ocrx_word' id='word_1_254' title='bbox 903 1977 956 2031; x_wconf 91' lang='lat' dir='ltr'><strong>iu</strong></span> <span class='ocrx_word' id='word_1_255' title='bbox 1009 1976 1104 2033; x_wconf 85' lang='lat' dir='ltr'><strong>lib.</strong></span> <span class='ocrx_word' id='word_1_256' title='bbox 1133 1977 1202 2033; x_wconf 92' lang='lat' dir='ltr'><strong>de</strong></span> <span class='ocrx_word' id='word_1_257' title='bbox 1233 1991 1404 2048; x_wconf 80' lang='lat' dir='ltr'><strong>agone</strong></span> <span class='ocrx_word' id='word_1_258' title='bbox 1431 1975 1636 2030; x_wconf 80' lang='lat' dir='ltr'><strong>Christ.</strong></span> <span class='ocrx_word' id='word_1_259' title='bbox 1683 1989 1804 2044; x_wconf 88' lang='lat' dir='ltr'><strong>cap.</strong></span> 
     </span>
    </p>
   </div>
   <div class='ocr_carea' id='block_1_35' title="bbox 214 2066 1809 2140">
    <p class='ocr_par' dir='ltr' id='par_1_35' title="bbox 214 2066 1809 2140">
     <span class='ocr_line' id='line_1_35' title="bbox 214 2066 1809 2140; baseline -0.001 -18"><span class='ocrx_word' id='word_1_260' title='bbox 214 2068 282 2124; x_wconf 76' lang='lat'><strong>9.9</strong></span> <span class='ocrx_word' id='word_1_261' title='bbox 306 2086 317 2121; x_wconf 88' lang='lat'><strong>:</strong></span> <span class='ocrx_word' id='word_1_262' title='bbox 349 2067 498 2135; x_wconf 86' lang='lat' dir='ltr'><strong>Cum,</strong></span> <span class='ocrx_word' id='word_1_263' title='bbox 531 2069 720 2140; x_wconf 89' lang='lat' dir='ltr'><strong>inquit,</strong></span> <span class='ocrx_word' id='word_1_264' title='bbox 743 2068 1030 2124; x_wconf 79' lang='lat' dir='ltr'><strong>Donatistis</strong></span> <span class='ocrx_word' id='word_1_265' title='bbox 1059 2069 1241 2140; x_wconf 86' lang='lat' dir='ltr'><strong>objicis</strong></span> <span class='ocrx_word' id='word_1_266' title='bbox 1264 2070 1401 2123; x_wconf 88' lang='lat' dir='ltr'><strong>locos</strong></span> <span class='ocrx_word' id='word_1_267' title='bbox 1430 2069 1717 2139; x_wconf 74' lang='lat' dir='ltr'><strong>Scriptum</strong></span> <span class='ocrx_word' id='word_1_268' title='bbox 1747 2066 1809 2120; x_wconf 89' lang='lat' dir='ltr'><strong>de</strong></span> 
     </span>
    </p>
   </div>
   <div class='ocr_carea' id='block_1_36' title="bbox 217 2162 1812 2234">
    <p class='ocr_par' dir='ltr' id='par_1_36' title="bbox 217 2162 1812 2234">
     <span class='ocr_line' id='line_1_36' title="bbox 217 2162 1812 2234; baseline -0.001 -16"><span class='ocrx_word' id='word_1_269' title='bbox 217 2162 447 2219; x_wconf 82' lang='lat' dir='ltr'><strong>Ecclesia</strong></span> <span class='ocrx_word' id='word_1_270' title='bbox 475 2173 578 2219; x_wconf 91' lang='lat' dir='ltr'><strong>toto</strong></span> <span class='ocrx_word' id='word_1_271' title='bbox 601 2164 720 2219; x_wconf 88' lang='lat' dir='ltr'><strong>orbe</strong></span> <span class='ocrx_word' id='word_1_272' title='bbox 751 2163 1114 2232; x_wconf 74' lang='lat' dir='ltr'><strong>diﬂ&#39;nndenda,</strong></span> <span class='ocrx_word' id='word_1_273' title='bbox 1139 2163 1347 2230; x_wconf 86' lang='lat' dir='ltr'><strong>dicunt,</strong></span> <span class='ocrx_word' id='word_1_274' title='bbox 1376 2164 1493 2234; x_wconf 87' lang='lat' dir='ltr'><strong>jam</strong></span> <span class='ocrx_word' id='word_1_275' title='bbox 1513 2163 1614 2218; x_wconf 89' lang='lat' dir='ltr'><strong>ista</strong></span> <span class='ocrx_word' id='word_1_276' title='bbox 1637 2163 1812 2218; x_wconf 84' lang='lat' dir='ltr'><strong>omnia</strong></span> 
     </span>
    </p>
   </div>
   <div class='ocr_carea' id='block_1_37' title="bbox 219 2255 1812 2329">
    <p class='ocr_par' dir='ltr' id='par_1_37' title="bbox 219 2255 1812 2329">
     <span class='ocr_line' id='line_1_37' title="bbox 219 2255 1812 2329; baseline -0.001 -19"><span class='ocrx_word' id='word_1_277' title='bbox 219 2255 374 2326; x_wconf 75' lang='lat' dir='ltr'><strong>fuisse</strong></span> <span class='ocrx_word' id='word_1_278' title='bbox 398 2257 671 2329; x_wconf 89' lang='lat' dir='ltr'><strong>completa,</strong></span> <span class='ocrx_word' id='word_1_279' title='bbox 701 2267 974 2327; x_wconf 85' lang='lat' dir='ltr'><strong>antequam</strong></span> <span class='ocrx_word' id='word_1_280' title='bbox 998 2266 1129 2313; x_wconf 85' lang='lat' dir='ltr'><strong>esset</strong></span> <span class='ocrx_word' id='word_1_281' title='bbox 1162 2274 1286 2328; x_wconf 87' lang='lat' dir='ltr'><strong>pars</strong></span> <span class='ocrx_word' id='word_1_282' title='bbox 1310 2255 1498 2311; x_wconf 88' lang='lat' dir='ltr'><strong>Donati</strong></span> <span class='ocrx_word' id='word_1_283' title='bbox 1529 2271 1548 2310; x_wconf 91' lang='lat'><strong><em>:</em></strong></span> <span class='ocrx_word' id='word_1_284' title='bbox 1570 2255 1660 2310; x_wconf 89' lang='lat' dir='ltr'><strong>sed</strong></span> <span class='ocrx_word' id='word_1_285' title='bbox 1693 2271 1812 2327; x_wconf 88' lang='lat' dir='ltr'><strong>pos-</strong></span> 
     </span>
    </p>
   </div>
   <div class='ocr_carea' id='block_1_38' title="bbox 220 2345 1815 2420">
    <p class='ocr_par' dir='ltr' id='par_1_38' title="bbox 220 2345 1815 2420">
     <span class='ocr_line' id='line_1_38' title="bbox 220 2345 1815 2420; baseline 0.001 -19"><span class='ocrx_word' id='word_1_286' title='bbox 220 2357 300 2402; x_wconf 87' lang='lat' dir='ltr'><strong>tea</strong></span> <span class='ocrx_word' id='word_1_287' title='bbox 325 2358 482 2402; x_wconf 84' lang='lat' dir='ltr'><strong>totam</strong></span> <span class='ocrx_word' id='word_1_288' title='bbox 529 2347 817 2404; x_wconf 81' lang='lat' dir='ltr'><strong>Ecclesiam</strong></span> <span class='ocrx_word' id='word_1_289' title='bbox 858 2351 1093 2420; x_wconf 84' lang='lat' dir='ltr'><strong>periisse,</strong></span> <span class='ocrx_word' id='word_1_290' title='bbox 1125 2359 1174 2404; x_wconf 89' lang='lat' dir='ltr'><strong>et</strong></span> <span class='ocrx_word' id='word_1_291' title='bbox 1202 2350 1257 2403; x_wconf 88' lang='lat' dir='ltr'><strong>in</strong></span> <span class='ocrx_word' id='word_1_292' title='bbox 1283 2349 1395 2404; x_wconf 86' lang='lat' dir='ltr'><strong>sola</strong></span> <span class='ocrx_word' id='word_1_293' title='bbox 1423 2345 1620 2402; x_wconf 88' lang='lat' dir='ltr'><strong>Donati</strong></span> <span class='ocrx_word' id='word_1_294' title='bbox 1669 2355 1815 2419; x_wconf 87' lang='lat' dir='ltr'><strong>parte</strong></span> 
     </span>
    </p>
   </div>
   <div class='ocr_carea' id='block_1_39' title="bbox 221 2440 1817 2516">
    <p class='ocr_par' dir='ltr' id='par_1_39' title="bbox 221 2440 1817 2516">
     <span class='ocr_line' id='line_1_39' title="bbox 221 2440 1817 2516; baseline 0.002 -23"><span class='ocrx_word' id='word_1_295' title='bbox 221 2442 462 2510; x_wconf 81' lang='lat' dir='ltr'><strong>reliquias</strong></span> <span class='ocrx_word' id='word_1_296' title='bbox 503 2445 614 2516; x_wconf 84' lang='lat' dir='ltr'><strong>ejus</strong></span> <span class='ocrx_word' id='word_1_297' title='bbox 656 2445 907 2499; x_wconf 85' lang='lat' dir='ltr'><strong>mansisse</strong></span> <span class='ocrx_word' id='word_1_298' title='bbox 933 2443 1269 2498; x_wconf 85' lang='lat' dir='ltr'><strong>contendunt.</strong></span> <span class='ocrx_word' id='word_1_299' title='bbox 1299 2442 1439 2511; x_wconf 84' lang='lat' dir='ltr'><strong>Quid</strong></span> <span class='ocrx_word' id='word_1_300' title='bbox 1465 2441 1532 2498; x_wconf 89' lang='lat' dir='ltr'><strong>ad</strong></span> <span class='ocrx_word' id='word_1_301' title='bbox 1563 2441 1681 2498; x_wconf 58' lang='lat' dir='ltr'><strong>haec</strong></span> <span class='ocrx_word' id='word_1_302' title='bbox 1705 2440 1817 2497; x_wconf 85' lang='lat' dir='ltr'><strong>Au-</strong></span> 
     </span>
    </p>
   </div>
   <div class='ocr_carea' id='block_1_40' title="bbox 223 2533 1816 2609">
    <p class='ocr_par' dir='ltr' id='par_1_40' title="bbox 223 2533 1816 2609">
     <span class='ocr_line' id='line_1_40' title="bbox 223 2533 1816 2609; baseline 0.001 -21"><span class='ocrx_word' id='word_1_303' title='bbox 223 2533 507 2604; x_wconf 85' lang='lat' dir='ltr'><strong>gustinus?</strong></span> <span class='ocrx_word' id='word_1_304' title='bbox 533 2533 576 2588; x_wconf 86' lang='lat'><em>0</em></span> <span class='ocrx_word' id='word_1_305' title='bbox 604 2535 858 2609; x_wconf 85' lang='lat' dir='ltr'><strong>linguam,</strong></span> <span class='ocrx_word' id='word_1_306' title='bbox 883 2536 1076 2607; x_wconf 88' lang='lat' dir='ltr'><strong>inquit,</strong></span> <span class='ocrx_word' id='word_1_307' title='bbox 1109 2536 1379 2608; x_wconf 84' lang='lat' dir='ltr'><strong>superbam</strong></span> <span class='ocrx_word' id='word_1_308' title='bbox 1428 2545 1473 2590; x_wconf 88' lang='lat' dir='ltr'><strong>et</strong></span> <span class='ocrx_word' id='word_1_309' title='bbox 1517 2535 1816 2608; x_wconf 78' lang='lat' dir='ltr'><strong>nefariam!</strong></span> 
     </span>
    </p>
   </div>
   <div class='ocr_carea' id='block_1_41' title="bbox 225 2611 1821 2694">
    <p class='ocr_par' dir='ltr' id='par_1_41' title="bbox 225 2611 1821 2694">
     <span class='ocr_line' id='line_1_41' title="bbox 225 2611 1821 2694; baseline 0.002 -13"><span class='ocrx_word' id='word_1_310' title='bbox 225 2625 368 2683; x_wconf 86' lang='lat' dir='ltr'><strong>Idem</strong></span> <span class='ocrx_word' id='word_1_311' title='bbox 400 2627 455 2682; x_wconf 93' lang='lat' dir='ltr'><strong>in</strong></span> <span class='ocrx_word' id='word_1_312' title='bbox 480 2626 619 2683; x_wconf 90' lang='lat' dir='ltr'><strong>libro</strong></span> <span class='ocrx_word' id='word_1_313' title='bbox 644 2627 713 2684; x_wconf 91' lang='lat' dir='ltr'><strong>de</strong></span> <span class='ocrx_word' id='word_1_314' title='bbox 735 2628 881 2684; x_wconf 87' lang='lat' dir='ltr'><strong>Unit.</strong></span> <span class='ocrx_word' id='word_1_315' title='bbox 914 2639 1102 2685; x_wconf 91' lang='lat' dir='ltr'><strong>contra</strong></span> <span class='ocrx_word' id='word_1_316' title='bbox 1132 2627 1452 2685; x_wconf 87' lang='lat' dir='ltr'><strong>Petilianum</strong></span> <span class='ocrx_word' id='word_1_317' title='bbox 1481 2611 1684 2694; x_wconf 83' lang='lat' dir='ltr'><strong>narrat,</strong></span> <span class='ocrx_word' id='word_1_318' title='bbox 1714 2628 1821 2684; x_wconf 84' lang='lat' dir='ltr'><strong>Do-</strong></span> 
     </span>
    </p>
   </div>
   <div class='ocr_carea' id='block_1_42' title="bbox 228 2721 1823 2793">
    <p class='ocr_par' dir='ltr' id='par_1_42' title="bbox 228 2721 1823 2793">
     <span class='ocr_line' id='line_1_42' title="bbox 228 2721 1823 2793; baseline 0 -16"><span class='ocrx_word' id='word_1_319' title='bbox 228 2723 451 2778; x_wconf 85' lang='lat' dir='ltr'><strong>natistas</strong></span> <span class='ocrx_word' id='word_1_320' title='bbox 476 2721 692 2793; x_wconf 89' lang='lat' dir='ltr'><strong>quidem</strong></span> <span class='ocrx_word' id='word_1_321' title='bbox 742 2723 1022 2779; x_wconf 85' lang='lat' dir='ltr'><strong>confessos</strong></span> <span class='ocrx_word' id='word_1_322' title='bbox 1075 2721 1291 2778; x_wconf 82' lang='lat' dir='ltr'><strong>tandem</strong></span> <span class='ocrx_word' id='word_1_323' title='bbox 1331 2736 1476 2791; x_wconf 90' lang='lat' dir='ltr'><strong>esse,</strong></span> <span class='ocrx_word' id='word_1_324' title='bbox 1526 2737 1649 2793; x_wconf 76' lang='lat' dir='ltr'><strong>quae</strong></span> <span class='ocrx_word' id='word_1_325' title='bbox 1688 2721 1823 2777; x_wconf 90' lang='lat' dir='ltr'><strong>Pro-</strong></span> 
     </span>
    </p>
   </div>
   <div class='ocr_carea' id='block_1_43' title="bbox 226 2814 1820 2889">
    <p class='ocr_par' dir='ltr' id='par_1_43' title="bbox 226 2814 1820 2889">
     <span class='ocr_line' id='line_1_43' title="bbox 226 2814 1820 2889; baseline 0 -17"><span class='ocrx_word' id='word_1_326' title='bbox 226 2817 405 2889; x_wconf 67' lang='lat' dir='ltr'><strong>pheta:</strong></span> <span class='ocrx_word' id='word_1_327' title='bbox 432 2817 803 2888; x_wconf 68' lang='lat' dir='ltr'><strong>prtedixerunt</strong></span> <span class='ocrx_word' id='word_1_328' title='bbox 827 2816 894 2872; x_wconf 87' lang='lat' dir='ltr'><strong>de</strong></span> <span class='ocrx_word' id='word_1_329' title='bbox 946 2816 1204 2872; x_wconf 71' lang='lat' dir='ltr'><strong>Ecclesiae</strong></span> <span class='ocrx_word' id='word_1_330' title='bbox 1252 2814 1654 2886; x_wconf 89' lang='lat' dir='ltr'><strong>amplitudine:</strong></span> <span class='ocrx_word' id='word_1_331' title='bbox 1724 2817 1820 2872; x_wconf 89' lang='lat' dir='ltr'><strong>sed</strong></span> 
     </span>
    </p>
   </div>
   <div class='ocr_carea' id='block_1_44' title="bbox 226 2909 1818 2984">
    <p class='ocr_par' dir='ltr' id='par_1_44' title="bbox 226 2909 1818 2984">
     <span class='ocr_line' id='line_1_44' title="bbox 226 2909 1818 2984; baseline -0.003 -16"><span class='ocrx_word' id='word_1_332' title='bbox 226 2915 544 2984; x_wconf 82' lang='lat' dir='ltr'><strong>excepisse,</strong></span> <span class='ocrx_word' id='word_1_333' title='bbox 570 2923 755 2984; x_wconf 90' lang='lat' dir='ltr'><strong>postea</strong></span> <span class='ocrx_word' id='word_1_334' title='bbox 791 2911 974 2967; x_wconf 91' lang='lat' dir='ltr'><strong>orbem</strong></span> <span class='ocrx_word' id='word_1_335' title='bbox 1015 2919 1299 2977; x_wconf 87' lang='lat' dir='ltr'><strong>terrarum,</strong></span> <span class='ocrx_word' id='word_1_336' title='bbox 1333 2919 1394 2966; x_wconf 91' lang='lat' dir='ltr'><strong>ut</strong></span> <span class='ocrx_word' id='word_1_337' title='bbox 1433 2909 1818 2981; x_wconf 90' lang='lat' dir='ltr'><strong>loquebantur,</strong></span> 
     </span>
    </p>
   </div>
   <div class='ocr_carea' id='block_1_45' title="bbox 225 3001 1825 3075">
    <p class='ocr_par' dir='ltr' id='par_1_45' title="bbox 225 3001 1825 3075">
     <span class='ocr_line' id='line_1_45' title="bbox 225 3001 1825 3075; baseline -0.001 -15"><span class='ocrx_word' id='word_1_338' title='bbox 225 3013 600 3075; x_wconf 85' lang='lat' dir='ltr'><strong>apostatassc,</strong></span> <span class='ocrx_word' id='word_1_339' title='bbox 673 3003 1045 3074; x_wconf 87' lang='lat' dir='ltr'><strong>defecisseque</strong></span> <span class='ocrx_word' id='word_1_340' title='bbox 1096 3019 1163 3059; x_wconf 86' lang='lat' dir='ltr'><strong>ex</strong></span> <span class='ocrx_word' id='word_1_341' title='bbox 1230 3003 1481 3059; x_wconf 88' lang='lat' dir='ltr'><strong>omnibus</strong></span> <span class='ocrx_word' id='word_1_342' title='bbox 1555 3001 1825 3059; x_wconf 86' lang='lat' dir='ltr'><strong>Gentibus</strong></span> 
     </span>
    </p>
   </div>
   <div class='ocr_carea' id='block_1_46' title="bbox 225 3098 1826 3172">
    <p class='ocr_par' dir='ltr' id='par_1_46' title="bbox 225 3098 1826 3172">
     <span class='ocr_line' id='line_1_46' title="bbox 225 3098 1826 3172; baseline -0.002 -15"><span class='ocrx_word' id='word_1_343' title='bbox 225 3101 592 3158; x_wconf 85' lang='lat' dir='ltr'><strong>Christianam</strong></span> <span class='ocrx_word' id='word_1_344' title='bbox 619 3100 962 3172; x_wconf 85' lang='lat' dir='ltr'><strong>religionem,</strong></span> <span class='ocrx_word' id='word_1_345' title='bbox 984 3108 1210 3170; x_wconf 89' lang='lat' dir='ltr'><strong>excepta</strong></span> <span class='ocrx_word' id='word_1_346' title='bbox 1237 3107 1391 3168; x_wconf 87' lang='lat' dir='ltr'><strong>parte</strong></span> <span class='ocrx_word' id='word_1_347' title='bbox 1411 3098 1604 3154; x_wconf 89' lang='lat' dir='ltr'><strong>Donati</strong></span> <span class='ocrx_word' id='word_1_348' title='bbox 1637 3115 1649 3152; x_wconf 88' lang='lat'><strong>:</strong></span> <span class='ocrx_word' id='word_1_349' title='bbox 1683 3099 1826 3155; x_wconf 90' lang='lat' dir='ltr'><strong>sicut</strong></span> 
     </span>
    </p>
   </div>
   <div class='ocr_carea' id='block_1_47' title="bbox 1911 1883 3514 1964">
    <p class='ocr_par' dir='ltr' id='par_1_47' title="bbox 1911 1883 3514 1964">
     <span class='ocr_line' id='line_1_47' title="bbox 1911 1883 3514 1964; baseline 0.015 -27"><span class='ocrx_word' id='word_1_350' title='bbox 1911 1883 2027 1952; x_wconf 89' lang='lat' dir='ltr'><strong>ipse</strong></span> <span class='ocrx_word' id='word_1_351' title='bbox 2067 1900 2283 1957; x_wconf 90' lang='lat' dir='ltr'><strong>quoque</strong></span> <span class='ocrx_word' id='word_1_352' title='bbox 2327 1888 2697 1949; x_wconf 89' lang='lat' dir='ltr'><strong>Tertullianus</strong></span> <span class='ocrx_word' id='word_1_353' title='bbox 2749 1908 3146 1964; x_wconf 66' lang='lat' dir='ltr'><strong>praemonuerat</strong></span> <span class='ocrx_word' id='word_1_354' title='bbox 3195 1902 3247 1956; x_wconf 91' lang='lat' dir='ltr'><strong>in</strong></span> <span class='ocrx_word' id='word_1_355' title='bbox 3299 1903 3391 1959; x_wconf 94' lang='lat' dir='ltr'><strong>lib.</strong></span> <span class='ocrx_word' id='word_1_356' title='bbox 3441 1904 3514 1961; x_wconf 91' lang='lat' dir='ltr'><strong>de</strong></span> 
     </span>
    </p>
   </div>
   <div class='ocr_carea' id='block_1_48' title="bbox 1911 1973 3515 2059">
    <p class='ocr_par' dir='ltr' id='par_1_48' title="bbox 1911 1973 3515 2059">
     <span class='ocr_line' id='line_1_48' title="bbox 1911 1973 3515 2059; baseline 0.014 -31"><span class='ocrx_word' id='word_1_357' title='bbox 1911 1973 2196 2048; x_wconf 69' lang='lat' dir='ltr'><strong>Prmscrip.</strong></span> <span class='ocrx_word' id='word_1_358' title='bbox 2247 1979 2391 2036; x_wconf 90' lang='lat' dir='ltr'><strong>Sane</strong></span> <span class='ocrx_word' id='word_1_359' title='bbox 2438 1994 2554 2038; x_wconf 85' lang='lat' dir='ltr'><strong>aeta</strong></span> <span class='ocrx_word' id='word_1_360' title='bbox 2601 1983 2922 2042; x_wconf 89' lang='lat' dir='ltr'><strong>Collationis</strong></span> <span class='ocrx_word' id='word_1_361' title='bbox 2969 1998 3254 2059; x_wconf 88' lang='lat' dir='ltr'><strong>testantur,</strong></span> <span class='ocrx_word' id='word_1_362' title='bbox 3294 1993 3515 2050; x_wconf 85' lang='lat' dir='ltr'><strong>Petilia-</strong></span> 
     </span>
    </p>
   </div>
   <div class='ocr_carea' id='block_1_49' title="bbox 1912 2071 3518 2156">
    <p class='ocr_par' dir='ltr' id='par_1_49' title="bbox 1912 2071 3518 2156">
     <span class='ocr_line' id='line_1_49' title="bbox 1912 2071 3518 2156; baseline 0.013 -34"><span class='ocrx_word' id='word_1_363' title='bbox 1912 2082 2042 2122; x_wconf 91' lang='lat' dir='ltr'><strong>num</strong></span> <span class='ocrx_word' id='word_1_364' title='bbox 2068 2071 2452 2141; x_wconf 88' lang='lat' dir='ltr'><strong>anticipatione</strong></span> <span class='ocrx_word' id='word_1_365' title='bbox 2473 2075 2705 2146; x_wconf 92' lang='lat' dir='ltr'><strong>quadam</strong></span> <span class='ocrx_word' id='word_1_366' title='bbox 2734 2092 2916 2149; x_wconf 87' lang='lat' dir='ltr'><strong>usum,</strong></span> <span class='ocrx_word' id='word_1_367' title='bbox 2941 2083 3103 2138; x_wconf 89' lang='lat' dir='ltr'><strong>etiam</strong></span> <span class='ocrx_word' id='word_1_368' title='bbox 3135 2087 3433 2156; x_wconf 84' lang='lat' dir='ltr'><strong>Augustino</strong></span> <span class='ocrx_word' id='word_1_369' title='bbox 3461 2094 3518 2145; x_wconf 89' lang='lat' dir='ltr'><strong>et</strong></span> 
     </span>
    </p>
   </div>
   <div class='ocr_carea' id='block_1_50' title="bbox 1913 2162 3520 2249">
    <p class='ocr_par' dir='ltr' id='par_1_50' title="bbox 1913 2162 3520 2249">
     <span class='ocr_line' id='line_1_50' title="bbox 1913 2162 3520 2249; baseline 0.014 -34"><span class='ocrx_word' id='word_1_370' title='bbox 1913 2162 2032 2232; x_wconf 89' lang='lat' dir='ltr'><strong>ejus</strong></span> <span class='ocrx_word' id='word_1_371' title='bbox 2061 2163 2289 2236; x_wconf 86' lang='lat' dir='ltr'><strong>collegis</strong></span> <span class='ocrx_word' id='word_1_372' title='bbox 2317 2165 2456 2223; x_wconf 92' lang='lat' dir='ltr'><strong>ultro</strong></span> <span class='ocrx_word' id='word_1_373' title='bbox 2486 2167 2637 2224; x_wconf 88' lang='lat' dir='ltr'><strong>litem</strong></span> <span class='ocrx_word' id='word_1_374' title='bbox 2683 2173 2917 2230; x_wconf 85' lang='lat' dir='ltr'><strong>movisse</strong></span> <span class='ocrx_word' id='word_1_375' title='bbox 2947 2174 3014 2230; x_wconf 88' lang='lat' dir='ltr'><strong>de</strong></span> <span class='ocrx_word' id='word_1_376' title='bbox 3045 2176 3254 2249; x_wconf 90' lang='lat' dir='ltr'><strong>origine</strong></span> <span class='ocrx_word' id='word_1_377' title='bbox 3299 2190 3352 2236; x_wconf 89' lang='lat' dir='ltr'><strong>et</strong></span> <span class='ocrx_word' id='word_1_378' title='bbox 3392 2196 3520 2238; x_wconf 88' lang='lat' dir='ltr'><strong>suc-</strong></span> 
     </span>
    </p>
   </div>
   <div class='ocr_carea' id='block_1_51' title="bbox 1914 2257 3517 2344">
    <p class='ocr_par' dir='ltr' id='par_1_51' title="bbox 1914 2257 3517 2344">
     <span class='ocr_line' id='line_1_51' title="bbox 1914 2257 3517 2344; baseline 0.012 -34"><span class='ocrx_word' id='word_1_379' title='bbox 1914 2257 2183 2312; x_wconf 91' lang='lat' dir='ltr'><strong>cessione.</strong></span> <span class='ocrx_word' id='word_1_380' title='bbox 2216 2259 2457 2331; x_wconf 86' lang='lat' dir='ltr'><strong>Rogasse</strong></span> <span class='ocrx_word' id='word_1_381' title='bbox 2499 2263 2666 2329; x_wconf 92' lang='lat' dir='ltr'><strong>enim,</strong></span> <span class='ocrx_word' id='word_1_382' title='bbox 2701 2266 2821 2334; x_wconf 89' lang='lat' dir='ltr'><strong>quis</strong></span> <span class='ocrx_word' id='word_1_383' title='bbox 2849 2283 2946 2323; x_wconf 90' lang='lat' dir='ltr'><strong>eos</strong></span> <span class='ocrx_word' id='word_1_384' title='bbox 2989 2269 3329 2328; x_wconf 86' lang='lat' dir='ltr'><strong>ordinasset?</strong></span> <span class='ocrx_word' id='word_1_385' title='bbox 3355 2290 3517 2344; x_wconf 86' lang='lat' dir='ltr'><strong>quem</strong></span> 
     </span>
    </p>
   </div>
   <div class='ocr_carea' id='block_1_52' title="bbox 1918 2353 3522 2434">
    <p class='ocr_par' dir='ltr' id='par_1_52' title="bbox 1918 2353 3522 2434">
     <span class='ocr_line' id='line_1_52' title="bbox 1918 2353 3522 2434; baseline 0.014 -33"><span class='ocrx_word' id='word_1_386' title='bbox 1918 2359 2124 2419; x_wconf 90' lang='lat' dir='ltr'><strong>patrem</strong></span> <span class='ocrx_word' id='word_1_387' title='bbox 2155 2359 2204 2406; x_wconf 91' lang='lat' dir='ltr'><strong>et</strong></span> <span class='ocrx_word' id='word_1_388' title='bbox 2238 2360 2514 2408; x_wconf 90' lang='lat' dir='ltr'><strong>auctorem</strong></span> <span class='ocrx_word' id='word_1_389' title='bbox 2541 2353 2848 2412; x_wconf 85' lang='lat' dir='ltr'><strong>haberent?</strong></span> <span class='ocrx_word' id='word_1_390' title='bbox 2879 2361 3020 2416; x_wconf 92' lang='lat' dir='ltr'><strong>unde</strong></span> <span class='ocrx_word' id='word_1_391' title='bbox 3043 2364 3381 2434; x_wconf 69' lang='lat' dir='ltr'><strong>coepissent?</strong></span> <span class='ocrx_word' id='word_1_392' title='bbox 3408 2367 3522 2421; x_wconf 84' lang='lat' dir='ltr'><strong>Au-</strong></span> 
     </span>
    </p>
   </div>
   <div class='ocr_carea' id='block_1_53' title="bbox 1917 2443 3525 2524">
    <p class='ocr_par' dir='ltr' id='par_1_53' title="bbox 1917 2443 3525 2524">
     <span class='ocr_line' id='line_1_53' title="bbox 1917 2443 3525 2524; baseline 0.011 -28"><span class='ocrx_word' id='word_1_393' title='bbox 1917 2443 2186 2512; x_wconf 89' lang='lat' dir='ltr'><strong>gustinum</strong></span> <span class='ocrx_word' id='word_1_394' title='bbox 2217 2453 2398 2501; x_wconf 89' lang='lat' dir='ltr'><strong>autem</strong></span> <span class='ocrx_word' id='word_1_395' title='bbox 2451 2449 2823 2518; x_wconf 91' lang='lat' dir='ltr'><strong>respondisse,</strong></span> <span class='ocrx_word' id='word_1_396' title='bbox 2862 2452 2932 2508; x_wconf 89' lang='lat' dir='ltr'><strong>ab</strong></span> <span class='ocrx_word' id='word_1_397' title='bbox 2974 2454 3092 2524; x_wconf 84' lang='lat' dir='ltr'><strong>ipso</strong></span> <span class='ocrx_word' id='word_1_398' title='bbox 3137 2455 3352 2511; x_wconf 85' lang='lat' dir='ltr'><strong>Christo</strong></span> <span class='ocrx_word' id='word_1_399' title='bbox 3383 2458 3525 2513; x_wconf 90' lang='lat' dir='ltr'><strong>indi-</strong></span> 
     </span>
    </p>
   </div>
   <div class='ocr_carea' id='block_1_54' title="bbox 1919 2534 3524 2619">
    <p class='ocr_par' dir='ltr' id='par_1_54' title="bbox 1919 2534 3524 2619">
     <span class='ocr_line' id='line_1_54' title="bbox 1919 2534 3524 2619; baseline 0.011 -30"><span class='ocrx_word' id='word_1_400' title='bbox 1919 2534 2031 2589; x_wconf 88' lang='lat' dir='ltr'><strong>cari</strong></span> <span class='ocrx_word' id='word_1_401' title='bbox 2079 2534 2364 2592; x_wconf 81' lang='lat' dir='ltr'><strong>exordium</strong></span> <span class='ocrx_word' id='word_1_402' title='bbox 2413 2553 2526 2594; x_wconf 69' lang='lat' dir='ltr'><strong>suae</strong></span> <span class='ocrx_word' id='word_1_403' title='bbox 2574 2543 2974 2600; x_wconf 90' lang='lat' dir='ltr'><strong>communionis</strong></span> <span class='ocrx_word' id='word_1_404' title='bbox 3017 2553 3074 2600; x_wconf 88' lang='lat' dir='ltr'><strong>et</strong></span> <span class='ocrx_word' id='word_1_405' title='bbox 3116 2549 3377 2619; x_wconf 88' lang='lat' dir='ltr'><strong>originem</strong></span> <span class='ocrx_word' id='word_1_406' title='bbox 3409 2565 3524 2606; x_wconf 84' lang='lat' dir='ltr'><strong>suae</strong></span> 
     </span>
    </p>
   </div>
   <div class='ocr_carea' id='block_1_55' title="bbox 1922 2627 3527 2711">
    <p class='ocr_par' dir='ltr' id='par_1_55' title="bbox 1922 2627 3527 2711">
     <span class='ocr_line' id='line_1_55' title="bbox 1922 2627 3527 2711; baseline 0.01 -29"><span class='ocrx_word' id='word_1_407' title='bbox 1922 2627 2202 2693; x_wconf 77' lang='lat' dir='ltr'><strong>Ecclesiae,</strong></span> <span class='ocrx_word' id='word_1_408' title='bbox 2241 2645 2361 2698; x_wconf 64' lang='lat' dir='ltr'><strong>quae</strong></span> <span class='ocrx_word' id='word_1_409' title='bbox 2391 2629 2461 2686; x_wconf 92' lang='lat' dir='ltr'><strong>ab</strong></span> <span class='ocrx_word' id='word_1_410' title='bbox 2488 2631 2828 2689; x_wconf 76' lang='lat' dir='ltr'><strong>Hierusalem</strong></span> <span class='ocrx_word' id='word_1_411' title='bbox 2869 2634 3063 2692; x_wconf 74' lang='lat' dir='ltr'><strong>diffusa</strong></span> <span class='ocrx_word' id='word_1_412' title='bbox 3093 2649 3177 2694; x_wconf 91' lang='lat' dir='ltr'><strong>est</strong></span> <span class='ocrx_word' id='word_1_413' title='bbox 3209 2655 3304 2711; x_wconf 92' lang='lat' dir='ltr'><strong>per</strong></span> <span class='ocrx_word' id='word_1_414' title='bbox 3334 2656 3527 2698; x_wconf 91' lang='lat' dir='ltr'><strong>omnes</strong></span> 
     </span>
    </p>
   </div>
   <div class='ocr_carea' id='block_1_56' title="bbox 1922 2721 3524 2796">
    <p class='ocr_par' dir='ltr' id='par_1_56' title="bbox 1922 2721 3524 2796">
     <span class='ocr_line' id='line_1_56' title="bbox 1922 2721 3524 2796; baseline 0.009 -22"><span class='ocrx_word' id='word_1_415' title='bbox 1922 2728 2112 2790; x_wconf 85' lang='lat' dir='ltr'><strong>gentes</strong></span> <span class='ocrx_word' id='word_1_416' title='bbox 2149 2721 2407 2778; x_wconf 90' lang='lat' dir='ltr'><strong>continuo</strong></span> <span class='ocrx_word' id='word_1_417' title='bbox 2433 2724 2665 2795; x_wconf 88' lang='lat' dir='ltr'><strong>quodam</strong></span> <span class='ocrx_word' id='word_1_418' title='bbox 2698 2741 3007 2796; x_wconf 90' lang='lat' dir='ltr'><strong>progressu.</strong></span> <span class='ocrx_word' id='word_1_419' title='bbox 3040 2729 3129 2786; x_wconf 92' lang='lat' dir='ltr'><strong>Sic</strong></span> <span class='ocrx_word' id='word_1_420' title='bbox 3159 2745 3219 2786; x_wconf 89' lang='lat' dir='ltr'><strong>se</strong></span> <span class='ocrx_word' id='word_1_421' title='bbox 3249 2730 3524 2789; x_wconf 91' lang='lat' dir='ltr'><strong>Christum</strong></span> 
     </span>
    </p>
   </div>
   <div class='ocr_carea' id='block_1_57' title="bbox 1925 2811 3526 2888">
    <p class='ocr_par' dir='ltr' id='par_1_57' title="bbox 1925 2811 3526 2888">
     <span class='ocr_line' id='line_1_57' title="bbox 1925 2811 3526 2888; baseline 0.009 -22"><span class='ocrx_word' id='word_1_422' title='bbox 1925 2811 2130 2868; x_wconf 88' lang='lat' dir='ltr'><strong>habere</strong></span> <span class='ocrx_word' id='word_1_423' title='bbox 2154 2824 2336 2885; x_wconf 88' lang='lat' dir='ltr'><strong>caput,</strong></span> <span class='ocrx_word' id='word_1_424' title='bbox 2385 2815 2578 2884; x_wconf 90' lang='lat' dir='ltr'><strong>Deum,</strong></span> <span class='ocrx_word' id='word_1_425' title='bbox 2628 2817 2886 2874; x_wconf 88' lang='lat' dir='ltr'><strong>Patrem:</strong></span> <span class='ocrx_word' id='word_1_426' title='bbox 2920 2830 3171 2888; x_wconf 90' lang='lat' dir='ltr'><strong>matrem,</strong></span> <span class='ocrx_word' id='word_1_427' title='bbox 3225 2822 3526 2880; x_wconf 87' lang='lat' dir='ltr'><strong>Ecclesiam</strong></span> 
     </span>
    </p>
   </div>
   <div class='ocr_carea' id='block_1_58' title="bbox 1926 2904 3530 2984">
    <p class='ocr_par' dir='ltr' id='par_1_58' title="bbox 1926 2904 3530 2984">
     <span class='ocr_line' id='line_1_58' title="bbox 1926 2904 3530 2984; baseline 0.009 -26"><span class='ocrx_word' id='word_1_428' title='bbox 1926 2904 2114 2960; x_wconf 87' lang='lat' dir='ltr'><strong>talem.</strong></span> <span class='ocrx_word' id='word_1_429' title='bbox 2150 2905 2361 2976; x_wconf 80' lang='lat' dir='ltr'><strong>Rogant</strong></span> <span class='ocrx_word' id='word_1_430' title='bbox 2391 2906 2684 2964; x_wconf 66' lang='lat' dir='ltr'><strong>Donatista:</strong></span> <span class='ocrx_word' id='word_1_431' title='bbox 2735 2911 2856 2982; x_wconf 89' lang='lat' dir='ltr'><strong>quis</strong></span> <span class='ocrx_word' id='word_1_432' title='bbox 2891 2911 3254 2984; x_wconf 85' lang='lat' dir='ltr'><strong>Augustinum</strong></span> <span class='ocrx_word' id='word_1_433' title='bbox 3281 2916 3530 2973; x_wconf 88' lang='lat' dir='ltr'><strong>ordinas-</strong></span> 
     </span>
    </p>
   </div>
   <div class='ocr_carea' id='block_1_59' title="bbox 1927 2998 3531 3079">
    <p class='ocr_par' dir='ltr' id='par_1_59' title="bbox 1927 2998 3531 3079">
     <span class='ocr_line' id='line_1_59' title="bbox 1927 2998 3531 3079; baseline 0.011 -27"><span class='ocrx_word' id='word_1_434' title='bbox 1927 3004 2032 3054; x_wconf 89' lang='lat' dir='ltr'><strong>set.</strong></span> <span class='ocrx_word' id='word_1_435' title='bbox 2066 2998 2404 3070; x_wconf 86' lang='lat' dir='ltr'><strong>Augustinus</strong></span> <span class='ocrx_word' id='word_1_436' title='bbox 2449 3001 2648 3059; x_wconf 87' lang='lat' dir='ltr'><strong>fatetur</strong></span> <span class='ocrx_word' id='word_1_437' title='bbox 2695 3003 2864 3062; x_wconf 91' lang='lat' dir='ltr'><strong>fuisse</strong></span> <span class='ocrx_word' id='word_1_438' title='bbox 2905 3006 3188 3079; x_wconf 82' lang='lat' dir='ltr'><strong>Megalium</strong></span> <span class='ocrx_word' id='word_1_439' title='bbox 3237 3010 3531 3069; x_wconf 90' lang='lat' dir='ltr'><strong>Primatem</strong></span> 
     </span>
    </p>
   </div>
   <div class='ocr_carea' id='block_1_60' title="bbox 1929 3089 3534 3167">
    <p class='ocr_par' dir='ltr' id='par_1_60' title="bbox 1929 3089 3534 3167">
     <span class='ocr_line' id='line_1_60' title="bbox 1929 3089 3534 3167; baseline 0.011 -23"><span class='ocrx_word' id='word_1_440' title='bbox 1929 3089 2216 3149; x_wconf 69' lang='lat' dir='ltr'><strong>Numidiae.</strong></span> <span class='ocrx_word' id='word_1_441' title='bbox 2249 3094 2543 3150; x_wconf 64' lang='lat' dir='ltr'><strong>Donatista:</strong></span> <span class='ocrx_word' id='word_1_442' title='bbox 2581 3097 2784 3167; x_wconf 89' lang='lat' dir='ltr'><strong>aliquid</strong></span> <span class='ocrx_word' id='word_1_443' title='bbox 2817 3098 2927 3154; x_wconf 80' lang='lat' dir='ltr'><strong>vitii</strong></span> <span class='ocrx_word' id='word_1_444' title='bbox 2975 3101 3027 3154; x_wconf 93' lang='lat' dir='ltr'><strong>in</strong></span> <span class='ocrx_word' id='word_1_445' title='bbox 3074 3117 3136 3158; x_wconf 90' lang='lat' dir='ltr'><strong>ea</strong></span> <span class='ocrx_word' id='word_1_446' title='bbox 3191 3104 3534 3162; x_wconf 86' lang='lat' dir='ltr'><strong>ordinatione</strong></span> 
     </span>
    </p>
   </div>
   <div class='ocr_carea' id='block_1_61' title="bbox 227 3182 3534 3263">
    <p class='ocr_par' dir='ltr' id='par_1_61' title="bbox 227 3182 3534 3263">
     <span class='ocr_line' id='line_1_61' title="bbox 227 3182 3534 3263; baseline 0.002 -12"><span class='ocrx_word' id='word_1_447' title='bbox 227 3197 282 3251; x_wconf 91' lang='lat' dir='ltr'><strong>in</strong></span> <span class='ocrx_word' id='word_1_448' title='bbox 313 3195 523 3263; x_wconf 83' lang='lat' dir='ltr'><strong>Enoch,</strong></span> <span class='ocrx_word' id='word_1_449' title='bbox 547 3195 600 3250; x_wconf 92' lang='lat' dir='ltr'><strong>in</strong></span> <span class='ocrx_word' id='word_1_450' title='bbox 630 3194 804 3263; x_wconf 80' lang='lat' dir='ltr'><strong>Noha,</strong></span> <span class='ocrx_word' id='word_1_451' title='bbox 833 3194 887 3250; x_wconf 93' lang='lat' dir='ltr'><strong>in</strong></span> <span class='ocrx_word' id='word_1_452' title='bbox 914 3192 1246 3259; x_wconf 78' lang='lat' dir='ltr'><strong>Abrahat’no,</strong></span> <span class='ocrx_word' id='word_1_453' title='bbox 1273 3193 1443 3260; x_wconf 84' lang='lat' dir='ltr'><strong>Isaac,</strong></span> <span class='ocrx_word' id='word_1_454' title='bbox 1477 3203 1532 3248; x_wconf 92' lang='lat' dir='ltr'><strong>et</strong></span> <span class='ocrx_word' id='word_1_455' title='bbox 1555 3191 1746 3259; x_wconf 85' lang='lat' dir='ltr'><strong>Jacob,</strong></span> <span class='ocrx_word' id='word_1_456' title='bbox 1771 3200 1828 3249; x_wconf 90' lang='lat' dir='ltr'><strong>et</strong></span> <span class='ocrx_word' id='word_1_457' title='bbox 1853 3182 1900 3248; x_wconf 90' lang='lat' dir='ltr'><strong>C</strong></span> <span class='ocrx_word' id='word_1_458' title='bbox 1930 3195 2120 3240; x_wconf 71' lang='lat' dir='ltr'><strong>uelare</strong></span> <span class='ocrx_word' id='word_1_459' title='bbox 2158 3194 2214 3240; x_wconf 70' lang='lat' dir='ltr'><strong>el</strong></span> <span class='ocrx_word' id='word_1_460' title='bbox 2243 3186 2648 3256; x_wconf 67' lang='lat' dir='ltr'><strong>reprehendere</strong></span> <span class='ocrx_word' id='word_1_461' title='bbox 2675 3189 2951 3246; x_wconf 73' lang='lat' dir='ltr'><strong>V018b80l-</strong></span> <span class='ocrx_word' id='word_1_462' title='bbox 2994 3191 3100 3248; x_wconf 73' lang='lat' dir='ltr'><strong>SBd</strong></span> <span class='ocrx_word' id='word_1_463' title='bbox 3131 3192 3301 3249; x_wconf 73' lang='lat' dir='ltr'><strong>futilis</strong></span> <span class='ocrx_word' id='word_1_464' title='bbox 3344 3212 3534 3252; x_wconf 85' lang='lat' dir='ltr'><strong>eorum</strong></span> 
     </span>
    </p>
   </div>
   <div class='ocr_carea' id='block_1_62' title="bbox 227 3284 1822 3346">
    <p class='ocr_par' dir='ltr' id='par_1_62' title="bbox 227 3284 1822 3346">
     <span class='ocr_line' id='line_1_62' title="bbox 227 3284 1822 3346; baseline -0.004 -2"><span class='ocrx_word' id='word_1_465' title='bbox 227 3289 282 3346; x_wconf 92' lang='lat' dir='ltr'><strong>in</strong></span> <span class='ocrx_word' id='word_1_466' title='bbox 315 3289 524 3346; x_wconf 90' lang='lat' dir='ltr'><strong>duabus</strong></span> <span class='ocrx_word' id='word_1_467' title='bbox 574 3287 818 3344; x_wconf 88' lang='lat' dir='ltr'><strong>tribubus</strong></span> <span class='ocrx_word' id='word_1_468' title='bbox 863 3285 1001 3343; x_wconf 87' lang='lat' dir='ltr'><strong>Juda</strong></span> <span class='ocrx_word' id='word_1_469' title='bbox 1056 3286 1187 3342; x_wconf 93' lang='lat' dir='ltr'><strong>olim</strong></span> <span class='ocrx_word' id='word_1_470' title='bbox 1238 3285 1500 3342; x_wconf 87' lang='lat' dir='ltr'><strong>remansit</strong></span> <span class='ocrx_word' id='word_1_471' title='bbox 1556 3284 1822 3341; x_wconf 87' lang='lat' dir='ltr'><strong>Ecclesia.</strong></span> 
     </span>
    </p>
   </div>
   <div class='ocr_carea' id='block_1_63' title="bbox 226 3377 1828 3455">
    <p class='ocr_par' dir='ltr' id='par_1_63' title="bbox 226 3377 1828 3455">
     <span class='ocr_line' id='line_1_63' title="bbox 226 3377 1828 3455; baseline -0.004 -15"><span class='ocrx_word' id='word_1_472' title='bbox 226 3384 484 3455; x_wconf 83' lang='lat' dir='ltr'><strong>Speciosa</strong></span> <span class='ocrx_word' id='word_1_473' title='bbox 529 3390 645 3439; x_wconf 87' lang='lat' dir='ltr'><strong>erat</strong></span> <span class='ocrx_word' id='word_1_474' title='bbox 687 3381 802 3437; x_wconf 70' lang='lat' dir='ltr'><strong>haec</strong></span> <span class='ocrx_word' id='word_1_475' title='bbox 833 3380 1236 3436; x_wconf 89' lang='lat' dir='ltr'><strong>Donatistarum</strong></span> <span class='ocrx_word' id='word_1_476' title='bbox 1285 3379 1589 3449; x_wconf 87' lang='lat' dir='ltr'><strong>replicatio,</strong></span> <span class='ocrx_word' id='word_1_477' title='bbox 1638 3377 1731 3450; x_wconf 90' lang='lat' dir='ltr'><strong>qui</strong></span> <span class='ocrx_word' id='word_1_478' title='bbox 1772 3387 1828 3434; x_wconf 90' lang='lat' dir='ltr'><strong>et</strong></span> 
     </span>
    </p>
   </div>
   <div class='ocr_carea' id='block_1_64' title="bbox 226 3469 1827 3549">
    <p class='ocr_par' dir='ltr' id='par_1_64' title="bbox 226 3469 1827 3549">
     <span class='ocr_line' id='line_1_64' title="bbox 226 3469 1827 3549; baseline -0.003 -19"><span class='ocrx_word' id='word_1_479' title='bbox 226 3475 554 3549; x_wconf 84' lang='lat' dir='ltr'><strong>apostasiam</strong></span> <span class='ocrx_word' id='word_1_480' title='bbox 602 3475 756 3546; x_wconf 88' lang='lat' dir='ltr'><strong>quasi</strong></span> <span class='ocrx_word' id='word_1_481' title='bbox 779 3472 1111 3529; x_wconf 86' lang='lat' dir='ltr'><strong>Catholicam</strong></span> <span class='ocrx_word' id='word_1_482' title='bbox 1143 3471 1248 3528; x_wconf 93' lang='lat' dir='ltr'><strong>dici</strong></span> <span class='ocrx_word' id='word_1_483' title='bbox 1281 3486 1440 3541; x_wconf 89' lang='lat' dir='ltr'><strong>posse</strong></span> <span class='ocrx_word' id='word_1_484' title='bbox 1469 3469 1827 3540; x_wconf 85' lang='lat' dir='ltr'><strong>objiciebant,</strong></span> 
     </span>
    </p>
   </div>
   <div class='ocr_carea' id='block_1_65' title="bbox 225 3560 1829 3640">
    <p class='ocr_par' dir='ltr' id='par_1_65' title="bbox 225 3560 1829 3640">
     <span class='ocr_line' id='line_1_65' title="bbox 225 3560 1829 3640; baseline -0.004 -15"><span class='ocrx_word' id='word_1_485' title='bbox 225 3570 272 3625; x_wconf 90' lang='lat' dir='ltr'><strong>si</strong></span> <span class='ocrx_word' id='word_1_486' title='bbox 302 3570 460 3640; x_wconf 89' lang='lat' dir='ltr'><strong>longe</strong></span> <span class='ocrx_word' id='word_1_487' title='bbox 490 3575 546 3623; x_wconf 90' lang='lat' dir='ltr'><strong>et</strong></span> <span class='ocrx_word' id='word_1_488' title='bbox 571 3566 677 3622; x_wconf 92' lang='lat' dir='ltr'><strong>late</strong></span> <span class='ocrx_word' id='word_1_489' title='bbox 705 3565 900 3621; x_wconf 86' lang='lat' dir='ltr'><strong>diffusa</strong></span> <span class='ocrx_word' id='word_1_490' title='bbox 930 3575 1158 3635; x_wconf 91' lang='lat' dir='ltr'><strong>occupet</strong></span> <span class='ocrx_word' id='word_1_491' title='bbox 1188 3563 1375 3619; x_wconf 92' lang='lat' dir='ltr'><strong>orbem</strong></span> <span class='ocrx_word' id='word_1_492' title='bbox 1409 3571 1695 3618; x_wconf 88' lang='lat' dir='ltr'><strong>terrarum.</strong></span> <span class='ocrx_word' id='word_1_493' title='bbox 1722 3560 1829 3619; x_wconf 90' lang='lat' dir='ltr'><strong>Sed</strong></span> 
     </span>
    </p>
   </div>
   <div class='ocr_carea' id='block_1_66' title="bbox 225 3656 1830 3733">
    <p class='ocr_par' dir='ltr' id='par_1_66' title="bbox 225 3656 1830 3733">
     <span class='ocr_line' id='line_1_66' title="bbox 225 3656 1830 3733; baseline -0.004 -15"><span class='ocrx_word' id='word_1_494' title='bbox 225 3664 284 3718; x_wconf 90' lang='lat' dir='ltr'><strong>in</strong></span> <span class='ocrx_word' id='word_1_495' title='bbox 324 3660 596 3733; x_wconf 84' lang='lat' dir='ltr'><strong>apostasia</strong></span> <span class='ocrx_word' id='word_1_496' title='bbox 626 3658 908 3730; x_wconf 86' lang='lat' dir='ltr'><strong>probanda</strong></span> <span class='ocrx_word' id='word_1_497' title='bbox 941 3660 1187 3728; x_wconf 90' lang='lat' dir='ltr'><strong>imperite</strong></span> <span class='ocrx_word' id='word_1_498' title='bbox 1229 3656 1534 3723; x_wconf 82' lang='lat' dir='ltr'><strong>haerebant,</strong></span> <span class='ocrx_word' id='word_1_499' title='bbox 1591 3656 1679 3726; x_wconf 92' lang='lat' dir='ltr'><strong>qui</strong></span> <span class='ocrx_word' id='word_1_500' title='bbox 1711 3671 1830 3711; x_wconf 88' lang='lat' dir='ltr'><strong>eam</strong></span> 
     </span>
    </p>
   </div>
   <div class='ocr_carea' id='block_1_67' title="bbox 229 3751 1833 3819">
    <p class='ocr_par' dir='ltr' id='par_1_67' title="bbox 229 3751 1833 3819">
     <span class='ocr_line' id='line_1_67' title="bbox 229 3751 1833 3819; baseline -0.002 -7"><span class='ocrx_word' id='word_1_501' title='bbox 229 3771 336 3813; x_wconf 88' lang='lat' dir='ltr'><strong>non</strong></span> <span class='ocrx_word' id='word_1_502' title='bbox 359 3771 426 3811; x_wconf 85' lang='lat' dir='ltr'><strong>ex</strong></span> <span class='ocrx_word' id='word_1_503' title='bbox 457 3755 699 3811; x_wconf 91' lang='lat' dir='ltr'><strong>doctrina</strong></span> <span class='ocrx_word' id='word_1_504' title='bbox 732 3753 854 3810; x_wconf 85' lang='lat' dir='ltr'><strong>fidei</strong></span> <span class='ocrx_word' id='word_1_505' title='bbox 880 3795 894 3819; x_wconf 95' lang='lat'><strong>,</strong></span> <span class='ocrx_word' id='word_1_506' title='bbox 927 3753 1022 3810; x_wconf 91' lang='lat' dir='ltr'><strong>sed</strong></span> <span class='ocrx_word' id='word_1_507' title='bbox 1074 3768 1142 3807; x_wconf 88' lang='lat' dir='ltr'><strong>ex</strong></span> <span class='ocrx_word' id='word_1_508' title='bbox 1191 3751 1467 3807; x_wconf 91' lang='lat' dir='ltr'><strong>hominum</strong></span> <span class='ocrx_word' id='word_1_509' title='bbox 1511 3753 1751 3807; x_wconf 91' lang='lat' dir='ltr'><strong>moribus</strong></span> <span class='ocrx_word' id='word_1_510' title='bbox 1777 3760 1833 3808; x_wconf 91' lang='lat' dir='ltr'><strong>et</strong></span> 
     </span>
    </p>
   </div>
   <div class='ocr_carea' id='block_1_68' title="bbox 226 3844 1832 3918">
    <p class='ocr_par' dir='ltr' id='par_1_68' title="bbox 226 3844 1832 3918">
     <span class='ocr_line' id='line_1_68' title="bbox 226 3844 1832 3918; baseline -0.002 -14"><span class='ocrx_word' id='word_1_511' title='bbox 226 3846 488 3917; x_wconf 85' lang='lat' dir='ltr'><strong>degeneri</strong></span> <span class='ocrx_word' id='word_1_512' title='bbox 528 3846 762 3918; x_wconf 88' lang='lat' dir='ltr'><strong>nequitia</strong></span> <span class='ocrx_word' id='word_1_513' title='bbox 794 3846 1050 3900; x_wconf 70' lang='lat' dir='ltr'><strong>aestimari</strong></span> <span class='ocrx_word' id='word_1_514' title='bbox 1079 3844 1367 3910; x_wconf 89' lang='lat' dir='ltr'><strong>volebant,</strong></span> <span class='ocrx_word' id='word_1_515' title='bbox 1411 3844 1658 3900; x_wconf 90' lang='lat' dir='ltr'><strong>homines</strong></span> <span class='ocrx_word' id='word_1_516' title='bbox 1705 3860 1832 3915; x_wconf 84' lang='lat' dir='ltr'><strong>pro-</strong></span> 
     </span>
    </p>
   </div>
   <div class='ocr_carea' id='block_1_69' title="bbox 225 3937 1832 4010">
    <p class='ocr_par' dir='ltr' id='par_1_69' title="bbox 225 3937 1832 4010">
     <span class='ocr_line' id='line_1_69' title="bbox 225 3937 1832 4010; baseline -0.001 -14"><span class='ocrx_word' id='word_1_517' title='bbox 225 3940 376 3997; x_wconf 82' lang='lat' dir='ltr'><strong>fecto</strong></span> <span class='ocrx_word' id='word_1_518' title='bbox 407 3939 720 4010; x_wconf 71' lang='lat' dir='ltr'><strong>praeposteri</strong></span> <span class='ocrx_word' id='word_1_519' title='bbox 745 3947 800 3994; x_wconf 87' lang='lat' dir='ltr'><strong>et</strong></span> <span class='ocrx_word' id='word_1_520' title='bbox 825 3938 1025 3994; x_wconf 89' lang='lat' dir='ltr'><strong>morosi</strong></span> <span class='ocrx_word' id='word_1_521' title='bbox 1058 3947 1112 3994; x_wconf 90' lang='lat' dir='ltr'><strong>et</strong></span> <span class='ocrx_word' id='word_1_522' title='bbox 1134 3938 1452 4009; x_wconf 88' lang='lat' dir='ltr'><strong>importuni,</strong></span> <span class='ocrx_word' id='word_1_523' title='bbox 1490 3937 1832 4009; x_wconf 89' lang='lat' dir='ltr'><strong>potiusquam</strong></span> 
     </span>
    </p>
   </div>
   <div class='ocr_carea' id='block_1_70' title="bbox 226 4034 695 4090">
    <p class='ocr_par' dir='ltr' id='par_1_70' title="bbox 226 4034 695 4090">
     <span class='ocr_line' id='line_1_70' title="bbox 226 4034 695 4090; baseline -0.009 0"><span class='ocrx_word' id='word_1_524' title='bbox 226 4049 389 4090; x_wconf 85' lang='lat' dir='ltr'><strong>acres</strong></span> <span class='ocrx_word' id='word_1_525' title='bbox 416 4045 510 4088; x_wconf 87' lang='lat' dir='ltr'><strong>aut</strong></span> <span class='ocrx_word' id='word_1_526' title='bbox 533 4034 695 4090; x_wconf 92' lang='lat' dir='ltr'><strong>acuti.</strong></span> 
     </span>
    </p>
   </div>
   <div class='ocr_carea' id='block_1_71' title="bbox 302 4124 1833 4196">
    <p class='ocr_par' dir='ltr' id='par_1_71' title="bbox 302 4124 1833 4196">
     <span class='ocr_line' id='line_1_71' title="bbox 302 4124 1833 4196; baseline -0.001 -14"><span class='ocrx_word' id='word_1_527' title='bbox 302 4126 420 4182; x_wconf 87' lang='lat' dir='ltr'><strong>Non</strong></span> <span class='ocrx_word' id='word_1_528' title='bbox 465 4127 636 4196; x_wconf 87' lang='lat' dir='ltr'><strong>potuit</strong></span> <span class='ocrx_word' id='word_1_529' title='bbox 690 4125 809 4182; x_wconf 86' lang='lat' dir='ltr'><strong>haec</strong></span> <span class='ocrx_word' id='word_1_530' title='bbox 855 4125 1228 4182; x_wconf 83' lang='lat' dir='ltr'><strong>controversia</strong></span> <span class='ocrx_word' id='word_1_531' title='bbox 1272 4125 1466 4182; x_wconf 87' lang='lat' dir='ltr'><strong>melius</strong></span> <span class='ocrx_word' id='word_1_532' title='bbox 1503 4124 1833 4196; x_wconf 90' lang='lat' dir='ltr'><strong>dijudicari,</strong></span> 
     </span>
    </p>
   </div>
   <div class='ocr_carea' id='block_1_72' title="bbox 224 4216 1839 4292">
    <p class='ocr_par' dir='ltr' id='par_1_72' title="bbox 224 4216 1839 4292">
     <span class='ocr_line' id='line_1_72' title="bbox 224 4216 1839 4292; baseline -0.001 -17"><span class='ocrx_word' id='word_1_533' title='bbox 224 4236 396 4292; x_wconf 88' lang='lat' dir='ltr'><strong>quam</strong></span> <span class='ocrx_word' id='word_1_534' title='bbox 425 4235 492 4275; x_wconf 85' lang='lat' dir='ltr'><strong>ex</strong></span> <span class='ocrx_word' id='word_1_535' title='bbox 529 4219 892 4276; x_wconf 88' lang='lat' dir='ltr'><strong>successione.</strong></span> <span class='ocrx_word' id='word_1_536' title='bbox 928 4216 1071 4289; x_wconf 84' lang='lat' dir='ltr'><strong>Ergo</strong></span> <span class='ocrx_word' id='word_1_537' title='bbox 1116 4219 1382 4276; x_wconf 89' lang='lat' dir='ltr'><strong>Catholici</strong></span> <span class='ocrx_word' id='word_1_538' title='bbox 1434 4219 1839 4288; x_wconf 76' lang='lat' dir='ltr'><strong>rcSponderunt</strong></span> 
     </span>
    </p>
   </div>
   <div class='ocr_carea' id='block_1_73' title="bbox 225 4312 1828 4384">
    <p class='ocr_par' dir='ltr' id='par_1_73' title="bbox 225 4312 1828 4384">
     <span class='ocr_line' id='line_1_73' title="bbox 225 4312 1828 4384; baseline -0.002 -14"><span class='ocrx_word' id='word_1_539' title='bbox 225 4313 530 4384; x_wconf 87' lang='lat' dir='ltr'><strong>legitimam</strong></span> <span class='ocrx_word' id='word_1_540' title='bbox 553 4313 666 4384; x_wconf 88' lang='lat' dir='ltr'><strong>jam</strong></span> <span class='ocrx_word' id='word_1_541' title='bbox 700 4313 824 4369; x_wconf 89' lang='lat' dir='ltr'><strong>inde</strong></span> <span class='ocrx_word' id='word_1_542' title='bbox 867 4314 935 4369; x_wconf 88' lang='lat' dir='ltr'><strong>ab</strong></span> <span class='ocrx_word' id='word_1_543' title='bbox 964 4312 1220 4383; x_wconf 87' lang='lat' dir='ltr'><strong>apostolis</strong></span> <span class='ocrx_word' id='word_1_544' title='bbox 1263 4312 1668 4367; x_wconf 88' lang='lat' dir='ltr'><strong>successionem</strong></span> <span class='ocrx_word' id='word_1_545' title='bbox 1720 4312 1828 4367; x_wconf 91' lang='lat' dir='ltr'><strong>sibi</strong></span> 
     </span>
    </p>
   </div>
   <div class='ocr_carea' id='block_1_74' title="bbox 227 4404 1840 4476">
    <p class='ocr_par' dir='ltr' id='par_1_74' title="bbox 227 4404 1840 4476">
     <span class='ocr_line' id='line_1_74' title="bbox 227 4404 1840 4476; baseline -0.002 -14"><span class='ocrx_word' id='word_1_546' title='bbox 227 4406 518 4476; x_wconf 75' lang='lat' dir='ltr'><strong>sum-agari</strong></span> <span class='ocrx_word' id='word_1_547' title='bbox 552 4423 566 4460; x_wconf 74' lang='grc' dir='ltr'>ε</span> <span class='ocrx_word' id='word_1_548' title='bbox 598 4406 888 4462; x_wconf 85' lang='lat' dir='ltr'><strong>Donatistis</strong></span> <span class='ocrx_word' id='word_1_549' title='bbox 919 4420 1048 4461; x_wconf 91' lang='lat' dir='ltr'><strong>vero</strong></span> <span class='ocrx_word' id='word_1_550' title='bbox 1072 4404 1272 4460; x_wconf 89' lang='lat' dir='ltr'><strong>nullam</strong></span> <span class='ocrx_word' id='word_1_551' title='bbox 1294 4419 1435 4460; x_wconf 90' lang='lat' dir='ltr'><strong>esse.</strong></span> <span class='ocrx_word' id='word_1_552' title='bbox 1469 4404 1598 4458; x_wconf 88' lang='lat' dir='ltr'><strong>Dico</strong></span> <span class='ocrx_word' id='word_1_553' title='bbox 1619 4417 1840 4459; x_wconf 86' lang='lat' dir='ltr'><strong>succes-</strong></span> 
     </span>
    </p>
   </div>
   <div class='ocr_carea' id='block_1_75' title="bbox 226 4498 1836 4571">
    <p class='ocr_par' dir='ltr' id='par_1_75' title="bbox 226 4498 1836 4571">
     <span class='ocr_line' id='line_1_75' title="bbox 226 4498 1836 4571; baseline -0.003 -16"><span class='ocrx_word' id='word_1_554' title='bbox 226 4503 446 4556; x_wconf 89' lang='lat' dir='ltr'><strong>sionem</strong></span> <span class='ocrx_word' id='word_1_555' title='bbox 500 4517 606 4557; x_wconf 92' lang='lat' dir='ltr'><strong>uon</strong></span> <span class='ocrx_word' id='word_1_556' title='bbox 657 4501 818 4558; x_wconf 89' lang='lat' dir='ltr'><strong>modo</strong></span> <span class='ocrx_word' id='word_1_557' title='bbox 866 4515 1244 4571; x_wconf 89' lang='lat' dir='ltr'><strong>personarum,</strong></span> <span class='ocrx_word' id='word_1_558' title='bbox 1273 4499 1369 4554; x_wconf 89' lang='lat' dir='ltr'><strong>sed</strong></span> <span class='ocrx_word' id='word_1_559' title='bbox 1413 4498 1577 4553; x_wconf 89' lang='lat' dir='ltr'><strong>etiam</strong></span> <span class='ocrx_word' id='word_1_560' title='bbox 1608 4511 1836 4553; x_wconf 89' lang='lat' dir='ltr'><strong>rerum:</strong></span> 
     </span>
    </p>
   </div>
   <div class='ocr_carea' id='block_1_76' title="bbox 1930 3276 3534 3353">
    <p class='ocr_par' dir='ltr' id='par_1_76' title="bbox 1930 3276 3534 3353">
     <span class='ocr_line' id='line_1_76' title="bbox 1930 3276 3534 3353; baseline 0.007 -21"><span class='ocrx_word' id='word_1_561' title='bbox 1930 3276 2205 3332; x_wconf 83' lang='lat' dir='ltr'><strong>cavillatio</strong></span> <span class='ocrx_word' id='word_1_562' title='bbox 2235 3277 2354 3347; x_wconf 88' lang='lat' dir='ltr'><strong>fuit,</strong></span> <span class='ocrx_word' id='word_1_563' title='bbox 2398 3295 2520 3351; x_wconf 73' lang='lat' dir='ltr'><strong>qua:</strong></span> <span class='ocrx_word' id='word_1_564' title='bbox 2549 3295 2656 3336; x_wconf 89' lang='lat' dir='ltr'><strong>non</strong></span> <span class='ocrx_word' id='word_1_565' title='bbox 2686 3282 3044 3353; x_wconf 80' lang='lat' dir='ltr'><strong>extorquebat</strong></span> <span class='ocrx_word' id='word_1_566' title='bbox 3073 3282 3221 3341; x_wconf 89' lang='lat' dir='ltr'><strong>Afris</strong></span> <span class='ocrx_word' id='word_1_567' title='bbox 3241 3283 3534 3345; x_wconf 89' lang='lat' dir='ltr'><strong>Catholicis</strong></span> 
     </span>
    </p>
   </div>
   <div class='ocr_carea' id='block_1_77' title="bbox 1929 3369 3531 3451">
    <p class='ocr_par' dir='ltr' id='par_1_77' title="bbox 1929 3369 3531 3451">
     <span class='ocr_line' id='line_1_77' title="bbox 1929 3369 3531 3451; baseline 0.007 -26"><span class='ocrx_word' id='word_1_568' title='bbox 1929 3369 2304 3426; x_wconf 88' lang='lat' dir='ltr'><strong>defensionem</strong></span> <span class='ocrx_word' id='word_1_569' title='bbox 2331 3385 2444 3428; x_wconf 61' lang='lat' dir='ltr'><strong>suae</strong></span> <span class='ocrx_word' id='word_1_570' title='bbox 2469 3388 2592 3428; x_wconf 92' lang='lat' dir='ltr'><strong>cum</strong></span> <span class='ocrx_word' id='word_1_571' title='bbox 2621 3369 2868 3432; x_wconf 81' lang='lat' dir='ltr'><strong>Ecclesia</strong></span> <span class='ocrx_word' id='word_1_572' title='bbox 2896 3375 3055 3431; x_wconf 89' lang='lat' dir='ltr'><strong>Rom.</strong></span> <span class='ocrx_word' id='word_1_573' title='bbox 3108 3381 3531 3451; x_wconf 89' lang='lat' dir='ltr'><strong>communionis,</strong></span> 
     </span>
    </p>
   </div>
   <div class='ocr_carea' id='block_1_78' title="bbox 1931 3462 2562 3534">
    <p class='ocr_par' dir='ltr' id='par_1_78' title="bbox 1931 3462 2562 3534">
     <span class='ocr_line' id='line_1_78' title="bbox 1931 3462 2562 3534; baseline 0.005 -17"><span class='ocrx_word' id='word_1_574' title='bbox 1931 3463 1986 3517; x_wconf 89' lang='lat' dir='ltr'><strong>in</strong></span> <span class='ocrx_word' id='word_1_575' title='bbox 2013 3479 2116 3534; x_wconf 90' lang='lat' dir='ltr'><strong>qua</strong></span> <span class='ocrx_word' id='word_1_576' title='bbox 2144 3462 2200 3518; x_wconf 87' lang='lat' dir='ltr'><strong>bi</strong></span> <span class='ocrx_word' id='word_1_577' title='bbox 2229 3464 2562 3522; x_wconf 90' lang='lat' dir='ltr'><strong>exultabant.</strong></span> 
     </span>
    </p>
   </div>
   <div class='ocr_carea' id='block_1_79' title="bbox 2004 3555 3535 3631">
    <p class='ocr_par' dir='ltr' id='par_1_79' title="bbox 2004 3555 3535 3631">
     <span class='ocr_line' id='line_1_79' title="bbox 2004 3555 3535 3631; baseline 0.008 -21"><span class='ocrx_word' id='word_1_578' title='bbox 2004 3555 2234 3627; x_wconf 83' lang='lat' dir='ltr'><strong>Optatos</strong></span> <span class='ocrx_word' id='word_1_579' title='bbox 2283 3557 2379 3615; x_wconf 91' lang='lat' dir='ltr'><strong>lib.</strong></span> <span class='ocrx_word' id='word_1_580' title='bbox 2405 3574 2478 3626; x_wconf 86' lang='grc' dir='ltr'>ιι,</span> <span class='ocrx_word' id='word_1_581' title='bbox 2529 3559 2814 3631; x_wconf 90' lang='lat' dir='ltr'><strong>disputans</strong></span> <span class='ocrx_word' id='word_1_582' title='bbox 2867 3571 3056 3619; x_wconf 91' lang='lat' dir='ltr'><strong>contra</strong></span> <span class='ocrx_word' id='word_1_583' title='bbox 3111 3563 3535 3624; x_wconf 88' lang='lat' dir='ltr'><strong>Parmenianum</strong></span> 
     </span>
    </p>
   </div>
   <div class='ocr_carea' id='block_1_80' title="bbox 1936 3651 3531 3725">
    <p class='ocr_par' dir='ltr' id='par_1_80' title="bbox 1936 3651 3531 3725">
     <span class='ocr_line' id='line_1_80' title="bbox 1936 3651 3531 3725; baseline 0.006 -19"><span class='ocrx_word' id='word_1_584' title='bbox 1936 3651 2292 3714; x_wconf 85' lang='lat' dir='ltr'><strong>Donatistam,</strong></span> <span class='ocrx_word' id='word_1_585' title='bbox 2324 3663 2611 3710; x_wconf 89' lang='lat' dir='ltr'><strong>enumerat</strong></span> <span class='ocrx_word' id='word_1_586' title='bbox 2629 3656 2741 3725; x_wconf 86' lang='lat' dir='ltr'><strong>jam</strong></span> <span class='ocrx_word' id='word_1_587' title='bbox 2769 3654 2897 3710; x_wconf 87' lang='lat' dir='ltr'><strong>inde</strong></span> <span class='ocrx_word' id='word_1_588' title='bbox 2929 3671 2960 3710; x_wconf 89' lang='lat' dir='ltr'><strong>a</strong></span> <span class='ocrx_word' id='word_1_589' title='bbox 3004 3657 3169 3714; x_wconf 88' lang='lat' dir='ltr'><strong>Petro</strong></span> <span class='ocrx_word' id='word_1_590' title='bbox 3213 3661 3531 3716; x_wconf 84' lang='lat' dir='ltr'><strong>continuam</strong></span> 
     </span>
    </p>
   </div>
   <div class='ocr_carea' id='block_1_81' title="bbox 1933 3746 3534 3826">
    <p class='ocr_par' dir='ltr' id='par_1_81' title="bbox 1933 3746 3534 3826">
     <span class='ocr_line' id='line_1_81' title="bbox 1933 3746 3534 3826; baseline 0.007 -26"><span class='ocrx_word' id='word_1_591' title='bbox 1933 3746 2336 3802; x_wconf 88' lang='lat' dir='ltr'><strong>successionem</strong></span> <span class='ocrx_word' id='word_1_592' title='bbox 2368 3747 2744 3820; x_wconf 88' lang='lat' dir='ltr'><strong>episcoporum</strong></span> <span class='ocrx_word' id='word_1_593' title='bbox 2797 3751 2956 3807; x_wconf 88' lang='lat' dir='ltr'><strong>Rom.</strong></span> <span class='ocrx_word' id='word_1_594' title='bbox 2993 3767 3128 3819; x_wconf 57' lang='lat' dir='ltr'><strong>,cum</strong></span> <span class='ocrx_word' id='word_1_595' title='bbox 3160 3756 3356 3826; x_wconf 88' lang='lat' dir='ltr'><strong>quibus</strong></span> <span class='ocrx_word' id='word_1_596' title='bbox 3413 3755 3534 3813; x_wconf 89' lang='lat' dir='ltr'><strong>Afri</strong></span> 
     </span>
    </p>
   </div>
   <div class='ocr_carea' id='block_1_82' title="bbox 1933 3843 3542 3907">
    <p class='ocr_par' dir='ltr' id='par_1_82' title="bbox 1933 3843 3542 3907">
     <span class='ocr_line' id='line_1_82' title="bbox 1933 3843 3542 3907; baseline 0.006 -9"><span class='ocrx_word' id='word_1_597' title='bbox 1933 3843 2200 3900; x_wconf 90' lang='lat' dir='ltr'><strong>Catholici</strong></span> <span class='ocrx_word' id='word_1_598' title='bbox 2232 3846 2728 3903; x_wconf 85' lang='lat' dir='ltr'><strong>communicabant.</strong></span> <span class='ocrx_word' id='word_1_599' title='bbox 2776 3847 2917 3904; x_wconf 91' lang='lat' dir='ltr'><strong>Tum</strong></span> <span class='ocrx_word' id='word_1_600' title='bbox 2960 3865 3089 3905; x_wconf 90' lang='lat' dir='ltr'><strong>vero</strong></span> <span class='ocrx_word' id='word_1_601' title='bbox 3138 3851 3404 3906; x_wconf 78' lang='lat' dir='ltr'><strong>insultans</strong></span> <span class='ocrx_word' id='word_1_602' title='bbox 3435 3853 3542 3907; x_wconf 89' lang='lat' dir='ltr'><strong>Do-</strong></span> 
     </span>
    </p>
   </div>
   <div class='ocr_carea' id='block_1_83' title="bbox 1936 3935 3538 4014">
    <p class='ocr_par' dir='ltr' id='par_1_83' title="bbox 1936 3935 3538 4014">
     <span class='ocr_line' id='line_1_83' title="bbox 1936 3935 3538 4014; baseline 0.005 -22"><span class='ocrx_word' id='word_1_603' title='bbox 1936 3937 2173 4005; x_wconf 88' lang='lat' dir='ltr'><strong>natistis,</strong></span> <span class='ocrx_word' id='word_1_604' title='bbox 2213 3935 2332 4003; x_wconf 83' lang='lat' dir='ltr'><strong>Vos,</strong></span> <span class='ocrx_word' id='word_1_605' title='bbox 2361 3938 2556 4008; x_wconf 89' lang='lat' dir='ltr'><strong>inquit,</strong></span> <span class='ocrx_word' id='word_1_606' title='bbox 2612 3949 2792 3994; x_wconf 64' lang='lat' dir='ltr'><strong>vestrae</strong></span> <span class='ocrx_word' id='word_1_607' title='bbox 2831 3941 3088 3996; x_wconf 72' lang='lat' dir='ltr'><strong>cathedra:</strong></span> <span class='ocrx_word' id='word_1_608' title='bbox 3113 3943 3361 4014; x_wconf 85' lang='lat' dir='ltr'><strong>originem</strong></span> <span class='ocrx_word' id='word_1_609' title='bbox 3383 3945 3538 3999; x_wconf 84' lang='lat' dir='ltr'><strong>edite.</strong></span> 
     </span>
    </p>
   </div>
   <div class='ocr_carea' id='block_1_84' title="bbox 1935 4027 3540 4108">
    <p class='ocr_par' dir='ltr' id='par_1_84' title="bbox 1935 4027 3540 4108">
     <span class='ocr_line' id='line_1_84' title="bbox 1935 4027 3540 4108; baseline 0.006 -24"><span class='ocrx_word' id='word_1_610' title='bbox 1935 4027 2378 4097; x_wconf 84' lang='lat' dir='ltr'><strong>Respondebant,</strong></span> <span class='ocrx_word' id='word_1_611' title='bbox 2410 4040 2466 4084; x_wconf 88' lang='lat' dir='ltr'><strong>ut</strong></span> <span class='ocrx_word' id='word_1_612' title='bbox 2499 4038 2658 4085; x_wconf 90' lang='lat' dir='ltr'><strong>erant</strong></span> <span class='ocrx_word' id='word_1_613' title='bbox 2683 4031 2899 4097; x_wconf 78' lang='lat' dir='ltr'><strong>insulsi,</strong></span> <span class='ocrx_word' id='word_1_614' title='bbox 2942 4032 3260 4100; x_wconf 81' lang='lat' dir='ltr'><strong>Donatistae,</strong></span> <span class='ocrx_word' id='word_1_615' title='bbox 3307 4051 3368 4092; x_wconf 83' lang='lat' dir='ltr'><strong>se</strong></span> <span class='ocrx_word' id='word_1_616' title='bbox 3399 4052 3540 4108; x_wconf 78' lang='lat' dir='ltr'><strong>que-</strong></span> 
     </span>
    </p>
   </div>
   <div class='ocr_carea' id='block_1_85' title="bbox 1937 4121 3514 4198">
    <p class='ocr_par' dir='ltr' id='par_1_85' title="bbox 1937 4121 3514 4198">
     <span class='ocr_line' id='line_1_85' title="bbox 1937 4121 3514 4198; baseline 0.003 -20"><span class='ocrx_word' id='word_1_617' title='bbox 1937 4138 2044 4196; x_wconf 92' lang='lat' dir='ltr'><strong>que</strong></span> <span class='ocrx_word' id='word_1_618' title='bbox 2066 4122 2120 4178; x_wconf 92' lang='lat' dir='ltr'><strong>in</strong></span> <span class='ocrx_word' id='word_1_619' title='bbox 2147 4121 2282 4178; x_wconf 91' lang='lat' dir='ltr'><strong>urbe</strong></span> <span class='ocrx_word' id='word_1_620' title='bbox 2313 4121 2483 4177; x_wconf 85' lang='lat' dir='ltr'><strong>Roma</strong></span> <span class='ocrx_word' id='word_1_621' title='bbox 2512 4121 2715 4178; x_wconf 89' lang='lat' dir='ltr'><strong>habere</strong></span> <span class='ocrx_word' id='word_1_622' title='bbox 2750 4123 3068 4179; x_wconf 87' lang='lat' dir='ltr'><strong>antistitem.</strong></span> <span class='ocrx_word' id='word_1_623' title='bbox 3102 4125 3331 4195; x_wconf 88' lang='lat' dir='ltr'><strong>Optatos</strong></span> <span class='ocrx_word' id='word_1_624' title='bbox 3372 4127 3514 4198; x_wconf 82' lang='lat' dir='ltr'><strong>repli</strong></span> 
     </span>
    </p>
   </div>
   <div class='ocr_carea' id='block_1_86' title="bbox 1938 4215 3535 4291">
    <p class='ocr_par' dir='ltr' id='par_1_86' title="bbox 1938 4215 3535 4291">
     <span class='ocr_line' id='line_1_86' title="bbox 1938 4215 3535 4291; baseline 0.003 -19"><span class='ocrx_word' id='word_1_625' title='bbox 1938 4224 2028 4272; x_wconf 90' lang='lat' dir='ltr'><strong>cat</strong></span> <span class='ocrx_word' id='word_1_626' title='bbox 2059 4217 2314 4287; x_wconf 90' lang='lat' dir='ltr'><strong>primum,</strong></span> <span class='ocrx_word' id='word_1_627' title='bbox 2343 4231 2505 4288; x_wconf 90' lang='lat' dir='ltr'><strong>quem</strong></span> <span class='ocrx_word' id='word_1_628' title='bbox 2549 4215 2620 4272; x_wconf 90' lang='lat' dir='ltr'><strong>ihi</strong></span> <span class='ocrx_word' id='word_1_629' title='bbox 2667 4215 2996 4284; x_wconf 88' lang='lat' dir='ltr'><strong>habuerunt,</strong></span> <span class='ocrx_word' id='word_1_630' title='bbox 3026 4218 3112 4274; x_wconf 88' lang='lat' dir='ltr'><strong>vel</strong></span> <span class='ocrx_word' id='word_1_631' title='bbox 3153 4220 3330 4289; x_wconf 76' lang='lat' dir='ltr'><strong>potius</strong></span> <span class='ocrx_word' id='word_1_632' title='bbox 3376 4236 3535 4291; x_wconf 86' lang='lat' dir='ltr'><strong>quem</strong></span> 
     </span>
    </p>
   </div>
   <div class='ocr_carea' id='block_1_87' title="bbox 1939 4309 3542 4388">
    <p class='ocr_par' dir='ltr' id='par_1_87' title="bbox 1939 4309 3542 4388">
     <span class='ocr_line' id='line_1_87' title="bbox 1939 4309 3542 4388; baseline 0.005 -23"><span class='ocrx_word' id='word_1_633' title='bbox 1939 4325 2005 4365; x_wconf 93' lang='lat' dir='ltr'><strong>eo</strong></span> <span class='ocrx_word' id='word_1_634' title='bbox 2051 4311 2353 4375; x_wconf 87' lang='lat' dir='ltr'><strong>miserunt,</strong></span> <span class='ocrx_word' id='word_1_635' title='bbox 2392 4309 2560 4366; x_wconf 88' lang='lat' dir='ltr'><strong>fuisse</strong></span> <span class='ocrx_word' id='word_1_636' title='bbox 2605 4311 2897 4382; x_wconf 87' lang='lat' dir='ltr'><strong>quemdam</strong></span> <span class='ocrx_word' id='word_1_637' title='bbox 2946 4311 3258 4382; x_wconf 83' lang='lat' dir='ltr'><strong>Victorem,</strong></span> <span class='ocrx_word' id='word_1_638' title='bbox 3305 4331 3542 4388; x_wconf 82' lang='lat' dir='ltr'><strong>eumque</strong></span> 
     </span>
    </p>
   </div>
   <div class='ocr_carea' id='block_1_88' title="bbox 1940 4400 3536 4480">
    <p class='ocr_par' dir='ltr' id='par_1_88' title="bbox 1940 4400 3536 4480">
     <span class='ocr_line' id='line_1_88' title="bbox 1940 4400 3536 4480; baseline 0.007 -24"><span class='ocrx_word' id='word_1_639' title='bbox 1940 4400 2153 4469; x_wconf 84' lang='lat' dir='ltr'><strong>Afrum,</strong></span> <span class='ocrx_word' id='word_1_640' title='bbox 2184 4403 2274 4473; x_wconf 89' lang='lat' dir='ltr'><strong>qui</strong></span> <span class='ocrx_word' id='word_1_641' title='bbox 2315 4413 2442 4459; x_wconf 89' lang='lat' dir='ltr'><strong>ante</strong></span> <span class='ocrx_word' id='word_1_642' title='bbox 2484 4405 2748 4459; x_wconf 87' lang='lat' dir='ltr'><strong>Donatum</strong></span> <span class='ocrx_word' id='word_1_643' title='bbox 2783 4421 2889 4459; x_wconf 91' lang='lat' dir='ltr'><strong>non</strong></span> <span class='ocrx_word' id='word_1_644' title='bbox 2930 4403 3114 4461; x_wconf 91' lang='lat' dir='ltr'><strong>fuerit.</strong></span> <span class='ocrx_word' id='word_1_645' title='bbox 3169 4408 3314 4480; x_wconf 87' lang='lat' dir='ltr'><strong>Ergo</strong></span> <span class='ocrx_word' id='word_1_646' title='bbox 3344 4420 3399 4465; x_wconf 89' lang='lat' dir='ltr'><strong>et</strong></span> <span class='ocrx_word' id='word_1_647' title='bbox 3425 4413 3536 4466; x_wconf 83' lang='lat' dir='ltr'><strong>Au-</strong></span> 
     </span>
    </p>
   </div>
   <div class='ocr_carea' id='block_1_89' title="bbox 1941 4489 3541 4569">
    <p class='ocr_par' dir='ltr' id='par_1_89' title="bbox 1941 4489 3541 4569">
     <span class='ocr_line' id='line_1_89' title="bbox 1941 4489 3541 4569; baseline 0.006 -23"><span class='ocrx_word' id='word_1_648' title='bbox 1941 4493 2190 4562; x_wconf 90' lang='lat' dir='ltr'><strong>gustinus</strong></span> <span class='ocrx_word' id='word_1_649' title='bbox 2219 4493 2274 4548; x_wconf 91' lang='lat' dir='ltr'><strong>in</strong></span> <span class='ocrx_word' id='word_1_650' title='bbox 2316 4494 2550 4564; x_wconf 87' lang='lat' dir='ltr'><strong>quodam</strong></span> <span class='ocrx_word' id='word_1_651' title='bbox 2585 4489 2779 4566; x_wconf 87' lang='lat' dir='ltr'><strong>psalm.</strong></span> <span class='ocrx_word' id='word_1_652' title='bbox 2814 4505 3005 4550; x_wconf 89' lang='lat' dir='ltr'><strong>contra</strong></span> <span class='ocrx_word' id='word_1_653' title='bbox 3038 4497 3367 4569; x_wconf 87' lang='lat' dir='ltr'><strong>Donatistas,</strong></span> <span class='ocrx_word' id='word_1_654' title='bbox 3419 4503 3541 4556; x_wconf 84' lang='lat' dir='ltr'><strong>Nu-</strong></span> 
     </span>
    </p>
   </div>
   <div class='ocr_carea' id='block_1_90' title="bbox 229 4577 3542 4664">
    <p class='ocr_par' dir='ltr' id='par_1_90' title="bbox 229 4577 3542 4664">
     <span class='ocr_line' id='line_1_90' title="bbox 229 4577 3542 4664; baseline -0.001 -15"><span class='ocrx_word' id='word_1_655' title='bbox 229 4582 414 4664; x_wconf 85' lang='lat' dir='ltr'><strong>neque</strong></span> <span class='ocrx_word' id='word_1_656' title='bbox 447 4606 650 4650; x_wconf 89' lang='lat' dir='ltr'><strong>tantum</strong></span> <span class='ocrx_word' id='word_1_657' title='bbox 681 4594 962 4661; x_wconf 71' lang='lat' dir='ltr'><strong>doctrinm,</strong></span> <span class='ocrx_word' id='word_1_658' title='bbox 993 4593 1088 4650; x_wconf 83' lang='lat' dir='ltr'><strong>sed</strong></span> <span class='ocrx_word' id='word_1_659' title='bbox 1120 4604 1172 4650; x_wconf 90' lang='lat' dir='ltr'><strong>et</strong></span> <span class='ocrx_word' id='word_1_660' title='bbox 1213 4593 1571 4648; x_wconf 87' lang='lat' dir='ltr'><strong>ordinationis</strong></span> <span class='ocrx_word' id='word_1_661' title='bbox 1603 4609 1616 4644; x_wconf 92' lang='lat'>:</span> <span class='ocrx_word' id='word_1_662' title='bbox 1666 4607 1841 4663; x_wconf 89' lang='lat' dir='ltr'><strong>neque</strong></span> <span class='ocrx_word' id='word_1_663' title='bbox 1867 4577 1924 4640; x_wconf 80' lang='grc' dir='ltr'><strong>Β</strong></span> <span class='ocrx_word' id='word_1_664' title='bbox 1948 4594 2161 4653; x_wconf 88' lang='lat' dir='ltr'><strong>merate,</strong></span> <span class='ocrx_word' id='word_1_665' title='bbox 2210 4586 2404 4656; x_wconf 90' lang='lat' dir='ltr'><strong>inquit,</strong></span> <span class='ocrx_word' id='word_1_666' title='bbox 2435 4586 2723 4640; x_wconf 85' lang='lat' dir='ltr'><strong>sacerdotes</strong></span> <span class='ocrx_word' id='word_1_667' title='bbox 2767 4588 2830 4641; x_wconf 90' lang='lat' dir='ltr'><strong>ab</strong></span> <span class='ocrx_word' id='word_1_668' title='bbox 2860 4588 2974 4659; x_wconf 83' lang='lat' dir='ltr'><strong>ipsa</strong></span> <span class='ocrx_word' id='word_1_669' title='bbox 3018 4585 3166 4642; x_wconf 87' lang='lat' dir='ltr'><strong>Petri</strong></span> <span class='ocrx_word' id='word_1_670' title='bbox 3208 4590 3328 4645; x_wconf 85' lang='lat' dir='ltr'><strong>sede</strong></span> <span class='ocrx_word' id='word_1_671' title='bbox 3350 4609 3368 4646; x_wconf 80' lang='lat'><strong>.&#39;</strong></span> <span class='ocrx_word' id='word_1_672' title='bbox 3397 4602 3442 4646; x_wconf 89' lang='lat' dir='ltr'><strong>et</strong></span> <span class='ocrx_word' id='word_1_673' title='bbox 3485 4594 3542 4648; x_wconf 89' lang='lat' dir='ltr'><strong>in</strong></span> 
     </span>
    </p>
   </div>
   <div class='ocr_carea' id='block_1_91' title="bbox 133 4685 1841 4759">
    <p class='ocr_par' dir='ltr' id='par_1_91' title="bbox 133 4685 1841 4759">
     <span class='ocr_line' id='line_1_91' title="bbox 133 4685 1841 4759; baseline 0.001 -18"><span class='ocrx_word' id='word_1_674' title='bbox 133 4691 138 4693; x_wconf 80' lang='grc'><strong>’</strong></span> <span class='ocrx_word' id='word_1_675' title='bbox 233 4688 419 4742; x_wconf 90' lang='lat' dir='ltr'><strong>solum</strong></span> <span class='ocrx_word' id='word_1_676' title='bbox 454 4688 832 4754; x_wconf 90' lang='lat' dir='ltr'><strong>ordinationis,</strong></span> <span class='ocrx_word' id='word_1_677' title='bbox 881 4687 975 4744; x_wconf 89' lang='lat' dir='ltr'><strong>sed</strong></span> <span class='ocrx_word' id='word_1_678' title='bbox 1003 4689 1165 4743; x_wconf 88' lang='lat' dir='ltr'><strong>etiam</strong></span> <span class='ocrx_word' id='word_1_679' title='bbox 1206 4687 1504 4759; x_wconf 86' lang='lat' dir='ltr'><strong>religionis.</strong></span> <span class='ocrx_word' id='word_1_680' title='bbox 1544 4685 1706 4742; x_wconf 90' lang='lat' dir='ltr'><strong>Certe</strong></span> <span class='ocrx_word' id='word_1_681' title='bbox 1751 4687 1841 4743; x_wconf 90' lang='lat' dir='ltr'><strong>ubi</strong></span> 
     </span>
    </p>
   </div>
   <div class='ocr_carea' id='block_1_92' title="bbox 237 4779 1844 4848">
    <p class='ocr_par' dir='ltr' id='par_1_92' title="bbox 237 4779 1844 4848">
     <span class='ocr_line' id='line_1_92' title="bbox 237 4779 1844 4848; baseline -0.001 -13"><span class='ocrx_word' id='word_1_682' title='bbox 237 4781 370 4835; x_wconf 89' lang='lat' dir='ltr'><strong>talis</strong></span> <span class='ocrx_word' id='word_1_683' title='bbox 417 4781 691 4837; x_wconf 84' lang='lat' dir='ltr'><strong>successio</strong></span> <span class='ocrx_word' id='word_1_684' title='bbox 733 4789 836 4848; x_wconf 90' lang='lat' dir='ltr'><strong>est,</strong></span> <span class='ocrx_word' id='word_1_685' title='bbox 885 4779 1118 4837; x_wconf 89' lang='lat' dir='ltr'><strong>defectio</strong></span> <span class='ocrx_word' id='word_1_686' title='bbox 1156 4795 1263 4834; x_wconf 93' lang='lat' dir='ltr'><strong>non</strong></span> <span class='ocrx_word' id='word_1_687' title='bbox 1307 4789 1410 4844; x_wconf 91' lang='lat' dir='ltr'><strong>est,</strong></span> <span class='ocrx_word' id='word_1_688' title='bbox 1441 4779 1550 4834; x_wconf 90' lang='lat' dir='ltr'><strong>imo</strong></span> <span class='ocrx_word' id='word_1_689' title='bbox 1593 4794 1723 4834; x_wconf 91' lang='lat' dir='ltr'><strong>vero</strong></span> <span class='ocrx_word' id='word_1_690' title='bbox 1760 4787 1844 4835; x_wconf 89' lang='lat' dir='ltr'><strong>est</strong></span> 
     </span>
    </p>
   </div>
   <div class='ocr_carea' id='block_1_93' title="bbox 234 4872 1843 4944">
    <p class='ocr_par' dir='ltr' id='par_1_93' title="bbox 234 4872 1843 4944">
     <span class='ocr_line' id='line_1_93' title="bbox 234 4872 1843 4944; baseline 0 -15"><span class='ocrx_word' id='word_1_691' title='bbox 234 4875 578 4930; x_wconf 88' lang='lat' dir='ltr'><strong>continuatio</strong></span> <span class='ocrx_word' id='word_1_692' title='bbox 607 4891 619 4927; x_wconf 93' lang='lat'><strong>:</strong></span> <span class='ocrx_word' id='word_1_693' title='bbox 651 4882 711 4928; x_wconf 92' lang='lat' dir='ltr'><strong>ut</strong></span> <span class='ocrx_word' id='word_1_694' title='bbox 750 4887 926 4944; x_wconf 90' lang='lat' dir='ltr'><strong>neque</strong></span> <span class='ocrx_word' id='word_1_695' title='bbox 957 4872 1023 4939; x_wconf 92' lang='lat' dir='ltr'><strong>ii,</strong></span> <span class='ocrx_word' id='word_1_696' title='bbox 1055 4873 1249 4944; x_wconf 90' lang='lat' dir='ltr'><strong>quibus</strong></span> <span class='ocrx_word' id='word_1_697' title='bbox 1276 4872 1350 4927; x_wconf 87' lang='lat' dir='ltr'><strong>ita</strong></span> <span class='ocrx_word' id='word_1_698' title='bbox 1384 4872 1712 4938; x_wconf 89' lang='lat' dir='ltr'><strong>succeditur,</strong></span> <span class='ocrx_word' id='word_1_699' title='bbox 1747 4872 1843 4929; x_wconf 91' lang='lat' dir='ltr'><strong>de-</strong></span> 
     </span>
    </p>
   </div>
   <div class='ocr_carea' id='block_1_94' title="bbox 230 4965 1848 5026">
    <p class='ocr_par' dir='ltr' id='par_1_94' title="bbox 230 4965 1848 5026">
     <span class='ocr_line' id='line_1_94' title="bbox 230 4965 1848 5026; baseline -0.002 -1"><span class='ocrx_word' id='word_1_700' title='bbox 230 4969 477 5026; x_wconf 89' lang='lat' dir='ltr'><strong>cessisse</strong></span> <span class='ocrx_word' id='word_1_701' title='bbox 510 4967 731 5022; x_wconf 90' lang='lat' dir='ltr'><strong>omnino</strong></span> <span class='ocrx_word' id='word_1_702' title='bbox 773 4967 1074 5022; x_wconf 78' lang='lat' dir='ltr'><strong>videantur.</strong></span> <span class='ocrx_word' id='word_1_703' title='bbox 1123 4965 1214 5021; x_wconf 90' lang='lat' dir='ltr'><strong>Usi</strong></span> <span class='ocrx_word' id='word_1_704' title='bbox 1243 4975 1399 5021; x_wconf 87' lang='lat' dir='ltr'><strong>antea</strong></span> <span class='ocrx_word' id='word_1_705' title='bbox 1426 4973 1582 5020; x_wconf 90' lang='lat' dir='ltr'><strong>erant</strong></span> <span class='ocrx_word' id='word_1_706' title='bbox 1623 4965 1725 5022; x_wconf 89' lang='lat' dir='ltr'><strong>hac</strong></span> <span class='ocrx_word' id='word_1_707' title='bbox 1753 4965 1848 5022; x_wconf 88' lang='lat' dir='ltr'><strong>de-</strong></span> 
     </span>
    </p>
   </div>
   <div class='ocr_carea' id='block_1_95' title="bbox 231 5058 1844 5131">
    <p class='ocr_par' dir='ltr' id='par_1_95' title="bbox 231 5058 1844 5131">
     <span class='ocr_line' id='line_1_95' title="bbox 231 5058 1844 5131; baseline -0.002 -13"><span class='ocrx_word' id='word_1_708' title='bbox 231 5061 492 5118; x_wconf 81' lang='lat' dir='ltr'><strong>fensioue</strong></span> <span class='ocrx_word' id='word_1_709' title='bbox 519 5061 754 5118; x_wconf 66' lang='lat' dir='ltr'><strong>Irenaeus</strong></span> <span class='ocrx_word' id='word_1_710' title='bbox 779 5071 830 5114; x_wconf 90' lang='lat' dir='ltr'><strong>ct</strong></span> <span class='ocrx_word' id='word_1_711' title='bbox 879 5059 1140 5131; x_wconf 86' lang='lat' dir='ltr'><strong>Origenes</strong></span> <span class='ocrx_word' id='word_1_712' title='bbox 1169 5058 1430 5115; x_wconf 88' lang='lat' dir='ltr'><strong>adversus</strong></span> <span class='ocrx_word' id='word_1_713' title='bbox 1457 5058 1538 5112; x_wconf 91' lang='lat' dir='ltr'><strong>sui</strong></span> <span class='ocrx_word' id='word_1_714' title='bbox 1584 5059 1844 5129; x_wconf 88' lang='lat' dir='ltr'><strong>temporis</strong></span> 
     </span>
    </p>
   </div>
   <div class='ocr_carea' id='block_1_96' title="bbox 231 5151 1848 5227">
    <p class='ocr_par' dir='ltr' id='par_1_96' title="bbox 231 5151 1848 5227">
     <span class='ocr_line' id='line_1_96' title="bbox 231 5151 1848 5227; baseline 0 -19"><span class='ocrx_word' id='word_1_715' title='bbox 231 5156 412 5227; x_wconf 75' lang='lat'><strong>358</strong></span> <span class='ocrx_word' id='word_1_716' title='bbox 435 5155 738 5219; x_wconf 61' lang='lat' dir='ltr'><strong>haereticos.</strong></span> <span class='ocrx_word' id='word_1_717' title='bbox 768 5165 822 5209; x_wconf 91' lang='lat' dir='ltr'><strong>et</strong></span> <span class='ocrx_word' id='word_1_718' title='bbox 849 5153 965 5225; x_wconf 91' lang='lat' dir='ltr'><strong>ipse</strong></span> <span class='ocrx_word' id='word_1_719' title='bbox 990 5168 1204 5225; x_wconf 89' lang='lat' dir='ltr'><strong>quoque</strong></span> <span class='ocrx_word' id='word_1_720' title='bbox 1229 5151 1595 5207; x_wconf 87' lang='lat' dir='ltr'><strong>Tertullianus</strong></span> <span class='ocrx_word' id='word_1_721' title='bbox 1624 5151 1754 5206; x_wconf 82' lang='lat' dir='ltr'><strong>Afer</strong></span> <span class='ocrx_word' id='word_1_722' title='bbox 1779 5155 1848 5208; x_wconf 90' lang='lat' dir='ltr'><strong>de</strong></span> 
     </span>
    </p>
   </div>
   <div class='ocr_carea' id='block_1_97' title="bbox 233 5243 1850 5319">
    <p class='ocr_par' dir='ltr' id='par_1_97' title="bbox 233 5243 1850 5319">
     <span class='ocr_line' id='line_1_97' title="bbox 233 5243 1850 5319; baseline -0.002 -17"><span class='ocrx_word' id='word_1_723' title='bbox 233 5247 533 5319; x_wconf 70' lang='lat' dir='ltr'><strong>Prmscrip.</strong></span> <span class='ocrx_word' id='word_1_724' title='bbox 571 5248 808 5304; x_wconf 68' lang='lat' dir='ltr'><strong>hmretic.</strong></span> <span class='ocrx_word' id='word_1_725' title='bbox 856 5245 1084 5318; x_wconf 84' lang='lat' dir='ltr'><strong>Optatus</strong></span> <span class='ocrx_word' id='word_1_726' title='bbox 1126 5245 1369 5301; x_wconf 87' lang='lat' dir='ltr'><strong>eamdem</strong></span> <span class='ocrx_word' id='word_1_727' title='bbox 1418 5246 1642 5315; x_wconf 92' lang='lat' dir='ltr'><strong>opponit</strong></span> <span class='ocrx_word' id='word_1_728' title='bbox 1671 5243 1850 5299; x_wconf 88' lang='lat' dir='ltr'><strong>Dona-</strong></span> 
     </span>
    </p>
   </div>
   <div class='ocr_carea' id='block_1_98' title="bbox 236 5337 1848 5410">
    <p class='ocr_par' dir='ltr' id='par_1_98' title="bbox 236 5337 1848 5410">
     <span class='ocr_line' id='line_1_98' title="bbox 236 5337 1848 5410; baseline 0.001 -18"><span class='ocrx_word' id='word_1_729' title='bbox 236 5339 390 5394; x_wconf 87' lang='lat' dir='ltr'><strong>tistis</strong></span> <span class='ocrx_word' id='word_1_730' title='bbox 419 5339 512 5396; x_wconf 91' lang='lat' dir='ltr'><strong>lib.</strong></span> <span class='ocrx_word' id='word_1_731' title='bbox 537 5355 604 5406; x_wconf 89' lang='grc' dir='ltr'>ιι,</span> <span class='ocrx_word' id='word_1_732' title='bbox 637 5351 691 5394; x_wconf 89' lang='lat' dir='ltr'><strong>et</strong></span> <span class='ocrx_word' id='word_1_733' title='bbox 720 5341 837 5409; x_wconf 90' lang='lat' dir='ltr'><strong>ejus</strong></span> <span class='ocrx_word' id='word_1_734' title='bbox 864 5341 1115 5410; x_wconf 86' lang='lat' dir='ltr'><strong>exemplo</strong></span> <span class='ocrx_word' id='word_1_735' title='bbox 1143 5337 1475 5408; x_wconf 85' lang='lat' dir='ltr'><strong>Augustinus</strong></span> <span class='ocrx_word' id='word_1_736' title='bbox 1495 5379 1508 5402; x_wconf 93' lang='lat'><strong>,</strong></span> <span class='ocrx_word' id='word_1_737' title='bbox 1537 5338 1628 5409; x_wconf 91' lang='lat' dir='ltr'><strong>qui</strong></span> <span class='ocrx_word' id='word_1_738' title='bbox 1659 5346 1716 5393; x_wconf 91' lang='lat' dir='ltr'><strong>et</strong></span> <span class='ocrx_word' id='word_1_739' title='bbox 1737 5337 1848 5393; x_wconf 82' lang='lat' dir='ltr'><strong>Ma-</strong></span> 
     </span>
    </p>
   </div>
   <div class='ocr_carea' id='block_1_99' title="bbox 237 5428 1848 5501">
    <p class='ocr_par' dir='ltr' id='par_1_99' title="bbox 237 5428 1848 5501">
     <span class='ocr_line' id='line_1_99' title="bbox 237 5428 1848 5501; baseline 0 -17"><span class='ocrx_word' id='word_1_740' title='bbox 237 5429 474 5486; x_wconf 71' lang='lat' dir='ltr'><strong>nichteis</strong></span> <span class='ocrx_word' id='word_1_741' title='bbox 497 5429 745 5486; x_wconf 90' lang='lat' dir='ltr'><strong>eumdem</strong></span> <span class='ocrx_word' id='word_1_742' title='bbox 777 5431 942 5486; x_wconf 89' lang='lat' dir='ltr'><strong>veluti</strong></span> <span class='ocrx_word' id='word_1_743' title='bbox 969 5432 1192 5486; x_wconf 89' lang='lat' dir='ltr'><strong>arietem</strong></span> <span class='ocrx_word' id='word_1_744' title='bbox 1216 5428 1401 5499; x_wconf 87' lang='lat' dir='ltr'><strong>objicit</strong></span> <span class='ocrx_word' id='word_1_745' title='bbox 1422 5430 1729 5501; x_wconf 86' lang='lat' dir='ltr'><strong>quinquies,</strong></span> <span class='ocrx_word' id='word_1_746' title='bbox 1755 5437 1848 5484; x_wconf 87' lang='lat' dir='ltr'><strong>aut</strong></span> 
     </span>
    </p>
   </div>
   <div class='ocr_carea' id='block_1_100' title="bbox 236 5512 1846 5587">
    <p class='ocr_par' dir='ltr' id='par_1_100' title="bbox 236 5512 1846 5587">
     <span class='ocr_line' id='line_1_100' title="bbox 236 5512 1846 5587; baseline -0.001 -9"><span class='ocrx_word' id='word_1_747' title='bbox 236 5522 430 5578; x_wconf 82' lang='lat' dir='ltr'><strong>sexies</strong></span> <span class='ocrx_word' id='word_1_748' title='bbox 459 5523 510 5577; x_wconf 92' lang='lat' dir='ltr'><strong>iu</strong></span> <span class='ocrx_word' id='word_1_749' title='bbox 561 5522 716 5578; x_wconf 81' lang='lat' dir='ltr'><strong>libris</strong></span> <span class='ocrx_word' id='word_1_750' title='bbox 761 5534 951 5578; x_wconf 90' lang='lat' dir='ltr'><strong>contra</strong></span> <span class='ocrx_word' id='word_1_751' title='bbox 999 5512 1280 5587; x_wconf 83' lang='lat' dir='ltr'><strong>Faustum,</strong></span> <span class='ocrx_word' id='word_1_752' title='bbox 1321 5531 1375 5576; x_wconf 91' lang='lat' dir='ltr'><strong>et</strong></span> <span class='ocrx_word' id='word_1_753' title='bbox 1414 5524 1466 5574; x_wconf 89' lang='lat' dir='ltr'><strong>iu</strong></span> <span class='ocrx_word' id='word_1_754' title='bbox 1519 5521 1611 5578; x_wconf 92' lang='lat' dir='ltr'><strong>lib.</strong></span> <span class='ocrx_word' id='word_1_755' title='bbox 1657 5533 1846 5577; x_wconf 89' lang='lat' dir='ltr'><strong>contra</strong></span> 
     </span>
    </p>
   </div>
   <div class='ocr_carea' id='block_1_101' title="bbox 238 5614 1849 5684">
    <p class='ocr_par' dir='ltr' id='par_1_101' title="bbox 238 5614 1849 5684">
     <span class='ocr_line' id='line_1_101' title="bbox 238 5614 1849 5684; baseline 0.001 -14"><span class='ocrx_word' id='word_1_756' title='bbox 238 5614 689 5684; x_wconf 80' lang='lat' dir='ltr'><strong>epist.Manicli.,</strong></span> <span class='ocrx_word' id='word_1_757' title='bbox 710 5626 764 5672; x_wconf 92' lang='lat' dir='ltr'><strong>et</strong></span> <span class='ocrx_word' id='word_1_758' title='bbox 783 5616 835 5671; x_wconf 93' lang='lat' dir='ltr'><strong>in</strong></span> <span class='ocrx_word' id='word_1_759' title='bbox 859 5616 952 5672; x_wconf 90' lang='lat' dir='ltr'><strong>lib.</strong></span> <span class='ocrx_word' id='word_1_760' title='bbox 975 5615 1040 5670; x_wconf 91' lang='lat' dir='ltr'><strong>de</strong></span> <span class='ocrx_word' id='word_1_761' title='bbox 1065 5615 1194 5672; x_wconf 91' lang='lat' dir='ltr'><strong>Util.</strong></span> <span class='ocrx_word' id='word_1_762' title='bbox 1211 5615 1386 5681; x_wconf 92' lang='lat' dir='ltr'><strong>cred.,</strong></span> <span class='ocrx_word' id='word_1_763' title='bbox 1416 5616 1534 5670; x_wconf 91' lang='lat' dir='ltr'><strong>etin</strong></span> <span class='ocrx_word' id='word_1_764' title='bbox 1561 5616 1652 5670; x_wconf 91' lang='lat' dir='ltr'><strong>lib.</strong></span> <span class='ocrx_word' id='word_1_765' title='bbox 1679 5633 1692 5670; x_wconf 96' lang='grc' dir='ltr'><strong>ι</strong></span> <span class='ocrx_word' id='word_1_766' title='bbox 1717 5632 1849 5672; x_wconf 64' lang='lat' dir='ltr'><strong>cono</strong></span> 
     </span>
    </p>
   </div>
   <div class='ocr_carea' id='block_1_102' title="bbox 242 5711 1853 5784">
    <p class='ocr_par' dir='ltr' id='par_1_102' title="bbox 242 5711 1853 5784">
     <span class='ocr_line' id='line_1_102' title="bbox 242 5711 1853 5784; baseline 0.001 -17"><span class='ocrx_word' id='word_1_767' title='bbox 242 5722 334 5767; x_wconf 82' lang='lat' dir='ltr'><strong>tra</strong></span> <span class='ocrx_word' id='word_1_768' title='bbox 365 5711 577 5769; x_wconf 88' lang='lat' dir='ltr'><strong>advers.</strong></span> <span class='ocrx_word' id='word_1_769' title='bbox 604 5712 710 5784; x_wconf 86' lang='lat' dir='ltr'><strong>leg.</strong></span> <span class='ocrx_word' id='word_1_770' title='bbox 749 5727 870 5784; x_wconf 86' lang='lat' dir='ltr'><strong>cap.</strong></span> <span class='ocrx_word' id='word_1_771' title='bbox 901 5712 993 5770; x_wconf 73' lang='lat'><strong>20.</strong></span> <span class='ocrx_word' id='word_1_772' title='bbox 1037 5711 1142 5768; x_wconf 89' lang='lat' dir='ltr'><strong>Sed</strong></span> <span class='ocrx_word' id='word_1_773' title='bbox 1171 5727 1291 5767; x_wconf 92' lang='lat' dir='ltr'><strong>cum</strong></span> <span class='ocrx_word' id='word_1_774' title='bbox 1317 5711 1578 5768; x_wconf 89' lang='lat' dir='ltr'><strong>adversus</strong></span> <span class='ocrx_word' id='word_1_775' title='bbox 1607 5712 1853 5768; x_wconf 90' lang='lat' dir='ltr'><strong>Donatis-</strong></span> 
     </span>
    </p>
   </div>
   <div class='ocr_carea' id='block_1_103' title="bbox 244 5804 1851 5879">
    <p class='ocr_par' dir='ltr' id='par_1_103' title="bbox 244 5804 1851 5879">
     <span class='ocr_line' id='line_1_103' title="bbox 244 5804 1851 5879; baseline 0.004 -18"><span class='ocrx_word' id='word_1_776' title='bbox 244 5816 336 5861; x_wconf 86' lang='lat' dir='ltr'><strong>tas</strong></span> <span class='ocrx_word' id='word_1_777' title='bbox 365 5808 558 5879; x_wconf 86' lang='lat' dir='ltr'><strong>agitur,</strong></span> <span class='ocrx_word' id='word_1_778' title='bbox 592 5806 870 5864; x_wconf 90' lang='lat' dir='ltr'><strong>diflicilior</strong></span> <span class='ocrx_word' id='word_1_779' title='bbox 894 5809 1008 5862; x_wconf 60' lang='lat' dir='ltr'><strong>huic</strong></span> <span class='ocrx_word' id='word_1_780' title='bbox 1037 5807 1172 5861; x_wconf 87' lang='lat' dir='ltr'><strong>ratio</strong></span> <span class='ocrx_word' id='word_1_781' title='bbox 1199 5815 1283 5861; x_wconf 90' lang='lat' dir='ltr'><strong>est</strong></span> <span class='ocrx_word' id='word_1_782' title='bbox 1317 5823 1331 5860; x_wconf 87' lang='lat'><strong>:</strong></span> <span class='ocrx_word' id='word_1_783' title='bbox 1358 5805 1485 5877; x_wconf 82' lang='lat' dir='ltr'><strong>quia</strong></span> <span class='ocrx_word' id='word_1_784' title='bbox 1513 5813 1569 5863; x_wconf 92' lang='lat' dir='ltr'><strong>et</strong></span> <span class='ocrx_word' id='word_1_785' title='bbox 1594 5804 1851 5867; x_wconf 82' lang='lat' dir='ltr'><strong>Donatis-</strong></span> 
     </span>
    </p>
   </div>
   <div class='ocr_carea' id='block_1_104' title="bbox 781 5899 1228 5963">
    <p class='ocr_par' dir='ltr' id='par_1_104' title="bbox 781 5899 1228 5963">
     <span class='ocr_line' id='line_1_104' title="bbox 781 5899 1228 5963; baseline -0.002 0"><span class='ocrx_word' id='word_1_786' title='bbox 781 5902 1053 5963; x_wconf 73' lang='lat' dir='ltr'><strong>pATROL.</strong></span> <span class='ocrx_word' id='word_1_787' title='bbox 1114 5899 1228 5962; x_wconf 86' lang='lat' dir='ltr'><strong>XI.</strong></span> 
     </span>
    </p>
   </div>
   <div class='ocr_carea' id='block_1_105' title="bbox 1949 4678 3547 4750">
    <p class='ocr_par' dir='ltr' id='par_1_105' title="bbox 1949 4678 3547 4750">
     <span class='ocr_line' id='line_1_105' title="bbox 1949 4678 3547 4750; baseline 0.004 -16"><span class='ocrx_word' id='word_1_788' title='bbox 1949 4680 2128 4735; x_wconf 87' lang='lat' dir='ltr'><strong>ordine</strong></span> <span class='ocrx_word' id='word_1_789' title='bbox 2154 4694 2331 4734; x_wconf 90' lang='lat' dir='ltr'><strong>eorum</strong></span> <span class='ocrx_word' id='word_1_790' title='bbox 2361 4687 2589 4750; x_wconf 83' lang='lat' dir='ltr'><strong>patrum,</strong></span> <span class='ocrx_word' id='word_1_791' title='bbox 2613 4678 2728 4748; x_wconf 82' lang='lat' dir='ltr'><strong>quis</strong></span> <span class='ocrx_word' id='word_1_792' title='bbox 2755 4679 2840 4732; x_wconf 90' lang='lat' dir='ltr'><strong>cui</strong></span> <span class='ocrx_word' id='word_1_793' title='bbox 2860 4681 3121 4749; x_wconf 83' lang='lat' dir='ltr'><strong>successit,</strong></span> <span class='ocrx_word' id='word_1_794' title='bbox 3149 4682 3331 4737; x_wconf 84' lang='lat' dir='ltr'><strong>videte.</strong></span> <span class='ocrx_word' id='word_1_795' title='bbox 3357 4683 3463 4738; x_wconf 88' lang='lat' dir='ltr'><strong>Sed</strong></span> <span class='ocrx_word' id='word_1_796' title='bbox 3489 4693 3547 4740; x_wconf 89' lang='lat' dir='ltr'><strong>et</strong></span> 
     </span>
    </p>
   </div>
   <div class='ocr_carea' id='block_1_106' title="bbox 1949 4769 3545 4846">
    <p class='ocr_par' dir='ltr' id='par_1_106' title="bbox 1949 4769 3545 4846">
     <span class='ocr_line' id='line_1_106' title="bbox 1949 4769 3545 4846; baseline 0.001 -18"><span class='ocrx_word' id='word_1_797' title='bbox 1949 4772 2002 4828; x_wconf 91' lang='lat' dir='ltr'><strong>in</strong></span> <span class='ocrx_word' id='word_1_798' title='bbox 2033 4772 2127 4826; x_wconf 92' lang='lat' dir='ltr'><strong>lib.</strong></span> <span class='ocrx_word' id='word_1_799' title='bbox 2156 4772 2363 4837; x_wconf 82' lang='lat' dir='ltr'><strong>Quaest.</strong></span> <span class='ocrx_word' id='word_1_800' title='bbox 2397 4769 2609 4826; x_wconf 84' lang='lat' dir='ltr'><strong>Veteris</strong></span> <span class='ocrx_word' id='word_1_801' title='bbox 2636 4778 2693 4826; x_wconf 90' lang='lat' dir='ltr'><strong>et</strong></span> <span class='ocrx_word' id='word_1_802' title='bbox 2712 4770 2848 4827; x_wconf 87' lang='lat' dir='ltr'><strong>Novi</strong></span> <span class='ocrx_word' id='word_1_803' title='bbox 2869 4770 3111 4827; x_wconf 88' lang='lat' dir='ltr'><strong>Testam.</strong></span> <span class='ocrx_word' id='word_1_804' title='bbox 3135 4788 3254 4844; x_wconf 88' lang='lat' dir='ltr'><strong>cap.</strong></span> <span class='ocrx_word' id='word_1_805' title='bbox 3285 4775 3391 4829; x_wconf 79' lang='grc'><strong>110</strong></span> <span class='ocrx_word' id='word_1_806' title='bbox 3420 4774 3545 4846; x_wconf 87' lang='lat' dir='ltr'><strong>(qui</strong></span> 
     </span>
    </p>
   </div>
   <div class='ocr_carea' id='block_1_107' title="bbox 1949 4862 3547 4938">
    <p class='ocr_par' dir='ltr' id='par_1_107' title="bbox 1949 4862 3547 4938">
     <span class='ocr_line' id='line_1_107' title="bbox 1949 4862 3547 4938; baseline 0.001 -17"><span class='ocrx_word' id='word_1_807' title='bbox 1949 4867 2086 4922; x_wconf 90' lang='lat' dir='ltr'><strong>liber</strong></span> <span class='ocrx_word' id='word_1_808' title='bbox 2104 4865 2405 4935; x_wconf 87' lang='lat' dir='ltr'><strong>Augustino</strong></span> <span class='ocrx_word' id='word_1_809' title='bbox 2425 4862 2761 4936; x_wconf 90' lang='lat' dir='ltr'><strong>ascribitur),</strong></span> <span class='ocrx_word' id='word_1_810' title='bbox 2783 4865 3030 4918; x_wconf 80' lang='lat' dir='ltr'><strong>Ordinem</strong></span> <span class='ocrx_word' id='word_1_811' title='bbox 3045 4906 3058 4931; x_wconf 92' lang='lat'><strong>,</strong></span> <span class='ocrx_word' id='word_1_812' title='bbox 3085 4864 3279 4935; x_wconf 90' lang='lat' dir='ltr'><strong>inquit,</strong></span> <span class='ocrx_word' id='word_1_813' title='bbox 3303 4868 3365 4921; x_wconf 89' lang='lat' dir='ltr'><strong>ab</strong></span> <span class='ocrx_word' id='word_1_814' title='bbox 3386 4883 3547 4938; x_wconf 86' lang='lat' dir='ltr'><strong>apos-</strong></span> 
     </span>
    </p>
   </div>
   <div class='ocr_carea' id='block_1_108' title="bbox 1951 4959 3549 5031">
    <p class='ocr_par' dir='ltr' id='par_1_108' title="bbox 1951 4959 3549 5031">
     <span class='ocr_line' id='line_1_108' title="bbox 1951 4959 3549 5031; baseline 0 -15"><span class='ocrx_word' id='word_1_815' title='bbox 1951 4961 2056 5016; x_wconf 86' lang='lat' dir='ltr'><strong>tolo</strong></span> <span class='ocrx_word' id='word_1_816' title='bbox 2083 4959 2240 5015; x_wconf 87' lang='lat' dir='ltr'><strong>Petro</strong></span> <span class='ocrx_word' id='word_1_817' title='bbox 2273 4968 2512 5030; x_wconf 67' lang='lat' dir='ltr'><strong>ereptum,</strong></span> <span class='ocrx_word' id='word_1_818' title='bbox 2545 4968 2592 5014; x_wconf 88' lang='lat' dir='ltr'><strong>et</strong></span> <span class='ocrx_word' id='word_1_819' title='bbox 2618 4975 2778 5028; x_wconf 85' lang='lat' dir='ltr'><strong>usque</strong></span> <span class='ocrx_word' id='word_1_820' title='bbox 2805 4959 2873 5012; x_wconf 87' lang='lat' dir='ltr'><strong>ad</strong></span> <span class='ocrx_word' id='word_1_821' title='bbox 2897 4961 2991 5014; x_wconf 84' lang='lat' dir='ltr'><strong>hoc</strong></span> <span class='ocrx_word' id='word_1_822' title='bbox 3017 4967 3215 5031; x_wconf 84' lang='lat' dir='ltr'><strong>tempus</strong></span> <span class='ocrx_word' id='word_1_823' title='bbox 3246 4977 3338 5030; x_wconf 86' lang='lat' dir='ltr'><strong>per</strong></span> <span class='ocrx_word' id='word_1_824' title='bbox 3365 4961 3549 5016; x_wconf 86' lang='lat' dir='ltr'><strong>tradu-</strong></span> 
     </span>
    </p>
   </div>
   <div class='ocr_carea' id='block_1_109' title="bbox 1949 5053 3548 5126">
    <p class='ocr_par' dir='ltr' id='par_1_109' title="bbox 1949 5053 3548 5126">
     <span class='ocr_line' id='line_1_109' title="bbox 1949 5053 3548 5126; baseline -0.001 -17"><span class='ocrx_word' id='word_1_825' title='bbox 1949 5071 2056 5110; x_wconf 87' lang='lat' dir='ltr'><strong>cem</strong></span> <span class='ocrx_word' id='word_1_826' title='bbox 2097 5053 2474 5109; x_wconf 81' lang='lat' dir='ltr'><strong>succedentittm</strong></span> <span class='ocrx_word' id='word_1_827' title='bbox 2517 5053 2878 5124; x_wconf 84' lang='lat' dir='ltr'><strong>episcoporum</strong></span> <span class='ocrx_word' id='word_1_828' title='bbox 2927 5061 3184 5108; x_wconf 77' lang='lat' dir='ltr'><strong>servatura</strong></span> <span class='ocrx_word' id='word_1_829' title='bbox 3224 5055 3548 5126; x_wconf 83' lang='lat' dir='ltr'><strong>perturbant,</strong></span> 
     </span>
    </p>
   </div>
   <div class='ocr_carea' id='block_1_110' title="bbox 1952 5145 3554 5219">
    <p class='ocr_par' dir='ltr' id='par_1_110' title="bbox 1952 5145 3554 5219">
     <span class='ocr_line' id='line_1_110' title="bbox 1952 5145 3554 5219; baseline 0 -17"><span class='ocrx_word' id='word_1_830' title='bbox 1952 5147 2186 5203; x_wconf 86' lang='lat' dir='ltr'><strong>ordinem</strong></span> <span class='ocrx_word' id='word_1_831' title='bbox 2226 5145 2323 5201; x_wconf 83' lang='lat' dir='ltr'><strong>sibi</strong></span> <span class='ocrx_word' id='word_1_832' title='bbox 2351 5146 2463 5202; x_wconf 88' lang='lat' dir='ltr'><strong>sine</strong></span> <span class='ocrx_word' id='word_1_833' title='bbox 2509 5147 2709 5219; x_wconf 85' lang='lat' dir='ltr'><strong>origine</strong></span> <span class='ocrx_word' id='word_1_834' title='bbox 2735 5146 3070 5218; x_wconf 77' lang='lat' dir='ltr'><strong>vindicantes,</strong></span> <span class='ocrx_word' id='word_1_835' title='bbox 3101 5161 3289 5218; x_wconf 84' lang='lat' dir='ltr'><strong>corpus</strong></span> <span class='ocrx_word' id='word_1_836' title='bbox 3315 5148 3427 5203; x_wconf 76' lang='lat' dir='ltr'><strong>sine</strong></span> <span class='ocrx_word' id='word_1_837' title='bbox 3463 5163 3554 5202; x_wconf 87' lang='lat' dir='ltr'><strong>ca-</strong></span> 
     </span>
    </p>
   </div>
   <div class='ocr_carea' id='block_1_111' title="bbox 1950 5242 2076 5314">
    <p class='ocr_par' dir='ltr' id='par_1_111' title="bbox 1950 5242 2076 5314">
     <span class='ocr_line' id='line_1_111' title="bbox 1950 5242 2076 5314; baseline 0.008 -18"><span class='ocrx_word' id='word_1_838' title='bbox 1950 5242 2076 5314; x_wconf 74' lang='lat' dir='ltr'><strong>pits.</strong></span> 
     </span>
    </p>
   </div>
   <div class='ocr_carea' id='block_1_112' title="bbox 2025 5335 3550 5405">
    <p class='ocr_par' dir='ltr' id='par_1_112' title="bbox 2025 5335 3550 5405">
     <span class='ocr_line' id='line_1_112' title="bbox 2025 5335 3550 5405; baseline 0.001 -14"><span class='ocrx_word' id='word_1_839' title='bbox 2025 5336 2361 5404; x_wconf 61' lang='lat' dir='ltr'><strong>Donatistae,</strong></span> <span class='ocrx_word' id='word_1_840' title='bbox 2413 5347 2474 5392; x_wconf 90' lang='lat' dir='ltr'><strong>ut</strong></span> <span class='ocrx_word' id='word_1_841' title='bbox 2523 5336 2891 5393; x_wconf 90' lang='lat' dir='ltr'><strong>Romanorum</strong></span> <span class='ocrx_word' id='word_1_842' title='bbox 2959 5335 3336 5405; x_wconf 90' lang='lat' dir='ltr'><strong>episcoporum</strong></span> <span class='ocrx_word' id='word_1_843' title='bbox 3405 5336 3550 5393; x_wconf 86' lang='lat' dir='ltr'><strong>illam</strong></span> 
     </span>
    </p>
   </div>
   <div class='ocr_carea' id='block_1_113' title="bbox 1956 5427 3558 5501">
    <p class='ocr_par' dir='ltr' id='par_1_113' title="bbox 1956 5427 3558 5501">
     <span class='ocr_line' id='line_1_113' title="bbox 1956 5427 3558 5501; baseline -0.001 -14"><span class='ocrx_word' id='word_1_844' title='bbox 1956 5429 2385 5494; x_wconf 86' lang='lat' dir='ltr'><strong>successionem,</strong></span> <span class='ocrx_word' id='word_1_845' title='bbox 2414 5446 2576 5501; x_wconf 89' lang='lat' dir='ltr'><strong>quam</strong></span> <span class='ocrx_word' id='word_1_846' title='bbox 2603 5430 2717 5487; x_wconf 88' lang='lat' dir='ltr'><strong>Afri</strong></span> <span class='ocrx_word' id='word_1_847' title='bbox 2743 5427 3008 5483; x_wconf 89' lang='lat' dir='ltr'><strong>Catholici</strong></span> <span class='ocrx_word' id='word_1_848' title='bbox 3051 5443 3174 5482; x_wconf 92' lang='lat' dir='ltr'><strong>cum</strong></span> <span class='ocrx_word' id='word_1_849' title='bbox 3209 5428 3275 5483; x_wconf 93' lang='lat' dir='ltr'><strong>iis</strong></span> <span class='ocrx_word' id='word_1_850' title='bbox 3305 5443 3558 5486; x_wconf 84' lang='lat' dir='ltr'><strong>commu-</strong></span> 
     </span>
    </p>
   </div>
   <div class='ocr_carea' id='block_1_114' title="bbox 1955 5519 3559 5594">
    <p class='ocr_par' dir='ltr' id='par_1_114' title="bbox 1955 5519 3559 5594">
     <span class='ocr_line' id='line_1_114' title="bbox 1955 5519 3559 5594; baseline 0.001 -15"><span class='ocrx_word' id='word_1_851' title='bbox 1955 5524 2198 5579; x_wconf 88' lang='lat' dir='ltr'><strong>nicantes</strong></span> <span class='ocrx_word' id='word_1_852' title='bbox 2222 5523 2518 5594; x_wconf 71' lang='lat' dir='ltr'><strong>iactabant,</strong></span> <span class='ocrx_word' id='word_1_853' title='bbox 2563 5523 2914 5591; x_wconf 86' lang='lat' dir='ltr'><strong>interruptam</strong></span> <span class='ocrx_word' id='word_1_854' title='bbox 2945 5529 2999 5575; x_wconf 92' lang='lat' dir='ltr'><strong>et</strong></span> <span class='ocrx_word' id='word_1_855' title='bbox 3029 5519 3278 5576; x_wconf 88' lang='lat' dir='ltr'><strong>vitiosam</strong></span> <span class='ocrx_word' id='word_1_856' title='bbox 3315 5537 3436 5578; x_wconf 90' lang='lat' dir='ltr'><strong>esse</strong></span> <span class='ocrx_word' id='word_1_857' title='bbox 3466 5538 3559 5580; x_wconf 53' lang='lat' dir='ltr'><strong>os-</strong></span> 
     </span>
    </p>
   </div>
   <div class='ocr_carea' id='block_1_115' title="bbox 1957 5613 3560 5685">
    <p class='ocr_par' dir='ltr' id='par_1_115' title="bbox 1957 5613 3560 5685">
     <span class='ocr_line' id='line_1_115' title="bbox 1957 5613 3560 5685; baseline -0.002 -12"><span class='ocrx_word' id='word_1_858' title='bbox 1957 5616 2281 5682; x_wconf 91' lang='lat' dir='ltr'><strong>tenderent,</strong></span> <span class='ocrx_word' id='word_1_859' title='bbox 2325 5629 2502 5685; x_wconf 90' lang='lat' dir='ltr'><strong>neque</strong></span> <span class='ocrx_word' id='word_1_860' title='bbox 2542 5622 2718 5669; x_wconf 90' lang='lat' dir='ltr'><strong>tamen</strong></span> <span class='ocrx_word' id='word_1_861' title='bbox 2751 5614 2974 5669; x_wconf 87' lang='lat' dir='ltr'><strong>confuse</strong></span> <span class='ocrx_word' id='word_1_862' title='bbox 3016 5628 3080 5668; x_wconf 88' lang='lat' dir='ltr'><strong>ea</strong></span> <span class='ocrx_word' id='word_1_863' title='bbox 3112 5613 3179 5672; x_wconf 89' lang='lat' dir='ltr'><strong>de</strong></span> <span class='ocrx_word' id='word_1_864' title='bbox 3208 5629 3267 5669; x_wconf 90' lang='lat' dir='ltr'><strong>re</strong></span> <span class='ocrx_word' id='word_1_865' title='bbox 3297 5614 3560 5670; x_wconf 81' lang='lat' dir='ltr'><strong>declami-</strong></span> 
     </span>
    </p>
   </div>
   <div class='ocr_carea' id='block_1_116' title="bbox 1957 5706 3563 5779">
    <p class='ocr_par' dir='ltr' id='par_1_116' title="bbox 1957 5706 3563 5779">
     <span class='ocr_line' id='line_1_116' title="bbox 1957 5706 3563 5779; baseline -0.002 -13"><span class='ocrx_word' id='word_1_866' title='bbox 1957 5719 2072 5766; x_wconf 86' lang='lat' dir='ltr'><strong>tare</strong></span> <span class='ocrx_word' id='word_1_867' title='bbox 2111 5709 2446 5775; x_wconf 89' lang='lat' dir='ltr'><strong>vidcrentur,</strong></span> <span class='ocrx_word' id='word_1_868' title='bbox 2493 5707 2784 5778; x_wconf 88' lang='lat' dir='ltr'><strong>aliquando</strong></span> <span class='ocrx_word' id='word_1_869' title='bbox 2839 5706 3050 5771; x_wconf 81' lang='lat' dir='ltr'><strong>dixere,</strong></span> <span class='ocrx_word' id='word_1_870' title='bbox 3099 5707 3306 5776; x_wconf 89' lang='lat' dir='ltr'><strong>primos</strong></span> <span class='ocrx_word' id='word_1_871' title='bbox 3352 5707 3563 5779; x_wconf 86' lang='lat' dir='ltr'><strong>aliquos</strong></span> 
     </span>
    </p>
   </div>
   <div class='ocr_carea' id='block_1_117' title="bbox 1964 5800 3560 5877">
    <p class='ocr_par' dir='ltr' id='par_1_117' title="bbox 1964 5800 3560 5877">
     <span class='ocr_line' id='line_1_117' title="bbox 1964 5800 3560 5877; baseline 0 -16"><span class='ocrx_word' id='word_1_872' title='bbox 1964 5805 2090 5864; x_wconf 89' lang='lat' dir='ltr'><strong>illos</strong></span> <span class='ocrx_word' id='word_1_873' title='bbox 2115 5804 2336 5877; x_wconf 84' lang='lat' dir='ltr'><strong>quidem</strong></span> <span class='ocrx_word' id='word_1_874' title='bbox 2363 5801 2636 5874; x_wconf 87' lang='lat' dir='ltr'><strong>iuculpate</strong></span> <span class='ocrx_word' id='word_1_875' title='bbox 2667 5801 2769 5873; x_wconf 90' lang='lat' dir='ltr'><strong>(sic</strong></span> <span class='ocrx_word' id='word_1_876' title='bbox 2793 5802 2938 5858; x_wconf 88' lang='lat' dir='ltr'><strong>enim</strong></span> <span class='ocrx_word' id='word_1_877' title='bbox 2970 5800 3356 5872; x_wconf 86' lang='lat' dir='ltr'><strong>loquebantur)</strong></span> <span class='ocrx_word' id='word_1_878' title='bbox 3398 5800 3560 5865; x_wconf 89' lang='lat' dir='ltr'><strong>Rom.</strong></span> 
     </span>
    </p>
   </div>
   <div class='ocr_carea' id='block_1_118' title="bbox 3006 5898 3087 5961">
    <p class='ocr_par' dir='ltr' id='par_1_118' title="bbox 3006 5898 3087 5961">
     <span class='ocr_line' id='line_1_118' title="bbox 3006 5898 3087 5961; baseline 0.012 -1"><span class='ocrx_word' id='word_1_879' title='bbox 3006 5898 3087 5961; x_wconf 70' lang='lat' dir='ltr'><strong>b7</strong></span> 
     </span>
    </p>
   </div>
  </div>
