3996 6332
463 254 604 315 “83.

1926 236 2293 297 APPENDIX.

3622 223 3762 287 μυ

459 367 832 437 episcOpatum
860 362 1096 435 gessisse
1132 381 1143 415 :
1194 360 1290 416 sed
1337 360 1472 414 alios
1519 358 1718 415 deinde
1765 357 2062 413 dissimiles
2088 354 2141 414 Δ
2165 352 2304 406 rium
2338 351 2494 406 Rom.
2526 358 2581 405 et
2613 348 2855 404 Ecclesia
2882 347 3191 403 Christiana
3230 341 3470 401 maxime
3496 341 3724 399 ﬂorebat
3746 384 3761 408 ,
3816 418 3819 419 ν

459 457 656 514 fuisse:
681 473 816 528 quos
829 466 882 513 et
906 453 1313 510 incredibilibus
1335 452 1622 507 calumniis
1640 452 1888 507 insectati
1910 460 2059 516 sunt,

463 562 522 606 ut
551 552 623 606 ait
663 550 994 620 Augustinus
1022 548 1074 602 in
1105 548 1244 603 libro
1269 545 1335 610 de
1364 545 1524 600 unico
1567 544 1862 614 Baptismo.
1901 542 2063 597 Deni-

462 659 568 716 que
595 642 940 700 clamitarunt
957 639 1349 705 Marcellinum,
1373 637 1690 703 Miltiadem,
1709 636 2058 700 Silvestrum,

461 751 571 792 non
595 733 1073 792 minustraditores
1089 734 1253 789 luisse
1274 748 1433 802 quam
1462 732 1831 788 Ctecilianum.
1867 729 2058 785 Mirum

462 843 616 896 vero,
643 829 823 899 potius
843 843 949 882 non
973 825 1242 895 obiecisse
1263 824 1464 880 Liberii
1487 823 1775 894 quamdam
1794 821 2064 877 desertio-

463 935 612 987 ncm,
646 931 700 976 et
729 919 939 975 Damasi
962 917 1053 990 qui
1085 917 1134 972 ei
1162 917 1450 982 successit,
1491 913 1805 971 seditiosam
1843 912 2062 969 ordina-

461 1015 691 1079 tionem,
738 1019 896 1084 qttam
941 1020 997 1066 et
1044 1010 1320 1080 Pelagiani
1366 1019 1647 1080 propterea
1697 1007 2058 1078 exagitarunt.

459 1103 596 1162 Nam
626 1105 676 1160 id
704 1105 1038 1176 Augustinus
1061 1103 1348 1174 signilicat,
1378 1117 1499 1156 cum
1530 1101 1670 1156 libro
1694 1109 1851 1155 sexto
1871 1109 2061 1154 contra

461 1193 666 1254 Julian.
702 1198 906 1269 inquit:
939 1197 1018 1252 De
1045 1196 1400 1252 constituendo
1431 1198 1667 1266 episcopo
1695 1193 2063 1248 dissensionem

463 1291 648 1362 populi
673 1290 821 1346 Rom.
847 1290 1242 1346 insultabundus
1275 1291 1517 1363 objectas.
1547 1287 1740 1343 Notum
1773 1297 1950 1343 autem
1981 1297 2064 1343 est

463 1399 532 1440 ex
577 1384 884 1452 Ammiano,
929 1383 1103 1454 qualis
1134 1394 1188 1439 et
1217 1399 1374 1454 quam
1414 1392 1638 1438 cruenta
1669 1382 1832 1437 fuerit
1857 1397 1921 1438 ea
1951 1381 2066 1438 dis-

465 1477 690 1545 scnsio,
733 1495 854 1534 cum
887 1479 1150 1533 Damasus
1179 1487 1456 1533 crearetur
1495 1479 1804 1549 episcopus.
1856 1476 1963 1533 Sed
2010 1485 2066 1532 et

461 1571 710 1628 Julianus
736 1571 1080 1642 Pelagiauus,
1114 1585 1234 1626 cum
1253 1571 1408 1625 sedis
1448 1570 1706 1625 Romanae
1743 1570 2065 1624 auctoritate

462 1677 831 1736 premeretur,
858 1664 1018 1718 etiam
1055 1663 1229 1732 ipsum
1261 1662 1343 1733 (ut
1382 1663 1456 1716 ait
1484 1662 1676 1718 eodem
1711 1661 1831 1717 loco
1852 1662 2066 1732 Augus-

2164 444 2266 514 ipsi
2287 443 2616 499 defecissent
2644 442 2710 496 ab
2742 440 3004 496 Ecclesia.
3037 439 3223 507 Neque
3251 436 3590 507 Augustinus
3622 449 3769 490 nunc

2162 536 2394 603 laborat,
2430 545 2488 591 ut
2518 535 2667 591 illum
2698 534 2846 590 Pauli
2875 533 2944 590 ad
2969 532 3489 588 Thessalonicenses
3511 528 3582 584 de
3613 528 3772 583 Anti-

2162 628 2371 686 christo
2398 630 2574 684 locum
2604 635 2840 698 exponat
2869 625 3047 698 :quod
3080 633 3266 695 postea
3293 623 3423 678 fecit
3440 623 3510 676 ad
3545 621 3772 676 Mami-

2163 725 2332 780 linum
2364 736 2610 780 nostrum
2646 725 2785 780 libro
2814 738 2906 789 xx,
2938 721 3116 792 capite
3147 720 3238 785 19,
3269 717 3337 774 de
3363 717 3601 772 Civitate
3653 715 3770 770 Dei.

2162 818 2394 873 Tantum
2428 832 2571 873 nunc
2596 816 2778 883 diluit,
2807 815 2950 888 quod
2985 829 3054 869 ex
3100 813 3305 868 Hilario
3340 808 3652 866 Donatistae
3680 810 3776 863 ob-

2158 912 2422 984 iecerant.
2455 911 2642 966 Hilarii
2673 909 2835 966 verba
2876 909 2930 963 in
2975 908 3068 962 lib.
3093 907 3160 961 de
3183 904 3389 977 Synod.
3438 903 3560 958 hare
3605 911 3774 956 sunt:

2163 1009 2349 1062 Audivi
2376 1017 2422 1060 et
2448 1007 2550 1060 vidi
2578 1004 2697 1060 vitia
2723 1003 3053 1075 praecutiunt
3081 1017 3184 1055 non
3214 1001 3489 1062 laicorstnt,
3519 997 3618 1051 sed
3641 997 3779 1067 epis-

2163 1117 2427 1173 coporum.
2483 1098 2621 1154 Nam
2647 1100 2836 1167 absque
2864 1098 3106 1166 episcopo
3126 1093 3342 1149 Eleusio
3369 1101 3418 1146 et
3441 1091 3632 1160 paucis
3659 1106 3777 1144 cum

2164 1210 2245 1262 eo,
2275 1211 2338 1250 ea:
2365 1195 2551 1266 majori
2580 1201 2723 1265 parte
2742 1190 2950 1245 Asiana
2976 1189 3150 1242 decem
3170 1185 3450 1260 provincia:
3469 1181 3647 1238 Desint
3663 1199 3780 1237 nes-

2164 1288 2324 1342 ciunt.
2357 1287 2521 1354 Atque
2555 1284 2753 1338 utinam
2807 1299 2922 1338 eum
2967 1281 3240 1336 nescirent.
3292 1275 3423 1333 Cum
3474 1276 3784 1347 procliviori

2165 1384 2300 1438 enim
2329 1382 2476 1436 nenia
2511 1382 2810 1453 ignorarent
2838 1392 2991 1448 quam
3037 1375 3392 1429 obtrectarsut.
3425 1371 3487 1427 Si
3518 1371 3779 1426 Donatis-

2165 1482 2234 1529 ιω
2259 1475 2382 1530 hinc
2408 1472 2637 1543 probare
2661 1470 2914 1526 volebant
2932 1467 3234 1524 Ecclesiam
3246 1465 3356 1535 jam
3385 1474 3501 1518 tum
3531 1465 3588 1518 in
3618 1463 3788 1536 359

2165 1571 2296 1626 orbe
2331 1569 2594 1640 periisse,
2627 1567 2808 1636 inepte
2854 1565 3036 1618 Asiam
3077 1577 3175 1631 pro
3207 1568 3321 1614 toto
3358 1558 3496 1614 orbe
3546 1555 3787 1625 accipie-

2166 1665 2315 1720 bant.
2328 1664 2582 1733 Quinimo
2597 1662 2648 1716 in
2667 1659 2858 1716 eodem
2874 1658 3010 1711 libro
3024 1655 3260 1711 Hilarius
3277 1653 3576 1707 confitetur
3587 1650 3785 1706 saltem

464 1755 637 1826 tinus)
669 1756 842 1810 beata:
886 1755 1163 1810 memorias
1193 1753 1474 1808 Zoziututn
1496 1795 1510 1820 ,
1555 1754 1868 1824 apostolicae
1915 1752 2061 1808 sedis
2093 1754 2140 1815 Β
2165 1757 2354 1814 Gaul-,1;
2385 1765 2442 1811 et
2468 1753 2759 1810 Britannia:
2790 1750 3062 1806 Ecclesias
3096 1749 3150 1803 in
3182 1747 3287 1802 iide
3322 1748 3541 1802 sincera
3589 1745 3788 1812 ρει-δύο
3861 1818 3870 1824 _

462 1849 813 1921 episcopum,
841 1846 1299 1918 prmvaricationis
1319 1846 1612 1902 accusavit.
1647 1845 1845 1900 Verum
1876 1845 1965 1900 ubi
1993 1853 2070 1899 ta-

465 1943 538 1999 lia
564 1943 984 2014 objiciebantur.
1019 1941 1281 1998 Catholici
1308 1942 1707 2010 respondebant
1727 1955 1848 1996 esse
1868 1940 2072 1995 calamo

464 2037 584 2094 nias
616 2053 627 2089 :
657 2045 714 2092 et
736 2036 861 2092 licet
893 2051 1016 2091 vera
1041 2034 1266 2091 crimina
1299 2045 1502 2100 essent.
1543 2046 1718 2090 tamen
1748 2033 1956 2104 privata
1988 2034 2070 2088 vi-

467 2131 540 2188 tia
576 2145 935 2202 personarum
980 2129 1226 2200 religioni
1255 2136 1311 2184 et
1355 2129 1633 2194 Ecclesiae,
1686 2143 1806 2199 quae
1848 2136 1904 2184 et
1947 2127 2072 2183 talia

466 2232 689 2295 peccata
723 2223 942 2278 damnat
971 2239 1079 2277 non
1116 2223 1330 2277 obesse.
1367 2221 1494 2277 Plus
1528 2221 1807 2277 habuisset
1849 2221 2070 2288 coloris,

467 2316 515 2372 si
544 2315 840 2370 Donatista:
869 2315 1215 2385 objecissent,
1240 2313 1383 2384 quod
1413 2314 1531 2384 ipse
1555 2314 1684 2368 olim
1711 2314 2074 2368 Tertullianus

469 2408 604 2466 Afer
627 2409 678 2461 itt
709 2408 849 2462 lihro
875 2417 1062 2462 contra
1088 2406 1350 2462 Praxeam
1382 2416 1685 2473 notaverat,
1715 2406 1834 2476 ejus
1864 2416 2075 2474 tempo-

477 2501 556 2558 ris
585 2500 881 2555 antistitem
920 2499 1224 2554 Romanum
1259 2515 1426 2570 prope
1469 2498 1848 2554 Houtanistam
1885 2498 2072 2562 fuisse,

476 2605 534 2652 et
564 2593 770 2664 reliqua
813 2594 1216 2660 cumulassent,
1257 2608 1377 2662 quae
1409 2593 1524 2661 ipse
1565 2592 1932 2647 Tertullianus
1976 2603 2076 2646 suo

471 2685 753 2746 schismati
783 2685 1030 2742 obtendit
1048 2685 1101 2740 in
1123 2683 1262 2739 libro
1283 2683 1349 2739 de
1376 2683 1561 2739 Pndic.
1582 2695 1633 2740 et
1658 2693 1846 2739 contra
1876 2683 2072 2754 Psycu.

469 2779 578 2837 Sed
610 2780 692 2834 usi
714 2788 841 2834 sunt
881 2788 1109 2848 patrono
1135 2776 1423 2846 Petiliano,
1444 2777 1534 2846 qui
1567 2787 1672 2831 tam
1704 2776 1802 2831 fuit
1829 2775 2074 2846 ineptus,

470 2890 630 2945 quam
661 2873 839 2928 luerat
859 2875 990 2928 olim
1020 2888 1144 2929 acer
1179 2883 1235 2930 et
1277 2873 1574 2928 vehemens
1598 2871 1987 2927 Tertullianus.
2018 2870 2076 2926 Si

471 2966 874 3024 Tertullianum
927 2967 1158 3022 alterum
1201 2966 1518 3022 habuissent
1571 2982 1789 3022 suarum
1842 2965 2074 3034 partium

474 3060 530 3118 in
563 3059 888 3126 Collatione,
924 3060 1096 3130 magis
1125 3059 1377 3116 sudasset
1406 3060 1756 3129 Augustinus.
1788 3059 1940 3114 Nunc
1961 3059 2077 3114 lan-

2177 1852 2327 1908 tisse.
2362 1850 2543 1921 Neque
2568 1862 2698 1904 vero
2728 1845 2905 1902 minus
2926 1843 3195 1900 Africana:
3234 1840 3504 1895 Ecclesiae
3533 1838 3778 1893 Arianis-

2174 1961 2321 2000 mum
2371 1943 2698 2013 rejeceranl.
2751 1939 2857 1996 Sed
2927 1937 3258 2008 Augustinus
3302 1935 3409 1990 alia
3454 1933 3783 1988 defensione

2174 2037 2364 2093 utitur.
2397 2034 2679 2103 Quanam?
2731 2032 2818 2087 Ait
2843 2029 3104 2086 Hilarium
3160 2028 3348 2084 decem
3384 2025 3789 2096 provinciarum

2177 2131 2498 2186 Asianorum
2550 2127 2755 2182 sizania
2804 2124 3072 2196 arguisse.
3125 2137 3234 2178 non
3275 2123 3452 2191 ipsum
3507 2121 3792 2175 triticum:

2175 2234 2268 2280 aut
2292 2226 2456 2280 etiam
2497 2224 2672 2294 ipsum
2700 2221 2959 2286 triticum,
2982 2219 3124 2290 quod
3157 2218 3372 2274 delectu
3405 2215 3655 2287 quodam
3706 2231 3797 2285 pe.

2176 2319 2468 2379 riclitatur,
2496 2324 2702 2386 quanto
2730 2311 3134 2375 vehementius,
3169 2319 3318 2366 tanto
3343 2310 3540 2364 utilius
3564 2325 3801 2380 arguen-

2174 2409 2304 2466 dnm
2343 2424 2464 2464 esse
2509 2418 2748 2478 putasse.
2784 2407 2875 2461 Ait
2920 2406 3229 2460 Donatistae
3273 2403 3609 2459 calumniari
3635 2403 3799 2458 docto

2177 2505 2317 2568 viro,
2363 2503 2453 2573 qui
2478 2503 2720 2574 graviter
2747 2500 3081 2570 inctepabat,
3115 2511 3223 2569 quo
3272 2499 3470 2554 iterum
3522 2499 3798 2569 parturie-

2176 2597 2266 2652 bat
2292 2615 2304 2650 :
2337 2608 2392 2652 et
2419 2597 2610 2652 eodem
2640 2594 2804 2651 modo
2833 2595 3077 2666 potuisse
3102 2593 3308 2656 dicere,
3359 2607 3460 2648 nec
3496 2601 3583 2648 tot
3610 2593 3799 2649 Eccle-

2175 2691 2285 2745 sias
2324 2689 2548 2745 Galatia:
2577 2699 2704 2744 tunc
2733 2688 2919 2752 luisse,
2950 2687 3166 2758 quando
3210 2686 3430 2741 dicebat
3464 2687 3794 2756 Apostolus,

2180 2781 2228 2836 0
2254 2784 2396 2835 stttlli
2421 2781 2645 2848 Galate,
2670 2790 2774 2836 etc.
2807 2781 2897 2834 Ait
2927 2780 3222 2835 Ecclesium
3265 2778 3569 2850 aliquando
3595 2779 3797 2835 obscu-

2178 2878 2309 2938 rari,
2355 2887 2408 2932 et
2446 2885 2721 2942 tamquam
2761 2873 3071 2929 obnubilari
3127 2871 3474 2928 multitudine
3505 2873 3799 2929 seandalo-

2178 2989 2297 3030 rum
2331 2993 2342 3029 t
2373 2973 2467 3028 sed
2492 2974 2653 3028 etiam
2686 2983 2812 3027 tunc
2838 2971 2892 3026 in
2925 2973 3038 3025 suis
3061 2968 3386 3024 firmissimis
3408 2969 3666 3025 eminere
3699 2986 3713 3022 :
3746 2979 3800 3024 et

2178 3065 2471 3136 aliquando
2494 3063 2895 3120 multitudinem
2928 3061 3322 3133 tranquillitate
3344 3063 3614 3131 temporis
3644 3062 3799 3133 quie-

473 3153 670 3226 guidos
707 3161 762 3207 et
791 3152 984 3208 molles
1022 3153 1243 3208 vincere
1276 3152 1432 3208 facile
1462 3151 1581 3208 fuit.
1615 3151 1746 3206 Nam
1780 3160 1835 3207 et
1874 3151 1920 3206 si
1949 3149 2074 3222 quid
2103 3151 2150 3219 Β
2183 3167 2232 3214 la
2265 3167 2320 3214 el
2348 3157 2514 3212 libera
2545 3172 2807 3227 apparere
2841 3174 2853 3209 :
2887 3155 3179 3227 aliquando
3219 3156 3582 3211 [emauonum
3613 3166 3676 3212 οι
3703 3157 3802 3211 ui.

478 3251 766 3320 objiciunt,
800 3251 927 3320 quid
956 3251 1104 3307 aliud
1146 3266 1329 3321 quam,
1364 3261 1424 3305 ut
1467 3250 1539 3304 ait
1566 3249 1752 3314 Poeta,
1780 3249 1944 3304 telum
1979 3251 2078 3302 itu-

475 3343 617 3400 belle
637 3344 754 3400 sine
781 3345 890 3399 ictu
913 3353 1312 3415 contorquent,
1341 3341 1426 3398 vel
1461 3343 1624 3413 (quod
1652 3343 1874 3413 dicitur)
1904 3344 2080 3413 plum-

477 3437 638 3495 beum
663 3449 717 3494 et
757 3439 1010 3494 obtusum
1055 3438 1340 3510 pugionem
1374 3437 1683 3492 intentant?
1713 3436 1853 3491 Ecce
1892 3450 1962 3491 ne
1990 3451 2081 3489 va-

475 3532 590 3602 gari
634 3533 688 3586 in
720 3547 846 3586 aere
871 3531 1206 3596 viderentur,
1238 3540 1292 3585 et
1318 3545 1480 3600 agere
1500 3571 1514 3594 ,
1554 3531 1671 3584 sine
1700 3529 1812 3584 ullo
1839 3529 2081 3585 testimo-

477 3623 594 3688 nio,
640 3622 932 3692 aliquando
973 3622 1171 3694 (inquit
1196 3625 1527 3693 Augustinus
1568 3623 1727 3692 epist.
1762 3621 1854 3696 i8)
1907 3623 2071 3679 veluti

472 3715 802 3776 insidiantes
833 3716 1157 3771 testimoniis
1186 3715 1404 3779 divinis,
1435 3724 1709 3787 tamquam
1748 3715 1858 3786 jam
1887 3716 2080 3786 periis-

483 3820 568 3868 set
600 3809 843 3865 Ecclesia
881 3808 950 3865 de
981 3809 1112 3864 orbe
1160 3818 1425 3864 terrarum
1450 3852 1464 3874 ,
1514 3809 1847 3879 objicicbant
1892 3809 2083 3864 Hilarii

479 3901 770 3975 quamdam
802 3901 1199 3972 querimoniam
1230 3900 1296 3956 de
1338 3902 1629 3971 provinciis
1656 3901 1930 3965 Asiaticis,
1962 3916 2082 3972 qua:

478 3993 668 4050 Arium
696 3993 1082 4064 sequebantur.
1117 3992 1395 4060 Poterant,
1435 3993 1478 4046 si
1511 3993 1791 4048 doctiores
1817 3993 2084 4047 acriores-

474 4105 580 4162 que
613 4088 873 4155 fuissent,
903 4089 1067 4144 talem
1097 4088 1386 4157 apostasia:
1413 4086 1888 4155 exprobrationem
1921 4099 2085 4153 exag-

477 4197 692 4252 gerare.
724 4180 857 4235 Nam
909 4182 1023 4247 ipse
1071 4179 1432 4248 Hieronymus
1461 4187 1647 4231 contra
1697 4191 1871 4230 error.
1919 4174 2080 4230 Joan.

479 4274 715 4331 Hiet'os:
748 4273 930 4328 Totum
961 4272 1178 4344 (inquit)
1214 4271 1497 4336 Orientem,
1545 4284 1754 4343 excepto
1802 4272 2084 4326 Athanasio

483 4377 531 4424 et
564 4367 822 4432 Paulino,
865 4366 1181 4422 Arianorum
1210 4368 1419 4422 [tmesis
1444 4367 1758 4438 possidebat.
1804 4366 1917 4422 ltno
1955 4383 2086 4422 vero

482 4473 535 4518 et
556 4461 901 4517 Occidentem
935 4471 1282 4533 pervaserat,
1314 4471 1370 4516 et
1412 4461 1586 4530 ipsum
1616 4461 1928 4531 episcopum
1974 4460 2082 4514 Ro-

2177 3251 2514 3307 bulationum
2559 3249 2813 3304 ﬂuctibus
2852 3245 3057 3318 operiri
3085 3258 3246 3318 atque
3287 3249 3624 3318 perturbari.
3664 3247 3801 3305 Tale

2179 3354 2358 3400 autem
2391 3352 2606 3414 tempus
2633 3341 2818 3406 luisse,
2843 3342 2911 3398 de
2938 3357 3048 3413 quo
3068 3343 3288 3412 scripsit
3315 3341 3574 3397 Hilarius.
3607 3343 3800 3407 Addo,

2181 3439 2343 3511 paulo
2373 3447 2514 3508 post,
2545 3446 2789 3506 tempore
2831 3434 3144 3497 Theodosii,
3186 3435 3484 3491 Ecclesiam
3517 3435 3674 3490 illam
3712 3446 3805 3492 ut-

2178 3547 2410 3604 cumque
2433 3532 2714 3588 liberatam
2749 3530 2937 3595 fuisse,
2966 3541 3026 3585 ttt
3056 3545 3242 3586 rursus
3270 3539 3438 3598 esset,
3465 3531 3651 3598 qtmlis
3685 3531 3807 3586 fue—

2180 3636 2265 3681 rat
2309 3636 2551 3696 tempore
2579 3624 2941 3680 Constantini.
2987 3624 3160 3692 Addo,
3209 3639 3315 3679 non
3348 3625 3688 3680 dissimilem
3722 3629 3804 3681 si-

2181 3717 2556 3774 cissitudinem
2585 3717 2717 3771 olim
2761 3715 2933 3771 visam
2971 3729 3092 3771 esse
3131 3724 3184 3771 et
3229 3716 3280 3771 in
3329 3729 3497 3787 regno
3541 3716 3800 3773 Davidis.

2181 3810 2290 3868 Sed
2333 3810 2681 3879 interruptio,
2715 3824 2836 3879 quae
2863 3809 3076 3864 videtur
3105 3809 3518 3864 cominuitatem
3567 3811 3808 3866 abrum-

2183 3917 2337 3974 pere,
2371 3917 2476 3957 non
2506 3901 2644 3956 tollit
2664 3901 3096 3972 perpetuitatem.
3123 3899 3415 3966 Getarum,
3439 3909 3496 3956 ut
3519 3901 3584 3956 ad
3623 3903 3809 3960 Dona.

2184 3999 2336 4052 tistas
2365 3997 2610 4060 redeam,
2647 3996 2692 4051 si
2737 4010 2803 4051 ex
2855 3994 3057 4050 Hilario
3109 3994 3310 4065 aliquid
3354 3993 3592 4064 prolerre
3641 3998 3808 4053 vole-

2184 4092 2334 4157 bant,
2375 4091 2518 4160 quod
2559 4093 2860 4161 Augustino
2887 4091 3188 4160 objicerent
3226 4093 3278 4145 in
3331 4090 3436 4146 hac
3459 4105 3657 4159 causa,
3706 4107 3809 4149 cur

2184 4197 2294 4238 non
2335 4185 2511 4253 potius
2540 4185 2883 4254 protulerunt
2911 4183 3054 4251 quod
3086 4183 3320 4238 Hilarius
3355 4182 3570 4252 scripsit
3597 4193 3805 4238 contra

2186 4278 2512 4333 Auxentium
2547 4277 2615 4332 de
2645 4275 2924 4333 Ecclesia?
2946 4273 3055 4331 Cur
3084 4292 3189 4330 non
3222 4286 3410 4346 urgent
3444 4273 3590 4344 quod
3620 4276 3810 4346 scrip-

2184 4370 2255 4425 sit
2285 4369 2530 4434 Hnlinus,
2566 4370 2826 4425 Ecclesiae
2853 4368 3045 4426 faciem
3069 4369 3182 4437 jam
3209 4383 3275 4423 eo
3313 4378 3560 4437 tempore
3587 4367 3805 4424 [cedam

2187 4463 2481 4519 admodum
2514 4461 2717 4518 fuisse?
2753 4463 2868 4517 lino
2892 4477 3026 4516 vero
3071 4476 3169 4516 cur
3213 4475 3320 4515 non
3365 4459 3642 4527 objiciunt
3673 4477 3806 4530 gra-

481 4571 700 4611 manum
721 4554 1029 4626 infregerat.
1053 4554 1430 4622 Quidmultis?
1454 4553 1684 4608 Basilius
1706 4555 1866 4624 epist.
1887 4554 1976 4618 60,
2005 4553 2081 4606 l‘a-
2109 4544 2158 4604 ι)
2183 4560 2388 4614 vim-em
2439 4557 2834 4628 querimoniam
2887 4556 3068 4611 Basilii
3114 4565 3170 4611 et
3223 4553 3571 4622 horribilem,
3631 4571 3805 4626 quam

482 4658 629 4708 tetur
653 4665 776 4706 sese
818 4651 1089 4719 cogitasse
1141 4648 1404 4718 principia
1444 4664 1566 4704 esse
1599 4648 1744 4702 illius
1792 4648 2080 4717 apostasize

480 4745 637 4816 cujus
669 4743 913 4800 meminit
956 4743 1153 4797 Paulus
1178 4744 1244 4798 ad
1287 4743 1480 4797 Thess.
1515 4742 1699 4814 Neque
1731 4758 1836 4796 non
1873 4744 1922 4796 in
1956 4741 2083 4796 Col-

482 4836 685 4894 latione
719 4837 1006 4891 Donatistae
1035 4835 1274 4905 oltjieere
1305 4842 1546 4904 poterant
1571 4875 1586 4900 ,
1629 4835 1818 4890 urbem
1850 4835 2078 4888 Romam

481 4941 512 4980 a
541 4927 792 4983 Barltaris
812 4939 1021 4998 captum
1048 4943 1189 4989 esse.
1225 4939 1280 4982 et
1311 4929 1596 4997 imperium
1636 4928 1944 4982 Romanum
1968 4928 2081 4996 jam

484 5018 791 5089 pessumire
824 5020 1018 5073 :sienti
1042 5036 1108 5074 eo
1134 5032 1378 5088 tempore
1411 5019 1775 5091 Hieronymus
1806 5022 1920 5090 ipse
1948 5020 2084 5074 allu-

444 5135 449 5140 ί
485 5111 623 5168 dens
653 5111 719 5166 ad
749 5111 895 5166 illum
924 5112 1072 5166 Pauli
1109 5114 1284 5167 locum
1326 5113 1393 5167 ad
1435 5113 1754 5170 Thessalon.
1784 5126 1836 5170 et
1867 5117 2082 5171 ruinam

490 5203 720 5259 Romani
756 5203 985 5273 imperii,
1016 5219 1135 5273 qua:
1173 5205 1458 5272 apostasia:
1492 5221 1714 5275 regnum
1750 5223 2083 5276 prmcessura

481 5296 827 5364 credebatur,
871 5297 1158 5366 deplorans
1193 5295 1244 5349 itt
1284 5297 1510 5362 epistola
1550 5299 1616 5352 ad
1659 5298 1976 5355 Gerontium
2018 5302 2086 5356 de

486 5389 701 5461 Monog.
734 5389 902 5460 inquit
935 5408 948 5444 :
986 5389 1086 5455 Qui
1111 5388 1309 5444 tenebat
1333 5432 1347 5454 ,
1379 5390 1442 5443 de
1470 5391 1636 5444 medio
1659 5392 1716 5460 [it
1745 5409 1764 5446 :
1795 5403 1839 5447 et
1873 5413 1975 5448 non
2004 5397 2086 5450 itt-

481 5485 757 5556 telligitutts
787 5485 1157 5538 Antichristum
1190 5486 1644 5556 appropinquare?
1664 5486 1768 5542 Sed
1797 5487 2086 5544 Donatista!

483 5586 651 5647 agunt
698 5577 856 5646 paulo
907 5578 1207 5633 remissius.
1242 5577 1424 5648 Neque
1467 5594 1599 5636 sane
1650 5581 1732 5634 sui
1779 5579 2086 5637 schismatis

483 5669 892 5725 excusationem
934 5669 1267 5739 probabilem
1318 5671 1445 5727 inde
1489 5681 1740 5742 poterant
1794 5683 2078 5743 repetere,

483 5775 606 5816 cum
635 5761 849 5833 quidem
873 5764 982 5835 jam
1016 5775 1258 5834 tempore
1287 5765 1660 5836 Constantini,
1689 5784 1796 5841 quo
1823 5776 1879 5826 et
1907 5767 2082 5842 impe-

2189 4653 2302 4708 edit
2345 4652 2606 4722 picturam
2640 4651 2897 4707 Ecclesia:
2925 4648 3008 4724 (ut
3047 4646 3121 4703 ita
3150 4648 3328 4703 dicam
3372 4648 3626 4716 confuse)
3669 4664 3810 4704 con-

2153 4754 2157 4758 '
2189 4747 2360 4802 i'usze?
2397 4747 2506 4803 Cur
2534 4762 2640 4801 non
2671 4746 2910 4800 clamant
2948 4745 3338 4817 Hieronymum
3381 4745 3660 4809 conliteri,
3698 4745 3809 4801 Ec-

2189 4840 2372 4894 clesiae
2397 4841 2581 4895 fascem
2612 4855 2709 4911 pro
2739 4840 2979 4897 Ecclesia
3009 4841 3343 4910 superfuisse
3363 4849 3610 4910 tempore
3633 4839 3810 4912 hujus

2187 4930 2548 4988 Collatinnis?
2573 4933 2684 4988 Cur
2711 4948 2816 4988 non
2848 4935 3016 5002 ipsius
3048 4933 3327 5003 Augustini
3351 4931 3417 4987 ad
3443 4934 3617 5002 ipsum
3651 4933 3810 4989 Mar-

2185 5029 2444 5084 cellinum
2485 5029 2649 5083 verba
2677 5043 2743 5083 ex
2773 5027 3002 5099 epistola
3032 5027 3066 5082 5
3105 5035 3388 5097 repetunt,
3430 5025 3496 5080 In
3539 5028 3641 5080 ista
3699 5028 3810 5098 (iu-

2187 5122 2324 5194 quil)
2359 5123 2574 5177 colluvie
2603 5137 2804 5175 morum
2833 5121 3171 5193 pessimorum
3217 5130 3264 5174 et
3293 5120 3478 5174 veteris
3499 5119 3805 5188 disciplina

2189 5219 2492 5287 deperditw,
2519 5227 2623 5274 etc.
2661 5218 2857 5274 Verum
2899 5217 3204 5288 simplicem
3253 5216 3542 5271 historiam
3568 5217 3805 5271 actionis

2190 5312 2502 5367 Donatiunte
2531 5325 2942 5382 persequamur.

2263 5406 2395 5461 Cum
2418 5405 2714 5460 Donatiste
2741 5405 3086 5460 clamitarent
3131 5401 3434 5457 Ecclesiam
3465 5401 3800 5457 catholicam

2191 5509 2529 5566 apostalasse
2555 5497 2634 5565 (ut
2671 5495 3056 5566 loquebantur)
3084 5503 3248 5565 atque
3278 5493 3507 5563 periisse
3532 5537 3547 5559 ,
3595 5500 3648 5549 ei
3697 5491 3803 5548 hoc

2188 5590 2427 5648 clamore
2475 5589 2696 5644 eludere
2743 5590 2945 5645 vellent
2993 5588 3382 5659 prophetarum
3427 5587 3686 5644 Vaticinia
3731 5589 3801 5643 de

2189 5683 2448 5739 Ecclesia:
2489 5682 2662 5753 gloria
2685 5724 2700 5749 ,
2742 5678 3139 5753 amplitudine,
3179 5679 3548 5752 perpetuitate
3582 5697 3596 5733 :
3633 5694 3795 5750 roga-

2187 5784 2314 5832 runt
2340 5771 2606 5833 Catholici
2631 5772 2688 5830 in
2707 5771 3037 5841 Collatione,
3087 5771 3309 5828 ubinam
3334 5769 3601 5842 scriptum
3649 5780 3799 5828 esset
