3996 6332
266 278 400 341 M35

1145 276 1472 340 HISTORIA
1506 262 2109 334 CARTHAGINENSIS
2146 269 2621 333 COLLATIONIS.

3417 274 3558 337 1486

188 381 193 386 ’
258 405 370 451 iam
394 394 506 452 cito
532 406 658 452 esse
683 392 1016 466 parituram:
1047 403 1107 450 ut
1132 404 1187 451 et
1215 395 1552 468 Augustinus
1578 396 1632 452 in
1656 395 1751 452 tib.
1780 395 1849 454 de
1882 389 1939 449 Δ
1964 389 2402 459 praemonstratio
2425 390 2673 462 quaedam
2696 396 2846 459 erat,
2871 389 3027 449 valde
3050 391 3266 450 laudata
3289 391 3380 451 sit.
3402 395 3558 454 Unde

263 486 411 545 Unit.
454 486 654 559 quaerit
691 504 719 542 a
751 487 1055 557 Petiliano,
1089 489 1309 560 quando
1330 530 1343 554 ,
1376 489 1532 559 quis,
1582 487 1859 560 quomodo

261 579 523 635 delererit
550 579 822 636 Ecclesiae
846 581 1151 652 apostolico
1178 581 1361 638 labore
1380 581 1670 638 fundatas?
1697 583 1857 638 sicuti

260 680 317 729 et
355 673 411 728 iu
455 671 618 743 epist.
651 673 785 739 161,
827 673 896 729 ad
947 673 1284 730 Honoratum
1308 717 1322 742 ,
1352 683 1542 746 rogat,
1585 674 1859 745 quomodo

259 769 509 826 Christus
550 770 853 843 perdiderit
892 762 1267 830 ltmreditatem
1298 772 1554 830 Gentium
1584 772 1687 830 sibi
1733 784 1859 843 pro-

263 863 524 920 missam?
555 863 680 920 iiacc
709 864 855 921 enim
897 865 1254 936 interrogatio
1284 864 1383 921 fuit
1409 906 1425 933 ,
1455 882 1577 937 quae
1606 866 1858 922 Donatis-

262 955 331 1011 tis
359 954 587 1012 minime
613 966 671 1013 ut
699 958 987 1029 oportebat
1012 958 1079 1015 ad
1109 958 1211 1015 hoc
1240 967 1520 1016 certamen
1543 958 1855 1026 instructis,

263 1049 429 1105 veluti
472 1064 535 1104 os
578 1050 872 1106 obstruxit.
916 1051 1082 1107 Miror
1112 1066 1220 1107 non
1268 1051 1571 1124 obiecisse,
1615 1053 1760 1125 quod
1800 1053 1858 1109 iu

264 1141 552 1199 Ezechiele
578 1143 662 1197 vel
685 1143 741 1198 in
774 1143 1018 1211 itaniele,
1038 1144 1123 1201 vel
1147 1145 1199 1200 in
1232 1145 1556 1217 Apocalypsi
1595 1146 1857 1217 scriptum

262 1249 383 1290 esse
412 1234 612 1291 dicitur
653 1235 723 1292 de
765 1235 1136 1304 Antichristo,
1163 1236 1250 1295 vel
1291 1239 1454 1294 etiam
1496 1239 1549 1295 in
1595 1240 1757 1311 epist.
1791 1240 1857 1294 ad

260 1328 637 1387 Thcssalonic.
670 1333 751 1386 An
790 1342 890 1388 suo
917 1340 1166 1405 tempore
1190 1334 1435 1390 nondum
1467 1336 1686 1391 venisse
1717 1343 1857 1391 tem-

260 1438 361 1499 pus
414 1425 562 1483 illius
611 1427 930 1484 Antichristi
978 1428 1336 1485 sentiebant?
1375 1428 1674 1499 Supererat
1719 1427 1859 1485 alius

261 1516 412 1573 locus
463 1518 613 1574 Pauli
676 1520 745 1574 ad
790 1519 1137 1577 Timotheum
1180 1520 1248 1577 de
1286 1522 1546 1592 apostatis
1571 1564 1587 1589 ,
1625 1520 1715 1592 qui
1759 1534 1857 1577 no-

260 1612 501 1668 vissimis
528 1613 866 1683 temporibus
890 1621 1194 1687 emergant.
1227 1613 1336 1671 Sed
1381 1614 1496 1685 ipse
1524 1614 1859 1684 Augustinus

268 1703 321 1759 in
366 1704 463 1759 lib.
498 1703 568 1759 de
605 1703 824 1761 Unitate
861 1714 1053 1761 contra
1100 1706 1459 1772 Petilianum,
1504 1704 1671 1761 veluti
1713 1720 1857 1777 pra:-

1960 489 2017 537 et
2043 483 2280 553 psalmus
2305 498 2546 549 Lxxxvn,
2597 481 2668 540 de
2692 480 2858 540 Sione
2886 491 2942 543 et
2966 485 3397 560 Hierosolymis:
3429 487 3558 546 Clo-

1959 574 2105 630 riosa
2131 616 2147 639 ,
2198 576 2404 647 inquit,
2433 577 2503 633 de
2531 586 2582 634 te
2610 576 2864 634 dicuntur
2885 620 2900 647 ,
2941 594 2975 635 o
3004 580 3132 636 urbs
3153 581 3357 637 divina.

2037 666 2222 723 Redeo
2250 667 2319 724 ad
2363 668 2709 736 Donatistas,
2747 671 2840 742 qui
2889 672 3121 744 repetito
3150 673 3220 731 ab
3248 674 3394 730 illius
3438 688 3559 732 me-

1962 761 2131 817 moria
2171 762 2421 832 exemplo
2444 804 2459 830 ,
2490 764 2735 834 speciose
2758 763 3033 832 iactabant
3056 806 3071 831 ,
3113 779 3237 822 sese
3265 781 3390 838 esse
3420 776 3559 823 tam-

1959 868 2122 924 quam
2151 854 2285 911 duas
2306 855 2427 911 illas
2456 856 2658 924 tribus,
2682 872 2808 930 qua:
2833 875 2938 913 non
2966 858 3217 915 deiecere
3238 901 3253 927 ,
3282 874 3407 917 cum
3436 861 3558 918 alia:

1962 948 2149 1005 decem
2183 949 2355 1006 tribus
2390 949 2608 1007 lsraelis
2647 949 2744 1008 abs
2769 949 2923 1008 indm
2960 967 3130 1024 regno
3166 952 3558 1022 desciverant,

1961 1050 2164 1098 secutae
2205 1043 2615 1099 Jerobonmum.
2647 1042 2754 1100 Sed
2782 1043 3045 1101 Catholici
3088 1047 3284 1102 merito
3314 1047 3555 1105 inverte-

1962 1134 2094 1190 bunt
2144 1135 2283 1192 hanc
2326 1136 2787 1207 comparatioitem
2821 1153 2835 1190 :
2876 1144 2934 1193 et
2967 1139 3214 1208 quamvis
3255 1138 3560 1196 faterentur

1961 1227 2164 1283 multas
2192 1242 2313 1283 esse
2340 1229 2581 1285 maculas
2619 1236 2677 1285 et
2703 1229 2855 1286 Iabes
2893 1244 3007 1286 suae
3032 1231 3321 1299 Ecclesiae,
3381 1242 3558 1290 tamen

1961 1320 2218 1391 quamdiu
2261 1321 2352 1376 illa
2379 1320 2658 1377 Christum
2688 1322 2925 1378 habebat
2963 1331 3157 1393 caput,
3186 1326 3423 1381 schisma
3455 1326 3561 1382 Do-

1961 1410 2284 1467 natistarum
2325 1427 2451 1468 esse
2492 1413 2719 1483 impium
2762 1413 3187 1471 contendebant.
3218 1414 3328 1473 Sed
3363 1426 3419 1473 et
3445 1419 3558 1474 Au-

1960 1518 2107 1577 gust.
2146 1507 2198 1561 in
2227 1506 2324 1564 lib.
2352 1516 2543 1563 contra
2578 1506 2828 1578 Fuigent.
2860 1522 2984 1564 cum
3012 1510 3228 1566 audiret
3253 1508 3565 1569 Catholicos

1961 1612 1993 1654 a
2020 1598 2315 1655 Donatistis
2341 1599 2527 1656 vocari
2548 1599 2923 1656 Samaritanus
2943 1642 2957 1666 ,
2982 1602 3178 1671 probat
3210 1603 3358 1672 ipsos
3386 1605 3566 1676 potius

1964 1690 2278 1748 Douatistus
2307 1707 2430 1749 esse
2472 1700 2746 1765 tamquam
2775 1693 3171 1752 Samaritanus.
3202 1695 3343 1753 Hinc
3383 1706 3565 1755 autem

262 1807 529 1871 occupat,
566 1808 622 1854 et
658 1799 709 1854 id
745 1802 1019 1872 pertinere
1053 1801 1129 1857 ait
1158 1801 1227 1857 ad
1282 1812 1638 1875 purgamenta
1670 1800 1859 1857 Eccle-

1968 1784 2236 1854 pendebat
2260 1785 2526 1857 judicium
2557 1785 2627 1841 de
2654 1786 2907 1857 exemplo
2943 1789 3344 1845 communionis
3371 1805 3436 1846 ex
3466 1806 3566 1847 ve-

264 1889 390 1959 sia),
428 1902 481 1949 et
520 1891 586 1949 ad
619 1904 713 1949 eos
752 1891 852 1966 qui
886 1892 954 1950 ab
994 1890 1238 1951 Ecclesia
1277 1895 1567 1951 deiecere:
1600 1892 1762 1951 sicuti
1804 1906 1860 1952 et

262 1986 319 2042 in
372 1985 699 2043 Manichteos
745 1988 925 2044 locum
978 1988 1132 2047 illum
1189 1999 1467 2061 retorquet
1516 1990 1555 2044 1.
1592 2005 1625 2044 v
1668 1998 1858 2045 contra

263 2072 516 2133 Faustum
539 2078 716 2149 capite
748 2078 835 2145 li),
876 2088 932 2135 et
967 2076 1063 2136 lib.
1094 2096 1202 2136 xxx
1225 2121 1239 2145 ,
1270 2090 1326 2135 et
1361 2081 1457 2135 lib.
1486 2096 1505 2137 1
1533 2090 1721 2137 contra
1760 2080 1862 2136 Fe-

265 2172 422 2228 licem
451 2172 832 2243 Manichaeum,
860 2189 982 2247 cap.
1014 2174 1047 2231 7
1067 2216 1083 2243 ,
1117 2183 1171 2231 et
1193 2173 1248 2230 in
1280 2174 1421 2231 libro
1442 2184 1632 2231 contra
1652 2174 1858 2235 Secun-

261 2264 473 2334 diuum,
503 2278 621 2336 cap.
645 2262 705 2320 2.

336 2358 508 2416 Venio
538 2359 605 2414 ad
644 2358 695 2414 id
729 2358 872 2430 quod
918 2359 1216 2415 Donatista:
1246 2356 1301 2415 in
1345 2358 1652 2418 Collatione
1690 2359 1862 2431 potis-

261 2451 457 2507 simum
495 2436 803 2522 urgebant:
838 2460 897 2508 ut
936 2466 1058 2508 cum
1088 2451 1355 2507 catholica
1384 2451 1634 2508 Ecclesia
1664 2450 1861 2522 praedi-

254 2552 476 2601 caretur
499 2587 512 2608 .
547 2545 653 2615 ipsi
694 2555 934 2602 sanctam
966 2559 1184 2617 quoque
1224 2558 1345 2601 esse
1385 2544 1590 2600 debere
1622 2543 1858 2599 vicissim

260 2636 693 2705 contenderent,
726 2639 943 2709 qualem
978 2636 1418 2694 adversariorum
1441 2680 1455 2704 ,
1496 2635 1601 2692 hoc
1636 2644 1722 2692 est
1759 2635 1862 2692 Ca-

258 2733 587 2791 tbolic'orum
643 2732 979 2801 Ecclesium,
1022 2749 1128 2788 non
1174 2746 1297 2789 esse
1340 2731 1713 2787 clamitabant.
1758 2728 1861 2786 Ca-

259 2825 445 2881 tholici
482 2826 849 2896 agnoscebant
888 2823 1016 2895 quid
1051 2825 1151 2880 sibi
1180 2824 1432 2884 deesset.
1466 2830 1521 2876 et
1549 2822 1728 2893 qualis
1768 2820 1858 2876 illa

261 2930 384 2976 esse
416 2917 663 2978 deberet.
704 2916 816 2975 Sed
860 2918 914 2973 in
956 2916 1057 2974 hac
1099 2917 1206 2972 vita
1246 2914 1545 2986 perfectam
1589 2930 1696 2969 non
1742 2914 1861 2970 fore

256 3011 571 3068 fatebantur
597 3032 611 3069 :
642 3008 879 3068 futuram
912 3027 1044 3067 vero
1082 3012 1134 3067 in
1165 3013 1324 3069 caelis
1349 3030 1362 3067 :
1393 3021 1451 3069 et
1490 3013 1596 3068 hoc
1621 3008 1860 3082 quotidie

260 3108 388 3178 agi,
420 3120 479 3163 nt
509 3108 738 3164 macula:
775 3108 1091 3174 deleantur,
1134 3116 1189 3165 et
1228 3120 1427 3181 rugosa
1466 3122 1588 3164 esse
1628 3107 1859 3163 desinat.

1965 1879 2069 1935 teri
2108 1878 2420 1935 indecorum
2463 1880 2706 1938 Ecclesia
2750 1882 3019 1953 repetito,
3055 1883 3124 1938 de
3163 1898 3272 1955 quo
3301 1882 3355 1940 in
3394 1886 3566 1942 colla-

1962 1971 2113 2028 tione
2139 1972 2376 2028 maxime
2402 1982 2666 2029 certatum
2696 1981 2819 2031 est:
2851 1975 3068 2031 tametsi
3095 1990 3202 2032 non
3224 1976 3566 2033 dissimulem

1965 2072 2255 2136 utramque
2297 2073 2504 2137 partem
2549 2067 2601 2122 in
2649 2082 2715 2123 ea
2744 2066 3093 2127 contentione
3134 2085 3323 2141 parum
3353 2072 3567 2128 cavisse

1963 2159 2136 2216 videri
2166 2201 2180 2228 ,
2212 2174 2336 2216 cum
2364 2172 2555 2217 neutra
2586 2161 2643 2217 in
2682 2163 2935 2235 exemplo
2964 2164 3353 2238 prophetarum
3373 2208 3388 2237 ,
3419 2166 3566 2238 quod

1962 2251 2199 2323 allegat,
2240 2253 2376 2309 satis
2413 2254 2673 2310 observat
2715 2254 3007 2313 discrimen
3034 2300 3050 2327 ,
3083 2258 3229 2330 quod
3283 2258 3567 2332 prapbeta:

1965 2351 2147 2400 tamen
2195 2358 2386 2402 omnes
2438 2345 2734 2403 inculcant.
2781 2348 2931 2406 Adeo
2976 2353 3160 2408 fervor
3201 2353 3567 2411 contentionis

1963 2436 2241 2493 interdum
2269 2438 2498 2495 confuse
2541 2440 2774 2509 miscet,
2823 2456 2942 2513 qua:
2986 2442 3347 2501 discernenda
3390 2457 3568 2502 erant.

1966 2532 2153 2603 itaque
2185 2541 2337 2589 tanto
2364 2534 2535 2605 magis
2565 2534 2952 2590 excutiendum
2984 2524 3131 2592 nunc
3157 2547 3241 2592 est
3274 2540 3380 2593 hoc
3405 2549 3571 2610 caput

1960 2624 2285 2683 Coliationis
2309 2667 2324 2692 ,
2354 2636 2417 2683 ut
2452 2642 2576 2683 cum
2606 2636 2826 2684 ventum
2856 2628 2931 2684 sit
2967 2629 3034 2684 ad
3067 2630 3397 2701 praecipuum
3440 2646 3569 2688 cau-

1964 2735 2043 2775 sa:
2063 2729 2265 2777 statum
2290 2764 2305 2790 ,
2339 2723 2621 2794 utriusque
2648 2722 2816 2793 partis
2838 2723 3080 2779 rationes
3109 2726 3331 2794 propius
3360 2739 3568 2795 expen-

1972 2815 2187 2872 damus.
2219 2816 2352 2873 Acta
2391 2816 2710 2873 Collationis
2750 2824 3020 2873 testantur
3056 2816 3371 2876 Catholicos
3412 2834 3564 2876 suam

1974 2909 2060 2982 (ut
2099 2910 2315 2981 vocant)
2345 2909 2622 2966 Notarium
2648 2953 2662 2979 ,
2705 2919 2760 2966 et
2800 2911 3113 2968 Donatistas
3159 2928 3315 2969 suam
3361 2928 3565 2985 propo-

1963 3004 2144 3060 suisse
2170 3012 2338 3076 atque
2368 3005 2690 3075 opposuisse
2715 3046 2729 3069 ,
2766 3020 2893 3061 cum
2937 3005 3154 3081 scriptis
3187 3010 3368 3078 pmius
3406 3023 3565 3080 quam

1965 3096 2153 3152 verbis
2196 3108 2420 3168 agerent
2464 3105 2523 3153 et
2567 3096 2988 3155 contenderent.
3041 3100 3315 3157 Notarium
3342 3115 3410 3157 eo
3459 3116 3563 3158 ste.

256 3200 366 3258 Sed
397 3201 658 3273 integram
700 3201 1143 3258 reformationem
1178 3198 1232 3255 in
1274 3199 1378 3258 hac
1424 3200 1703 3257 hominum
1746 3198 1862 3254 col—
1887 3188 1934 3253 C
1965 3192 2092 3248 culo
2116 3192 2233 3249 sive
2255 3193 2419 3249 etiam
2446 3192 2724 3248 Noto‘riam
2756 3193 3026 3250 vocabant
3052 3195 3379 3268 scripturam
3401 3239 3415 3264 ,
3446 3214 3567 3270 qua:

258 3294 479 3351 luvione
521 3310 625 3351 non
668 3302 908 3351 exstare.
940 3292 1085 3367 Ergo
1124 3295 1459 3364 Augustinus
1482 3306 1541 3349 ut
1570 3291 1861 3363 thlgenlio

258 3384 558 3444 Donatistae
599 3388 678 3442 sic
717 3386 1034 3458 respondit,
1064 3386 1306 3459 gloriose
1335 3387 1596 3459 garrienti
1636 3385 1705 3442 de
1748 3402 1860 3441 sua:

259 3479 524 3538 Ecclesiae
565 3479 940 3553 perfectione,
980 3481 1058 3536 sic
1101 3480 1156 3536 in
1204 3482 1365 3551 epist.
1418 3481 1489 3538 50
1534 3480 1600 3535 ad
1639 3480 1862 3536 Bonifa-

259 3577 407 3634 cium
432 3594 445 3630 :
479 3576 624 3631 Absit
652 3618 667 3643 ,
700 3577 903 3647 inquit,
935 3583 993 3629 ut
1013 3574 1281 3647 quisquam
1311 3584 1543 3629 nostrum
1570 3574 1645 3630 ita
1674 3591 1728 3630 se
1743 3577 1863 3648 jus-

261 3681 377 3726 tum
402 3669 539 3724 dicat
562 3712 576 3738 ,
611 3678 670 3724 ut
711 3668 823 3724 sine
859 3676 1068 3739 peccato
1108 3683 1162 3722 se
1200 3682 1309 3722 esse
1338 3669 1544 3740 jactare
1582 3665 1770 3721 audeat
1804 3665 1862 3720 in

262 3767 361 3821 hac
394 3756 534 3831 vita,
580 3763 735 3820 sicuti
764 3761 1056 3819 Donatistae
1094 3758 1149 3816 in
1190 3769 1366 3815 nostra
1398 3757 1685 3815 Collatione
1714 3760 1862 3814 diate-

258 3869 383 3915 runt
406 3902 421 3926 ,
448 3859 503 3915 in
530 3872 591 3914 ea
614 3873 667 3916 se
698 3870 805 3914 esse
837 3855 1075 3911 Ecclesia
1099 3869 1213 3926 qua:
1242 3870 1345 3909 non
1384 3853 1573 3908 habeat
1599 3852 1859 3906 maculant

261 3962 353 4007 aret
385 3966 603 4027 rugam,
633 3959 721 4006 aut
749 3949 850 4005 tale
885 3949 1161 4024 ejusmodi.
1195 3946 1319 4003 Fuit
1347 3957 1527 4002 tamen
1561 3960 1667 4001 non
1700 3945 1860 4000 dissi-

261 4046 407 4102 milis
426 4044 651 4117 jactatio
677 4043 1090 4112 Pelagianorum
1118 4084 1131 4105 ,
1172 4047 1244 4097 'ut
1293 4038 1499 4097 indicat
1528 4039 1860 4110 Augustinus

257 4127 356 4194 lib.
402 4150 459 4193 tv
500 4136 565 4192 ad
609 4136 949 4194 Bonifacium
991 4151 1110 4206 cap.
1155 4134 1216 4201 7,
1263 4140 1320 4191 et
1356 4134 1453 4191 lib.
1501 4150 1539 4189 ll
1580 4133 1649 4191 de
1704 4133 1861 4190 Bono

256 4240 410 4302 pers.
439 4246 493 4286 c.
521 4229 557 4287 5
577 4272 592 4297 ,
623 4240 675 4286 et
715 4230 754 4285 l.
781 4246 819 4286 il
849 4236 1040 4284 contra
1067 4228 1364 4285 lulianum.
1394 4226 1503 4284 Sed
1536 4243 1698 4298 quam
1729 4244 1863 4284 ven-

257 4332 376 4379 tosa
408 4324 482 4379 sit
508 4322 721 4378 vanitas
752 4322 1130 4377 luereticorum
1153 4361 1169 4387 ,
1194 4332 1300 4374 non
1337 4327 1423 4374 est
1449 4317 1712 4389 ignotum.

333 4415 505 4471 Porro
545 4431 669 4472 cum
719 4414 988 4471 Catholici
1037 4413 1090 4468 in
1140 4412 1444 4468 Collatione
1483 4409 1863 4466 distinxissent

258 4504 566 4565 Ecclesiam
599 4523 718 4580 quae
748 4516 832 4564 est
860 4506 914 4562 in
943 4506 1097 4563 oculis
1123 4502 1192 4562 ab
1218 4518 1282 4561 ea
1311 4518 1433 4576 qua:
1460 4513 1543 4558 est
1569 4504 1625 4558 in
1655 4503 1819 4559 terris
1845 4520 1859 4555 :

1964 3284 2174 3355 aliquid
2211 3294 2395 3340 notum
2432 3283 2670 3342 faciebat
2701 3284 2789 3341 vel
2818 3284 3134 3343 indicabat:
3167 3304 3341 3360 neque
3366 3289 3569 3361 alioqui

1960 3377 2045 3431 sic
2086 3377 2388 3447 appellatur
2436 3391 2466 3432 a
2509 3378 2664 3434 nobis
2706 3377 2793 3434 vel
2840 3378 3091 3434 notariis.
3123 3377 3196 3436 Ut
3236 3390 3418 3437 autem
3464 3382 3568 3440 hoc

1962 3470 2134 3525 verbo
2160 3468 2495 3541 Augustines
2524 3484 2750 3542 quoque
2788 3470 2845 3525 in
2875 3470 3100 3527 historia
3128 3473 3287 3544 hujus
3310 3472 3565 3532 Collatia-

1962 3564 2051 3618 nis
2091 3563 2257 3636 360
2291 3563 2461 3619 utitur
2498 3578 2566 3619 eo
2588 3563 2770 3619 modo
2793 3607 2808 3632 ,
2838 3579 2997 3635 quem
3032 3562 3182 3634 dixi,
3226 3566 3306 3623 sic
3345 3577 3400 3624 et
3436 3567 3567 3625 alibi

1964 3656 2137 3726 magis
2170 3656 2409 3712 civiliter
2450 3656 2500 3711 in
2530 3655 2759 3711 historia
2800 3655 3204 3714 Donatistarum
3226 3702 3243 3725 .
3286 3659 3566 3718 Notoriam

1962 3749 2081 3805 sive
2116 3750 2392 3805 Notariam
2424 3759 2579 3806 vocat
2604 3751 2868 3821 scriptum
2898 3751 2968 3807 ab
2992 3752 3299 3811 lrenarcltis
3329 3756 3565 3827 elogium

1962 3841 2034 3898 de
2062 3842 2169 3897 reis
2214 3842 2550 3908 Donatistis,
2596 3853 2658 3898 ut
2700 3844 2756 3899 in
2804 3830 3108 3915 epist.7159
3136 3857 3190 3903 et
3232 3847 3357 3905 160.
3389 3850 3568 3921 Atque

1962 3934 2038 3991 ita
2066 3934 2232 3991 etiam
2274 3937 2643 4007 usurpaturin
2670 3932 2802 3993 lure
2830 3938 2997 4006 civili,
3023 3949 3088 3995 ut
3116 3939 3169 3995 in
3197 3939 3237 3995 l.
3268 3940 3454 3999 Divus.
3493 3944 3568 4001 De

1961 4026 2186 4084 Custod.
2219 4042 2365 4085 reor.
2419 4029 2457 4084 l.
2502 4029 2571 4085 ab
2623 4032 2992 4098 accusatione,
3039 4029 3455 4104 §Accnsatores
3494 4038 3565 4093 ad

1964 4123 2152 4180 Senat.
2183 4122 2391 4191 Turpi].
2429 4122 2467 4177 1.
2500 4121 2577 4178 Ea
2614 4121 2870 4204 quidem,
2905 4123 2967 4180 C.
3003 4123 3079 4180 De
3097 4136 3338 4183 accusat.
3385 4127 3424 4183 l.
3458 4129 3564 4200 51,

1965 4216 2029 4274 C.
2058 4217 2163 4273 Th.
2196 4217 2264 4273 de
2302 4216 2489 4287 Episc.
2523 4224 2580 4272 et
2620 4216 2805 4273 cleric.
2837 4216 2996 4287 Apud
3028 4218 3318 4292 Vopiscum
3355 4221 3568 4279 duobus

1965 4311 2102 4367 locis
2133 4310 2358 4366 Notoria
2387 4310 2722 4382 generaliter
2746 4309 2948 4366 dicitur
2973 4311 3222 4384 epiStola.
3257 4313 3365 4372 Sed
3403 4314 3567 4372 redeo

1964 4404 2034 4459 ad
2063 4403 2339 4460 Notariam
2365 4403 2454 4459 vel
2484 4402 2764 4459 Notoriam
2789 4401 3197 4463 Catholicorum
3225 4406 3279 4462 in
3304 4407 3408 4465 hac
3434 4406 3564 4464 Col-

1965 4496 2170 4552 latione
2200 4496 2535 4566 propositam
2562 4536 2577 4562 ,
2612 4495 2664 4550 in
2701 4511 2803 4567 qua
2834 4496 2967 4551 Acta
3009 4505 3277 4554 testantur
3305 4498 3565 4573 scriptam

257 4596 560 4657 Donatistae
604 4575 917 4656 calumniati
958 4606 1125 4663 sunt,
1181 4611 1277 4655 eos
1314 4575 1521 4670 tingere
1558 4596 1694 4652 duas
1737 4608 1859 4652 esse

1968 4595 2023 4644 et
2046 4587 2383 4659 propositam
2413 4585 2681 4656 imprimis
2711 4587 2878 4642 fuisse
2902 4586 3040 4644 hanc
3060 4588 3273 4646 thesim.

260 4688 543 4750 Ecelcsias
562 4734 577 4761 ,
606 4707 707 4750 nec
736 4692 1057 4749 meminisse
1096 4704 1262 4748 unam
1305 4689 1472 4747 modo
1493 4703 1635 4748 esse.
1665 4686 1861 4745 Catho-

252 4785 353 4845 lici
382 4787 544 4843 talem
580 4786 909 4842 calumniam
952 4783 1113 4842 facile
1149 4785 1457 4841 refutamnt
1479 4825 1494 4852 ,
1526 4799 1648 4847 cum
1688 4783 1860 4854 repli.

254 4891 458 4938 carunt
504 4889 559 4938 et
606 4880 1004 4949 ostenderunt,
1071 4877 1316 4935 eamdem
1366 4877 1538 4948 ipsam
1590 4890 1753 4932 unam
1802 4884 1865 4931 et

257 4983 507 5030 sanctam
550 4973 845 5029 Ecclesiam
871 5014 888 5040 ,
920 4985 1065 5027 nunc
1109 4983 1231 5027 esse
1270 4970 1463 5036 aliter,
1508 4977 1637 5024 tunc
1678 4977 1858 5024 autem

251 5067 420 5124 aliter
470 5080 591 5124 esse
630 5065 895 5133 futuram,
937 5077 998 5123 ut
1041 5066 1116 5122 ait
1160 5063 1501 5138 Augustinus
1547 5063 1743 5119 Collat.
1783 5062 1859 5132 3,

253 5172 382 5233 cap.
412 5161 469 5217 4.
502 5160 617 5235 Ego
646 5177 754 5218 non
792 5160 1084 5218 dubitarim
1113 5171 1224 5216 tres
1265 5158 1529 5230 gradatim
1563 5172 1859 5229 agnoscere

248 5252 465 5311 formas
489 5263 545 5311 et
589 5256 803 5326 species
830 5253 1091 5313 Ecclesiae
1118 5272 1130 5307 :
1161 5252 1393 5326 primam
1423 5251 1714 5307 Mosaieam
1743 5249 1864 5307 sive

249 5327 583 5417 J‘G’éiiéa‘ta‘,‘
598 5341 891 5406 secundum
912 5347 1239 5405 catholicam
1257 5391 1271 5415 ,
1300 5347 1519 5403 tertiam
1540 5346 1821 5402 caelestem
1841 5387 1859 5412 ,

249 5446 316 5500 et
356 5443 577 5513 quidem
608 5442 897 5500 secundum
942 5438 1108 5513 priori
1152 5441 1324 5496 multo
1359 5439 1807 5496 escelientiorem
1838 5480 1853 5504 ,

249 5527 315 5594 et
350 5538 564 5593 tertiam
595 5537 831 5594 secunda
861 5551 1051 5592 rursus
1078 5536 1250 5590 multo
1282 5534 1569 5589 meliorem
1610 5531 1856 5604 promitti

247 5644 286 5686 a
326 5626 660 5700 Prophetis:
709 5637 765 5685 et
809 5636 988 5684 tamen
1037 5627 1160 5683 talis
1202 5625 1477 5700 profectus
1529 5640 1635 5681 non
1678 5622 1855 5681 inter-

246 5722 459 5793 rumpit
485 5722 946 5779 continuationem
974 5718 1134 5777 unius
1163 5717 1425 5775 Ecclesiae
1454 5737 1467 5775 ε
1502 5734 1680 5791 neque
1725 5718 1855 5774 obs-

252 5821 375 5883 tat,
405 5814 532 5886 quiu
576 5822 629 5869 et
669 5814 849 5885 prima
888 5811 980 5868 illa
1028 5808 1269 5867 Ecclesia
1295 5851 1309 5877 ,
1353 5824 1476 5882 quae
1503 5818 1558 5866 et
1598 5808 1857 5866 secundae

2044 4679 2320 4753 Propheta:
2363 4678 2610 4751 populum
2636 4687 2955 4751 peccatorem
2980 4690 3029 4735 et
3078 4680 3359 4739 Dominum
3388 4686 3565 4741 multis

1970 4772 2341 4830 execrabilibus
2365 4770 2832 4827 abominationibus
2854 4768 3189 4840 o/I'ettdentem
3208 4817 3223 4840 ,
3250 4785 3354 4831 tam
3382 4779 3569 4836 severis

1970 4864 2181 4922 uocibus
2216 4863 2499 4936 arguebant
2514 4904 2528 4929 ,
2555 4872 2602 4917 et
2625 4861 2851 4934 ﬂagellis
2874 4865 3212 4936 correptionis
3236 4866 3393 4922 duros
3416 4879 3569 4942 atque

1967 4958 2248 5015 indomitos
2286 4957 2485 5012 animos
2512 4998 2527 5024 ,
2555 4972 2715 5027 usque
2754 4957 2822 5010 ad
2856 4958 3159 5014 inimicitias
3202 4960 3473 5019 adversum
3516 4982 3571 5021 se

1969 5051 2239 5105 horribiles
2269 5047 2603 5105 excitabant:
2638 5065 2732 5104 nec
2762 5059 2930 5105 tamen
2969 5067 3024 5106 se
3048 5052 3109 5107 ab
3148 5070 3208 5108 eo
3247 5058 3439 5129 populo
3459 5101 3474 5126 ,
3513 5059 3571 5114 in

1969 5156 2071 5216 quo
2094 5145 2267 5215 utique
2290 5145 2443 5198 etiam
2470 5143 2590 5198 boni
2614 5145 2748 5198 inter
2768 5145 2933 5200 malos
2968 5157 3114 5203 erant
3136 5189 3150 5216 ,
3179 5150 3435 5221 corporali
3462 5150 3571 5206 dis-

1969 5238 2184 5293 crimine
2220 5236 2511 5292 dividebant
2531 5252 2553 5302 ;
2585 5236 2768 5292 melius
2798 5239 3098 5311 judicantes
3139 5257 3230 5311 per
3267 5243 3570 5312 patientiam

1973 5335 2112 5405 ferre
2157 5331 2325 5389 malos
2348 5375 2364 5401 ,
2416 5347 2568 5404 quam
2613 5348 2707 5402 per
2753 5332 3070 5387 calumniam
3130 5334 3419 5406 relinquere
3475 5339 3569 5395 bo-

1974 5444 2069 5484 ποθ
2076 5468 2089 5482 .

2039 5520 2444 5577 Donatistarum
2492 5517 2777 5588 responsio
2803 5517 2856 5573 in
2886 5517 2997 5574 illis
3026 5520 3172 5577 Aetis
3212 5522 3422 5596 longior
3444 5537 3525 5585 εει
3558 5516 3575 5584 τ’

1968 5617 2066 5675 sed
2095 5615 2372 5673 conclusio
2401 5622 2485 5669 est
2524 5615 2638 5667 haec
2667 5611 2735 5668 de
2768 5614 3045 5683 prophetis
3066 5657 3081 5683 ,
3111 5632 3339 5689 quorum
3369 5622 3573 5678 mentio

1970 5710 2108 5768 facta
2141 5719 2253 5765 erat
2283 5727 2297 5764 :
2344 5706 2494 5775 Quod
2518 5706 2652 5760 inter
2679 5721 2765 5760 eos
2794 5720 2921 5777 quos
2948 5706 3261 5765 damnabunt
3283 5753 3298 5777 ,
3327 5716 3572 5784 fuerunt,

1968 5800 2385 5860 commorationis
2413 5799 2540 5869 fuit,
2570 5814 2672 5853 non
2715 5801 3106 5856 communionis.
