3996 6332
228 339 368 396 1489

1109 332 1430 393 HISTORIA
1464 327 2066 390 CARTHAGINENSIS
2102 330 2574 391 COLLATIONIS.

3385 338 3526 399 H90

224 458 397 519 rinth.
437 458 544 517 Sed
587 423 730 531 quod
768 459 832 515 ad
881 457 1072 514 Isaiam
1112 457 1304 513 attinet
1329 499 1346 525 ,
1389 461 1604 512 constat
1645 453 1818 522 prima
1848 451 1900 514 Α
1925 453 2067 524 quod
2096 453 2471 511 Nazianzenus
2500 455 2570 511 de
2597 455 2712 512 suis
2747 455 3084 527 temporibus
3113 464 3170 513 et
3193 456 3522 516 Arianorum

226 554 317 612 illa
345 553 464 624 ejus
494 552 657 608 verba
691 563 897 608 tantum
932 551 1037 607 hoc
1067 550 1209 606 velle
1238 559 1294 605 ct
1327 563 1524 620 agere,
1559 553 1619 602 ut
1652 543 1823 602 Jndwi

225 649 339 706 sint
363 647 532 720 parati
557 646 621 702 ad
642 646 1027 702 discedendum
1056 660 1119 701 ex
1153 642 1426 715 Babylone
1452 640 1633 696 statim
1662 647 1824 710 atque

225 742 343 800 dies
371 740 710 796 liberationis
735 741 966 797 venerit.
991 740 1205 796 Interea
1235 749 1415 792 autem
1444 736 1607 792 etiam
1637 741 1823 790 monet

226 847 284 893 ut
316 837 423 892 sint
449 835 634 891 mundi
662 853 675 889 :
712 851 778 891 ne
805 835 1014 892 scilicet
1047 832 1449 889 communicent
1474 831 1636 888 idolis
1661 829 1820 886 Chal-

229 927 470 986 daeorum
505 945 518 982 :
551 928 695 998 quod
738 927 1030 1000 Apostolus
1056 928 1122 983 ad
1153 942 1282 982 suos
1325 925 1640 980 Corinthios
1669 938 1824 994 repe-

229 1024 324 1087 tit,
357 1037 424 1078 ne
452 1031 507 1080 et
533 1022 568 1077 ii
607 1025 1006 1078 communicent
1035 1019 1349 1092 idolothytis
1369 1061 1384 1087 ,
1409 1029 1518 1075 etc.
1554 1017 1660 1075 Sed
1688 1017 1824 1072 alio-

225 1114 318 1186 qui
363 1128 471 1170 non
504 1113 688 1184 jubet,
721 1122 779 1169 ut
820 1114 1048 1184 patriam
1093 1127 1244 1168 suam
1275 1112 1620 1180 relinquant,
1661 1119 1715 1164 et
1755 1125 1822 1166 ex

225 1205 635 1264 idololatrarum
695 1205 922 1262 urbibus
970 1204 1195 1276 fugiant.
1239 1202 1456 1274 Alioqui
1503 1219 1570 1256 ex
1621 1202 1822 1258 mundo

224 1301 378 1356 exire
406 1315 501 1356 eos
528 1308 842 1371 oporteret,
874 1309 933 1355 ut
959 1299 1087 1355 alibi
1117 1298 1212 1355 ait.
1244 1297 1398 1368 Quod
1438 1306 1618 1353 autem
1637 1297 1822 1353 ..ἰυόωί

223 1408 311 1450 ει·
337 1393 614 1466 Babylone
646 1392 931 1449 discedere
956 1391 1287 1463 jubebantur
1308 1433 1324 1456 ,
1363 1390 1695 1462 peculiarem
1737 1405 1823 1445 ra-

224 1488 430 1544 tionem
462 1486 666 1555 habet,
695 1502 814 1559 quae
845 1485 911 1541 ad
942 1483 1089 1542 alios
1126 1485 1385 1542 trahenda
1426 1500 1536 1540 non
1571 1493 1676 1540 est.
1711 1485 1820 1540 Att-

223 1580 473 1651 gustinus
509 1581 562 1634 in
615 1578 712 1634 lib.
746 1579 815 1635 de
844 1577 1066 1636 Unitate
1105 1579 1284 1648 capite
1323 1575 1419 1645 I2,
1450 1585 1636 1632 narrat
1676 1575 1820 1632 Peti-

223 1673 426 1730 lianum
455 1673 765 1730 clamitasse
784 1715 800 1740 ,
823 1672 1012 1729 decem
1047 1673 1218 1749 tribus
1249 1672 1452 1728 divisas
1481 1686 1603 1729 esse
1634 1682 1688 1728 et
1711 1680 1814 1728 tra-

221 1762 364 1820 ditas
403 1779 562 1821 servo
609 1765 959 1831 Salomonis,
1007 1779 1204 1834 nempe
1239 1763 1569 1820 Jeroboamo
1613 1783 1626 1818 :
1675 1765 1811 1820 duas

1925 547 2247 619 intemperie
2278 549 2505 622 loquens
2532 558 2587 606 et
2615 551 2894 621 suspirans
2920 551 3383 623 conquerebatur,
3411 568 3520 610 non

1926 641 2091 697 modo
2129 642 2430 699 Ecclesiam
2465 643 2786 705 distractam
2830 659 2952 701 esse
2976 686 2992 713 ,
3038 654 3096 700 ut
3137 643 3271 701 olim
3297 645 3438 702 Juda
3468 656 3526 704 et

1926 733 2126 801 Israel,
2166 736 2262 791 sed
2312 752 2406 806 per
2452 737 2648 794 domos
2686 739 2927 810 singulas
2966 739 3221 810 populum
3259 737 3527 795 Christia-

1926 843 2054 882 num
2100 843 2222 884 esse
2271 829 2587 886 dissectum.
2633 830 2868 901 Legerat
2905 832 3050 900 quod
3101 832 3190 888 ille
3237 832 3303 887 ad
3349 831 3520 889 Deum

1925 933 2222 975 conversus
2267 923 2475 992 precari
2525 921 2776 989 solebat,
2823 923 2868 978 0
2929 922 3188 992 Domine,
3233 925 3300 980 sit
3339 925 3528 996 aliquis

1925 1011 2051 1081 ﬁnis
2096 1012 2255 1086 hujus
2297 1013 2416 1068 belli
2445 1014 2794 1069 ecclesiastici.
2820 1015 2906 1071 Ne
2932 1018 3000 1072 sit
3044 1017 3268 1090 amplius
3297 1016 3440 1072 Juda
3477 1029 3526 1073 et

1925 1100 2098 1156 Israel
2141 1119 2160 1157 :
2209 1103 2544 1160 Hierusalem
2589 1116 2637 1162 et
2684 1105 2926 1163 Samaria
2961 1125 2980 1164 :
3020 1108 3256 1164 Roboam
3289 1120 3338 1166 et
3373 1110 3500 1167 θεγο

1925 1197 2096 1252 boam.
2143 1198 2260 1253 Non
2304 1199 2535 1266 dubito,
2579 1202 2707 1271 quin
2750 1202 3036 1272 Augustini
3079 1204 3288 1261 similes
3332 1220 3525 1276 preces

1925 1291 2130 1348 fuerint
2168 1305 2224 1350 et
2266 1295 2460 1350 similia
2491 1307 2612 1352 νοω
2647 1299 3004 1369 suspiriaque.
3050 1299 3116 1356 Ut
3143 1312 3322 1357 autem
3357 1301 3526 1359 Oseas

1927 1393 1984 1442 et
2029 1385 2333 1442 Hieremias
2379 1388 2739 1457 praedixerant
2783 1389 2900 1446 fore
2926 1432 2940 1455 ,
2991 1399 3048 1447 et
3089 1390 3224 1448 Juda
3264 1403 3320 1449 et
3361 1392 3527 1451 Israel

1925 1494 2115 1534 rursus
2146 1479 2438 1550 aliquando
2463 1481 2835 1540 coalescerent
2864 1484 2966 1540 sub
3001 1501 3110 1542 uno
3145 1489 3321 1557 capite
3357 1488 3525 1562 (quod

1924 1572 2138 1643 quidem
2170 1573 2257 1628 ubi
2295 1574 2534 1631 Ecclesia
2555 1574 2862 1632 Christiana
2889 1579 3120 1648 primum
3149 1581 3385 1650 coaluit,
3418 1583 3528 1639 fac-

1926 1677 2038 1723 tum
2067 1684 2189 1725 esse
2221 1669 2445 1726 dubium
2471 1686 2578 1726 non
2608 1673 2739 1741 est),
2772 1674 2860 1728 vix
2889 1673 3123 1730 audebat
3155 1691 3375 1747 sperare
3403 1681 3525 1733 rtir-

1922 1774 2015 1816 sus
2048 1762 2201 1818 facile
2239 1762 2291 1817 id
2340 1763 2575 1819 futurum
2602 1779 2759 1832 esse,
2798 1780 2919 1820 cum
2951 1782 3150 1822 novum
3185 1769 3237 1822 in
3281 1768 3525 1826 Ecclesia

219 1875 354 1916 vero
387 1861 716 1916 remansisse
760 1858 873 1914 lilio
915 1857 1225 1914 Salomonis
1246 1900 1260 1924 ,
1289 1856 1488 1913 deinde
1533 1872 1810 1928 compara-
1844 1845 1894 1906 B
1921 1853 2156 1910 schisma
2184 1854 2479 1912 invaluisse
2502 1856 2738 1913 videbat.
2767 1856 2929 1914 Certe
2955 1859 3094 1914 idem
3118 1859 3522 1929 Nazianzenus,

218 1952 424 2009 tionem
456 1952 708 2024 fingendo
738 1951 1016 2007 dictitasse
1041 1967 1053 2005 :
1088 1950 1182 2007 Sic
1207 1959 1254 2006 et
1283 1967 1418 2004 nunc
1439 1959 1574 2004 totus
1595 1949 1818 2004 mundus

217 2047 568 2116 apostatavit:
601 2062 692 2102 nos
721 2055 892 2100 autem
921 2055 1176 2114 tamquam
1209 2045 1328 2098 Ilua:
1362 2044 1470 2099 illa:
1502 2043 1662 2098 tribus
1699 2059 1819 2115 per-

217 2143 502 2196 mansimus
544 2142 599 2196 in
629 2140 818 2211 templo
853 2139 983 2207 Dei,
1028 2138 1083 2194 id
1130 2147 1214 2193 est
1238 2179 1253 2206 ,
1287 2139 1340 2193 in
1379 2135 1639 2192 Ecclesia.
1679 2135 1818 2204 Quid

215 2237 286 2293 ad
333 2235 451 2291 bare
495 2233 872 2306 Augustinus?
923 2231 1248 2297 Ostendam,
1306 2232 1519 2302 inquit,
1573 2231 1819 2301 scriptum

218 2345 362 2397 esse,
405 2344 460 2382 se
493 2343 600 2382 esse
629 2329 756 2383 tales
775 2368 789 2392 ,
824 2327 958 2381 sicut
986 2327 1237 2396 scriptum
1273 2334 1345 2380 est
1366 2366 1381 2390 ,
1408 2324 1529 2379 illas
1566 2323 1696 2378 duas
1726 2323 1819 2377 tri-

217 2421 315 2476 bus
354 2421 482 2476 tales
515 2421 711 2492 fuisse:
740 2428 785 2474 et
815 2429 933 2474 tunc
962 2418 1096 2473 nihil
1124 2419 1427 2473 resistimus.
1462 2417 1570 2474 Sed
1602 2432 1818 2474 succes-

217 2515 304 2570 sio
323 2555 339 2580 ,
369 2512 438 2569 de
473 2527 577 2584 qua
607 2512 754 2578 dixi,
782 2512 1110 2568 ostendebat
1138 2511 1319 2582 potius
1357 2509 1668 2566 Catholicos
1695 2527 1818 2568 esse

217 2604 379 2661 tales.
410 2603 655 2660 Schisma
681 2619 812 2659 vero
850 2602 1125 2672 indicabat
1151 2603 1458 2658 Donatistas
1490 2603 1666 2673 p0tius
1693 2617 1818 2660 esse

214 2697 426 2753 similes
477 2697 666 2753 decem
714 2696 980 2753 tribubus.
1028 2696 1168 2751 Olim
1212 2697 1430 2764 quidem
1477 2696 1664 2752 decem
1709 2696 1818 2752 illa:

215 2791 394 2847 tribus
423 2790 638 2847 lsraelis
665 2806 830 2860 penes
855 2805 915 2847 se
940 2806 1063 2847 esse
1090 2791 1386 2847 Ecclesiam
1409 2833 1424 2859 ,
1450 2793 1629 2863 potius
1653 2809 1814 2864 quant

217 2886 272 2943 in
305 2872 678 2953 Hierusalem,
710 2887 1130 2943 contendebant.
1163 2887 1268 2944 Sed
1297 2903 1586 2956 numquam
1621 2887 1673 2944 id
1705 2889 1818 2944 evi-

215 2991 446 3048 cerunt,
490 2994 666 3050 nequc
697 2980 842 3036 ullus
885 2996 1141 3052 umquam
1189 2983 1449 3052 propheta
1493 2983 1544 3037 id
1579 2982 1642 3038 iis
1686 2998 1817 3038 con-

213 3072 404 3129 cessit.
437 3071 572 3128 Cum
613 3072 860 3129 abducta:
889 3073 944 3129 in
971 3074 1292 3129 servitutem
1335 3090 1414 3130 eae
1441 3083 1628 3131 essent
1665 3085 1721 3132 et
1751 3077 1816 3133 iis

215 3166 616 3220 successissent
658 3165 946 3221 Samaritae
990 3165 1204 3221 duravit
1247 3165 1442 3221 eadem
1489 3168 1812 3223 contentio:

216 3258 359 3314 adeo
387 3267 445 3313 ut
478 3259 731 3314 tumulum
773 3261 1030 3330 templum
1072 3260 1126 3315 in
1163 3270 1350 3316 monte
1375 3261 1608 3317 Garisim
1645 3262 1818 3318 aediﬁ—

216 3361 400 3408 catum
427 3352 531 3419 sit,
563 3353 722 3424 quale
751 3353 1140 3426 Hierosolymis
1170 3354 1345 3410 fuerat
1372 3371 1400 3409 a
1428 3355 1627 3411 Judaeis
1656 3356 1815 3412 redu-

217 3444 374 3500 cibus
403 3458 510 3500 non
536 3445 705 3500 multo
732 3457 860 3502 ante
888 3450 1265 3501 lnstauratum.
1295 3447 1374 3502 Ac
1396 3446 1610 3517 quidem
1641 3463 1819 3519 quaes-

217 3537 298 3592 tio
327 3545 455 3592 tunc
494 3553 708 3609 quoque
737 3539 932 3610 agitata
972 3549 1093 3605 est,
1136 3550 1314 3595 utrum
1361 3549 1508 3596 esset
1559 3540 1818 3611 templum

220 3631 521 3703 legitimum
554 3651 567 3686 :
612 3633 935 3702 tandemque
962 3644 1045 3689 est
1079 3633 1247 3690 relata
1287 3633 1355 3690 ad
1385 3634 1646 3706 judicium
1689 3635 1820 3690 Pto-

223 3725 405 3781 Iommi
450 3724 689 3798 Egyptii
741 3727 886 3796 regis
930 3743 944 3780 :
986 3736 1044 3781 et
1083 3726 1302 3797 quidem
1355 3727 1582 3783 terribili
1629 3729 1819 3783 condi-

227 3821 376 3876 tione
397 3863 413 3887 ,
443 3829 504 3875 ut
537 3821 626 3891 qui
651 3820 948 3876 advocatus
968 3835 1129 3876 causa
1159 3821 1414 3889 caderet,
1447 3829 1622 3877 morte
1654 3822 1822 3876 mulc-

227 3920 457 3968 taretur.
491 3913 595 3967 Sed
637 3913 818 3968 audita
860 3914 1021 3969 Mosis
1053 3914 1200 3985 lege,
1241 3924 1298 3969 et
1334 3914 1562 3985 probata
1608 3913 1823 3985 pontifi-

224 4020 352 4060 cum
383 4004 695 4060 Judarorum
736 4009 991 4061 continua
1029 4007 1377 4063 successione
1399 4050 1412 4073 ,
1447 4015 1596 4062 recte
1617 4007 1826 4078 judica-

227 4107 342 4154 tum
373 4109 458 4154 est
497 4113 596 4169 pro
624 4099 826 4170 templo
855 4099 1367 4172 Hierosnlymitano.
1403 4099 1581 4155 Testis
1621 4109 1703 4156 est
1733 4100 1827 4155 Jo-

225 4195 432 4266 sephns
463 4193 555 4250 lib.
590 4210 718 4264 xui,
747 4209 796 4249 c.
824 4193 878 4250 6.
925 4194 1128 4264 Estque
1176 4195 1418 4265 profecto
1464 4193 1685 4250 historia
1737 4195 1826 4250 illa

227 4286 598 4344 memorabilis
621 4329 634 4353 ,
667 4297 718 4342 et
753 4285 1005 4341 idoneum
1039 4287 1384 4356 exemplum,
1418 4288 1560 4356 quod
1597 4289 1681 4343 hic
1714 4289 1830 4341 Iau-

229 4380 410 4436 dctnr.
438 4379 542 4436 Sed
571 4380 732 4435 simul
775 4381 1036 4456 miremur
1059 4421 1072 4442 ,
1104 4378 1476 4434 Samaritanos
1514 4389 1693 4434 tamen
1726 4379 1826 4434 sibi

228 4473 588 4529 nihilominus
632 4486 915 4542 arrogasse
961 4471 1103 4542 quod
1146 4470 1398 4527 solebant
1432 4489 1445 4526 :
1487 4471 1629 4541 quod
1667 4470 1830 4526 etiam

231 4565 414 4622 fecere
442 4581 563 4621 cum
595 4581 785 4620 eorum
816 4565 1078 4632 templum
1118 4564 1484 4621 Garizitanum
1519 4565 1711 4620 fuisset
1748 4565 1832 4620 di—

231 4671 416 4718 rutum
454 4677 468 4713 :
499 4660 638 4715 adeo
677 4669 737 4715 ut
766 4660 971 4716 Christi
1015 4670 1258 4731 tempore
1301 4675 1420 4715 eam
1463 4661 1612 4716 litem
1642 4661 1835 4715 etiam-

234 4771 365 4813 ttum
419 4755 746 4825 perdurasse
794 4754 1098 4811 audiamus.
1141 4754 1287 4810 Nihil
1333 4755 1507 4810 dicam
1553 4754 1622 4810 dc
1661 4755 1833 4810 altero

237 4850 444 4921 templo
484 4851 784 4920 apostatico
807 4891 823 4917 ,
855 4849 995 4921 quod
1032 4851 1084 4905 in
1135 4849 1374 4922 Egypto
1409 4848 1476 4904 ad
1527 4849 1834 4920 exemplum

238 4941 720 5016 Ilierosolymitani
754 4942 1029 4998 conditum
1065 4941 1134 4996 ab
1168 4942 1300 5013 ipsis
1329 4942 1534 4998 Jndaeis
1564 4951 1677 5009 est,
1706 4957 1837 4998 con-

235 5036 464 5091 nivcnte
513 5049 640 5105 rege
684 5033 1000 5089 Ptolomaeo.
1055 5034 1207 5089 Nunc
1253 5035 1399 5090 enim
1448 5051 1536 5089 me
1580 5036 1837 5090 contineo

236 5130 293 5186 in
328 5127 582 5199 exemplo
623 5129 822 5183 veteris
863 5128 1220 5184 dissensionis
1269 5128 1412 5184 inter
1442 5129 1741 5186 Samariam
1783 5139 1839 5186 et

238 5221 604 5278 lliernsalem.
638 5220 821 5292 Neque
850 5230 1032 5293 potest
1061 5222 1116 5277 in
1162 5221 1265 5277 hoc
1298 5236 1623 5293 argumento
1651 5240 1838 5280 exem-

238 5318 392 5388 plum
440 5314 704 5370 illustrius
744 5324 800 5371 et
833 5315 1054 5370 historia
1088 5317 1289 5370 veteris
1330 5315 1590 5372 Ecclesia:
1627 5318 1837 5388 repeti:

241 5407 298 5462 in
327 5406 470 5478 quod
498 5405 714 5476 quidem
740 5422 865 5462 cum
894 5408 1198 5475 intuemur,
1228 5417 1336 5463 tam
1367 5407 1648 5465 horribilis
1675 5413 1839 5466 etiam

241 5499 599 5564 schismatis,
655 5499 796 5570 quod
851 5501 1056 5554 tamdiu
1108 5499 1360 5569 duravit,
1408 5503 1668 5557 memoria
1731 5518 1831 5559 nos

242 5591 538 5665 percellat,
572 5606 796 5647 necesse
823 5603 924 5647 est.
958 5592 1141 5662 Neque
1166 5592 1388 5648 dubium
1417 5603 1532 5662 est,
1563 5595 1692 5666 quin
1725 5597 1836 5652 Att-

244 5685 498 5760 gustinus
528 5685 692 5740 multa
734 5686 1071 5756 prospiciens
1103 5687 1227 5743 inde
1264 5687 1580 5758 colligeret,
1613 5690 1754 5760 quod
1785 5690 1838 5744 in

250 5781 548 5838 schismate
581 5779 978 5834 Donatistarum
1009 5793 1231 5850 gemens
1260 5778 1571 5851 deploraret
1591 5823 1607 5848 ,
1639 5790 1696 5837 ut
1718 5781 1845 5837 tris-

1921 1947 2013 2016 qui
2057 1946 2193 2001 vidit
2225 1963 2385 2018 qnam
2415 1948 2757 2006 Theodosius
2793 1951 3157 2008 Ecclesiarum
3184 1954 3366 2010 ἕνωσιν
3394 1970 3525 2024 pro-

1922 2040 2142 2096 curabat
2166 2083 2181 2109 ,
2209 2041 2406 2112 gaudio
2433 2044 2681 2100 exultans
2709 2045 3000 2114 aliquando
3021 2047 3375 2113 exclamavit,
3399 2046 3524 2104 Non

1921 2135 2146 2204 amplius
2174 2137 2389 2192 invicem
2434 2141 2647 2216 φέρομεν
2689 2145 2776 2197 καί
2821 2138 3009 2216 ἄγομεν
3032 2184 3046 2208 ,
3072 2139 3242 2196 ludas
3267 2151 3314 2197 et
3355 2141 3525 2199 Israel

1921 2244 2084 2282 unum
2126 2231 2226 2285 sibi
2274 2243 2470 2297 ponunt
2515 2236 2863 2305 principatum
2903 2252 2922 2290 :
2963 2253 3135 2291 omnes
3185 2237 3309 2309 facti
3347 2253 3525 2293 sumus

1922 2318 2206 2376 Christiani
2247 2338 2266 2376 :
2315 2323 2420 2378 Sed
2453 2323 2794 2396 Augustinus
2833 2341 2939 2383 tam
2986 2327 3113 2384 felix
3153 2343 3258 2384 non
3298 2330 3436 2396 fuit,
3467 2339 3530 2386 ut

1921 2412 1976 2468 id
2005 2415 2229 2469 omnino
2265 2415 2512 2472 viderit:
2557 2420 2773 2475 tametsi
2811 2419 3043 2476 Collatio
3080 2419 3528 2493 Carthaginensis

1920 2507 1987 2563 ad
2015 2523 2133 2563 eam
2167 2509 2428 2566 unitatem
2469 2512 2865 2569 restituendam
2898 2515 3124 2572 multum
3155 2518 3416 2572 momenti
3442 2525 3526 2572 at-

1924 2599 2127 2655 tulerit.
2145 2601 2165 2675 ]

1994 2692 2180 2750 Redeo
2215 2694 2280 2751 ad
2313 2711 2438 2752 eum
2486 2697 2690 2764 locum,
2747 2699 2799 2754 in
2834 2714 2944 2770 quo
2984 2702 3318 2774 Augustinus
3363 2715 3526 2776 negat

1926 2786 2234 2844 Donatistas
2259 2804 2402 2856 esse,
2428 2791 2570 2862 quod
2597 2779 2703 2848 dici
2727 2793 2934 2860 volunt,
2965 2793 3071 2850 hoc
3097 2806 3204 2864 est,
3245 2807 3522 2869 tamquam

1925 2880 2122 2937 tribum
2152 2881 2326 2938 Judze.
2371 2883 2574 2954 Adjicit
2614 2887 2757 2942 enim
2810 2902 2905 2956 per
2948 2890 3377 2954 concessionem,
3421 2891 3525 2947 etsi

1923 2971 1977 3027 id
1999 2981 2206 3040 essent,
2235 2983 2414 3031 tamen
2438 2976 2620 3048 legere
2646 2975 2847 3034 debere
2870 2981 3182 3048 prophetas,
3211 2981 3303 3052 qui
3328 2981 3520 3037 dicunt

1922 3063 2177 3122 lsraelem
2208 3068 2592 3124 aversatricem
2609 3069 2961 3141 justiﬁcatam
2983 3087 3105 3129 esse
3126 3075 3362 3144 peccatis
3383 3074 3520 3130 Juda

1925 3161 2398 3230 praevaricatricis.
2434 3161 2548 3217 lloc
2574 3170 2724 3220 certe
2743 3163 3030 3234 Jeremias,
3055 3181 3178 3237 cap,
3201 3183 3278 3233 III,
3307 3178 3361 3223 et
3390 3167 3525 3225 Eze-

1923 3251 2088 3319 chiel,
2119 3267 2238 3324 cap.
2281 3270 2396 3322 nx,
2425 3254 2644 3324 dixere,
2676 3266 2734 3311 ut
2774 3266 2830 3311 et
2875 3271 3004 3312 suos
3032 3257 3248 3315 Judacos
3284 3261 3521 3332 castiga-

1925 3353 2068 3410 rent,
2103 3346 2362 3402 Ecclesiae
2394 3349 2552 3405 titulo
2596 3349 2758 3406 nimis
2793 3349 3014 3422 indigne
3058 3351 3386 3409 abutentes:
3420 3368 3517 3410 ne-

1924 3453 2032 3509 que
2079 3439 2267 3494 dubito
2303 3439 2435 3510 quin
2482 3449 2534 3496 et
2578 3441 2696 3509 ipse
2737 3440 2966 3512 August.
3017 3444 3254 3513 peccatis
3298 3458 3521 3500 suorum

1928 3533 2156 3589 minime
2196 3534 2500 3604 indulgens,
2535 3536 2734 3606 saepius
2772 3550 2875 3592 suo
2911 3538 3112 3608 populo
3142 3537 3193 3593 id
3222 3537 3518 3607 exprobra-

1926 3625 2018 3679 rit.
2044 3625 2174 3680 Illud
2208 3625 2379 3681 miror
2408 3627 2554 3696 quod
2578 3628 2632 3682 in
2654 3628 2848 3684 eodem
2877 3644 2976 3684 suo
2998 3629 3095 3685 lib.
3121 3631 3189 3686 de
3217 3628 3365 3687 Unit.
3395 3646 3529 3687 con-

1928 3725 2007 3770 tra
2033 3715 2377 3782 Pctilianum,
2419 3733 2540 3774 cum
2582 3720 2721 3776 hanc
2747 3723 3103 3791 qumstionem
3142 3731 3359 3792 tractat,
3391 3724 3530 3795 adji-

1926 3810 1999 3864 cit
2046 3820 2251 3880 partem
2289 3811 2433 3868 illam
2463 3813 2664 3869 veteris
2702 3815 2909 3886 pepuli,
2953 3814 3055 3869 hoc
3085 3824 3193 3880 est,
3243 3814 3525 3883 lsraelem,

1927 3901 2288 3973 deputandum
2338 3922 2445 3960 non
2491 3922 2614 3962 esse
2641 3951 2656 3976 ,
2724 3917 2994 3978 tamquam
3042 3907 3266 3963 haeresis
3310 3906 3525 3965 fuisset.

1930 3995 2100 4052 Deum
2128 3997 2272 4053 enim
2295 3998 2482 4055 decem
2515 4001 2634 4056 illas
2671 4002 2842 4056 trihus
2865 4002 3094 4072 jnssisse
3122 4002 3387 4073 separari,
3419 4018 3526 4059 non

1929 4100 1988 4144 ut
2011 4090 2217 4160 religio,
2245 4093 2340 4148 sed
2368 4104 2425 4148 ut
2450 4109 2676 4165 regnum
2704 4094 3057 4150 divideretur.
3079 4095 3215 4150 Cum
3243 4095 3359 4151 haec
3387 4097 3527 4168 lego,

1932 4183 2108 4240 fateor
2137 4189 2233 4256 (ne
2277 4186 2406 4257 quid
2445 4188 2637 4243 iterum
2683 4187 3042 4260 dissimulem)
3089 4205 3180 4246 me
3220 4189 3429 4247 haerere
3475 4200 3532 4247 et

1934 4279 2252 4336 subsistere.
2285 4281 2426 4338 Dens
2452 4283 2671 4352 quidem
2695 4284 2843 4355 jnstc
2872 4289 3174 4356 meritoque
3193 4287 3532 4352 decreverat,

1934 4370 2225 4428 Jeroboam
2255 4375 2370 4430 fore
2397 4390 2601 4445 regem,
2632 4387 2690 4432 ut
2728 4379 2943 4448 puniret
2984 4389 3262 4450 peccatum
3289 4381 3536 4437 Salomo-

1935 4463 2042 4517 nis.
2074 4463 2179 4520 Sed
2207 4465 2561 4523 nihilominus
2591 4468 2756 4524 Israel
2794 4473 3053 4538 peccavit,
3080 4488 3201 4527 cum
3244 4475 3537 4545 perﬁdiose

1939 4557 2100 4613 talem
2149 4558 2252 4614 sibi
2296 4574 2478 4630 regem
2527 4562 2737 4628 ascivit,
2782 4573 2839 4618 ut
2882 4579 2912 4618 a
2953 4581 3118 4635 regno
3147 4567 3368 4624 Davidis
3410 4577 3466 4623 et
3502 4585 3536 4625 a

1942 4650 2141 4719 templo
2165 4649 2442 4706 deficeret.
2477 4652 2584 4710 Sed
2625 4666 2673 4709 et
2702 4655 2817 4724 ipse
2850 4657 3184 4727 Augustinus
3209 4661 3346 4716 libro
3372 4676 3387 4716 t
3413 4676 3538 4717 con-

1937 4753 2022 4798 tra
2059 4742 2408 4800 Cresconium
2450 4760 2570 4817 cap.
2619 4747 2710 4814 51,
2735 4749 2810 4803 ait
2839 4749 3207 4807 Samaritanos
3241 4751 3408 4809 fuiSse
3438 4769 3534 4809 ve-

1939 4839 2035 4894 lttti
2059 4839 2370 4909 _ha:reticos
2399 4839 2731 4898 Juda-orum.
2765 4842 2960 4908 Audio,
2991 4845 3133 4916 quod
3177 4855 3362 4901 contra
3393 4846 3538 4902 Peti-

1941 4933 2144 4989 liauum
2171 4935 2265 4999 ait,
2295 4935 2460 4989 Deum
2486 4934 2734 5004 jnssisse,
2769 4948 2829 4990 ut
2856 4952 3080 5007 regnum
3103 4936 3240 4993 Juda
3265 4938 3537 4995 dividere-

1945 5037 2072 5092 tur,
2129 5043 2235 5082 non
2293 5027 2455 5083 etiam
2502 5029 2712 5100 religio.
2761 5029 2876 5085 Non
2943 5031 3087 5086 enim
3137 5031 3367 5101 jussisse
3421 5033 3540 5089 fieri

1945 5121 2185 5177 schisma
2212 5140 2226 5176 :
2254 5121 2443 5190 Sicuti,
2477 5124 2673 5196 inquit,
2704 5140 2841 5196 sa’pe
2865 5125 2921 5180 in
2955 5126 3076 5181 orbe
3108 5135 3361 5182 terrarum
3384 5141 3545 5197 regna

1946 5217 2274 5283 dividuntur,
2314 5225 2362 5272 et
2389 5228 2559 5272 tamen
2604 5217 2898 5275 Christiana
2937 5222 3106 5275 unitas
3133 5236 3235 5274 non
3273 5219 3544 5287 diuiditur,

1946 5311 2069 5380 quia
2109 5311 2165 5364 in
2206 5320 2424 5382 utraque
2472 5323 2619 5383 parte
2656 5314 2942 5368 inueniatur
2989 5312 3225 5366 Ecclesia
3268 5312 3545 5367 catholica.

1947 5404 2151 5461 Verum
2185 5404 2253 5479 (si
2292 5407 2426 5462 mihi
2457 5406 2540 5463 fas
2577 5417 2660 5463 est
2691 5409 2920 5478 ingenue
2961 5404 3144 5461 dicere
3174 5405 3316 5478 quod
3347 5408 3547 5474 sentio,

1949 5507 2012 5552 ut
2038 5499 2182 5568 quod
2213 5513 2402 5555 verum
2424 5513 2546 5554 esse
2573 5508 2723 5569 puto,
2752 5498 3056 5554 verecunde
3080 5497 3322 5569 quidem,
3349 5497 3444 5554 sed
3469 5504 3554 5552 ta-

1951 5606 2077 5646 men
2102 5591 2273 5648 libere
2295 5607 2590 5662 exponam,
2625 5592 2775 5647 nullo
2801 5592 3082 5661 Augustini
3115 5591 3430 5662 prtejudicio
3451 5593 3551 5647 im-

1953 5670 2194 5753 peditus)
2215 5686 2464 5738 existimo
2493 5683 2889 5740 observandum
2922 5699 3044 5742 esse
3079 5685 3238 5740 aliam
3270 5683 3438 5740 fuisse
3461 5701 3553 5741 ra-

1960 5780 2160 5835 tionem
2193 5780 2340 5850 regni
2373 5777 2578 5834 ludaici
2621 5780 2737 5836 site
2770 5779 3027 5845 Davidici,
3071 5780 3231 5835 aliam
3266 5793 3388 5860 esse
3405 5767 3559 5860 alio?

253 5873 529 5930 tiosimam
580 5870 836 5928 Ecclesiae
883 5845 1244 5928 calamitatem
1290 5845 1536 5931 defieret.
1589 5845 1852 5949 [Legerat
1958 5881 2079 5930 rum
2103 5845 2416 5944 regnorum.
2442 5869 2577 5928 Nam
2607 5869 2660 5930 in
2690 5859 2856 5944 regno
2882 5859 3101 5931 Davidis
3121 5873 3200 5930 sic
3230 5845 3434 5932 inclusa
3459 5845 3557 5932 fuit
