3996 6332
508 300 638 359 1491

1961 281 2331 347 APPENDIX.

3598 287 3707 349 “9%

506 410 773 476 Ecclesia,
798 409 984 480 sicque
1013 420 1136 463 cum
1184 418 1251 460 eo
1278 400 1590 473 conjuncta,
1618 406 1679 454 ut
1726 410 1832 461 non
1866 395 2102 468 potuerit
2127 398 2182 465 Α
2204 392 2543 465 querimonia
2591 392 2798 465 liquere
2852 392 3179 464 generaliter
3226 394 3507 465 contendit,
3548 401 3706 465 nullam

504 504 695 565 dividi.
718 502 844 575 quin
875 500 1070 572 religio
1096 496 1451 561 divideretur,
1486 495 1589 549 hoc
1616 501 1720 560 est,
1752 490 1881 561 quin
1908 489 1999 562 qui
2034 488 2102 547 ab

507 615 574 657 eo
603 598 953 659 descisceret.
986 592 1293 649 schismatis
1313 606 1438 647 reus
1465 595 1628 644 esset.
1662 583 1793 642 Nam
1822 584 1916 655 qui
1944 582 2013 639 ab
2037 596 2104 639 eo

472 692 477 697 ’
508 690 815 756 deﬁciebat,
847 688 917 745 ab
946 686 1193 749 Ecclesia
1219 698 1436 759 quoque
1463 682 1577 752 ipsa
1605 679 1914 736 deﬁciebat.
1942 676 2106 735 Certe

507 785 765 845 orabatur
785 800 881 855 pro
902 783 1003 847 hoc
1020 796 1208 855 regno,
1226 785 1287 837 ut
1305 792 1403 849 pro
1416 774 1684 841 Ecclesia,
1703 773 2105 846 psalm.1.xxvn

508 886 565 937 et
589 892 721 945 cvm
752 892 766 931 :
798 882 856 935 et
884 873 1048 931 David
1078 879 1364 944 propterea
1401 867 1683 925 dicebatur
1713 864 2107 939 primogenitus

510 971 657 1029 inter
682 983 861 1045 reges,
897 966 1091 1038 psalm.
1120 979 1340 1023 uxxtx.
1370 961 1462 1029 At,
1488 960 1720 1031 inquies,
1752 957 2108 1023 Deustamen

507 1062 707 1121 dicitur
732 1058 981 1119 divisisse
1027 1072 1254 1129 regnum
1284 1053 1525 1110 Davidis.
1556 1050 1776 1119 Fateor,
1818 1047 1915 1105 sed
1946 1047 2109 1120 longe

508 1154 617 1210 alio
644 1153 774 1219 ﬁne,
801 1167 961 1224 quam
994 1150 1111 1223 ipse
1138 1148 1428 1205 Jeroboam
1459 1144 1836 1201 schismaticus
1865 1148 1960 1196 aut
1985 1156 2109 1212 quae

509 1262 635 1303 eum
679 1256 879 1302 secutae
907 1255 1033 1305 sunt
1057 1242 1245 1298 decem
1289 1240 1479 1305 tribus,
1512 1252 1740 1310 quarum
1775 1236 1935 1308 longe
1962 1233 2109 1291 aliud

512 1342 634 1408 fuit,
677 1355 837 1409 quam
875 1338 971 1395 Dei
1016 1336 1327 1394 consilium.
1362 1316 1487 1391 lianc
1527 1329 1704 1386 obiter
1742 1328 1884 1384 dicta
1924 1335 2105 1383 sunto.

510 1428 802 1491 Conclusio
840 1429 1126 1502 Augustini
1171 1434 1358 1483 contra
1416 1424 1741 1480 Petilianum
1795 1430 1899 1487 est,
1943 1420 2112 1479 fuisse

512 1529 677 1585 etiam
719 1528 771 1585 in
803 1524 1003 1580 lsraele
1045 1520 1356 1593 prophetas.
1403 1517 1598 1574 Audio.
1639 1514 1747 1572 Sed
1777 1525 1905 1570 tunc
1937 1512 2112 1569 fateor

514 1620 827 1677 Donatistas
857 1628 1005 1676 recte
1032 1617 1254 1675 dixisse.
1286 1611 1732 1670 commorationis
1762 1608 1893 1666 illud
1920 1606 2110 1679 fuisse,

514 1731 622 1773 non
653 1713 1067 1771 communionis.
1096 1712 1152 1768 ln
1173 1708 1309 1766 Juda
1333 1722 1467 1765 vero
1489 1720 1595 1763 non
1622 1705 1782 1759 modo
1806 1716 2112 1758 commora-

2203 485 2545 559 temporibus
2578 484 2712 541 Elice
2735 483 2903 541 fuisse
2936 485 3228 540 Ecclesiam
3256 488 3607 557 aspectabilem.
3636 491 3707 547 At-

2203 593 2309 647 que
2335 579 2451 650 ipsa
2479 577 2705 632 historia
2751 592 2904 635 sacra
2930 586 3158 635 testatur
3204 580 3364 636 Etiam
3387 589 3564 639 tantum
3596 585 3707 659 loqui

2204 668 2273 724 de
2300 685 2467 740 regno
2496 668 2712 725 Israelis
2741 670 2833 725 ubi
2866 669 3145 727 habitabat
3174 689 3187 725 :
3220 672 3272 726 in
3301 688 3452 745 regno
3476 686 3625 732 autem
3642 678 3712 737 lu-

2204 761 2288 819 ϐω
2317 777 2384 818 eo
2415 774 2657 834 tempore
2683 761 2851 819 fuisse
2888 763 3157 821 illustrem
3203 764 3475 821 Ecclesiam
3512 782 3714 839 regnante

2205 856 2488 929 Josapbat,
2518 874 2678 930 quem
2707 866 2763 913 et
2789 867 3059 930 tamquam
3096 858 3318 915 alterum
3346 860 3569 917 Davidcm
3591 863 3717 925 fuisse

2206 952 2494 1024 signiﬁcat.
2535 953 2651 1009 lmo
2676 968 2807 1009 vero
2835 954 2978 1009 idem
3002 953 3257 1009 Calvinus
3285 955 3331 1008 in
3357 958 3461 1025 ipsa
3486 970 3567 1013 sua
3593 960 3717 1017 Insti-

2205 1043 2416 1099 tutione
2444 1043 2654 1099 videtur
2700 1042 2927 1101 confuse
2965 1043 3167 1115 dicere,
3218 1044 3353 1116 quod
3389 1046 3640 1105 Donatista:
3678 1051 3720 1110 in

2207 1136 2509 1195 Collatione
2532 1137 2793 1194 dicebant
2831 1136 2932 1194 hac
2960 1137 3014 1197 in
3042 1147 3214 1209 parte.
3247 1138 3463 1209 Allegat,
3487 1138 3724 1212 Prophetas

2210 1232 2503 1290 deludceis
2542 1242 2597 1290 et
2643 1233 2904 1291 lsraelitis
2943 1233 3027 1289 sui
3062 1233 3246 1288 szeculi
3286 1234 3474 1307 paSSim
3498 1234 3723 1306 clamasse,

2213 1326 2435 1397 profana
2461 1343 2583 1384 esse
2605 1327 3003 1397 conventicula,
3028 1328 3229 1400 quibus
3255 1344 3354 1383 non
3375 1330 3526 1401 magis
3546 1344 3722 1388 consen-

2213 1420 2316 1474 tire
2347 1419 2527 1484 liceat,
2554 1435 2718 1491 quam
2749 1419 2919 1475 Deum
2950 1421 3223 1491 abnegare
3262 1442 3275 1483 ς
3306 1419 3388 1476 vel
3415 1422 3455 1477 si
3482 1421 3573 1476 illa:
3595 1420 3728 1479 Eccle-

2212 1513 2308 1568 siae
2353 1512 2615 1581 fuerunt,
2673 1513 2741 1569 ab
2789 1511 3038 1569 Ecclesia
3095 1513 3190 1570 Dei
3242 1514 3444 1571 alienos
3489 1515 3658 1584 fuisse,
3692 1518 3731 1577 in

2216 1606 2417 1664 lsraele
2444 1608 2684 1680 quidem,
2716 1606 2912 1674 Eliam,
2944 1607 3223 1665 Michmam
3241 1617 3298 1663 et
3317 1609 3541 1666 similes:
3568 1610 3611 1664 in
3628 1610 3731 1668 Juda

2215 1708 2393 1756 autem
2435 1697 2650 1767 Isaiam,
2683 1700 3000 1769 Jeremiam,
3030 1700 3247 1759 Oscam.
3293 1700 3556 1758 Concludit
3601 1714 3735 1761 autem

515 1818 599 1864 tos
627 1822 771 1873 esse,
813 1805 909 1869 sed
935 1804 1099 1860 etiam
1138 1799 1594 1866 communicasse,
1630 1794 1918 1853 dicendum
1948 1793 2113 1852 etiam
2143 1794 2192 1855 B
2220 1805 2443 1848 necesse
2470 1791 2662 1858 fuisse,
2718 1793 2786 1848 ab
2814 1808 3004 1849 eorum
3031 1802 3269 1849 coetuum
3299 1795 3616 1851 consensione
3647 1796 3736 1852 des-

514 1909 619 1966 est,
652 1908 707 1956 ut
729 1907 857 1965 ante
882 1896 1160 1955 admonui.

588 1993 686 2057 Hic
714 2007 818 2063 ego
860 1991 1071 2047 veniam
1107 1987 1349 2044 audaciae
1379 1994 1645 2061 peterem,
1696 1983 1739 2039 si
1783 1981 1945 2054 paulo
1975 1978 2115 2035 libe-

512 2085 629 2141 rius
657 2085 848 2140 videor
874 2092 1066 2138 notare
1098 2082 1149 2135 in
1175 2077 1477 2150 Augustino
1507 2085 1562 2131 et
1591 2073 1711 2149 ejus
1732 2073 1981 2143 collegis,
2005 2086 2117 2127 non

515 2179 649 2234 satis
670 2176 738 2232 ab
769 2176 835 2232 iis
850 2175 1198 2232 observatum
1221 2187 1344 2229 esse
1369 2169 1661 2226 discrimen
1688 2166 1838 2224 Judae
1865 2176 1921 2223 et
1948 2166 2119 2225 lsrae-

515 2272 603 2327 lis.
638 2269 745 2326 Sed
775 2269 995 2340 pudoris
1026 2268 1204 2340 potius
1230 2280 1391 2336 quam
1422 2262 1731 2333 petulantia:
1760 2260 1925 2316 ullius
1954 2258 2121 2315 vesti-

500 2366 662 2435 ,gium
688 2362 742 2417 in
777 2377 899 2417 meo
927 2359 1068 2415 facto
1096 2364 1353 2431 agnoscet
1377 2372 1566 2429 a‘quus
1591 2363 1646 2411 et
1668 2352 1916 2410 veritatis
1954 2352 2119 2427 362

517 2454 793 2512 studiosus
839 2452 1025 2531 judex.
1057 2451 1218 2507 Certe
1265 2459 1323 2507 ut
1360 2449 1493 2507 mihi
1547 2448 1817 2519 integrum
1868 2460 1973 2500 nou
2021 2445 2121 2500 fuit

519 2549 861 2605 dissimulare
882 2545 1027 2618 quod
1056 2543 1378 2611 sentiebam,
1406 2543 1485 2598 sic
1512 2555 1749 2612 agnosco
1774 2537 1972 2595 factum
1995 2552 2120 2596 esse

521 2640 753 2713 quodam
787 2640 991 2710 impetu
1032 2636 1434 2711 disputationis,
1466 2633 1536 2689 ad
1569 2634 1971 2689 Donatistarum
2002 2647 2120 2688 mo-

519 2734 857 2789 rosissimam
915 2730 1381 2803 importunitatem
1421 2728 1862 2798 reprimendam,
1912 2735 1970 2780 ut
2016 2723 2120 2781 Ca-

522 2825 708 2881 tholici
747 2827 800 2881 in
848 2821 1151 2880 Collatioue
1196 2821 1374 2877 minus
1419 2819 1764 2877 distinxerim
1801 2816 1997 2875 ludam
2051 2816 2121 2873 ab

521 2920 745 2984 lsraele.
797 2933 919 2973 cum
971 2914 1265 2989 prophetas
1308 2912 1652 2985 quantumvis
1692 2925 1913 2969 severos
1962 2910 2123 2966 vitio-

524 3031 643 3069 rum
674 3011 1099 3083 reprehensores
1129 3008 1350 3065 mlnime
1378 3007 1623 3061 omnium
1654 3006 1820 3061 fuisse
1850 3005 2116 3062 schisma-

524 3105 660 3160 ticos
705 3102 994 3157 ostendere
1026 3100 1251 3170 vellent,
1298 3109 1353 3156 et
1393 3098 1703 3154 Donatistas
1740 3097 1897 3153 valde
1936 3113 2123 3169 repre-

2217 1886 2447 1955 ciscere,
2493 1902 2613 1956 quze
2659 1886 2794 1941 nihil
2826 1886 2972 1943 aliud
3011 1896 3131 1944 erat
3152 1904 3314 1960 quam
3355 1890 3507 1960 impia
3540 1889 3739 1946 adversus

2222 1977 2390 2033 Deum
2418 1978 2776 2049 conspiratio.
2808 1978 2942 2048 Quis
2978 1995 3084 2036 non
3115 1979 3265 2037 videt
3288 1980 3401 2036 haec
3435 1980 3627 2038 confuse
3646 1981 3741 2047 dici,

2219 2072 2309 2128 ubi
2338 2071 2779 2145 distinguendum
2811 2081 2931 2130 erat
2950 2074 3092 2129 inter
3118 2073 3314 2131 Judam
3340 2084 3393 2131 et
3420 2074 3672 2133 lsraeletn?
3694 2073 3744 2131 Et

2219 2184 2355 2225 vero
2379 2166 2433 2225 in
2466 2169 2654 2224 eadem
2702 2166 2864 2240 paulo
2892 2177 3019 2229 ante
3050 2170 3243 2243 pagina
3274 2169 3377 2227 sibi
3407 2170 3555 2225 veluti
3582 2179 3745 2225 contra-

2219 2262 2429 2330 dicens,
2461 2261 2598 2319 dixit
2626 2262 2770 2334 quod
2801 2272 2856 2319 et
2886 2262 3161 2330 volumus,
3197 2272 3253 2320 et
3290 2261 3358 2318 ad
3392 2262 3745 2319 Donatistasre-

2221 2353 2485 2410 fellendos
2509 2354 2760 2411 dicimus.
2788 2374 2807 2408 ‹
2831 2355 3055 2421 Fateor,
3079 2356 3275 2429 inquit,
3302 2356 3572 2429 prophetas
3586 2370 3746 2424 omnes,

2220 2448 2310 2519 qui
2347 2445 2740 2519 Hierosolymis
2760 2447 2999 2515 fuerunt,
3027 2464 3150 2505 cum
3180 2466 3270 2505 res
3293 2450 3399 2506 illic
3428 2458 3591 2505 essent
3609 2449 3748 2504 admo-

2219 2539 2345 2595 dum
2376 2553 2670 2612 corruptae.
2702 2557 2803 2599 nec
2827 2557 3073 2599 seorsum
3121 2543 3477 2611 sacriﬁcasse,
3514 2559 3599 2601 nec
3622 2557 3742 2614 sepa~

2222 2641 2371 2687 ratos
2396 2634 2465 2686 ab
2494 2634 2613 2688 aliis
2639 2642 2812 2691 C(Blus
2843 2635 3097 2691 habuisse
3122 2635 3188 2695 ad
3224 2636 3508 2695 orandum.
3537 2635 3753 2692 llabebant

2222 2726 2368 2780 enim
2418 2725 2512 2780 Dei
2552 2725 2910 2795 mandatum,
2947 2743 3057 2799 quo
3102 2729 3153 2782 in
3205 2728 3462 2801 templum
3511 2727 3752 2785 Salomonis

2222 2821 2517 2877 convenire
2547 2820 2903 2892 jubebantur.
2957 2821 3283 2881 Sacerdotes
3328 2822 3598 2890 Leviticos,
3634 2834 3751 2892 quos,

2222 2914 2349 2982 quia
2391 2928 2671 2969 sacrorum
2717 2913 2992 2969 antistites
3033 2913 3272 2969 ordinati
3314 2922 3469 2971 erant
3510 2929 3537 2971 a
3563 2914 3752 2979 Domino,

2225 3006 2456 3065 necdum
2489 3004 2745 3073 abdicati,
2785 3015 3081 3077 utcumque
3122 3007 3332 3078 indigni
3380 3022 3445 3063 eo
3478 3004 3656 3063 honore
3690 3020 3756 3060 es-

2226 3108 2370 3164 sent,
2394 3099 2573 3154 locum
2598 3100 2747 3154 illum
2779 3097 2957 3154 adhuc
2987 3109 3176 3155 tenere
3204 3110 3488 3163 noverant.
3514 3099 3606 3157 Sed
3630 3111 3757 3167 neque

523 3195 850 3263 henderent,
883 3194 978 3267 qui
1007 3194 1090 3252 sui
1130 3193 1439 3249 schismatis
1473 3191 1780 3264 exemplum
1803 3192 2122 3264 repetebant
2148 3184 2194 3257 C
2227 3190 2295 3247 ad
2319 3190 2484 3247 ullum
2509 3191 2943 3261 superstitiosum
2971 3192 3172 3246 cultum
3212 3193 3577 3263 adigebantur.
3608 3209 3626 3245 ι
3650 3190 3756 3246 Idem

521 3307 549 3345 a
591 3278 891 3363 prophetis,
929 3305 1064 3360 quos
1088 3286 1286 3360 fugisse
1326 3302 1440 3342 sua:
1479 3287 1654 3357 gentis
1690 3286 1953 3342 sacriﬁcia
1984 3301 2120 3342 con-

520 3385 636 3439 fuse
677 3383 1048 3451 clamitabant,
1096 3380 1372 3436 contrario
1402 3380 1633 3455 quodam
1678 3382 1838 3436 modo
1865 3379 2019 3436 Judae
2067 3390 2124 3437 et

523 3476 739 3532 lsraelis
774 3475 1065 3530 discrimen
1110 3471 1529 3543 confundentes.
1581 3471 1851 3529 Cmterum
1899 3475 2121 3533 minime

522 3568 723 3638 alioqui
769 3566 1123 3638 Augustinum
1174 3567 1451 3636 ignorasse
1491 3565 1635 3635 quod
1674 3564 1804 3635 dixi,
1848 3565 1957 3620 imo
1988 3580 2122 3622 vero

523 3660 630 3716 tale
673 3658 963 3714 discrimen
1007 3658 1293 3731 diligenter
1335 3658 1466 3713 alias
1506 3657 1796 3727 indicasse,
1843 3659 1999 3715 testis
2036 3665 2124 3714 est

523 3754 643 3823 ejus
666 3752 804 3815 liber
829 3768 938 3808 xvu
954 3754 1020 3807 de
1048 3752 1206 3807 Civit.
1234 3751 1347 3807 Dei.

597 3846 665 3902 Ut
691 3856 870 3907 autem
904 3844 1057 3913 novis
1089 3844 1248 3900 hodie
1275 3844 1487 3912 Momis,
1526 3845 1617 3920 qui
1647 3854 1811 3902 totam
1857 3845 2125 3902 Collatio—

525 3954 648 3993 nem
678 3936 1163 4013 Carthaginiensem
1216 3948 1436 4009 propter
1478 3942 1782 4013 μνημονικὸν
1835 3939 2123 4017 ἁμαρτημα

524 4029 774 4096 irridere,
808 4040 863 4088 et
884 4030 1041 4089 bonis
1068 4029 1319 4086 Patribus
1346 4030 1609 4087 insultare
1636 4030 1859 4097 vellent,
1889 4031 2121 4086 fraenum

522 4122 739 4193 aliquod
768 4122 1030 4193 injiciam,
1060 4122 1206 4177 venit
1251 4122 1304 4176 in
1345 4131 1582 4176 mentem
1609 4120 1753 4192 quod
1778 4122 1892 4191 ipse
1931 4120 2120 4185 Calvi-

525 4231 625 4268 nus
675 4230 938 4270 novorum
991 4228 1281 4268 censorum
1331 4214 1627 4287 princeps,
1682 4228 1803 4269 cum
1850 4214 2123 4273 sexcentis

524 4306 723 4376 alioqui
766 4306 819 4361 in
848 4306 980 4360 locis
1021 4312 1359 4371 annotasset,
1391 4304 1523 4359 illud
1570 4321 1601 4361 a
1655 4306 1934 4378 pr0phetis
1960 4308 2123 4364 toties

522 4396 813 4453 indicatum
861 4395 1178 4462 discrimen,
1222 4404 1403 4452 tamen
1454 4396 1644 4453 nescio
1687 4397 1960 4470 quomodo
2006 4400 2124 4470 ejus

522 4490 770 4547 oblivisci
811 4489 1050 4557 videtur,
1078 4491 1169 4546 ubi
1194 4491 1246 4545 in
1277 4489 1639 4562 disputatione
1673 4490 1915 4549 incaluit.
1959 4492 2122 4550 Certe

2225 3299 2413 3340 rursus
2441 3285 2491 3338 in
2523 3283 2709 3339 eadem
2734 3286 2890 3356 paulo
2912 3293 3038 3340 aute
3063 3301 3159 3340 sua
3194 3285 3407 3351 lnstit.:
3445 3304 3464 3339 ι
3495 3283 3746 3361 Horrenda,

2226 3377 2418 3447 inquit,
2446 3388 2572 3433 sunt
2606 3375 2710 3431 illae
2745 3376 3163 3449 descriptiones,
3203 3379 3423 3449 quibus.
3456 3377 3620 3445 Isaias,
3643 3376 3756 3433 Jere-

2226 3470 2382 3535 tnias,
2406 3468 2546 3535 Joel,
2582 3469 2831 3524 Habacuc
2859 3478 2911 3524 et
2969 3469 3056 3524 alii
3087 3470 3353 3527 Ecclesiae
3381 3470 3758 3541 HierosUlytuita-

2226 3577 2307 3617 nte
2337 3560 2557 3617 morbos
2578 3560 2888 3632 deplorant.
2913 3559 2969 3617 In
3001 3563 3182 3633 plebe,
3210 3564 3263 3617 in
3295 3564 3613 3636 magistratu,
3640 3564 3680 3615 in
3698 3575 3760 3616 sa-

2222 3653 2554 3718 cerdotibus,
2601 3654 2781 3708 omnia
2835 3670 3004 3725 usque
3054 3655 3193 3710 adeo
3230 3667 3490 3731 corrupta
3530 3664 3679 3719 erant,
3716 3660 3756 3707 ut

2224 3747 2421 3803 clamet
2449 3746 2637 3815 Isaias,
2677 3762 2706 3800 a
2734 3749 2935 3804 vertice
2965 3750 3159 3819 capitis
3186 3763 3363 3821 usque
3392 3750 3457 3805 ad
3498 3748 3671 3807 calcem
3697 3761 3760 3819 pe-

2227 3840 2335 3910 dis,
2362 3839 2497 3895 nihil
2521 3854 2641 3895 esse
2666 3838 2775 3894 illic
2802 3856 3021 3898 sanum.
3047 3841 3257 3913 Religio
3285 3845 3476 3914 partim
3497 3851 3760 3909 contempla.

2225 3933 2421 4002 partim
2462 3930 2852 3988 contaminata.
2892 3931 2950 3988 lu
3000 3934 3243 3990 moribus
3277 3937 3479 4006 passim
3518 3935 3763 3993 referuntur

2225 4023 2383 4091 furta,
2430 4026 2655 4096 rapinae,
2686 4025 2952 4095 perfidiae,
2994 4026 3194 4095 caedes,
3245 4037 3307 4084 et
3357 4029 3548 4084 similia
3587 4026 3760 4083 scelera.

2223 4116 2406 4188 Neque
2429 4127 2609 4174 tamen
2643 4126 2931 4191 prOpterea
2967 4129 3062 4175 aut
3091 4135 3260 4177 novas
3305 4121 3411 4177 sibi
3440 4120 3679 4177 Ecclesias
3695 4115 3765 4173 eri-

2223 4209 2444 4280 gebant,
2483 4217 2577 4265 aut
2622 4226 2761 4266 nova
2808 4211 3000 4266 altaria
3040 4214 3405 4269 exstruebant
3436 4213 3694 4284 prophetae,
3726 4208 3762 4262 in

2223 4303 2418 4376 quibus
2442 4313 2689 4379 separata
2719 4305 2986 4361 sacriﬁcia
3021 4303 3289 4361 baberent
3317 4325 3330 4361 :
3364 4306 3460 4362 sed
3482 4305 3764 4378 qualescum-

2224 4412 2331 4471 que
2368 4405 2553 4453 e'ssent
2587 4397 2856 4464 homines,
2912 4397 3033 4467 quia
3078 4406 3257 4453 tamen
3293 4399 3602 4471 reputabant
3628 4391 3763 4450 Domi-

2225 4506 2355 4547 num
2384 4490 2524 4563 apud
2551 4505 2646 4546 eos
2678 4491 2901 4547 verbum
2932 4507 3088 4549 suum
3116 4492 3437 4564 deposuisse
3479 4502 3531 4548 et
3560 4501 3766 4547 czcremO‘

520 4599 644 4641 cum
668 4582 899 4655 primum
940 4583 1106 4639 iratus
1130 4582 1183 4638 in
1232 4599 1317 4639 me
1345 4583 1629 4651 scriberet,
1675 4584 1835 4640 etiam
1874 4584 2003 4642 illud
2034 4570 2194 4641 in-D
2220 4586 2337 4640 nias
2377 4583 2702 4651 instituisse,
2754 4585 2948 4656 quibus
3004 4586 3113 4643 illic
3155 4587 3474 4656 colebatur,
3539 4588 3585 4640 in
3632 4578 3764 4637 medio

523 4677 752 4734 vertisse
796 4677 1029 4732 videtur.
1075 4675 1366 4743 Aitzauin
1399 4675 1772 4749 Hierosolymis
1811 4694 1933 4735 vera
1964 4681 2121 4752 fuerit

525 4770 783 4839 Ecclesia,
816 4787 918 4841 quo
949 4779 1175 4841 tempore
1210 4771 1500 4826 sacerdotes
1529 4787 1560 4824 a
1586 4772 1812 4845 legitimo
1845 4771 1941 4827 Dei
1971 4775 2113 4828 cultu

530 4850 865 4930 deﬂexerunt,
897 4862 1105 4927 minime
1132 4861 1425 4934 ambigitur.
1463 4863 1543 4916 An
1581 4878 1701 4917 vero
1740 4867 1850 4937 ejus
1876 4864 2121 4921 Ecclesia:

528 4954 805 5006 auctoritas
831 4954 999 5024 vigere
1041 4964 1086 5008 et
1114 4953 1280 5008 valere
1310 4952 1539 5008 debuerit
1564 4954 1705 5025 apud
1736 4958 1868 5029 pios,
1900 4974 1964 5012 ea:
1991 4975 2118 5029 pro-

490 5040 498 5053 '
524 5043 689 5113 plactis
732 5049 890 5113 patet,
921 5045 1009 5113 qui
1038 5043 1219 5110 ubique
1266 5045 1491 5099 clamant
1521 5044 1813 5118 longissime
1842 5047 1905 5102 ab
1948 5049 2108 5122 impia

520 5134 698 5189 eorum
726 5133 951 5203 factione
982 5133 1343 5189 recedendum.
1377 5136 1523 5190 Idem
1557 5139 1715 5206 paulo
1750 5149 1869 5209 post
1898 5140 1992 5210 ait,
2024 5157 2114 5199 ne-

519 5226 633 5298 gari
659 5243 765 5282 non
800 5241 980 5297 posse,
1005 5224 1145 5300 apud
1170 5226 1463 5296 lsraelitas,
1496 5229 1589 5300 qui
1618 5229 1999 5291 Jeroboamum
2028 5253 2114 5293 se-

521 5316 630 5371 cuti
682 5320 828 5380 suut,
870 5314 1038 5371 fuisse
1081 5316 1317 5387 aliquam
1353 5316 1675 5375 Ecclesiam.
1730 5322 1884 5377 Addo
1932 5324 2113 5386 locum

521 5396 772 5462 alterum,
804 5395 894 5464 qui
936 5408 1079 5450 nunc
1105 5395 1236 5450 mihi
1278 5397 1331 5452 in
1370 5408 1605 5453 mentem
1644 5400 1811 5456 venit.
1851 5403 1984 5461 Nota
2032 5396 2117 5466 est

522 5473 859 5545 querimonia
881 5473 1012 5532 Elite
1029 5474 1309 5545 prophetae
1326 5480 1712 5549 conquerentis
1732 5494 1853 5537 sese
1867 5485 2114 5544 relictum

522 5569 646 5612 esse
667 5554 864 5611 solum.
892 5552 1027 5613 Eam
1042 5556 1259 5626 proprie
1278 5560 1605 5628 pertinuisse
1625 5560 1692 5619 ad
1718 5569 1916 5620 statum
1944 5567 2119 5626 lsrae-

523 5631 593 5691 lis
626 5634 804 5703 potius
840 5648 1004 5707 quam
1039 5634 1191 5701 Judae
1229 5637 1560 5712 Augustinus
1609 5652 1758 5699 recte
1804 5644 2120 5709 observavit

521 5724 579 5767 et
602 5712 878 5768 admonuit
908 5713 1003 5768 lib.
1035 5729 1145 5770 xvn
1182 5713 1253 5771 de
1279 5718 1510 5776 Civitate
1536 5719 1630 5777 Dei
1662 5737 1784 5793 cap.
1812 5722 1905 5779 22.
1936 5716 2117 5785 Calvi-

521 5806 625 5852 nus
660 5800 840 5848 tamen
870 5793 922 5847 in
965 5794 1280 5867 praefatione
1329 5814 1441 5853 sua:
1492 5799 1869 5881 lnstitutionis,
1909 5819 1976 5873 ex
2023 5808 2113 5865 illa

2227 4678 2516 4747 impiorum
2556 4687 2699 4734 coetu
2730 4694 2891 4748 puras
2922 4694 3114 4733 manus
3142 4680 3207 4734 ad
3251 4680 3408 4735 illum
3439 4674 3765 4735 extendebant.

2226 4772 2385 4829 Certe
2413 4773 2458 4827 si
2484 4783 2763 4847 putassent
2788 4771 2990 4845 aliquid
3013 4772 3141 4829 inde
3162 4773 3505 4846 contagionis
3530 4787 3585 4827 se
3603 4776 3768 4824 contra-

2227 4870 2381 4937 here,
2428 4869 2639 4925 centies
2698 4867 2877 4939 p0tius
2929 4869 3127 4924 mortui
3171 4866 3427 4935 fuissent,
3479 4879 3625 4939 quam
3658 4854 3770 4934 pasSi

2229 4961 2457 5017 fuissent
2492 4962 2621 5016 illuc
2656 4975 2714 5015 se
2755 4960 3017 5033 pertrahi.
3062 4959 3207 5015 Nihil
3243 4976 3376 5034 ergo
3407 4975 3501 5015 eos
3530 4953 3765 5014 retinebat,

2226 5053 2517 5129 quominus
2564 5051 2952 5111 discessionem
2999 5052 3273 5123 facerent,
3327 5067 3491 5125 quam
3538 5041 3771 5106 servanda

2224 5149 2448 5205 unitatis
2492 5146 2750 5203 studium.
2783 5146 2937 5221 Quod
2975 5148 3019 5203 si
3063 5147 3254 5220 religio
3300 5145 3505 5203 sanctis
3540 5136 3769 5215 prophetis

2224 5242 2346 5307 fuit,
2390 5240 2461 5295 ob
2502 5239 2733 5311 plurima
2781 5247 2836 5295 et
2880 5239 3111 5294 maxima
3147 5240 3351 5296 scelera
3397 5252 3504 5293 non
3542 5232 3680 5291 unius
3702 5231 3769 5283 alti

2223 5329 2448 5386 alterius
2488 5328 2747 5393 hominis,
2773 5326 2865 5383 sed
2894 5328 3291 5401 propemodum
3324 5326 3490 5383 totius
3528 5320 3701 5398 populi,
3725 5328 3770 5401 se

2226 5416 2294 5471 ab
2326 5413 2574 5469 Ecclesia
2606 5412 2850 5468 alienare
2883 5428 2897 5466 :
2930 5398 3156 5468 nimium
3198 5412 3352 5469 nobis
3392 5421 3702 5483 τιτι-οᾳεῃῃιιε.
3735 5398 3769 5454 si

2224 5496 2471 5568 protinus
2499 5491 2760 5547 audemus
2778 5492 2851 5547 ab
2875 5493 3129 5548 Ecclesiae
3154 5490 3539 5551 communione
3560 5501 3766 5568 deucere,

2220 5567 2314 5633 ubi
2344 5589 2453 5629 non
2482 5574 2724 5631 omnium
2755 5587 2938 5628 mores
2977 5573 3062 5629 vel
3091 5583 3278 5629 nostro
3297 5575 3506 5646 judicio
3531 5572 3609 5629 vel
3626 5567 3770 5626 Chriso

2221 5657 2382 5713 tianre
2412 5654 2573 5709 etiam
2610 5652 2935 5722 professioni
2961 5652 3316 5711 satisfaciunt.

2252 5728 2263 5732 ⁴
2299 5754 2319 5788 ι
2355 5733 2476 5791 Jam
2507 5732 2709 5793 Christi
2740 5741 2797 5787 et
2817 5732 3189 5804 apostolorum
3217 5736 3477 5795 saeculum
3502 5732 3650 5804 quale
3666 5724 3769 5789 fuit!

2218 5814 2402 5900 Neque
2444 5822 2624 5886 tamen
2670 5811 2937 5889 impedire
2976 5815 3160 5909 potuit
3183 5816 3469 5899 desperata
3500 5814 3588 5887 illa
3614 5806 3762 5883 Phll'i'
