3996 6332
204 285 344 346 H93

1087 269 1408 334 HISTORIA
1446 260 2049 325 CARTHAGINENSIS
2087 259 2552 321 COLLATIONIS.

3361 267 3503 326 1494

202 419 434 462 smorum
466 400 740 475 impietas,
767 406 825 455 et
841 411 964 470 quae
991 403 1117 452 tunc
1149 392 1348 464 passim
1374 387 1660 461 regnabat,
1688 384 1798 440 dis-
1822 382 1882 446 Δ
1904 384 2110 455 puritas
2133 395 2189 442 et
2217 385 2523 456 integritas,
2551 382 2818 440 scelerum
2843 380 2970 438 odio
2991 397 3021 437 a
3051 380 3290 454 legitima
3319 383 3506 442 Eccle-

203 499 384 556 soluta
425 493 640 550 vivendi
681 489 920 556 licentia,
953 486 1081 559 quin
1113 483 1306 540 iisdem
1351 479 1522 536 sacris
1546 494 1668 534 cum
1699 491 1800 548 po-

206 591 333 664 pulo
363 596 673 650 uterentur,
721 591 775 638 et
817 581 872 636 iu
894 594 1059 635 unum
1109 591 1232 632 cum
1282 573 1509 643 reliquis
1538 569 1802 640 templum

204 659 269 737 ad
303 681 516 753 publica
543 674 818 746 religionis
845 671 1105 730 exercitia
1137 666 1505 723 convenirent.
1536 661 1692 719 Unde
1714 659 1804 715 id?

204 752 312 834 nisi
335 774 461 846 quia
499 771 746 827 sciebant
775 767 1038 823 malorum
1082 761 1345 818 societate
1385 757 1608 812 minime
1636 752 1804 826 pollui

205 869 316 940 qui,
345 880 478 938 pura
499 861 858 925 conscientia,
890 857 1081 913 iisdem
1109 853 1279 908 sacris
1303 844 1804 906 communicarent?

205 937 260 1019 Si
293 976 451 1033 quem
488 972 676 1029 parum
724 961 952 1009 movent
996 949 1268 1021 prophetae
1299 954 1355 1000 et
1391 940 1662 1014 apostoli;
1711 937 1806 994 ille

205 1032 398 1112 saltem
431 1050 630 1108 Christi
660 1043 972 1104 auctoritati
999 1042 1325 1112 acquiescat.
1365 1039 1512 1092 Bene
1540 1049 1668 1105 ergo
1700 1032 1807 1102 Cy-

207 1151 432 1223 prianus
467 1163 478 1199 :
511 1143 627 1200 Etsi
658 1142 928 1206 videntur,
962 1136 1158 1206 inquit,
1196 1133 1248 1188 in
1298 1130 1534 1187 Ecclesia
1572 1127 1798 1193 zizania,

207 1219 300 1298 aut
321 1256 446 1296 vasa
482 1239 712 1310 impura,
743 1251 849 1290 non
877 1240 961 1288 est
997 1240 1174 1286 tamen
1199 1226 1424 1296 cur-ipsi
1457 1223 1524 1278 de
1556 1219 1804 1276 Ecclesia

209 1334 580 1390 recedamus:
615 1327 771 1383 nobis
821 1324 996 1381 danda
1038 1336 1224 1392 opera,
1267 1329 1320 1374 et
1372 1326 1633 1388 quantum
1679 1313 1808 1367 licet

210 1425 591 1492 innitendum,
625 1431 683 1478 ut
718 1435 814 1476 vas
858 1433 1081 1474 aureum
1134 1424 1188 1470 et
1240 1422 1557 1484 argentemn
1611 1407 1801 1462 simus.

211 1521 482 1578 Cmterum
521 1519 704 1574 fictilia
731 1529 860 1571 vasa
887 1510 1233 1580 confringere
1261 1507 1426 1562 solius
1457 1501 1671 1559 Domini
1698 1508 1803 1567 est,

199 1599 298 1670 cui
322 1624 378 1670 et
402 1613 551 1683 virga
576 1609 749 1666 ferrea
778 1607 902 1662 data
931 1614 1012 1660 est
1045 1620 1058 1656 :
1085 1616 1181 1656 nec
1217 1599 1496 1670 quisquam
1524 1593 1627 1649 sibi
1657 1590 1803 1664 quod

210 1707 488 1780 proprium
519 1711 605 1759 est
633 1701 734 1758 soli
768 1697 926 1764 Filio,
951 1695 1215 1757 vendicet,
1250 1699 1303 1746 ut
1334 1689 1402 1744 ad
1426 1702 1610 1744 aream
1637 1683 1804 1742 venti-

1903 482 1983 536 sia
2006 481 2312 543 discedunt,
2336 481 2463 536 dum
2493 496 2520 535 a
2556 481 2791 536 factione
2819 481 3192 550 improborum
3225 479 3502 538 declinare

1903 589 1963 628 se
1991 584 2199 643 putant.
2230 573 2481 645 Allegant
2512 573 2815 628 Ecclesiam
2856 571 3057 626 Christi
3091 580 3332 626 sanctam
3355 585 3499 628 esse.

1907 667 2106 723 Verum
2138 678 2195 722 ut
2236 669 2397 724 simul
2432 669 2734 738 intelligant
2779 681 2899 724 esse
2941 683 3006 721 ex
3047 665 3205 721 bonis
3249 675 3304 722 et
3341 667 3503 722 malis

1905 763 2252 833 permixtam,
2287 763 2430 817 illam
2457 779 2524 817 ex
2553 777 2649 817 ore
2673 759 2873 816 Christi
2902 760 3214 832 parabolam
3257 760 3500 826 audiant,

1905 856 1960 909 in
1982 871 2086 924 qua
2116 855 2216 910 reti
2243 862 2606 925 comparatur,
2636 870 2744 924 quo
2771 854 2947 922 pisces
2967 867 3127 908 omne
3151 867 3322 922 genus
3351 852 3504 907 colli-

1904 955 2126 1018 guntur,
2156 963 2332 1018 neque
2371 939 2690 1016 seliguntur,
2719 945 2892 1001 donec
2920 945 2973 999 in
3007 944 3185 1000 littore
3207 944 3315 999 sint
3335 958 3505 1014 expo-

1907 1040 2018 1095 siti.
2043 1041 2279 1094 Audiant
2306 1040 2419 1110 agri
2443 1053 2566 1094 esse
2590 1038 2844 1104 similem,
2875 1037 2966 1108 qui
3008 1038 3148 1092 bona
3183 1035 3337 1108 fruge
3367 1052 3502 1092 con-

1908 1132 2065 1197 situs,
2096 1131 2319 1186 zizaniis
2345 1131 2545 1186 inimici
2580 1130 2767 1185 fraude
2791 1130 3028 1184 inﬁcitur
3049 1129 3245 1200 quibus
3275 1145 3381 1184 non
3404 1145 3504 1184 ex-

1907 1231 2171 1295 purgatur
2197 1224 2374 1278 donec
2405 1226 2457 1279 in
2484 1239 2666 1278 aream
2713 1222 2939 1278 advecta
2968 1223 3128 1277 fuerit
3153 1224 3369 1279 messis.
3393 1222 3508 1277 Au-

1908 1317 2056 1370 diant
2079 1316 2314 1387 denique
2343 1331 2526 1370 aream
2571 1329 2716 1382 esse,
2764 1317 2815 1370 in
2847 1330 2951 1385 qua
2996 1316 3073 1370 sic
3105 1315 3391 1372 collectum
3421 1322 3506 1370 est

1907 1410 2166 1475 triticum,
2199 1417 2256 1461 ut
2284 1408 2384 1462 sub
2409 1407 2561 1478 palea
2584 1408 2886 1471 delitescat,
2916 1407 3092 1463 donec
3113 1422 3287 1462 vanno
3313 1418 3363 1463 et
3394 1410 3505 1463 cri-

1910 1505 2008 1558 bro
2057 1509 2404 1574 repurgatum
2459 1502 2512 1555 in
2572 1500 2829 1556 horreum
2888 1503 3108 1556 tandem
3170 1501 3502 1557 reconditur.

1907 1596 2060 1664 Quod
2091 1596 2135 1650 si
2162 1594 2262 1649 hoc
2285 1595 2428 1648 malo
2473 1593 2540 1648 ad
2566 1592 2710 1648 diem
2736 1608 2909 1663 usque
2927 1593 3117 1662 judicii
3141 1592 3506 1648 laboraturam

1909 1690 2206 1746 Ecclesiam
2257 1685 2624 1758 pronuntiavit
2673 1686 2966 1752 Dominus,
3025 1695 3086 1740 ut
3132 1685 3506 1756 improborum

210 1797 430 1856 landam
471 1803 526 1850 et
565 1791 892 1866 purgandam
933 1787 1143 1856 paleam
1191 1783 1443 1847 sufﬁciat,
1495 1778 1805 1849 zizaniaque
1834 1771 1886 1836 Β
1916 1782 2272 1850 permixtione
2294 1790 2571 1846 oneretur,
2605 1779 2802 1834 frustra
2831 1779 2982 1833 nullo
3011 1793 3166 1833 nzevo
3200 1779 3506 1848 inspersam

211 1895 397 1950 omnia
423 1891 662 1946 humano
687 1884 893 1958 judicio
919 1881 1273 1953 segreganda.
1304 1875 1547 1946 Superba
1587 1884 1670 1928 est
1701 1873 1803 1926 ista

206 1988 524 2051 obstinatio,
551 1994 604 2040 et
629 1980 890 2051 sacrilega
935 1974 1304 2049 praesumptio,
1335 1984 1495 2041 quam
1523 1966 1625 2022 sibi
1654 1963 1805 2020 furor

209 2095 407 2153 pravus
432 2075 680 2142 assumit,
719 2082 825 2129 etc.
852 2070 1040 2126 Fixum
1073 2068 1233 2138 igitur
1259 2075 1548 2133 utrumque
1579 2061 1804 2114 istorum

207 2184 447 2242 maneat,
491 2172 626 2228 nihil
653 2167 1019 2227 excusationis
1063 2180 1188 2221 eum
1231 2161 1453 2228 habere,
1495 2157 1589 2230 qui
1635 2165 1806 2212 exter-

208 2286 334 2327 nam
366 2268 628 2324 Ecclesia:
656 2263 1094 2321 communionem
1117 2264 1312 2328 sponte
1335 2253 1562 2319 deserit,
1596 2251 1685 2306 ubi
1709 2249 1808 2306 Dei

206 2365 430 2420 verbum
463 2360 807 2432 prmdicatur,
837 2366 894 2411 et
928 2359 1264 2410 sacramenta
1314 2345 1801 2402 administrantur:

209 2454 408 2510 deinde
433 2451 565 2507 nihil
594 2451 814 2505 obstare
844 2446 932 2500 vel
962 2457 1254 2515 paucorum
1282 2437 1366 2492 vel
1407 2436 1700 2491 multorum
1730 2432 1807 2486 vi-

211 2551 282 2603 tia
314 2547 602 2620 quominus
651 2542 764 2598 illic
794 2541 899 2594 rite
923 2534 1267 2594 caeremoniis
1293 2547 1326 2586 a
1368 2532 1478 2584 Deo
1522 2526 1803 2588 institutis,

213 2618 372 2698 fidem
404 2650 644 2694 noStram
687 2632 1040 2705 profiteamur
1074 2646 1088 2683 :
1123 2626 1250 2698 quia
1291 2638 1390 2680 nec
1429 2621 1652 2675 alterius
1693 2618 1810 2674 sive

210 2736 470 2808 pastoris,
501 2733 616 2787 sive
656 2727 872 2802 privati,
916 2723 1234 2793 indignitate
1267 2719 1483 2774 laeditur
1543 2713 1628 2783 pia
1672 2727 1806 2769 con-

207 2805 461 2895 scientia,
498 2839 600 2881 nec
647 2823 826 2878 minus
872 2834 1003 2890 pura
1037 2827 1160 2872 sunt
1206 2824 1262 2870 et
1304 2810 1563 2869 salutaria
1596 2805 1810 2863 Domini

210 2921 469 2994 mysteria
505 2918 712 2974 homini
749 2922 938 2970 sancto
963 2920 1019 2966 et
1044 2919 1218 2975 recto,
1248 2906 1375 2978 quia
1407 2902 1567 2960 simul
1599 2902 1666 2957 ab
1705 2901 1810 2954 im-

155 3045 158 3047 λ
211 3017 361 3086 puris
391 3018 767 3070 attrectentur.
803 3026 823 3060 ι
858 3007 985 3062 Haec
1015 3004 1130 3069 ille,
1153 3017 1275 3073 quae
1307 3016 1447 3075 nunc
1475 3013 1580 3053 non
1611 2998 1810 3052 invitus

209 3108 484 3174 describo,
517 3113 577 3162 ut
611 3101 902 3159 adversarii
925 3112 1142 3170 quoque
1165 3095 1529 3158 confessione,
1564 3105 1808 3158 causam,

1908 1883 2177 1946 quaerunt.
2206 1893 2225 1927 ι
2261 1873 2387 1929 Haec
2425 1872 2536 1928 ille.
2570 1872 2702 1941 Quae
2741 1873 2786 1928 si
2835 1872 3073 1926 nondum
3118 1870 3399 1927 sufficiunt
3437 1872 3507 1927 ad

1909 1967 2346 2023 contundendam
2396 1975 2702 2022 DOSU‘OI‘UID
2746 1980 3036 2021 censorum
3067 1963 3183 2020 εἰνο
3221 1975 3506 2020 contuma-

1909 2063 2049 2116 ciam
2096 2061 2213 2116 sive
2253 2061 2652 2126 morositatem,
2684 2059 2932 2128 adjiciam
2964 2059 3107 2129 quod
3147 2058 3289 2114 idem
3319 2073 3508 2114 eorum

1909 2154 2168 2223 magister
2194 2153 2416 2223 scripsit
2439 2152 2700 2208 adversus
2724 2152 3121 2223 Anabaptistas.

1987 2264 2007 2298 ι
2043 2245 2308 2310 Vidimus,
2355 2246 2548 2316 inquit,
2592 2260 2715 2315 qure
2744 2244 2870 2300 vitia
2896 2244 2950 2299 in
2995 2244 3236 2300 Ecclesia
3284 2243 3509 2300 Judaica

1907 2338 2193 2408 Propheta:
2225 2337 2652 2406 reprehendunt,
2676 2348 2768 2392 aut
2800 2339 2977 2407 potius
3007 2347 3193 2393 contra
3223 2352 3360 2408 quas
3379 2338 3510 2393 abo-

1909 2429 2229 2484 minationes
2259 2427 2662 2493 vociferentur;
2693 2442 2866 2496 neque
2899 2442 3028 2482 vero
3052 2427 3512 2498 reprehensiones

1909 2521 2017 2575 illa:
2043 2528 2360 2591 competunt
2383 2520 2435 2574 in
2466 2535 2628 2578 unum
2649 2535 2821 2590 genus
2852 2519 3129 2575 hominum
3163 2539 3178 2575 :
3208 2521 3301 2576 sed
3333 2523 3510 2591 palam

1910 2613 2256 2677 denuntiant,
2300 2627 2329 2666 a
2370 2610 2703 2683 primoribus
2741 2611 2806 2666 ad
2837 2611 3048 2682 plebem
3077 2627 3272 2681 usque,
3303 2628 3333 2668 a
3359 2628 3512 2668 sum-

1913 2707 2015 2761 mis
2066 2705 2134 2760 ad
2183 2702 2399 2761 inﬁmOs
2449 2705 2630 2760 omnia
2678 2705 2758 2760 sic
2805 2713 3055 2774 corrupta
3113 2713 3169 2760 et
3211 2704 3510 2776 depravata

1911 2799 2101 2863 fuisse,
2133 2807 2192 2853 ut
2219 2798 2304 2852 vix
2332 2802 2546 2854 unicum
2576 2797 2880 2853 membrum
2908 2810 3098 2852 sanum
3128 2798 3355 2867 reperiri
3380 2813 3512 2868 pos-

1910 2895 2001 2948 sit.
2031 2893 2157 2949 Hzec
2183 2893 2326 2949 enim
2355 2902 2480 2948 sunt
2507 2893 2748 2963 ipsorum
2787 2892 2970 2947 verba.
3001 2892 3082 2946 An
3105 2906 3235 2946 vero
3261 2900 3514 2962 propter-

1911 3003 1972 3042 ea
2000 2987 2276 3042 desierunt
2306 3002 2428 3041 cum
2475 2985 2674 3056 populo
2712 2985 2895 3055 iniquo
2922 2992 2978 3039 et
3025 2998 3283 3054 perverso
3313 2998 3514 3040 conve—

1917 3079 2054 3144 nire,
2086 3088 2143 3131 ut
2188 3078 2479 3132 adorarent
2513 3079 2700 3143 Deum,
2735 3085 2794 3132 ut
2821 3077 3084 3132 offerrent
3132 3057 3420 3142 sacrificia,
3455 3086 3516 3131 ut

208 3217 373 3274 quam
404 3214 527 3270 ago,
570 3209 821 3268 peragam
857 3210 872 3248 ε
900 3201 955 3247 ει
1001 3189 1127 3245 [alia
1172 3186 1575 3256 subscriptione
1611 3183 1808 3238 conm-
1839 3154 1888 3221 C
1919 3171 2165 3226 audirent
2195 3169 2495 3225 doctrinam
2522 3169 2702 3240 legis?
2727 3169 2810 3223 Au
2836 3183 3108 3234 seorsum,
3138 3168 3394 3239 templum
3420 3177 3516 3223 aut

211 3309 356 3350 mem
383 3289 785 3347 conclusionem
807 3280 1251 3354 Carthaginensis
1277 3276 1594 3334 Collationis
1621 3283 1810 3331 contra

215 3385 548 3442 Donatistas.
599 3381 785 3450 itaque
814 3393 921 3434 non
956 3375 1223 3448 gravabor
1254 3387 1319 3427 ex
1368 3370 1557 3426 eadem
1591 3369 1810 3424 Institu-

213 3484 364 3537 tione
400 3484 650 3548 repetere
679 3489 742 3530 ea
785 3487 904 3544 qua:
935 3472 1094 3541 paulo
1138 3476 1264 3523 ante
1311 3474 1436 3521 sunt
1479 3463 1805 3532 subscripta.

212 3575 350 3631 Nam
395 3589 464 3629 ex
499 3567 800 3641 Augustino
835 3564 1065 3635 repetita
1095 3562 1369 3624 videnlur,
1402 3568 1458 3614 et
1501 3556 1811 3612 Donatistas

217 3668 384 3725 veluti
409 3665 678 3738 iugulant.
711 3660 872 3734 363
903 3657 1164 3720 Fuerunt,
1220 3654 1417 3723 inquit,
1455 3667 1692 3721 semper,
1720 3650 1812 3720 qui

217 3764 350 3819 falsa
373 3759 638 3816 absolutae
661 3753 1033 3810 sanctimonia:
1058 3749 1411 3820 persuasione
1439 3743 1651 3813 imbuti,
1687 3753 1812 3796 tam-

217 3871 378 3929 quam
418 3849 566 3908 aerei
605 3843 822 3922 quidam
853 3845 1132 3912 daemones
1153 3841 1264 3912 jam
1303 3839 1428 3895 facti
1457 3847 1660 3903 essent,
1696 3853 1814 3892 om-

219 3954 370 4010 nium
401 3944 678 4002 hominum
707 3939 1040 3997 consortium
1064 3941 1507 4008 aspernarentur,
1539 3931 1593 3986 in
1615 3931 1814 4002 quibus

220 4049 517 4103 humanum
560 4036 740 4094 adhuc
781 4032 983 4105 aliquid
1025 4030 1256 4087 subesse
1302 4036 1610 4086 cernerent.
1652 4025 1815 4084 Tales

219 4139 351 4195 olim
371 4147 528 4193 erant
554 4133 776 4191 Cathari
794 4143 842 4189 et
868 4130 960 4203 qui
989 4129 1054 4184 ad
1081 4143 1266 4185 eorum
1292 4125 1570 4182 vesaniam
1599 4123 1821 4179 accede-

219 4233 375 4299 bant,
423 4227 734 4286 Donatistat.
783 4225 944 4282 Tales
975 4221 1139 4278 hodie
1178 4229 1302 4275 sunt
1341 4234 1408 4274 ex
1449 4217 1821 4287 Anabaptistis

219 4324 462 4381 nonnulli
492 4322 583 4394 qui
612 4336 772 4392 supra
801 4319 937 4374 alios
966 4316 1158 4371 volunt
1179 4312 1347 4368 videri
1375 4308 1820 4382 profecisse.Alii

219 4431 350 4477 sunt
407 4421 496 4491 qui
548 4417 955 4475 inconsiderato
996 4411 1166 4481 magis
1197 4407 1423 4478 iustitia:
1458 4406 1607 4469 zelo,
1658 4418 1820 4474 quam

222 4521 414 4576 insana
446 4517 534 4574 illa
578 4513 829 4584 superbia
877 4515 1123 4580 peccant.
1158 4506 1295 4561 Dum
1331 4503 1477 4558 enim
1519 4500 1660 4571 apud
1699 4513 1816 4564 eos,

221 4613 419 4685 quibus
448 4609 797 4680 Evangelium
838 4601 1208 4665 annuntiatur,
1250 4596 1368 4667 ejus
1407 4593 1669 4650 doctrina:
1709 4597 1819 4644 n‘on

221 4683 557 4774 respondere
583 4701 813 4756 fructum
843 4696 1054 4759 vident,
1095 4692 1297 4748 nullam
1338 4688 1454 4743 illic
1478 4701 1601 4742 esse
1629 4683 1823 4740 Eccle-

220 4802 387 4866 siam,
425 4795 608 4854 statim
633 4793 896 4865 judicant.
926 4786 1229 4845 Justissima
1261 4782 1479 4854 quidem
1527 4789 1610 4835 est
1654 4776 1823 4832 offen-

221 4893 332 4958 sio,
359 4899 412 4949 et
432 4889 518 4946 cui
549 4887 668 4958 plus
685 4885 814 4942 satis
835 4879 1134 4937 occasionis
1161 4878 1262 4931 hoc
1290 4873 1596 4929 miserrimo
1623 4869 1827 4928 saeculo

226 4987 555 5060 praebemus.
590 4981 702 5038 Nec
736 4991 1000 5035 excusare
1031 4974 1156 5028 licet
1196 4969 1538 5026 maledicum
1587 4976 1826 5021 nostram

225 5059 522 5154 ignaviam,
545 5091 706 5148 quam
734 5072 993 5128 Dominus
1018 5066 1336 5137 impunitam
1363 5077 1487 5117 esse
1516 5075 1622 5116 non
1651 5059 1822 5116 sinet:

228 5151 290 5232 tit
316 5176 429 5246 jam
458 5171 715 5245 gravibus
742 5164 969 5238 ﬂagellis
1013 5162 1280 5228 castigare
1317 5155 1523 5225 incipit.
1559 5151 1651 5207 Va‘
1695 5166 1824 5221 ergo

231 5245 502 5338 nobisqui
535 5274 643 5326 tam
675 5258 939 5318 dissoluta
967 5254 1292 5325 flagitiorum
1330 5245 1547 5304 licentia
1577 5246 1828 5300 commit-

231 5337 437 5426 timus,
485 5370 541 5414 ut
584 5363 802 5426 pr0pter
845 5366 944 5406 nos
978 5348 1326 5402 vulnerentur
1357 5337 1654 5395 imbecilles
1700 5351 1832 5391 con-

231 5456 498 5512 scientim.
541 5449 646 5507 Sed
689 5449 741 5502 in
771 5449 872 5500 hoc
895 5442 1131 5496 vicissim
1167 5440 1390 5507 peccant
1424 5432 1500 5488 illi
1532 5445 1666 5501 quos
1691 5428 1831 5484 dixi-

235 5543 540 5618 mus,quod
572 5537 853 5596 offensioni
887 5549 996 5588 sua:
1026 5530 1244 5586 modum
1275 5533 1516 5582 statuere
1557 5523 1825 5576 nesciunt.

187 5700 200 5708 ,
233 5638 372 5698 Nam
412 5613 498 5694 ubi
535 5633 794 5690 Dominus
840 5625 1183 5682 clementiam
1225 5619 1412 5691 exigit.
1467 5616 1668 5672 omissa
1718 5613 1829 5678 illa,

241 5743 386 5790 totos
428 5746 486 5786 se
528 5725 894 5785 immoderata!
921 5717 1194 5774 severitati
1245 5713 1482 5768 tradunt.
1520 5708 1655 5778 Quia
1689 5705 1834 5762 enim

250 5840 362 5892 non
395 5830 582 5896 putant
610 5832 732 5882 esse
763 5813 1086 5881 Ecclesiam,
1125 5808 1212 5866 ubi
1256 5823 1361 5866 non
1396 5812 1482 5860 est
1520 5800 1689 5861 solida
1716 5799 1840 5860 vitae

1915 3268 2087 3322 altare
2113 3274 2518 3333 exstruxerunt,
2553 3272 2613 3318 ut
2642 3279 2776 3334 pura
2808 3262 3049 3319 Ecclesia
3081 3261 3424 3332 potirentur?
3453 3262 3513 3318 Si

1915 3361 2175 3433 polluitur
2214 3359 2410 3424 fidelis,
2443 3358 2586 3429 quod
2617 3358 2669 3412 in
2703 3357 2950 3426 precibus
2979 3371 3102 3412 cum
3131 3355 3330 3426 iniquis
3356 3371 3511 3410 com-

1915 3454 2178 3516 municet,
2205 3452 2259 3507 in
2286 3451 2554 3507 audienda
2580 3450 2848 3514 doctrina,
2875 3450 2927 3504 in
2979 3449 3337 3504 sacramentis
3366 3449 3515 3505 reci-

1915 3546 2127 3617 piendis
2160 3563 2176 3602 :
2206 3543 2491 3614 Prophette
2516 3557 2708 3597 omnes
2739 3541 2927 3611 polluti
2967 3539 3208 3607 fuerunt,
3255 3555 3318 3596 ac
3344 3540 3515 3596 veluti

1917 3643 2084 3699 duces
2109 3641 2199 3710 qui
2226 3649 2453 3694 caeteros
2492 3636 2742 3708 exemplo
2771 3652 2869 3690 suo
2897 3636 2950 3689 in
2973 3633 3196 3691 exitium
3227 3634 3513 3690 ducerent.

1918 3735 2070 3790 Nunc
2097 3733 2162 3788 ad
2183 3730 2454 3788 Christum
2490 3729 2773 3784 Dominum
2804 3736 3046 3784 nostrum
3069 3735 3125 3782 et
3152 3727 3319 3793 ipsius
3355 3741 3515 3796 apos-

1923 3829 2066 3884 tolos
2096 3826 2397 3882 veniamus.
2443 3824 2682 3878 Primum
2729 3821 2930 3877 scimus
2959 3819 3135 3890 qualis
3169 3833 3235 3874 eo
3271 3830 3515 3887 tempore

1922 3921 2084 3976 fuerit
2116 3917 2372 3974 Ecclesia:
2403 3913 2909 3986 llierosolymitanas
2936 3922 3125 3968 status.
3157 3911 3361 3967 Tamen
3389 3926 3513 3966 cum

1919 4011 2132 4069 caeteris
2184 4009 2447 4064 Dominus
2499 4007 2656 4062 Jcsus
2713 4003 3025 4060 circumcidi
3074 4002 3262 4058 voluit.
3313 4002 3519 4059 Deinde

1922 4105 2256 4179 purgationis
2277 4104 2366 4158 die
2390 4102 2456 4157 ad
2481 4101 2740 4172 templum
2769 4099 2976 4168 afferri,
3001 4107 3063 4154 ut
3083 4114 3148 4154 ex
3176 4099 3338 4154 solito
3365 4113 3520 4155 more

1928 4204 2038 4259 Deo
2069 4200 2376 4256 oﬁerretur.
2419 4198 2476 4253 Si
2509 4197 2765 4268 allegent,
2791 4194 2963 4250 sancti
2992 4193 3098 4249 viri
3129 4191 3375 4248 manibus
3397 4206 3522 4248 sus-

1924 4303 2141 4366 ceptum
2170 4293 2340 4349 fuisse
2364 4311 2376 4348 :
2405 4291 2735 4360 reapondeo,
2759 4288 2813 4345 id
2837 4287 3002 4344 totius
3023 4285 3284 4342 Ecclesiae
3303 4285 3525 4341 nomine

1925 4388 2126 4444 factum
2161 4405 2175 4442 :
2218 4401 2335 4457 quae
2368 4396 2548 4440 tamen
2594 4381 2854 4452 spurcitia
2881 4378 3047 4435 multa
3078 4375 3525 4435 etabominandis

1927 4480 2071 4535 vitiis
2099 4479 2362 4536 scatebat.
2407 4478 2466 4534 Si
2496 4491 2709 4532 rursum
2745 4475 3032 4543 objiciant,
3069 4470 3326 4528 infantem
3363 4470 3528 4526 fuisse

1927 4588 2024 4628 nec
2050 4575 2117 4642 ab
2143 4585 2210 4626 eo
2240 4569 2457 4640 proprie
2473 4565 3046 4634 factazreSpondeoita
3076 4563 3335 4620 infantem
3359 4562 3527 4618 fuisse

1927 4668 1977 4721 iu
2011 4665 2243 4721 humana
2281 4671 2495 4727 natura,
2523 4675 2684 4731 quam
2711 4675 2741 4713 a
2779 4657 2931 4712 nobis
2960 4666 3268 4726 acceperat,
3304 4665 3363 4712 ut
3388 4656 3526 4710 inte-

1926 4761 2028 4815 rim
2080 4756 2415 4829 providentia
2439 4769 2535 4809 sua
2559 4753 2737 4808 divina
2761 4761 3057 4822 regeretur,
3088 4767 3190 4822 qua
3228 4763 3524 4820 numquam

1928 4856 2178 4911 scivisset
2205 4869 2264 4908 se
2295 4851 2402 4906 ulla
2433 4848 2648 4904 actione
2693 4844 3081 4908 contaminari,
3134 4858 3254 4915 quae
3291 4841 3527 4900 filiorum

1929 4951 2026 5006 Dei
2071 4947 2291 5020 puritati
2339 4949 2686 5015 repugnaret.
2741 4939 3041 5008 Quinetiam
3081 4936 3164 4992 vir
3205 4935 3414 5003 factus,
3463 4949 3530 4991 ac

1932 5042 2073 5114 quod
2128 5039 2362 5110 amplius
2391 5044 2495 5100 est,
2536 5050 2659 5089 cum
2692 5032 3012 5102 praedicaret
3036 5029 3262 5086 verbum
3295 5029 3414 5097 Dei,
3464 5042 3530 5083 ac

1933 5137 2110 5190 otticio
2140 5150 2237 5190 suo
2271 5131 2609 5201 fungeretur,
2650 5142 2768 5183 eam
2798 5129 2942 5180 viam
2975 5133 3289 5195 persecutus
3319 5130 3402 5177 est
3437 5136 3530 5176 us-

1933 5245 2040 5302 que
2067 5228 2131 5284 ad
2164 5238 2468 5282 extremum
2506 5221 2649 5277 diem
2679 5221 2825 5278 vitae.
2866 5219 2925 5275 Si
2953 5218 3245 5278 oﬂenditur
3277 5215 3417 5269 Deus
3460 5212 3530 5269 ab

1934 5339 2036 5387 eo,
2080 5323 2168 5392 qui
2205 5316 2455 5389 precandi
2493 5323 2547 5370 et
2580 5312 2930 5369 testificandae
2971 5309 3097 5364 ﬁdei
3127 5323 3239 5362 suae
3275 5307 3447 5376 gratia
3476 5305 3531 5359 in

1936 5428 2134 5474 emtum
2165 5413 2400 5483 aliquem
2445 5405 2765 5478 ingreditur,
2817 5420 2844 5456 a
2878 5414 2984 5473 quo
3029 5399 3277 5456 scelerati
3311 5415 3418 5454 non
3444 5413 3563 5453 ar-~

1937 5519 2130 5566 centur
2176 5527 2188 5564 :
2232 5507 2360 5579 quid
2417 5506 2515 5560 sibi
2568 5505 2740 5559 voluit
2791 5498 3048 5553 Dominus
3104 5500 3324 5558 noster,
3373 5491 3536 5563 quale

1939 5603 2242 5673 exemplum
2270 5601 2515 5672 pra:buit,
2547 5613 2668 5652 cum
2694 5594 2946 5663 templum
2989 5587 3534 5658 Hierosolymitanum

1943 5697 2338 5768 ingrederetur,
2363 5701 2418 5746 ut
2447 5707 2549 5746 una
2574 5705 2700 5745 cum
2718 5686 2922 5744 Scribis
2943 5692 2997 5739 et
3021 5680 3328 5745 Phariswis,
3359 5689 3414 5734 et
3442 5691 3538 5748 po-

1946 5791 2074 5866 pulo
2106 5799 2232 5846 tunc
2263 5784 2630 5860 perditissimo
2659 5795 2815 5838 sacra
2858 5773 3099 5833 faceret?
3143 5772 3420 5839 Protinus,
3455 5777 3543 5827 sat
