3996 6332
490 188 631 249 “95

1923 193 2153 254 APPEN
2161 194 2294 252 01X.

3599 211 3709 270 H96

487 308 628 374 scio,
653 307 940 378 excipient,
959 306 1236 365 Christum
1261 307 1315 364 in
1337 307 1598 380 templum
1627 323 1736 366 non
1757 310 2091 379 ascendisse,
2121 319 2172 382 Α
2199 314 2314 370 bat.
2346 313 2478 370 Nam
2502 315 2593 386 qui
2625 314 2740 372 edit
2763 325 2818 371 et
2854 315 2989 372 bibit
3009 317 3248 386 indigne,
3269 318 3504 388 judicium
3531 325 3614 380 sibi
3633 328 3711 397 ipsi

491 398 599 454 nisi
631 410 688 454 ut
726 401 855 456 vitia
882 411 936 456 et
965 401 1171 458 scelera
1203 401 1649 471 reprehenderet,
1701 420 1822 473 quae
1854 415 1964 460 tum
1996 404 2092 460 ad-

493 492 883 551 mittebantur:
916 509 1022 550 non
1048 503 1108 550 ut
1128 510 1252 550 cum
1282 510 1470 550 eorum
1495 495 1778 552 sacriﬁciis
1805 506 1861 553 et
1879 499 2095 554 caneris

489 585 963 641 testiﬁcationibus
985 587 1107 642 fidei
1134 588 1499 658 participaret.
1534 589 1736 645 Verum
1765 591 1950 647 falsam
1973 605 2096 647 esse

490 681 634 736 hanc
670 682 996 740 solutionem
1023 684 1186 739 facile
1222 693 1307 740 est
1352 694 1803 747 commonstrare.
1850 686 1965 742 Non
1999 686 2096 741 abs

489 788 552 830 re
569 773 698 830 dicit
719 775 917 831 Paulus
944 792 1066 832 eum
1099 777 1374 833 subditum
1408 778 1512 849 legi
1536 778 1736 835 factum
1765 779 1856 854 (de
1876 780 2096 836 Christo

491 880 712 936 semper
737 867 1006 940 intelligo)
1057 878 1115 925 ιιι
1148 871 1218 925 al)
1247 869 1368 941 ejus
1397 871 1660 926 servitute
1689 887 1880 926 omnes
1925 872 2017 942 qui
2046 872 2095 927 ei

491 961 941 1030 subjiciebantur,
975 963 1291 1020 redimeret.
1347 966 1420 1021 De
1447 966 1815 1022 czeremoniali
1857 966 1977 1036 lege
2004 981 2098 1020 no-

492 1056 740 1114 minatim
770 1057 935 1113 verba
983 1057 1132 1114 facit.
1183 1059 1318 1114 Cum
1378 1059 1539 1131 igitur
1586 1059 1652 1114 ad
1696 1060 1978 1128 templum,
2034 1074 2098 1114 ac

495 1148 769 1218 przecipue
828 1149 1021 1206 diebus
1075 1150 1227 1206 festis
1287 1161 1342 1206 et
1397 1151 1732 1208 solemnibus
1781 1151 2092 1219 accedebat,

495 1239 743 1310 quamvis
769 1257 835 1296 eo
859 1243 1084 1307 veniret,
1117 1251 1174 1297 ut
1210 1243 1490 1299 meliorem
1524 1243 1876 1314 promovendi
1913 1243 2095 1298 Evan-

493 1333 644 1405 gelii,
670 1343 724 1388 et
747 1335 1084 1405 corrigendis
1103 1337 1391 1406 impiorum
1416 1337 1579 1401 vitiis,
1598 1339 1938 1393 occasionem
1965 1352 2098 1392 nan-

497 1428 628 1482 cisci
654 1441 837 1499 posset
871 1448 884 1484 :
916 1437 1096 1485 tamen
1126 1445 1231 1486 non
1256 1430 1539 1488 desinebat
1569 1447 1690 1488 sese
1743 1433 1878 1503 legis
1907 1433 2099 1488 obser-

496 1532 740 1578 vatorem
783 1524 1094 1590 ostendere,
1126 1541 1247 1597 qua:
1279 1527 1397 1598 lege
1429 1527 1708 1598 jubentur,
1743 1529 1966 1592 faciens,
2001 1544 2098 1584 ve-

501 1613 658 1669 niens
708 1616 762 1670 in
811 1617 1068 1686 templum
1106 1618 1369 1674 adorandi
1427 1629 1483 1675 et
1530 1620 1868 1675 sacriﬁcandi
1910 1635 2095 1676 causa.

2197 409 2311 466 edit
2339 420 2392 464 et
2423 409 2575 466 bibit.
2607 409 2662 464 lu
2693 411 2891 482 quibus
2922 411 3104 466 verbis
3134 411 3240 466 duo
3278 424 3396 468 sunt
3418 414 3710 477 observanda.

2198 506 2464 573 Primum,
2491 506 2710 578 indigne
2734 523 2926 578 parmm
2955 508 3164 563 Domini
3189 509 3365 576 edere,
3387 526 3484 566 non
3501 530 3603 570 esse
3624 531 3715 574 cum

2198 598 2265 654 iis
2296 599 2385 670 qni
2414 598 2618 671 indigni
2642 609 2765 654 sunt
2789 601 3192 656 communicare
3222 617 3237 655 :
3266 602 3356 657 sed
3383 620 3479 658 non
3505 605 3592 661 rite
3615 624 3719 678 ιιι-ιιι.

2201 707 2393 763 parare
2425 692 2691 761 seipsum,
2749 708 2849 748 nec
2903 694 3213 764 expendere
3253 695 3402 750 ﬁdem
3435 701 3661 767 propriam
3682 715 3722 759 et

2201 785 2592 852 paenitentiam.
2621 785 2890 847 Alterum,
2920 801 3041 840 cum
3073 801 3228 841 coena
3260 787 3544 856 recipienda
3565 802 3649 858 est,
3674 809 3722 848 ne

2199 875 2411 932 initium
2437 875 2696 932 faciamus
2721 877 2787 931 ab
2805 877 2944 940 aliis,
2973 893 3080 948 quo
3101 879 3460 935 examinemus
3485 883 3631 952 ipsos,
3653 886 3724 940 sed

2199 970 2562 1039 nosmetipsos
2587 969 2903 1040 probemus,
2927 979 2982 1025 et
3011 979 3159 1024 certe
3185 971 3229 1025 si
3275 982 3508 1026 accurate
3533 976 3728 1030 conside-

2201 1076 2388 1119 rentur
2413 1063 2615 1128 omnia,
2673 1065 2762 1134 qui
2793 1063 2866 1119 ita
2893 1064 3004 1119 otio
3031 1065 3308 1120 abundant
3353 1077 3405 1121 ut
3431 1067 3664 1139 inquirant
3688 1075 3725 1126 in

2201 1158 2358 1224 alios,
2385 1157 2582 1228 smpius
2606 1157 2658 1212 in
2681 1173 2742 1214 re
2769 1173 2865 1214 sua
2890 1168 3016 1214 sunt
3044 1159 3378 1231 negligentes
3399 1170 3449 1216 ct
3468 1162 3724 1218 obliviosi.i

2199 1249 2470 1305 Hactenus
2497 1250 2607 1304 ille.

2277 1341 2459 1396 Visum
2492 1340 2593 1396 fuit
2620 1343 2934 1411 superiores
2964 1344 3173 1415 aliquot
3201 1346 3421 1419 paginas
3444 1361 3506 1401 ex
3540 1347 3638 1415 ejus
3659 1349 3730 1403 viri

2201 1435 2606 1490 commentariis
2658 1434 3005 1504 describere,
3056 1439 3210 1507 cujus
3241 1455 3337 1494 ore
3367 1448 3419 1494 et
3457 1439 3733 1497 confessione

2205 1527 2510 1582 Donatistas
2536 1542 2750 1598 quoque
2775 1527 3044 1596 damnari,
3071 1541 3124 1584 et
3147 1530 3356 1585 similes
3388 1530 3654 1603 bypocritas
3679 1543 3734 1587 at-

2202 1636 2306 1691 que
2345 1619 2657 1676 ardeliones
2707 1621 2974 1686 accusari,
3031 1622 3282 1678 lubenter
3322 1624 3510 1690 audio,
3555 1635 3601 1678 ut
3627 1635 3736 1680 tanto

499 1708 654 1774 Quod
703 1709 818 1781 ipse
844 1725 939 1766 ore
975 1727 1074 1766 suo
1113 1713 1472 1779 conﬁrmavit,
1531 1729 1654 1770 cum
1702 1715 2098 1772 Samaritanam
2130 1725 2179 1785 Β
2207 1712 2377 1782 magis
2423 1729 2486 1768 os
2538 1712 2857 1768 obstruatur
2897 1714 3038 1770 male
3088 1714 3294 1770 feriatis
3345 1716 3630 1784 quihusdam
3656 1719 3738 1785 ejus

499 1804 836 1858 conveniret.
891 1804 1144 1876 Loquens
1194 1807 1338 1862 enim
1386 1823 1454 1862 ex
1501 1808 1748 1863 omnium
1787 1807 2100 1863 Judzeorum

499 1911 754 1967 persona,
787 1899 899 1954 ait:
930 1899 1137 1956 Scimus
1161 1901 1217 1955 id
1236 1903 1373 1974 quod
1399 1902 1676 1958 adoramus
1707 1920 1727 1958 :
1754 1914 1806 1958 at
1828 1920 1936 1970 vos,
1967 1903 2104 1974 quod

501 1988 732 2044 adoratis
782 1991 1186 2061 nescitis:quia
1233 1995 1379 2049 salus
1430 2010 1494 2049 ex
1546 1994 1750 2050 Juda-is
1796 2005 1897 2050 cst.
1952 1995 2102 2050 Haud

502 2093 654 2140 certe
679 2085 748 2140 ab
774 2085 877 2141 illis
897 2101 957 2142 se
978 2097 1248 2158 segregat,
1271 2103 1394 2144 cum
1419 2089 1659 2160 loquitur
1676 2089 1744 2144 de
1763 2089 2102 2154 adoratione,

503 2193 607 2248 qua
639 2179 804 2234 etiam
832 2180 1098 2236 sacriﬁcia
1125 2183 1476 2238 continentur
1504 2201 1517 2237 :
1548 2199 1734 2240 verum
1759 2198 1880 2238 sese
1911 2183 2107 2254 redigit

501 2271 560 2327 in
587 2287 933 2328 communem
965 2273 1209 2329 ordinem
1238 2284 1582 2330 cancrorum.
1615 2274 1672 2330 ld
1700 2275 1845 2346 quod
1878 2275 2016 2330 ratio
2039 2276 2107 2330 ab

505 2379 573 2418 eo
617 2365 890 2435 adjuncta,
947 2367 1116 2436 magis
1161 2369 1325 2424 etiam
1353 2369 1682 2424 conﬁrmat:
1715 2384 1931 2439 nempe,
1981 2371 2106 2440 quia

505 2456 651 2511 salus
679 2473 743 2513 ex
775 2456 979 2513 Judzeis
1004 2469 1107 2514 est.
1135 2459 1229 2517 liis
1255 2462 1399 2516 enim
1421 2461 1604 2518 verbis
1622 2461 1752 2517 nihil
1779 2461 1922 2516 aliud
1944 2461 2105 2516 intel-

505 2551 643 2623 ligit,
667 2568 828 2623 quam
849 2553 1055 2609 cultum
1070 2556 1158 2626 qui
1183 2555 1578 2628 Hierosolymis
1597 2556 1954 2611 exhibebatur
1970 2555 2107 2621 Deo,

506 2644 611 2716 ipsi
641 2656 852 2716 gratum
887 2645 1072 2712 fuisse,
1111 2655 1319 2702 tantum
1357 2648 1426 2704 ob
1458 2647 1636 2705 foedus
1682 2649 1824 2719 quod
1851 2665 1974 2703 cum
2006 2664 2106 2719 po-

507 2737 636 2806 pulo
662 2737 755 2794 illo
779 2739 994 2794 inierat.
1030 2739 1109 2794 Ex
1138 2739 1332 2811 quibus
1366 2742 1722 2811 perspicimus
1749 2756 1871 2796 eum
1901 2741 1991 2812 qui
2019 2756 2108 2796 sa-

507 2831 802 2886 cramentis
831 2845 863 2886 a
897 2831 1006 2888 Deo
1051 2833 1309 2888 institutis
1346 2848 1470 2888 cum
1501 2834 1699 2906 iniquis
1726 2835 2108 2898 communicat.

509 2922 755 2994 ipsorum
787 2939 1083 2996 congressu
1135 2941 1243 2982 non
1285 2927 1484 2998 pollui,
1540 2927 1704 2984 modo
1735 2930 1850 3000 ipse
1880 2929 2112 2983 crimine

508 3027 690 3082 vacet,
721 3034 961 3090 puraque
983 3022 1316 3076 conscientia
1348 3022 1418 3077 sit
1446 3021 1724 3092 praeditus.
1755 3021 1902 3077 idem
1939 3024 2111 3091 Apos-

2207 1805 2510 1875 discipulis,
2561 1819 2790 1873 quorum
2823 1820 3068 1860 severam
3121 1807 3334 1861 scilicet
3374 1821 3646 1872 censuram,
3667 1806 3737 1860 hoc

2207 1908 2309 1963 est,
2343 1914 2596 1954 vesanam
2627 1899 3028 1970 intemperiem,
3066 1900 3243 1954 notari
3266 1910 3425 1972 atque
3443 1902 3652 1956 coerceri
3675 1916 3739 1954 ne-

2205 2007 2361 2048 cesse
2392 2003 2494 2048 est.
2551 1992 2702 2048 Nunc
2755 2005 2811 2047 ut
2853 1993 2920 2048 ad
2971 1994 3331 2050 Collationem
3370 1998 3742 2064 revertanejus

2205 2094 2324 2141 acta
2346 2086 2672 2157 signiﬁcant,
2705 2087 3009 2142 Donatisms
3039 2087 3201 2142 etiam
3245 2089 3503 2156 objecisse
3527 2089 3741 2158 quidpiam

2208 2196 2276 2236 ex
2307 2181 2490 2252 Aggaei
2523 2180 2804 2252 propheta:
2843 2195 2964 2251 eap.
3017 2199 3077 2243 ll,
3110 2181 3180 2237 de
3212 2183 3458 2252 fugienda
3490 2184 3742 2252 contagione

2209 2274 2497 2340 malorum,
2555 2273 2772 2329 tametsi
2813 2271 3149 2344 Augustinus
3196 2276 3400 2330 scribat
3447 2277 3631 2329 nonnisi
3655 2284 3742 2343 post

2208 2365 2570 2421 Collationem
2602 2365 2655 2421 id
2704 2382 2800 2422 eos
2829 2367 3119 2438 allegasse.
3149 2365 3392 2433 Qumstio
3415 2376 3575 2421 autem
3597 2365 3674 2420 fuit
3696 2365 3743 2418 de

2209 2458 2362 2514 hisce
2387 2459 2592 2526 verbis,
2629 2459 2951 2528 Quicumque
2990 2461 3266 2514 accesserit
3286 2460 3355 2512 ad
3377 2460 3534 2522 illum,
3561 2459 3743 2527 inquina-

2210 2553 2366 2620 bitur,
2414 2563 2544 2618 etc.,
2579 2570 2697 2623 qua:
2747 2553 2997 2623 leguntur
3049 2553 3101 2608 in
3157 2554 3583 2624 interpretatione
3621 2551 3739 2607 LXX.

2210 2647 2315 2704 Sed
2341 2648 2384 2702 si
2413 2647 2674 2702 Catholici
2699 2647 3180 2712 observassent,ab
3199 2647 3571 2718 interpretibus
3587 2643 3742 2699 illisad-

2205 2743 2349 2813 jecta
2378 2741 2545 2797 videri
2573 2759 2584 2795 :
2610 2741 2799 2796 saltem
2819 2756 2922 2794 non
2937 2750 3150 2795 exstare
3173 2741 3224 2796 in
3240 2751 3491 2797 contextu
3519 2739 3740 2800 Hebraico.

2214 2850 2404 2906 magna
2460 2835 2704 2891 molestia
2755 2835 3118 2906 respondendi
3163 2835 3322 2890 facile
3363 2851 3422 2891 se
3468 2835 3741 2890 liberassent.

2291 2929 2583 2982 Donatista:
2608 2944 2712 2982 non
2743 2938 2848 2982 tam
2877 2928 3194 2982 fueruntvel
3219 2927 3506 2999 ingeniosi,
3529 2927 3600 2982 vel
3615 2939 3741 2991 acres,

2213 3021 2300 3075 vel
2331 3019 2569 3087 facundi,
2597 3020 2681 3075 vel
2709 3019 3077 3085 vehementes,
3111 3036 3271 3091 quam
3297 3021 3382 3074 alii
3405 3019 3601 3091 quidam
3627 3018 3666 3071 in
3682 3031 3745 3070 ac-

510 3107 608 3162 toli
643 3111 884 3181 magistri
922 3113 1233 3183 exemplum
1265 3114 1438 3169 secuti
1489 3115 1754 3170 fecerunt.
1800 3113 2005 3170 Verum
2048 3129 2114 3168 ne
2139 3115 2185 3178 C
2217 3113 2456 3169 cusanda
2482 3113 2742 3180 Ecclesia,
2781 3129 2810 3167 a
2838 3128 2938 3183 qua
2969 3112 3300 3168 defecerant.
3332 3112 3439 3167 lmo
3476 3109 3638 3174 multa,
3661 3124 3745 3177 qua:

512 3203 841 3274 prolixiores
865 3205 1059 3274 simus,
1089 3222 1251 3278 quam
1283 3222 1380 3276 par
1405 3208 1496 3269 sit.
1535 3207 1702 3262 Paulo
1733 3222 1842 3262 uno
1871 3207 2113 3263 contenti

511 3296 705 3352 simus.
738 3295 942 3354 Omitto
967 3299 1113 3368 quod
1155 3314 1550 3369 quemcumque
1578 3301 1630 3354 in
1659 3299 1838 3354 locum
1886 3300 2114 3365 veniret,

511 3389 632 3444 sine
659 3389 764 3444 ulla
789 3388 1103 3447 difficultate
1130 3393 1183 3447 in
1211 3407 1541 3465 synagogam
1569 3392 1880 3449 Judaeorum
1912 3393 2119 3464 ingres-

517 3497 611 3537 sus
655 3493 760 3550 est,
813 3493 870 3540 ut
911 3495 1091 3542 oraret
1139 3487 1307 3543 Deum
1339 3498 1394 3543 et
1441 3488 1508 3544 de
1541 3488 1804 3559 scriptura
1838 3497 2114 3544 tractaret.

518 3574 722 3630 Omitto
747 3579 935 3644 etiam,
963 3579 1106 3649 quod
1131 3581 1181 3636 ei
1211 3581 1402 3652 religio
1429 3598 1535 3636 non
1564 3579 1666 3636 fuit
1691 3595 1811 3637 sese
1836 3582 1890 3636 in
1919 3581 2120 3652 templo

521 3667 806 3737 exhibere,
838 3681 897 3725 ut
927 3671 999 3726 ibi
1030 3673 1196 3727 Deum
1225 3675 1514 3740 adoraret,
1545 3681 1600 3728 et
1627 3673 1966 3729 caeremoniis
1993 3674 2123 3743 legi-

523 3761 671 3818 timis
716 3780 820 3819 una
869 3779 992 3820 cum
1041 3767 1264 3838 reliquis
1314 3777 1600 3823 uteretur:
1632 3770 1880 3838 quamvis
1909 3784 2118 3824 summa

521 3869 667 3913 esset
690 3858 1030 3915 sacerdotum
1073 3868 1129 3916 ct
1155 3861 1478 3929 scribarum,
1528 3863 1621 3933 qui
1664 3871 1774 3916 tum
1808 3863 1915 3916 illic
1941 3871 2118 3927 erant,

528 3952 848 4022 improbitas
877 3963 932 4010 et
974 3955 1235 4026 nequitia.
1289 3954 1406 4010 Non
1456 3955 1601 4024 quod
1633 3955 1722 4009 illa
1756 3955 1821 4009 ad
1853 3971 1964 4010 rem
2015 3970 2120 4008 non

525 4047 728 4102 faciant
757 4066 770 4100 ε
801 4047 896 4103 sed
925 4049 1046 4118 quia
1072 4048 1306 4104 clariore
1339 4049 1719 4118 probationum
1748 4063 1968 4117 genere,
2001 4064 2122 4117 quae

524 4137 808 4191 calnrnniis
840 4138 1019 4191 minus
1039 4139 1185 4193 eludi
1216 4148 1461 4206 possunt,
1491 4153 1599 4192 non
1620 4151 1889 4191 caremus.
1921 4136 2124 4206 Nempe

523 4227 669 4296 quod
696 4227 1047 4296 conqueritur
1075 4241 1171 4283 eos
1198 4227 1291 4297 qui
1315 4229 1489 4298 ipsum
1519 4227 1774 4298 adjuvare
1799 4227 2122 4296 debuerant,

527 4318 730 4374 Christi
759 4319 964 4375 honore
985 4329 1040 4375 et
1085 4320 1344 4376 Ecclesia:
1375 4323 1758 4392 prorogatione
1780 4321 2120 4391 posthabitis,

529 4409 752 4482 privatis
765 4412 1060 4470 commodis
1076 4415 1187 4470 suis
1202 4413 1492 4470 studuisse.
1506 4414 1690 4487 Neque
1705 4424 1882 4472 tamen
1897 4416 2125 4487 legimus

2221 3224 2322 3264 suo
2373 3209 2645 3264 schismati
2678 3207 2922 3278 speciose
2961 3206 3256 3262 obtendere
3314 3213 3569 3275 poterant,
3614 3199 3746 3256 nescio

2221 3300 2491 3373 quomodo
2510 3301 2816 3370 praeterisse
2837 3299 3106 3354 videntur.
3125 3298 3332 3354 Saltem
3357 3296 3509 3352 hodie
3534 3294 3636 3349 novi
3656 3307 3746 3348 cen-

2221 3409 2376 3449 sores
2405 3392 2694 3448 etillorum
2722 3392 2918 3462 alioqui
2949 3407 3117 3462 prope
3168 3392 3404 3461 patroni,
3457 3389 3748 3455 Ecclesichue

2222 3495 2568 3542 accusatores
2593 3489 2744 3540 aiunt
2770 3499 2866 3541 eos
2916 3485 3302 3555 praevaricatos
3333 3499 3488 3556 posse
3529 3480 3682 3544 videri,
3713 3488 3749 3533 et

2223 3579 2419 3634 bonam
2459 3593 2674 3633 causam
2702 3578 2840 3632 male
2870 3577 3065 3647 egisse,
3091 3576 3288 3647 jusque
3318 3592 3468 3631 suum
3499 3576 3747 3646 ignorasse:

2224 3672 2504 3743 ignorasse
2550 3669 2916 3726 conditionem
2954 3669 3232 3736 Ecclesim,
3279 3684 3438 3738 aqua
3483 3666 3747 3724 defecerant,

2226 3766 2502 3837 ignorasse
2529 3763 2646 3833 ejus
2675 3762 2912 3818 maculas
2937 3771 2993 3817 et
3021 3763 3170 3816 vitia.
3206 3761 3375 3818 Aiunt
3403 3762 3618 3824 Aerium,
3644 3757 3750 3811 Jovi-

2227 3861 2469 3925 nianum,
2501 3857 2874 3928 Vigilantium,
2915 3857 3168 3912 Faustum
3198 3857 3558 3921 Manichzeum,
3582 3864 3624 3908 et
3645 3849 3751 3906 simi-

2228 3951 2310 4006 les
2334 3951 2642 4021 diligentius
2675 3961 2894 4005 notasse
2919 3966 3040 4021 qua:
3072 3951 3533 4022 reprehenderent
3559 3967 3569 4002 :
3598 3956 3642 4002 et
3663 3945 3749 4014 quiia

2228 4039 2328 4094 hos
2359 4042 2785 4108 reprehensores
2831 4041 3072 4098 Ecclesia
3117 4043 3408 4107 damnarit,
3453 4043 3624 4096 iterum
3647 4052 3750 4092 ream

2227 4149 2350 4189 esse
2377 4133 2596 4190 debere.
2632 4134 2736 4190 Sed
2780 4150 2922 4190 nunc
2951 4135 3086 4190 nihil
3122 4137 3314 4190 attinet
3340 4149 3609 4206 suggerere
3626 4132 3751 4185 Dona-

2230 4227 2372 4282 tistis
2421 4242 2613 4282 novam
2655 4228 3090 4285 criminationem
3129 4247 3142 4282 :
3177 4229 3392 4284 tametsi
3431 4227 3572 4282 facile
3597 4235 3752 4296 quoque

2229 4320 2300 4374 sit
2344 4335 2461 4374 eam
2511 4321 2784 4376 refellere.
2835 4320 3057 4376 Possem
3085 4322 3246 4375 etiam
3285 4334 3597 4392 exaggerare
3619 4312 3750 4387 populi

2229 4413 2670 4484 Carthaginensis
2699 4422 3004 4469 extremam
3048 4416 3449 4483 corruptionem
3475 4422 3524 4468 et
3544 4405 3752 4466 horrenda

526 4505 728 4576 ipsum,
758 4521 826 4561 ne
855 4506 1206 4578 pollueretur,
1238 4521 1297 4564 se
1323 4507 1391 4563 ab
1413 4523 1600 4564 eorum
1623 4517 2119 4581 cmtusegregasse.
2150 4520 2200 4580 ι)
2233 4504 2549 4576 inﬁnitaque
2574 4505 2803 4568 scelera,
2847 4522 2968 4576 quae
2995 4505 3281 4562 Salvianus
3324 4508 3595 4578 episcopus
3618 4498 3755 4555 Massi-

607 4616 627 4650 ι
661 4597 816 4666 Item,
856 4614 978 4654 cum
1007 4601 1135 4658 vitia
1179 4602 1271 4656 illa
1296 4600 1589 4667 horrenda,
1631 4602 1827 4672 quibus
1853 4602 2125 4658 Corinthii

527 4701 585 4749 et.
616 4691 821 4749 Catane
861 4693 1214 4762 laborabant,
1269 4694 1619 4767 reprehendit
1652 4711 1666 4748 ε
1698 4710 1805 4749 ιιοιι
1838 4704 1985 4751 vetat
2031 4709 2127 4750 eos

528 4786 620 4856 qui
651 4788 767 4856 puri
799 4797 925 4843 sunt
953 4797 1008 4842 et
1040 4788 1328 4850 immunes,
1363 4789 1526 4844 ullam
1576 4803 1699 4844 cum
1729 4790 1945 4844 caatcris
1971 4804 2120 4844 com-

528 4878 838 4934 munionem
874 4880 1074 4936 habere
1103 4880 1278 4952 quoad
1307 4881 1445 4936 bene
1477 4892 1701 4952 purgata
1734 4882 1934 4935 fuerint
1964 4879 2128 4953 365.

531 4970 856 5024 omniazsed
886 4980 1092 5027 tantum
1123 4974 1443 5028 adhortatur
1463 4983 1521 5027 ut
1546 4975 1674 5028 vitia
1697 4991 1818 5045 qua:
1847 4989 1946 5030 suo
1972 4989 2122 5044 quie-

530 5079 638 5136 que
660 5063 782 5118 loco
807 5063 1180 5130 reprehendit,
1205 5066 1495 5134 corrigant,
1522 5067 1664 5121 nulla
1691 5067 1966 5124 mentione
1989 5067 2126 5121 facta

531 5159 601 5215 de
632 5157 896 5229 ejusmodi
925 5159 1325 5230 segregatione,
1355 5161 1567 5229 qualem
1597 5161 1683 5216 isti
1713 5161 1929 5218 fanatici
1960 5166 2127 5218 intro-

530 5239 733 5294 ducere
755 5239 965 5295 volunt.

609 5337 626 5369 ‹
662 5318 798 5387 Quid
847 5335 978 5375 vero
1027 5335 1250 5376 necesse
1301 5328 1382 5376 est
1427 5319 1565 5376 adeo
1621 5321 1942 5390 disputare?
1991 5325 2124 5379 Cum

529 5399 822 5470 Apostolus
875 5403 991 5471 ipse
1041 5402 1148 5456 alio
1202 5400 1256 5455 in
1300 5400 1419 5456 loco
1449 5409 1710 5464 tractans,
1750 5416 1856 5470 quo
1902 5403 2132 5472 quisque

533 5481 693 5534 modo
723 5482 1013 5552 praeparari
1061 5482 1259 5536 debeat
1305 5480 1370 5535 ad
1421 5478 1824 5549 recipiendam,
1859 5490 1915 5534 ut
1947 5481 2122 5548 decet,

531 5575 742 5616 caenam
782 5562 1022 5627 Domini,
1071 5581 1176 5618 non
1219 5565 1372 5634 jubet
1405 5576 1844 5634 unumquemque
1895 5563 2125 5629 proximi

530 5643 612 5695 sui
644 5642 771 5695 vilia
800 5645 1110 5698 examinare
1144 5663 1156 5698 :
1191 5643 1283 5698 sed
1319 5646 1387 5698 ita
1437 5645 1706 5713 loquitur,
1736 5641 1936 5695 Probet
1975 5643 2120 5712 seip-

530 5734 648 5776 sum
677 5723 857 5791 homo,
883 5740 944 5779 ac
989 5726 1064 5780 sic
1091 5725 1157 5780 de
1191 5740 1327 5796 pane
1353 5724 1446 5780 illo
1475 5726 1622 5792 edat,
1673 5733 1726 5779 et
1759 5722 1826 5779 de
1850 5721 2019 5779 calice
2043 5722 2125 5778 bia-

2228 4599 2416 4655 liensis
2433 4599 2718 4668 descripsit
2749 4598 2842 4654 lib.
2863 4615 2960 4654 vni
2988 4599 3054 4654 de
3069 4599 3383 4655 Provident.
3401 4598 3504 4656 Sed
3527 4612 3585 4651 ne
3607 4590 3753 4661 eaqui'

2229 4692 2350 4748 dem
2380 4691 2720 4747 sufﬁciebant
2746 4691 2811 4746 ad
2851 4692 3216 4747 excusandum
3241 4691 3474 4747 schisma
3519 4684 3736 4744 Donatista

2228 4802 2371 4842 rum.
2389 4785 2666 4842 Sanecum
2688 4785 2853 4840 multa
2876 4787 3037 4858 vulgo
3068 4788 3206 4842 male
3233 4785 3346 4842 ﬁeri
3377 4785 3624 4841 fatebatur
3641 4776 3755 4835 etde

2233 4880 2476 4950 plorabat
2536 4880 2890 4948 Augustinus,
2938 4879 2992 4933 in
3022 4880 3088 4934 iis
3141 4879 3412 4950 fugiendis
3473 4873 3752 4933 consentieno

2231 4984 2341 5030 tem
2374 4976 2610 5030 habuere
2634 4975 2944 5029 Donatistae.
2982 4973 3089 5030 Sed
3117 4989 3236 5045 qua:
3267 4973 3500 5029 Ecclesia
3523 4980 3646 5026 recte
3667 4977 3754 5037 pro.

2228 5069 2424 5135 babat,
2463 5069 2700 5140 graviter
2741 5067 2982 5123 defendit
3007 5067 3222 5123 diluens
3263 5066 3660 5123 adversariorum
3695 5072 3754 5112 ca-

2231 5164 2462 5218 lumnias
2495 5179 2506 5215 :
2539 5173 2590 5216 et
2619 5170 2676 5217 ut
2697 5162 2858 5216 multa
2892 5161 2969 5216 illi
3001 5177 3070 5216 ex
3084 5161 3486 5230 probrarentur,
3515 5169 3665 5212 tamen
3684 5149 3754 5205 Ec-

2230 5243 2454 5298 clesiam
2481 5240 2687 5297 Christi
2727 5255 2850 5297 esse
2875 5242 3314 5296 constantissime
3359 5237 3631 5297 contendit.
3657 5244 3754 5321 prt-

2230 5325 2418 5379 scrtitn
2441 5339 2562 5378 cum
2599 5331 2849 5378 auctores
2878 5321 2967 5376 illa
2990 5322 3161 5376 bonos
3192 5320 3433 5385 haberet,
3462 5329 3513 5374 et
3552 5320 3753 5388 promissa

2234 5405 2555 5474 laudataque
2583 5413 2727 5457 esset
2769 5418 2798 5456 a
2851 5401 3149 5471 prOphetis,
3192 5402 3362 5470 qualis
3388 5408 3504 5469 post
3543 5396 3752 5452 Christum

2235 5482 2476 5537 exhibita
2509 5491 2612 5548 est,
2648 5492 2868 5551 totoque
2895 5481 3027 5536 orbe
3072 5479 3264 5535 diﬁ‘usa
3301 5499 3313 5535 :
3344 5495 3512 5550 neque
3534 5478 3666 5531 aliam
3695 5483 3756 5551 os-

2237 5563 2454 5618 tendere
2496 5549 2793 5618 Donatistzu
2834 5571 3075 5632 possent,
3131 5561 3195 5615 ad
3229 5577 3382 5630 quam
3433 5549 3654 5613 vaticinia
3693 5549 3753 5604 illa

2236 5643 2625 5712 Prophetarum
2668 5631 2856 5695 referri
2891 5649 3136 5710 po-sent.
3189 5641 3370 5710 Itaque
3395 5639 3609 5694 deﬁcere
3629 5631 3753 5712 ahea

2234 5707 2472 5780 Ecclesia
2501 5721 2769 5777 catholica
2799 5707 2904 5776 non
2936 5719 3191 5776 debuisse
3224 5707 3536 5785 Donatistas,
3585 5707 3750 5770 conclu-
