3996 6332
201 351 333 411 H97

199 560 388 627 clusio,
420 558 513 629 qui
539 554 742 627 alioqui
768 553 914 609 illius
944 566 1158 623 quoque
1199 547 1458 618 temporis
1489 542 1786 599 Ecclesium

198 652 459 709 acerrime
488 658 769 713 accusant,
823 656 878 703 et
907 645 1009 700 sibi
1056 644 1220 699 licere
1262 648 1547 711 prepterea
1576 636 1787 703 volunt,

197 746 336 821 quod
369 755 545 802 tamen
577 742 872 809 Donatistis
899 749 1120 811 negant.
1148 738 1278 807 Qum
1312 735 1471 807 porr'o
1495 732 1787 788 Donatista:

197 842 465 906 dicebam,
504 847 562 894 ut
599 853 752 892 suam
794 836 1081 891 factionem
1133 831 1425 903 probarent
1455 842 1576 883 esse
1602 840 1784 880 veram

198 934 489 992 Ecclesiam
519 930 743 998 Christi,
786 927 1055 1001 putidiora
1107 931 1234 981 sunt
1264 937 1421 994 quam
1456 929 1513 975 ut
1540 917 1786 989 pluribus

194 1029 365 1088 refelli
390 1028 622 1084 debeant
648 1044 661 1080 :
692 1024 975 1080 audiamus
1002 1031 1204 1077 tamen.

263 1123 550 1179 Jactabant
577 1122 632 1174 in
679 1116 1007 1181 Collatione,
1068 1128 1188 1169 sese
1217 1109 1486 1166 antistites
1515 1116 1569 1163 et
1598 1105 1788 1162 defen-

195 1230 343 1273 sores
365 1229 487 1270 esse
515 1213 742 1268 sincera:
767 1208 1044 1272 Ecclesiae,
1073 1221 1195 1277 quae
1223 1208 1307 1275 (ut
1334 1198 1575 1271 aiebant)
1602 1212 1786 1270 perse—

194 1311 463 1366 cutionem
495 1306 716 1378 patitur,
745 1312 800 1361 et
827 1318 937 1359 non
986 1301 1130 1355 facit.
1163 1298 1395 1354 Crucem
1435 1294 1577 1350 enim
1608 1304 1656 1348 et
1693 1306 1784 1363 pa-

194 1405 436 1465 tientiam
463 1418 586 1460 esse
616 1400 864 1473 qucedam
889 1397 1117 1468 insignia
1165 1392 1427 1449 Ecclesiae
1455 1389 1781 1460 profiteban-

193 1509 295 1556 tur.
318 1497 426 1553 Sed
458 1496 790 1567 Augustinus
811 1489 1090 1547 contendit
1115 1502 1210 1544 eos
1228 1485 1407 1541 facere
1430 1482 1606 1554 potius
1624 1495 1783 1551 quam

191 1595 299 1669 pati
328 1612 342 1649 :
373 1593 459 1648 vel
502 1591 546 1647 si
573 1590 699 1663 quid
741 1586 1014 1644 interdum
1051 1587 1343 1655 patiuntur,
1370 1579 1517 1650 juste
1543 1591 1639 1632 eos
1673 1575 1782 1647 pati

190 1689 329 1764 quod
354 1689 552 1757 injuste
583 1684 807 1741 faciunt.
841 1682 1014 1738 Immo
1045 1680 1098 1734 in
1125 1692 1219 1733 sua
1249 1673 1475 1745 epistola
1503 1689 1554 1739 L,
1591 1671 1784 1743 probat

191 1799 294 1839 non
316 1795 438 1838 esse
457 1790 814 1849 consequens,
841 1782 901 1829 ut
925 1771 1161 1829 Ecclesia
1188 1784 1312 1827 vera
1341 1770 1433 1834 sit,
1457 1783 1576 1838 qua:
1597 1779 1780 1836 perse-

190 1876 458 1933 cutionem
493 1873 712 1944 patitur,
760 1884 867 1924 non
904 1882 1024 1938 qua:
1056 1864 1220 1920 facit:
1254 1872 1307 1919 et
1348 1861 1548 1917 refutat
1599 1861 1777 1914 Dona-

194 1969 363 2035 tistas,
392 1967 484 2039 qui
515 1981 621 2021 non
645 1971 895 2037 quaerunt
924 1976 1138 2025 causas,
1176 1973 1342 2030 quare
1372 1957 1601 2026 quisque
1623 1953 1786 2010 faciat

192 2062 617 2135 persecutionem
638 2102 651 2125 ,
686 2058 771 2113 vel
816 2071 983 2126 quare
1015 2054 1250 2125 patiatur
1282 2071 1293 2105 :
1326 2048 1419 2105 sed
1464 2048 1566 2103 hac
1600 2056 1788 2118 putant

192 2173 310 2217 esse
347 2158 560 2229 signum
586 2153 697 2209 veri
726 2149 1041 2216 Christiani,
1072 2148 1116 2203 si
1150 2146 1580 2217 persecutionem
1611 2141 1784 2214 patia-

195 2261 298 2316 lur,
331 2268 438 2306 non
470 2258 650 2304 autem
682 2246 860 2301 faciat.

262 2345 404 2403 Sane
446 2340 569 2414 quia
619 2335 909 2411 aliquando
955 2335 1022 2391 ab
1061 2334 1389 2402 imperatore
1420 2328 1619 2382 missus
1670 2333 1788 2379 erat

193 2436 454 2494 Macarius
484 2431 773 2505 praefectus
803 2429 868 2483 ad
897 2425 1255 2484 coercendam
1284 2422 1680 2478 Donatistarum
1705 2419 1788 2473 in-

192 2531 503 2596 solentiam,
535 2526 928 2583 Parmenianns
956 2521 1234 2578 Donatista
1264 2515 1559 2574 Catholicis
1586 2527 1789 2583 expro-

192 2626 357 2682 brans
388 2624 471 2698 (ut
495 2621 747 2690 vocabat)
786 2617 1148 2674 Macarianam
1180 2609 1568 2668 viminvidiose
1593 2606 1782 2662 clami-

192 2729 399 2776 taverat
434 2736 446 2773 :
482 2716 603 2771 Non
627 2722 790 2786 potest
835 2710 937 2765 dici
969 2708 1225 2772 Ecclesia,
1256 2721 1367 2777 qua:
1399 2703 1619 2757 cruentis
1651 2716 1786 2753 mor—

192 2814 334 2871 sibus
359 2811 609 2884 pascitur,
652 2818 701 2863 et
730 2815 1023 2861 sanctorum
1070 2801 1322 2874 sanguine
1360 2799 1635 2868 apimatur.
1680 2793 1785 2851 Sed

193 2908 423 2979 Optatus
451 2907 544 2962 lib.
595 2920 654 2969 tt,
701 2902 847 2974 justa
892 2897 1328 2955 recrimiuatione
1356 2894 1405 2949 id
1436 2894 1488 2948 in
1536 2892 1790 2948 adversa-

191 3001 330 3057 rium
364 2993 774 3054 retorserat:Et
797 2992 1083 3056 ostendam,
1117 2989 1310 3061 inquit,
1346 2996 1541 3058 partem
1567 2995 1788 3040 vestram

192 3091 416 3148 cruentis
438 3088 692 3145 morsibus
723 3095 945 3158 pastum,
997 3092 1042 3138 et
1078 3082 1331 3153 sanguine
1378 3078 1787 3132 Christianorum

191 3186 492 3259 opimatam,
527 3190 633 3238 etc.
684 3180 874 3236 Postea
920 3189 1102 3249 tamen
1162 3172 1455 3229 Petiliauus
1509 3170 1784 3225 Donatista

190 3278 364 3336 multo
404 3286 458 3331 et
486 3274 728 3330 odiosius
752 3280 809 3328 et
830 3270 1112 3325 verbosius
1137 3267 1419 3337 repetitam
1451 3264 1786 3318 Parmeniani

190 3371 272 3425 sui
300 3369 413 3425 sive
458 3365 856 3439 querimoniam
889 3364 1002 3418 sive
1050 3359 1524 3431 exprobrationem
1558 3356 1780 3427 ingemi-

188 3460 358 3519 navit.
404 3460 513 3517 Sed
561 3458 896 3530 AttgttStinus
928 3455 1112 3511 futiles
1151 3453 1452 3507 calumnias
1509 3460 1563 3504 et
1608 3450 1789 3505 inania

186 3553 481 3611 maledicta
509 3567 635 3608 esse
663 3549 901 3605 ostendit
947 3566 960 3601 :
1018 3547 1129 3602 imo
1159 3559 1289 3601 vero
1334 3543 1526 3614 probat
1565 3542 1787 3598 Donati-

185 3656 301 3703 stas
316 3643 657 3715 impudenter
672 3642 791 3698 aliis
805 3639 1064 3712 objicere,
1082 3637 1223 3708 quod
1241 3636 1340 3706 ipsi
1358 3635 1785 3690 committebant.

258 3738 544 3795 Jactabaut
572 3736 866 3793 Donatist;e
894 3748 1025 3787 suos
1056 3720 1326 3801 martyres
1353 3748 1366 3785 :
1395 3736 1450 3782 ct
1478 3728 1789 3782 Parmenio-

185 3850 291 3890 nus
321 3830 590 3888 invidiose
621 3827 823 3885 nostris
859 3842 954 3883 eos
984 3834 1142 3881 antea
1192 3824 1487 3893 objecerat.
1532 3820 1638 3884 Sed
1680 3821 1789 3875 Au-

183 3928 439 4001 gustinus
469 3925 707 3997 graviter
734 3922 896 3977 talem
925 3920 1273 3991 jactationem
1308 3916 1642 3972 refutaverat
1687 3913 1784 3969 lib.

183 4036 203 4075 ι
252 4027 444 4074 contra
490 4014 908 4072 Parmenianuni
936 4026 1060 4080 cap.
1115 4012 1165 4065 7.
1219 4009 1580 4065 Nihilominus
1611 4018 1786 4060 tamen

184 4111 486 4169 Petilianns
563 4107 807 4165 eamdem
877 4105 1202 4162 cantilenam
1258 4104 1422 4159 canit;
1488 4101 1626 4172 Ergo
1680 4101 1792 4154 Au-

181 4207 437 4279 gustinus
490 4202 735 4260 eamdem
786 4202 1195 4271 responsionem
1244 4198 1470 4268 repetit,
1519 4194 1789 4251 ostendit-

183 4314 317 4370 que,
347 4314 454 4354 non
498 4312 737 4369 pteuam,
770 4295 865 4352 sed
894 4308 1113 4350 causam
1143 4292 1360 4348 efficere
1390 4301 1678 4361 martyres.
1724 4288 1792 4341 Et

184 4403 373 4450 tamen
425 4392 733 4447 Danatistas
760 4388 937 4457 occidi
964 4396 1141 4459 negat.
1186 4385 1302 4440 luto
1332 4399 1458 4438 vero
1491 4384 1636 4451 ipsos
1667 4396 1789 4436 sese

180 4485 397 4543 furiose
420 4486 783 4557 pra'cipitare,
798 4485 1008 4554 sibique
1030 4491 1259 4537 mortem
1289 4480 1427 4534 ultro
1448 4478 1790 4533 consciscere

185 4580 408 4653 probat.
450 4579 684 4650 Legatur
713 4577 830 4649 ejus
857 4576 1081 4646 epistola
1112 4572 1554 4644 quinquagesima
1586 4569 1650 4625 ad
1685 4569 1787 4623 Bo.

181 4673 444 4729 nifaeiuiu
471 4686 487 4727 :
514 4682 567 4727 et
609 4671 933 4741 adjungatur
968 4667 1269 4741 Cyprianus
1305 4660 1507 4720 Christi
1558 4672 1784 4735 martyr,

178 4766 281 4839 qui
308 4766 482 4821 multo
504 4773 631 4820 ante
654 4773 899 4834 tempora
917 4761 1341 4825 Donatistarum,
1366 4758 1527 4813 etiam
1552 4757 1786 4823 dixerat,

177 4872 345 4918 extra
381 4861 678 4917 Ecclesiam
709 4873 816 4913 non
842 4872 1003 4928 posse
1029 4871 1149 4912 esse
1185 4856 1499 4926 martyrem,
1530 4867 1704 4921 neque
1734 4850 1788 4904 in

177 4966 368 5013 morte
393 4955 641 5012 coronari
674 4967 853 5024 posse,
900 4951 1060 5006 sicuti
1101 4959 1154 5006 et
1186 4947 1370 5002 multis
1398 4955 1515 5016 post
1538 4944 1790 5016 Augusti-

175 5067 321 5109 num
353 5050 567 5106 sacenlis
587 5048 705 5119 ipse
731 5045 1041 5102 Bernartius
1062 5042 1298 5099 ostendit
1319 5039 1484 5096 etiam
1514 5038 1787 5094 diabolum

174 5144 394 5201 habere
418 5157 546 5199 suos
583 5149 852 5212 martyres
887 5158 900 5195 :
934 5148 989 5192 et
1019 5136 1295 5207 eleganter
1318 5133 1416 5199 ait,
1448 5132 1642 5187 mirum
1682 5145 1788 5185 non

172 5250 334 5302 esse,
383 5235 427 5291 si
469 5234 562 5305 qui
596 5241 775 5304 potest
822 5229 1070 5285 homines
1112 5227 1413 5299 impellere,
1445 5236 1501 5279 ut
1527 5224 1633 5279 sibi
1660 5224 1799 5294 ipsis

173 5341 425 5388 mortem
455 5329 708 5393 inferant,
745 5325 916 5395 possit
948 5324 1014 5379 iis
1058 5320 1407 5392 persuadere,
1435 5328 1490 5373 ut
1519 5320 1793 5388 patiantur

170 5438 314 5481 sese
343 5422 414 5477 ab
439 5422 559 5476 aliis
585 5418 779 5475 occidi.
811 5417 954 5473 Sane
985 5425 1036 5471 et
1070 5414 1354 5479 Eusebius,
1380 5412 1472 5468 lib.
1507 5428 1561 5480 v,
1584 5427 1704 5480 cap.
1735 5410 1791 5479 6,

168 5517 382 5576 scribit
403 5516 514 5586 jam
542 5516 672 5570 olim
715 5511 1072 5568 Montanistas
1118 5509 1354 5580 jactasse
1403 5520 1531 5561 suos
1579 5519 1794 5577 quoque

169 5622 486 5681 martyres,
523 5617 578 5664 et
622 5606 690 5662 ad
720 5605 857 5660 hanc
896 5604 1147 5675 gloriam,
1181 5612 1452 5671 tamquam
1483 5599 1549 5655 ad
1581 5614 1792 5654 sacram

169 5703 511 5771 anchoram,
543 5699 875 5771 confugisse,
926 5707 984 5752 ut
1024 5712 1177 5752 suam
1208 5704 1410 5751 sectam
1446 5692 1797 5749 commenda-

170 5808 315 5855 rent
346 5805 507 5867 atque
544 5794 914 5850 celebrarent.
959 5790 1065 5847 Sed
1110 5804 1198 5845 res
1227 5789 1341 5860 ipsa
1368 5787 1601 5859 loquitur
1630 5786 1797 5842 fuisse

174 5885 398 5946 fatuam
423 5876 728 5953 ὁιιῦοδοξίαὐζ

1100 338 1427 399 HISTORIA
1464 329 2069 393 CARTHAGINENSIS
2105 334 2583 398 COLLATIONIS.

198 465 308 521 dit:
334 470 390 519 et
408 460 574 537 (quod
603 459 794 515 mirum
824 454 929 529 est)
950 454 1139 513 eadem
1162 464 1245 510 est
1270 466 1412 507 nunc
1437 463 1624 506 eorum
1653 461 1780 503 con-
1811 448 1869 509 Α

3347 359 3489 419 1498

1917 542 1928 553 ,
1965 449 2133 506 Porro
2159 454 2283 523 quia
2317 455 2609 516 Donatistae.
2635 461 2926 524 audiebant
2975 469 3270 529 Ecclesium
3297 479 3488 533 catho-

1892 541 2076 612 licam,
2110 561 2217 602 non
2249 550 2409 606 ntodo
2434 556 2638 610 sanctis
2660 561 2953 631 martyriis,
2983 565 3076 620 sed
3109 575 3164 621 et
3190 567 3488 629 illustribus

1891 639 2167 744 miraculis
2208 642 2375 703 fuisse
2403 661 2672 720 ornatam,
2724 656 2999 725 jactarunt
3026 662 3185 718 etiam
3224 680 3336 722 sua:
3363 684 3487 738 par-

1890 735 1958 835 tis
1979 735 2162 835 nesci_o
2192 752 2314 807 qua:
2344 741 2626 811 miracula,
2655 749 2806 816 quasi
2835 760 2982 808 certa
3012 754 3208 813 indicia
3236 735 3482 817 testiino-

1888 827 2086 929 niaque
2113 827 2396 929 Ecclesiae.
2427 835 2531 891 Sed
2553 850 2711 895 acute
2730 840 3066 914 Augustinus
3090 863 3152 903 ea
3180 859 3480 922 retorquet,

1890 926 1946 970 ut
1979 924 2157 1016 potius
2187 935 2283 990 pro
2312 924 2482 996 signis
2526 929 2847 991 Antichristi
2872 937 2954 993 vel
2984 940 3485 1016 pseudopropheta-

1886 1026 2002 1067 rum
2031 1015 2353 1074 habeantur.

1957 1109 2120 1185 365
2137 1111 2275 1180 Quid
2297 1129 2401 1170 non
2418 1117 2536 1172 ausi
2554 1128 2680 1175 sunt
2697 1121 3014 1194 Donatistze,
3034 1129 3160 1200 quid
3182 1146 3287 1187 non
3307 1139 3482 1189 tenta-

1885 1214 2011 1257 runt
2037 1202 2406 1261 utEcelesiam
2433 1225 2600 1279 penes
2621 1228 2680 1269 se
2700 1229 2823 1273 esse
2844 1219 3170 1287 probarent?
3198 1223 3482 1283 Jactarunt

1884 1297 2045 1351 etiam
2102 1299 2351 1369 angelum
2401 1305 2679 1361 caelestem
2737 1313 3094 1382 apparuisse,
3142 1318 3232 1389 qui
3283 1334 3471 1375 eorum

1884 1404 2103 1446 causam
2136 1394 2513 1453 confirmaret.
2544 1398 2651 1455 Sed
2682 1401 3018 1473 Augustinus
3048 1409 3101 1464 in
3132 1412 3293 1481 epist.
3318 1429 3477 1482 ccxv,

1884 1485 2044 1540 altius
2071 1490 2333 1559 assurgit,
2379 1500 2435 1547 et
2464 1493 2540 1548 illi
2570 1482 2732 1550 etiam
2759 1539 2773 1565 ,
2807 1500 2853 1554 si
2881 1503 3000 1572 quis
3030 1503 3255 1574 fuisset,
3318 1509 3482 1566 audet

1883 1579 2200 1640 denuntiare
2226 1587 2543 1657 anathema,
2576 1590 2745 1649 fretus
2775 1597 3044 1655 vaticiniis
3093 1603 3479 1673 prephetarum

1882 1675 2205 1733 catholicam
2247 1680 2545 1740 Eeelcsiam
2590 1690 3042 1756 promittentium.
3099 1694 3167 1750 Et
3214 1698 3341 1767 has,
3400 1701 3485 1758 in-

1883 1771 2031 1839 quit,
2071 1776 2433 1842 promissiones
2460 1783 2682 1848 tenenti,
2714 1784 2759 1837 si
2780 1785 2873 1839 tibi
2898 1788 3111 1857 angelus
3141 1789 3205 1846 de
3227 1792 3354 1848 caelo
3402 1794 3487 1848 di-

1885 1874 2050 1930 ceret,
2077 1867 2272 1921 dimitte
2300 1868 2741 1929 Christianitatem
2765 1878 2903 1932 orbis
2927 1888 2977 1934 et
3010 1890 3124 1935 tene
3161 1893 3333 1951 partes
3378 1883 3487 1940 Do-

1885 1957 1994 2010 nati
2019 1999 2034 2023 ,
2084 1961 2356 2016 anathema
2394 1979 2504 2018 esse
2543 1965 2764 2021 deberet.
2820 1969 3115 2028 Donatista:
3161 1973 3376 2030 tandem
3420 1992 3487 2033 eo

1885 2063 2215 2117 evaserunt,
2259 2057 2507 2113 utetiam
2539 2058 2779 2117 dicerent
2815 2064 2977 2120 Deum
3017 2066 3194 2136 ipsum
3232 2067 3300 2124 de
3345 2070 3486 2127 ctelo

1886 2146 2237 2215 reSpondisse
2266 2148 2477 2205 Donato
2508 2171 2522 2207 :
2568 2169 2739 2224 prope
2770 2165 2828 2212 ut
2852 2157 2921 2214 de
2946 2174 3046 2215 suo
3070 2160 3297 2219 auctore
3334 2163 3483 2220 dice-

1887 2250 2007 2294 rent
2029 2282 2044 2306 ,
2095 2242 2345 2298 auditam
2366 2260 2488 2302 esse
2518 2247 2613 2304 Dei
2649 2264 2836 2306 vocem
2869 2253 3034 2319 illam,
3066 2252 3250 2325 Ipsum
3291 2259 3487 2314 audite.

1888 2329 2093 2387 Verum
2139 2336 2326 2404 quod,
2389 2338 2481 2423 ubi
2533 2344 2793 2397 miracula
2837 2345 3114 2414 jactarunt
3161 2366 3487 2423 responsum

1888 2424 2211 2493 audierunt,
2264 2428 2405 2483 idem
2452 2447 2597 2487 nunc
2644 2433 2724 2489 eis
2753 2435 3095 2505 Augustinus
3124 2441 3333 2511 objicit.
3382 2446 3486 2501 Aut

1890 2515 2170 2587 falluntur,
2222 2519 2433 2590 inquit,
2465 2533 2555 2576 aut
2586 2525 2797 2595 fallunt.
2847 2526 2913 2581 Et
2940 2540 3119 2585 contra
3144 2533 3291 2600 istos,
3333 2544 3389 2589 ut
3414 2538 3487 2592 ita

1889 2610 2110 2682 loquar,
2157 2612 2567 2670 mirabiliarios:
2595 2627 2802 2671 cautum
2848 2636 2929 2674 me
2972 2621 3092 2691 fecit
3123 2621 3266 2678 Deus
3313 2642 3482 2695 meus,

1890 2705 2065 2761 dicens
2088 2724 2106 2763 :
2140 2707 2205 2762 In
2234 2711 2524 2767 novissimis
2552 2713 2862 2786 temporibus
2885 2728 3137 2790 exurgent
3164 2719 3486 2792 pseudopro-

1890 2801 2076 2869 phette,
2107 2804 2354 2874 facientes
2385 2806 2533 2879 signa
2559 2816 2606 2862 et
2635 2819 2890 2881 portenta,
2920 2820 2973 2864 ut
2999 2812 3053 2867 in
3082 2829 3307 2868 errorem
3336 2816 3488 2872 indu-

1889 2906 2026 2959 cant,
2057 2900 2100 2952 si
2129 2899 2242 2966 ﬁeri
2273 2909 2455 2969 potest,
2486 2886 2641 2956 etiam
2672 2903 2875 2956 electos.
2915 2903 3049 2959 Ecce
3077 2907 3299 2975 prtrdixi
3323 2909 3485 2964 vobis.

1891 2989 2033 3063 Ergo
2060 3004 2239 3047 cautos
2267 3010 2361 3049 nos
2389 2994 2509 3064 fecit
2535 3011 2775 3067 sponsus,
2800 2998 2922 3065 quia
2951 3007 2999 3053 et
3021 3000 3289 3056 miraculis
3319 3002 3488 3074 decipi
3572 3030 3575 3031 ν

1892 3105 1992 3142 non
2023 3087 2285 3143 debemus.

1963 3179 2149 3235 Redeo
2177 3180 2242 3234 ad
2274 3188 2391 3235 acta
2412 3177 2757 3248 Collationis,
2794 3192 2850 3237 ut
2874 3184 3088 3240 audiam
3117 3187 3314 3258 ecquid
3363 3201 3487 3245 tan-

1817 3230 1863 3294 C
1894 3272 2018 3329 dem
2065 3273 2133 3328 de
2174 3263 2472 3329 Donatistis
2519 3276 2883 3344 pronuntiarit
2927 3230 3295 3336 Marcellinlus.
3344 3281 3489 3338 Nihil

1892 3367 2037 3419 enim
2067 3365 2273 3435 aIiOqtti
2310 3373 2488 3420 actum
2523 3376 2689 3422 esset.
2742 3369 3076 3439 Augustinus
3114 3370 3166 3426 in
3202 3373 3488 3430 Breviculo

1890 3460 1968 3514 ait
2005 3474 2130 3514 eum
2174 3459 2556 3529 pronuntiasse
2600 3461 2907 3517 confutatos
2952 3478 3073 3520 esse
3114 3480 3142 3518 a
3189 3463 3486 3524 Catholicis

1894 3553 2239 3619 Donatistas,
2272 3552 2511 3609 omnium
2544 3552 2990 3611 documentortnn
3022 3557 3482 3617 manifestatinne.

1893 3648 2158 3719 lntegram
2190 3648 2542 3713 sententiam,
2575 3664 2696 3717 qum
2724 3649 2936 3719 longior
2962 3660 3067 3717 est,
3099 3661 3155 3707 et
3178 3652 3342 3709 edicti
3375 3654 3489 3710 for-

1891 3757 2033 3797 mam
2078 3741 2279 3808 habet,
2326 3743 2612 3797 continent
2647 3751 2765 3796 aeta
2793 3742 2860 3797 de
2892 3743 3089 3813 quibus
3119 3744 3332 3815 loquor.
3395 3748 3491 3802 Est

1890 3845 2070 3889 autem
2106 3834 2156 3888 in
2187 3849 2248 3888 ea
2277 3834 2545 3904 imprimis
2575 3836 2952 3902 memorabile,
2980 3837 3121 3906 quod
3146 3838 3300 3907 jnhet
3328 3839 3484 3895 tidem

1892 3928 2164 3999 publicam
2209 3929 2450 3982 evocatis
2485 3928 2785 3985 Donatistis
2811 3930 2990 3985 datam
3027 3930 3211 4004 (vulgo
3252 3933 3491 3990 salvum-

1892 4022 2218 4077 Conductum
2248 4019 2468 4093 vocant)
2512 4022 2756 4088 servari,
2812 4032 2869 4077 ut
2909 4024 2975 4079 iis
3006 4024 3235 4080 liberum
3266 4035 3322 4082 ct
3351 4028 3489 4083 intc-

1891 4130 2044 4185 grum
2076 4115 2148 4169 sit
2178 4121 2292 4169 tuto
2321 4114 2541 4168 domum
2574 4114 2776 4169 redire.
2808 4115 2913 4170 Sed
2949 4116 3161 4173 interea
3187 4135 3295 4175 non
3328 4136 3492 4191 posse

1893 4225 1955 4264 se
1984 4208 2189 4263 diutius
2217 4206 2437 4263 differre
2478 4208 2658 4278 legum
2689 4204 2877 4263 contra
2908 4225 3004 4265 eos
3033 4211 3261 4267 latarum
3295 4200 3494 4271 execu-

1896 4302 2122 4368 tionem,
2157 4311 2557 4373 proptereaqne
2580 4302 2734 4373 jubet
2774 4314 2827 4357 ul
2859 4318 3048 4359 eorum
3077 4318 3250 4362 coetus
3291 4307 3492 4364 dissol-

1894 4404 2114 4459 vantur,
2144 4402 2199 4448 et
2230 4393 2479 4449 Basilica:
2508 4410 2646 4465 quas
2678 4407 3040 4466 occuparant,
3073 4399 3371 4457 Catholicis
3407 4418 3467 4460 re

1892 4484 2209 4538 stituautur.

1968 4577 2271 4644 Possidius,
2302 4578 2393 4647 qui
2427 4579 2592 4633 etiam
2625 4577 2892 4643 interfuit,
2922 4581 2997 4636 ait
3027 4582 3335 4641 Donatistas
3363 4601 3488 4642 sen-

1896 4673 2059 4727 tentia
2087 4674 2381 4743 eognitoris
2412 4682 2630 4729 notatos
2656 4691 2798 4741 esse,
2855 4690 2907 4731 et
2937 4685 3060 4747 post
3087 4693 3274 4733 eorum
3305 4680 3489 4749 appel-

1894 4764 2177 4830 lationem,
2207 4764 2431 4833 piissimi
2463 4765 2609 4835 regis
2636 4780 2903 4834 restionso
2928 4767 3074 4837 juste
3106 4768 3247 4823 inter
3277 4766 3494 4824 lucreti-

1894 4870 1990 4911 cos
2018 4871 2137 4912 esse
2164 4856 2578 4912 condemnatos.
2606 4856 2811 4926 Nempe
2837 4859 3162 4914 sententiam
3192 4860 3497 4918 Marcellini

1894 4963 2183 5008 consecuta
2218 4963 2303 5007 est
2345 4953 2427 5007 lex
2475 4952 2846 5024 imperatoria.
2908 4954 3041 5010 Nam
3069 4964 3122 5010 et
3151 4973 3271 5025 qua:
3300 4959 3352 5012 in
3380 4958 3490 5014 Co-

1895 5046 2016 5102 dice
2042 5046 2421 5102 Theodosiano
2447 5045 2541 5102 lib.
2576 5063 2723 5115 thv,
2746 5047 2813 5104 de
2835 5048 3033 5105 Haeret.
3066 5059 3242 5107 exstat
3266 5052 3489 5108 Honorii

1897 5140 2214 5196 constitutio
2258 5150 2452 5196 contra
2488 5141 2799 5197 Donatistas
2822 5184 2834 5207 ,
2887 5142 3016 5199 data
3044 5143 3321 5202 Ravenna:
3344 5144 3494 5201 Con-

1896 5234 2098 5290 stantio
2125 5243 2181 5291 et
2201 5237 2494 5291 Constante
2524 5251 2674 5292 coss.
2706 5239 2925 5294 nonnisi
2968 5238 3182 5294 duobus
3221 5251 3339 5310 post
3365 5241 3489 5297 Col.

1898 5329 2153 5385 lationem
2190 5329 2670 5400 Carthaginensem
2705 5331 2862 5385 annis
2893 5331 3038 5385 edita
3064 5339 3165 5385 est.
3219 5333 3397 5402 Atque
3424 5336 3495 5390 ita

1899 5421 2116 5493 quidem
2141 5422 2273 5477 olim
2292 5423 2542 5478 solebant
2568 5421 2863 5477 Christiani
2898 5423 3260 5491 imperatores
3284 5428 3498 5486 sancire

1898 5517 2123 5572 decreta
2154 5517 2528 5572 conciliorum.
2561 5514 2827 5571 Praefatur
2855 5529 3035 5572 autem
3070 5517 3338 5578 llonorius
3361 5522 3493 5593 Imp.

1899 5623 2023 5664 sese
2067 5610 2332 5664 hactenus
2380 5610 2690 5680 pepercisse
2742 5608 3077 5676 Donatistis,
3118 5626 3255 5681 quos
3302 5614 3496 5685 iuqttit,
3558 5638 3565 5647 η

1902 5701 2160 5771 patientia
2187 5699 2488 5754 clementiae
2517 5709 2718 5753 nostrae
2750 5700 3010 5755 servavit.
3040 5700 3096 5757 Id
3124 5718 3255 5758 vero
3279 5721 3385 5759 non
3413 5721 3496 5761 sa-

1904 5795 1971 5850 tis
1999 5794 2430 5871 intelligeretur,
2469 5792 2571 5846 nisi
2602 5792 3013 5849 meminerimus
3043 5809 3201 5864 quam
3232 5798 3501 5866 patienter

1905 5894 1958 5945 et
2004 5886 2233 5959 benigne
2267 5885 2426 5958 paulo
2451 5880 2576 5944 ante
2601 5884 2768 5943 auditi
2812 5886 2867 5943 in
2896 5881 3199 5947 Collatione
3241 5882 3493 5952 fuissent.
