3996 6332
552 287 691 346 1499

2011 283 2378 342 APPENDIX.

3638 297 3741 358 15ίο

550 405 737 478 Neque
777 415 956 464 tamen
999 405 1156 479 plane
1178 419 1378 461 novum
1400 414 1504 473 est,
1535 402 1678 478 quod
1705 400 1975 458 llonorius
1994 399 2150 472 jubet
2174 401 2221 466 Α
2251 414 2449 472 nempe
2479 399 2619 456 vinci
2652 414 2832 472 posse,
2859 397 3171 472 persuaderi
3198 415 3300 455 non
3327 415 3487 472 posse.
3530 404 3584 460 Et
3606 416 3741 467 tamen

555 515 652 557 eos
679 515 800 556 esse
828 495 1198 564 intestabiles,
1253 497 1562 569 nullamque
1599 502 1924 568 potestatem
1960 491 2146 562 ullius,

555 600 613 649 ιιι
642 591 898 664 loquitur,
932 588 1178 657 ineundi,
1210 589 1414 645 habere
1444 589 1540 643 ait.
1578 587 1741 644 Certe
1770 585 2150 644 Tbeodosiana

554 699 768 757 quoque
799 684 883 741 lex
916 681 1036 750 fuit,
1065 698 1168 756 qua
1199 683 1266 738 iis
1297 683 1379 737 vel
1410 681 1644 738 faciendi
1682 688 2030 746 testamenta,
2061 676 2150 734 vel

556 800 652 857 per
672 784 993 840 donationes
1020 782 1179 838 alicui
1207 781 1333 854 quid
1360 779 1674 838 conferendi
1703 777 1931 836 facultas
1957 775 2148 834 adimi-

556 889 642 934 tur
667 921 682 944 ,
728 875 814 934 vel
843 893 911 934 ex
941 876 1324 933 donationibus
1367 874 1780 930 testanientisve
1818 871 2020 944 aliquid
2061 885 2152 925 ca-

558 967 740 1042 piendi
767 1011 782 1032 ,
829 977 886 1024 ut
933 967 1050 1039 ipse
1079 967 1414 1039 Augustinus
1455 967 1652 1022 recitat
1694 965 1759 1020 ad
1796 963 1956 1020 ﬁnem
1995 963 2094 1018 lib.
2135 977 2153 1020 ι

556 1076 743 1121 contra
782 1063 1127 1119 Parmenion.
1191 1061 1294 1120 Sed
1345 1071 1401 1119 et
1444 1061 1512 1118 ad
1552 1061 1643 1132 jus
1685 1058 1845 1116 civile
1895 1057 2152 1128 pertinet,

553 1165 954 1227 proptereaque
991 1155 1168 1210 minus
1208 1154 1492 1226 praeterire
1534 1167 1755 1223 possum
1786 1149 1930 1222 quod
1959 1149 2150 1205 eodem

559 1249 682 1304 loco
710 1256 892 1302 narrat
915 1245 1249 1321 Augustinus
1274 1289 1290 1316 ,
1338 1262 1461 1302 cum
1503 1245 1667 1301 homo
1694 1243 1910 1316 quidam
1957 1243 2155 1300 nobilis

557 1341 982 1412 imperatoribus
1009 1342 1403 1412 supplicasset,
1436 1342 1558 1412 quia
1591 1355 1746 1396 soror
1781 1339 1898 1411 ejus
1928 1355 2048 1412 qua:
2087 1339 2156 1396 de

559 1444 711 1508 parte
738 1435 933 1492 Donati
975 1436 1192 1500 fuerat,
1229 1451 1351 1491 cum
1394 1435 1820 1507 defungeretur,
1853 1435 1905 1490 in
1942 1435 2156 1504 aliquos

555 1529 955 1584 communionis
987 1543 1099 1584 suae
1142 1527 1374 1598 plurima
1416 1527 1768 1594 contulisset,
1822 1539 2156 1600 praeceptum

559 1635 701 1685 esse,
733 1629 793 1675 ιιι
819 1621 1000 1676 omnia
1034 1620 1188 1674 fratri
1217 1620 1661 1678 restituerentur.
1688 1618 1790 1676 Hic
1818 1636 1946 1692 ergo
1976 1621 2155 1676 locum

561 1729 670 1771 non
703 1714 891 1770 habuit
921 1713 1012 1768 lex
1043 1711 1206 1783 Papia
1237 1711 1303 1768 de
1333 1712 1555 1768 caducis
1575 1756 1589 1777 ,
1625 1729 1688 1767 ex
1721 1728 1826 1785 qua
1858 1712 2022 1769 ﬁscus
2064 1727 2155 1768 ca-

2250 494 2448 548 rnnltos
2473 494 2564 564 qui
2595 493 2865 550 sanabiles
2891 501 3074 558 erant,
3109 492 3388 561 resipuisse
3415 495 3517 564 ipse
3541 496 3741 568 Augusti-

2249 602 2352 642 nus
2379 595 2602 642 testatur
2625 587 2678 642 in
2703 586 2796 644 lib.
2822 586 2889 642 de
2904 585 3083 642 Gestis
3109 600 3228 640 cum
3259 586 3474 642 Emerito
3499 589 3572 642 ubi
3598 589 3652 646 de
3669 591 3739 647 hac

2249 678 2550 734 Collatione
2591 679 2851 750 loquens:
2901 676 3238 743 Donatistas,
3285 679 3476 748 inquit,
3521 680 3566 733 in
3591 683 3745 740 nomine

2251 771 2444 828 Christi
2484 775 2537 828 in
2561 775 2809 846 gremium
2839 771 3150 826 catholicum
3193 784 3370 841 magna
3395 789 3450 826 ea:
3477 784 3599 843 parte
3621 792 3750 830 susce-

2251 872 2448 940 pimus,
2497 869 2569 921 ita
2616 878 2673 924 ut
2714 883 2844 938 pene
2871 882 3046 920 omnes
3084 865 3418 920 communioni
3444 867 3664 921 catholicae
3691 885 3751 922 so-

2251 962 2413 1015 ciatos
2437 977 2544 1014 esse
2573 959 2910 1033 gaudeamus.
2951 958 3098 1015 ldem
3130 959 3442 1027 Augustinus
3480 959 3524 1012 in
3560 961 3688 1029 epist.
3709 978 3748 1028 ι,

2252 1052 2318 1108 ad
2363 1052 2726 1119 Bonifacium,
2777 1052 2888 1116 ait,
2929 1049 3161 1106 Maxime
3194 1059 3304 1120 post
3344 1048 3636 1102 Collationem
3671 1068 3753 1121 qua:

2253 1145 2386 1200 inter
2431 1160 2522 1198 nos
2567 1155 2614 1197 et
2657 1145 2924 1212 episcopos
2958 1158 3134 1196 eorum
3174 1139 3314 1208 apud
3337 1136 3651 1211 Carthaginem
3683 1145 3754 1212 {uit

2254 1254 2319 1292 ex
2347 1255 2534 1309 magna
2565 1247 2710 1309 parte
2738 1237 2955 1291 correcti
2979 1245 3117 1289 sunt.
3147 1234 3294 1304 Ergo
3320 1232 3484 1288 effecit
3508 1231 3604 1288 bzec
3626 1234 3756 1288 Colla-

2254 1334 2329 1389 tio
2359 1333 2504 1404 quod
2546 1332 2631 1388 vix
2662 1346 2913 1403 umquam
2943 1328 3163 1386 efﬁcere
3205 1336 3482 1400 potuerunt
3516 1327 3701 1381 maxima
3721 1337 3759 1383 et

2255 1427 2458 1498 optima
2504 1425 2706 1496 alioqui
2747 1423 2995 1479 concilia.
3066 1421 3172 1476 Sed
3224 1422 3410 1476 vellem
3468 1422 3606 1475 etiam
3656 1417 3759 1490 quod

2261 1519 2595 1591 Augustinus
2639 1518 2900 1588 optabat,
2943 1517 3215 1573 effecisset
3267 1527 3323 1570 ut
3369 1515 3602 1570 Catholici
3643 1514 3759 1581 mali,

2257 1629 2485 1683 quorum
2561 1611 2874 1683 depravatio
2932 1605 3177 1664 irritabat
3239 1607 3558 1670 Donatistas,
3619 1607 3761 1664 horum

2259 1707 2578 1763 tumultibus
2618 1707 2850 1760 correcti
2891 1712 2948 1759 et
2983 1700 3256 1759 emendati
3299 1698 3530 1755 fuissent.
3573 1701 3628 1755 At
3649 1716 3764 1770 quam

564 1807 778 1877 piebat,
821 1805 965 1878 quod
994 1806 1245 1863 relictum
1275 1813 1393 1862 erat
1421 1807 1469 1860 ei
1513 1803 1603 1876 qui
1629 1821 1826 1878 capere
1868 1821 1974 1862 non
2002 1817 2157 1879 pote-
2186 1792 2232 1854 Β
2262 1800 2440 1870 potius
2471 1798 2592 1852 facti
2624 1797 2733 1851 sint
2760 1795 3065 1856 deteriores
3086 1837 3100 1860 ,
3146 1794 3319 1848 bonus
3345 1801 3423 1846 est
3453 1790 3584 1846 testis
3617 1789 3765 1846 Salvia-

560 1907 663 1958 rat.
709 1900 816 1957 Sed
868 1899 969 1957 etsi
994 1898 1164 1956 frater
1192 1900 1282 1956 ille
1311 1897 1502 1956 fuisset
1531 1901 1836 1970 praeteritus
1860 1900 1949 1957 vel
1978 1900 2160 1956 exhin-

563 1993 813 2062 redatus,
854 1992 979 2064 jure
1008 1995 1286 2050 communi
1316 1993 1580 2064 potuisset
1609 1994 1922 2050 rescindere
1953 1994 2159 2050 sororis

559 2096 976 2156 testamentum,
1028 2085 1080 2142 in
1135 2103 1242 2159 quo
1295 2096 1479 2158 turpes
1530 2097 1584 2142 et
1631 2086 1861 2144 infames
1911 2102 2157 2157 persona:

561 2181 773 2252 (quales
798 2187 956 2236 erant
983 2179 1299 2252 Donatistae)
1323 2179 1555 2236 fuissent
1588 2180 1867 2236 institutae.
1898 2180 2003 2240 Sed
2031 2181 2159 2251 quia

566 2288 710 2330 nunc
739 2273 809 2330 de
832 2273 954 2345 jure
977 2273 1122 2329 civili
1155 2273 1466 2344 disputandi
1498 2274 1648 2329 locus
1675 2289 1780 2329 non
1812 2283 1912 2339 est,
1938 2284 2160 2345 praeter-

562 2382 628 2422 eo
657 2365 802 2438 quod
840 2367 1082 2438 pluribus
1109 2368 1289 2424 verbis
1315 2382 1380 2423 ea
1409 2367 1475 2422 de
1519 2383 1578 2423 re
1629 2367 1732 2422 dici
1779 2377 1983 2438 posset.
2048 2367 2161 2423 llo-

567 2475 671 2516 neo
701 2470 878 2516 tamen
920 2461 1177 2521 lectorem
1204 2505 1218 2530 ,
1263 2470 1319 2516 ut
1350 2459 1596 2516 conferat
1625 2476 1784 2531 quam
1823 2459 1984 2529 hujus
2027 2459 2162 2532 legis

566 2552 1010 2623 depravationem
1065 2565 1252 2620 postea
1301 2552 1353 2608 in
1404 2552 1584 2608 Africa
1637 2552 1808 2608 edidit
1858 2553 2161 2609 llunericus

569 2645 882 2714 Vandalus,
930 2655 987 2702 ut
1015 2644 1202 2702 Victor
1232 2644 1503 2703 Uticensis
1545 2647 1640 2703 lib.
1671 2662 1727 2700 ιιι
1767 2654 1972 2700 narrat.
2023 2642 2160 2700 Illud

565 2750 835 2812 prmterea
861 2755 928 2797 ex
959 2740 1052 2796 lib.
1085 2756 1181 2795 xvi
1209 2738 1342 2795 Cod.
1375 2738 1647 2794 Thcodos.
1683 2739 1764 2792 tit.
1796 2753 1848 2805 v,
1881 2754 1930 2794 c.
1964 2733 2032 2803 5,
2073 2737 2159 2792 di-

565 2833 814 2899 dicimus,
837 2831 980 2904 quod
1008 2831 1112 2886 huc
1133 2833 1356 2887 omnino
1383 2829 1725 2887 referendum
1758 2839 1860 2900 est,
1889 2846 1994 2886 non
2026 2831 2162 2884 mul-

567 2935 621 2982 to
674 2933 798 2997 post
835 2923 1193 2981 Collationem
1245 2933 1514 2978 mortuum
1565 2921 1733 2978 fuisse
1762 2921 2159 2988 Marcellinum,

566 3025 963 3088 proptereaque
998 3015 1284 3086 quaesitum
1322 3015 1486 3070 fuisse
1512 3057 1526 3080 ,
1577 3031 1643 3070 an
1671 3013 1792 3086 ejus
1823 3026 1996 3070 morte
2043 3024 2160 3070 acta

565 3111 891 3167 Collationis
939 3109 1414 3165 labefactarentur.
1469 3109 1856 3179 Imperatorem
1893 3123 2025 3164 vero
2057 3107 2161 3163 llo-

2263 1908 2362 1949 nus
2426 1891 2782 1948 Massiliensis
2847 1890 2900 1945 in
2946 1889 3038 1943 lib.
3083 1887 3151 1942 de
3177 1884 3394 1942 Provid.
3437 1892 3487 1940 et
3513 1883 3768 1950 Judic.,ul»i

2260 1984 2767 2057 Carthagincnsium
2797 1982 3169 2040 incredibilem
3199 1980 3455 2035 insaniam
3474 1987 3522 2033 et
3544 1977 3769 2047 proiectam

2263 2080 2558 2152 nequitiam
2591 2077 2875 2134 de>cribit.
2920 2072 3065 2145 Ergo
3105 2090 3211 2128 non
3250 2073 3417 2127 multo
3451 2081 3557 2141 post
3578 2068 3771 2124 Collatio—

2262 2190 2385 2228 nem
2425 2173 2620 2228 accidit
2661 2184 2717 2224 ut
2757 2171 2939 2225 hostes
2972 2167 3265 2223 Donatistis
3311 2167 3463 2235 longe
3500 2164 3770 2218 immaniores

2265 2268 2316 2322 in
2345 2266 2580 2321 Africam
2624 2261 2960 2328 inundarint,
2997 2260 3090 2331 qui
3131 2257 3377 2315 terribile
3404 2255 3578 2316 divine
3611 2253 3771 2308 ultionis

2263 2360 2524 2414 adversus
2549 2357 2885 2426 deploratam
2917 2352 3320 2424 improbitatem
3348 2349 3620 2417 exemplum
3640 2345 3772 2400 edide«

2264 2461 2413 2519 runt,
2438 2449 2632 2508 excisis
2667 2451 2947 2517 plusquam
2973 2444 3335 2516 quadraginta
3362 2436 3611 2503 Ecclesiis,
3633 2448 3674 2490 et
3693 2437 3773 2507 ipsa

2265 2545 2498 2614 denique
2520 2539 2846 2610 Carthagine
2876 2553 3063 2594 eversa
3091 2554 3106 2602 ;
3154 2536 3494 2604 moriensque
3518 2532 3772 2601 Augustinus

2267 2638 2428 2693 talem
2468 2635 2828 2690 calamitatem
2870 2631 2942 2686 ita
2979 2629 3227 2697 deﬂevit,
3271 2638 3332 2682 ut
3372 2637 3536 2682 tamen
3561 2625 3604 2678 in
3635 2638 3684 2678 ea
3705 2636 3772 2692 ge-

2266 2744 2418 2785 mens
2454 2727 2658 2798 justum
2708 2725 2801 2780 Dei
2836 2723 3098 2796 judicium
3144 2730 3480 2792 agnosceret,
3519 2716 3651 2772 sicuti
3682 2714 3772 2768 Pos-

2265 2822 2436 2879 sidius
2475 2830 2675 2876 narrat.
2742 2817 2952 2873 Interea
2995 2815 3378 2888 gratulandum
3415 2823 3495 2868 est
3532 2806 3772 2868 Donatistis,

2265 2916 2307 2968 si
2344 2913 2433 2985 qui
2471 2911 2742 2967 sanabiles
2771 2919 2948 2976 erant,
2991 2907 3196 2963 nullum
3233 2904 3536 2960 scandalum
3568 2900 3775 2954 obstitisse

2267 3006 2554 3079 quominus
2589 3004 2655 3060 ad
2686 3019 2803 3059 eam
2834 3002 3097 3065 redirent,
3143 3014 3306 3069 quam
3351 2999 3402 3053 In
3433 2990 3776 3051 Collationelfc-

2266 3100 2488 3155 clcsiam
2529 3103 2876 3169 agnoverant.
2901 3093 3043 3149 Sane
3079 3091 3390 3154 Possidius,
3431 3088 3514 3160 qui
3537 3081 3776 3144 Collationi,

567 3201 780 3258 norium
821 3201 1031 3259 duobus
1069 3203 1291 3259 circiter
1333 3202 1613 3258 mensibus
1654 3211 1776 3276 post
1819 3203 2160 3271 superiorem

2269 3203 2322 3246 ut
2352 3189 2505 3258 dixi,
2541 3187 2822 3253 interluit,
2868 3193 3135 3246 testatur,
3177 3181 3348 3254 366
3389 3178 3680 3251 potissimum
3712 3185 3779 3243 per

564 3298 734 3369 legem
769 3312 870 3354 suo
900 3313 960 3354 ea
989 3297 1168 3353 edicto
1211 3298 1406 3352 iterum
1453 3296 1829 3352 conﬁrmasse.
1883 3296 1971 3352 Sic
2012 3297 2159 3353 enim

567 3391 786 3451 Juliano
814 3393 1125 3465 proconsuli
1157 3392 1354 3449 Africa:
1382 3391 1666 3448 rescribit:
1704 3389 1930 3447 Notione
1970 3402 2016 3447 et
2053 3392 2165 3447 sol-

569 3487 840 3542 licitudine
869 3485 1166 3542 Marcellini
1207 3486 1500 3558 spectabilis
1540 3487 1798 3541 memoria:
1844 3487 1940 3542 viri
1982 3499 2166 3543 contra

569 3577 872 3634 Donatistae
925 3591 1066 3652 gesta
1115 3590 1231 3634 sunt
1281 3596 1340 3634 ea
1386 3594 1500 3646 qua:
1548 3578 1802 3634 translata
1847 3578 1902 3633 in
1961 3579 2166 3649 publica

573 3673 887 3728 monimenta
939 3673 1124 3728 habere
1183 3674 1419 3729 volumus
1481 3681 1782 3745 perpetuam
1847 3671 2159 3743 ﬁrmitatem.

574 3764 757 3837 Neque
775 3769 911 3820 enim
931 3775 1096 3820 morte
1117 3766 1394 3838 cognitoris
1423 3767 1589 3836 perire
1610 3763 1753 3820 debet
1781 3766 1987 3836 publica
2012 3765 2160 3836 ﬁdes.

571 3857 694 3914 Dat.
723 3874 780 3914 ιιι
820 3857 1027 3913 kalend.
1060 3857 1322 3929 Septemb.
1343 3899 1356 3922 ,
1401 3855 1554 3913 Rom.
1579 3903 1591 3925 ,
1626 3857 1928 3914 Constantio
1955 3868 2002 3913 et
2031 3857 2166 3915 Con-

570 3959 736 4007 stante
762 3967 892 4007 coss.
937 3950 1042 4008 Sed
1072 3949 1138 4006 ad
1168 3950 1327 4023 hujus
1361 3951 1494 4023 legis
1523 3949 1638 4012 sive
1666 3951 1917 4020 rescripti
1949 3961 2166 4007 senten-

571 4046 696 4100 tiam
740 4044 1184 4117 intelligendam,
1229 4044 1534 4101 necessaria
1575 4041 1674 4099 fuit
1719 4043 2036 4099 Collationis
2086 4043 2168 4097 hi-

569 4141 738 4196 storia
787 4155 951 4210 quam
974 4138 1223 4209 exposui.
1258 4138 1322 4192 Et
1349 4143 1410 4191 ut
1437 4137 1736 4206 fragmenta
1765 4135 2016 4206 colligam
2046 4151 2166 4203 quae

571 4233 818 4304 dispersa
866 4232 1210 4300 dissectaque
1256 4245 1363 4283 non
1405 4228 1820 4300 intelliguntur:
1860 4241 2002 4283 nunc
2028 4226 2166 4300 adji-

569 4327 708 4382 ciam
747 4324 888 4399 quod
924 4325 1191 4380 flonoriu‘s
1222 4323 1430 4389 scribit,
1471 4331 1527 4378 et
1554 4322 1620 4376 ad
1651 4320 1790 4377 hunc
1821 4321 1999 4377 locum
2045 4337 2168 4394 per-

575 4419 729 4488 tinet,
766 4419 938 4492 inquit
975 4419 1066 4477 lib.
1101 4435 1196 4485 vrt,
1227 4433 1347 4489 cap.
1375 4417 1481 4472 ωε
1515 4415 1612 4473 llis
1641 4416 1816 4472 diebus
1843 4417 2168 4490 praecipiente

580 4512 839 4576 Honorio,
869 4529 973 4584 pax
999 4523 1048 4567 et
1080 4512 1250 4569 unitas
1289 4528 1380 4584 per
1408 4511 1697 4565 universam
1723 4510 1955 4582 Africam
1989 4509 2167 4566 Eccle-

2267 3286 2407 3340 hanc
2427 3283 2780 3340 Collationem
2807 3279 3003 3333 factum
3036 3292 3178 3338 esse,
3205 3286 3262 3330 ut
3293 3273 3576 3344 Augustino
3599 3270 3771 3340 palmam

2267 3382 2409 3435 Deus
2451 3377 2702 3442 dederit,
2748 3385 2800 3430 et
2844 3375 2895 3428 in
2937 3373 3055 3428 dies
3096 3377 3351 3442 ageretur
3393 3369 3530 3440 pacis
3572 3363 3711 3419 unitas
3739 3363 3779 3412 et

2268 3473 2529 3530 Ecclesic
2592 3468 3051 3533 confraternitas,
3118 3475 3174 3520 et
3235 3464 3392 3518 multi
3457 3457 3778 3516 Donatistarum

2267 3565 2511 3639 cpiscOpi
2545 3563 2609 3618 ad
2643 3577 2828 3636 pacem
2859 3558 3180 3615 catholicam
3213 3555 3512 3620 redierint,
3557 3560 3603 3606 et
3626 3545 3781 3620 quidvis

2267 3677 2333 3716 eo
2365 3659 2585 3714 nomine
2629 3657 2696 3712 ab
2728 3654 3024 3710 Donatistis
3063 3651 3205 3724 passi
3245 3650 3378 3706 sint.
3426 3649 3615 3705 Interea
3653 3654 3778 3697 tanien

2272 3756 2413 3810 idem
2445 3751 2722 3810 Possidius
2753 3749 2940 3821 adjicit
2978 3763 3084 3804 non
3122 3745 3364 3802 defuisse
3399 3744 3490 3817 qui
3523 3737 3781 3801 calumniose

2267 3851 2516 3906 dicerent
2563 3862 2667 3901 non
2710 3846 2878 3900 fuisse
2915 3843 3212 3916 permissos
3244 3841 3547 3897 Donatistas
3572 3832 3686 3906 apud
3721 3845 3784 3901 po-

2271 3953 2519 4000 testatem
2551 3955 2670 4012 qtne
2701 3951 2919 3992 causam
2951 3934 3176 4000 audivit,
3211 3933 3396 3990 dicere
3423 3932 3590 3986 omnia
3615 3941 3692 3998 pro
3709 3919 3786 3976 suis

2269 4031 2550 4107 partibus,
2591 4031 2845 4102 quoniam
2873 4027 3157 4083 catholica:
3185 4023 3579 4082 communionis
3603 4017 3786 4087 cognitor

2269 4143 2381 4182 sua:
2412 4125 2628 4179 favebat
2660 4121 2940 4178 Ecclesizc.
3004 4119 3110 4173 Sed
3153 4119 3370 4173 inanem
3412 4117 3566 4171 fuisse
3589 4111 3701 4168 hanc
3723 4122 3786 4161 ca-

2271 4219 2604 4274 villationem
2639 4215 2916 4272 Possidius
2946 4212 3201 4268 ostendit.
3247 4211 3355 4267 Alii
3389 4208 3642 4281 ﬁngebant
3664 4199 3787 4273 pretio

2269 4323 2586 4384 corruptum
2619 4309 2989 4366 Marcellinum
3023 4305 3208 4361 fuisse.
3271 4304 3380 4361 Sed
3416 4304 3514 4358 hoc
3539 4297 3789 4384 eademin.

2273 4406 2530 4480 pudentia
2570 4403 2827 4459 dicebant
2865 4415 2967 4470 qua
3009 4398 3138 4453 olim
3174 4411 3298 4452 cum
3332 4383 3788 4467 appellasscntCon-

2271 4501 2570 4555 stantinum
2599 4539 2612 4563 ,
2659 4504 2710 4550 et
2760 4495 2805 4550 is
2845 4491 3191 4549 Cmcilianum
3234 4490 3557 4544 absolvisset
3602 4481 3790 4538 damnas-

571 4605 666 4661 site
691 4571 957 4660 catholica:
982 4603 1184 4659 reddita
1215 4571 1322 4672 est',
1372 4615 1418 4658 et
1446 4619 1634 4672 corpus
1660 4571 1853 4658 Christi
1883 4601 2043 4675 (quod
2074 4619 2166 4656 nos
2196 4593 2244 4652 D
2273 4600 2466 4664 setque
2514 4590 2780 4645 Donatum
2809 4629 2823 4653 ,
2873 4583 3106 4642 cavillati
3155 4592 3278 4638 sunt
3329 4589 3631 4675 corrupt-um
3673 4571 3790 4675 fuisse

571 4697 775 4769 sumus)
802 4697 1156 4772 redintegrata
1186 4699 1490 4754 discissione
1517 4709 1753 4756 sanatum
1783 4709 1857 4752 est
1876 4743 1890 4767 ,
1925 4699 2168 4772 imposita

570 4781 866 4852 executione
921 4792 1088 4848 sancti
1148 4795 1388 4864 praecepti
1443 4794 1750 4852 Marcellino
1803 4795 2008 4849 tribuno
2056 4794 2165 4848 viro

569 4887 823 4955 imprimis
867 4884 1107 4958 prudenti
1135 4895 1181 4942 et
1223 4886 1480 4942 industrio
1511 4889 1839 4960 omniumque
1870 4888 2166 4943 studiorum

573 4980 823 5032 bonorum
851 4981 1307 5050 appetentissimo,
1355 4997 1504 5052 quem
1532 4980 1771 5037 Marinus
1815 4999 1983 5037 comes
2024 4982 2168 5054 apud

572 5070 938 5146 Carthaginem
994 5077 1287 5143 incertum,
1354 5077 1463 5132 zelo
1508 5077 1847 5145 stimulatus,
1909 5094 1977 5132 an
2034 5093 2166 5132 auro

571 5177 848 5238 corruptus
869 5209 884 5235 ,
927 5167 1114 5226 occidit
1139 5185 1156 5222 :
1198 5169 1285 5238 qui
1312 5169 1549 5222 continuo
1579 5180 1848 5226 revocatus
1874 5165 1937 5226 ea:
1960 5170 2164 5244 Africa,

574 5266 842 5335 factusque
870 5262 1121 5336 privatus,
1145 5262 1223 5316 vel
1252 5261 1321 5315 ad
1348 5277 1569 5334 poenam,
1593 5262 1672 5318 vel
1695 5264 1763 5318 ad
1794 5267 2165 5334 parnitentiam,

571 5357 900 5411 conscientia:
948 5372 1058 5410 sua:
1101 5357 1344 5411 dimissus
1394 5364 1488 5410 est.
1557 5354 1682 5410 Haec
1727 5357 1970 5412 Orosius.
2036 5357 2168 5428 Quae

572 5447 788 5519 quidem
821 5448 1058 5503 indicant
1087 5450 1208 5525 quis
1239 5449 1399 5506 fuerit
1426 5445 1542 5503 sive
1575 5446 1809 5520 fructus,
1847 5449 1959 5505 sive
1989 5453 2166 5508 exitus

573 5538 890 5595 Collationis
926 5555 1048 5596 cum
1079 5541 1394 5608 Donatistis,
1428 5553 1482 5598 et
1507 5543 1634 5616 quid
1666 5560 1786 5599 eam
1812 5558 2166 5600 consecutum

574 5632 666 5699 sit,
705 5644 762 5689 ιιι
786 5646 840 5691 et
884 5633 951 5690 iis
990 5637 1216 5692 satisfiat
1253 5638 1342 5708 qui
1381 5647 1632 5708 quiuerunt
1668 5639 1860 5710 ecquid
1907 5638 1998 5696 illa
2043 5655 2172 5711 pro-

578 5721 786 5781 fuerit?
823 5734 899 5786 Ac
924 5733 1141 5806 quidem
1168 5737 1402 5808 primum
1430 5735 1736 5810 respondeo
1759 5732 1826 5790 de
1854 5731 2169 5805 Donatistis,

573 5818 718 5896 τιυοά
749 5820 1107 5904 Hieronymus
1126 5831 1194 5890 de
1211 5815 1568 5904 Luciferianis
1587 5846 1775 5891 eorum
1799 5842 1966 5907 prope
1986 5825 2171 5897 sociis,

2269 4687 2676 4758 imperatorem.
2730 4680 2907 4750 Atque
2945 4686 3002 4732 nt
3043 4676 3414 4760 intelligamus
3455 4671 3578 4727 nihil
3610 4682 3696 4724 non
3726 4673 3790 4713 ens

2271 4794 2540 4853 captasse,
2564 4777 2706 4849 quod
2731 4774 3211 4835 calumniarentur,
3239 4771 3404 4825 etiam
3430 4761 3685 4836 conquesti
3705 4761 3792 4853 stult

2272 4847 2434 4933 noctu
2462 4847 2835 4929 Marcellinum
2865 4866 3157 4938 judicasse.
3191 4863 3294 4934 Ipsi
3325 4858 3616 4918 cavillando
3641 4855 3683 4910 in
3705 4847 3795 4905 Cul-

2272 4972 2472 5026 lationc
2501 4966 2610 5039 jam
2642 4965 2784 5020 diem
2810 4968 3293 5032 consumpserant,
3331 4949 3397 5011 ἰιι
3429 4957 3482 5010 in
3511 4939 3792 5039 tenebriscl-

2272 5033 2537 5135 fugerent.
2596 5056 2766 5113 Iudex
2801 5055 2989 5109 volens
3038 5065 3134 5108 sua
3181 5047 3438 5120 patientia
3475 5045 3537 5100 iis
3567 5033 3796 5137 praecidere

2272 5171 2490 5212 omnem
2524 5154 2576 5207 in
2609 5159 2885 5222 posterum
2923 5146 3266 5201 occasionem
3294 5143 3456 5212 justa:
3485 5135 3793 5226 queriuionie.

2272 5243 2564 5320 adjiciebat
2614 5221 2956 5315 clepsydram
2986 5281 2999 5302 .
3049 5247 3103 5293 et
3159 5237 3465 5306 patiebatur
3511 5246 3602 5288 eos
3639 5221 3794 5320 quidvis

2273 5306 2456 5402 dicere
2486 5385 2499 5410 ,
2553 5340 2731 5411 potius
2758 5350 2918 5408 quam
2951 5331 3220 5388 actionem
3265 5328 3684 5395 interrumperet.
3721 5306 3795 5366 Sed

2276 5453 2456 5500 tamen
2488 5438 2737 5500 tandem,
2769 5427 3097 5486 sententiam
3131 5425 3281 5488 tulit,
3324 5437 3448 5476 cum
3479 5420 3550 5475 illi
3575 5411 3795 5472 dixissent.

2272 5549 2325 5593 et
2357 5533 2558 5588 dixisse
2588 5546 2648 5586 se
2676 5528 2914 5583 confessi
2942 5533 3164 5581 essent:
3200 5533 3394 5589 neque,
3427 5516 3546 5585 quia
3571 5510 3716 5566 Serius
3735 5513 3798 5570 l“‘

2273 5629 2576 5692 dicaverat,
2597 5632 2883 5695 propterea
2915 5634 3025 5676 rem
3049 5614 3340 5689 iudicatam
3368 5607 3514 5665 cludi
3539 5599 3794 5695 paSSIIS_95L

2275 5723 2477 5780 Gellius
2506 5688 2645 5773 libro
2667 5688 2879 5770 decimo
2905 5719 3096 5785 quarto
3122 5707 3311 5762 scribit
3335 5688 3797 5759 senatuscnnSllllllm

2283 5831 2384 5886 nec
2411 5822 2537 5870 ante
2567 5816 2814 5869 exortum
2841 5846 2856 5875 ,
2889 5820 2990 5868 nec
3017 5813 3138 5882 post
3163 5817 3413 5866 occasum
3444 5799 3605 5864 solem
3633 5790 3798 5855 ιιειιιπιν
