3996 6332
177 299 310 362 ιὲῗῦι

1083 263 1405 332 HISTORIA
1446 244 2048 318 CARTHAGINENSIS
2081 239 2553 304 COLLATIONIS.
2633 261 2637 265 η

3328 231 3474 297 1503

174 427 351 474 ratum
379 414 562 470 fuisse.
594 409 706 466 imo
736 413 792 460 et
819 416 938 458 cum
967 398 1035 454 de
1061 391 1278 469 judiciis
1302 390 1575 456 ageretur,
1603 379 1655 432 in
1693 388 1767 430 xn
1796 371 1850 434 A
1947 372 2186 442 Prosper
2217 372 2271 428 in
2302 384 2400 430 suo
2430 367 2710 426 Chronico
2734 367 2808 423 ait
2837 365 3114 438 Pelagium
3143 377 3287 420 anno
3310 364 3466 418 (‘hri-

177 511 312 568 Tab.
342 507 604 577 scriptum
635 500 773 566 fuit,
826 494 924 552 Sal
965 503 1178 546 occasus
1214 492 1454 552 suprema
1499 477 1771 572 tempestas

173 614 301 661 esto.
337 601 442 659 Sed
457 561 578 654 'non
609 592 798 651 eadem
830 588 930 644 fuit
958 581 1199 639 omnium
1229 576 1571 631 decretorum
1598 561 1766 661 ratio:

174 713 351 771 neque
379 707 596 764 semper
619 704 681 746 ea
713 688 798 742 lex
829 691 1042 739 servata
1073 682 1176 731 est.
1239 669 1370 726 Nam
1399 670 1456 720 et
1482 672 1628 766 saape
1652 654 1767 710 Ro-

174 753 320 852 ma‘ni
375 786 566 846 imitati
610 790 737 840 sunt
771 773 1160 845 Areopagitas.
1212 763 1302 835 qui
1349 753 1568 815 nonnisi
1605 756 1770 852 noctu

535 886 592 936 et
619 876 735 947 ipse
765 842 951 930 noster
975 842 1308 923 Iustinianos
1339 861 1393 913 in
1451 842 1768 956 Novella.82

164 937 785 1047 jubet—pedaneos'snos
818 960 1031 1034 judices
1070 955 1264 1012 sedere
1307 964 1404 1021 pro
1435 937 1690 1047 tribunali
1737 950 1767 990 a

170 1032 389 1123 summo
414 1060 652 1118 diluculo
682 1069 851 1126 usque
878 1052 944 1108 ad
972 1046 1342 1120 vespertinum
1367 1032 1766 1108 crepusculum,

170 1161 290 1215 sive
335 1165 393 1214 ut
434 1153 700 1224 loquitur,
751 1170 822 1212 εις
851 1144 1014 1203 δείλην
1036 1139 1188 1214 ὀψίαν
1209 1178 1224 1204 ,
1272 1146 1448 1205 neque
1477 1131 1768 1201 quicquam

170 1253 394 1318 obstat,
431 1220 561 1320 (join
589 1245 635 1302 si
666 1256 828 1297 causa
861 1235 1133 1310 postulet,
1175 1228 1336 1302 judex
1371 1224 1540 1296 possit
1568 1220 1771 1277 diutius

172 1347 338 1404 etiam
370 1342 585 1398 sedere.
636 1335 881 1405 Denique
921 1338 975 1386 et
1015 1333 1341 1382 testamenta
1374 1329 1424 1374 et
1457 1323 1771 1376 contractus

172 1448 337 1496 noctu
388 1450 547 1508 posse
599 1431 756 1497 fieri,
809 1409 1165 1484 dubitandum
1216 1433 1322 1474 non
1371 1427 1493 1470 esse
1536 1411 1622 1466 lex
1670 1408 1767 1464 ait.

170 1533 338 1588 Libro
378 1500 519 1598 xm,
573 1524 602 1597 ᾗ
648 1520 966 1594 penoltim.,
1014 1515 1083 1570 de
1119 1513 1484 1570 TcStament.,
1535 1503 1597 1560 L.
1650 1500 1768 1556 Non

169 1625 480 1693 minorem,
528 1617 592 1682 C.
642 1615 711 1672 de
757 1615 1041 1668 'l‘ransact.
1099 1605 1295 1662 Noster
1350 1599 1569 1671 quidem
1623 1602 1772 1650 certe

168 1691 509 1792 Augustinus
559 1710 900 1784 respondens
941 1703 1238 1761 Donatistis
1283 1701 1594 1762 exclamat:
1643 1691 1771 1759 Quis

168 1818 198 1886 ι’
195 1821 305 1868 erat

167 1878 245 1966 est
277 1907 480 1978 prolata
508 1901 760 1962 sententia
782 1915 801 1966 ;
830 1895 978 1968 quasi
1007 1909 1109 1947 non
1137 1905 1272 1959 stupe
1289 1886 1498 1960 judices
1522 1878 1770 1936 audiendi

168 1973 452 2073 necessitas
484 2007 684 2063 teneat,
733 2003 790 2050 ut
819 2007 985 2062 usque
1014 1988 1081 2044 ad
1118 1985 1338 2041 multam
1381 1987 1578 2050 partem
1607 1973 1772 2030 noctis

167 2070 676 2166 sederevcogantur?
702 2089 782 2142 An
809 2085 926 2140 ideo
957 2099 1058 2137 non
1085 2089 1161 2136 est
1190 2093 1360 2133 verum
1392 2071 1529 2145 quod
1560 2070 1770 2136 dicitur,

167 2189 298 2260 quia
326 2202 418 2258 per
445 2193 644 2242 noctem
671 2177 904 2244 dicitur?
938 2185 1046 2232 etc.

247 2251 574 2338 Interfuerat
611 2270 900 2331 Collationi
961 2265 1236 2324 Emeritos
1284 2258 1608 2315 Donatista:
1664 2251 1772 2309 Sed

171 2379 410 2448 ingenue
455 2387 562 2436 non
614 2369 882 2426 fatebatur
926 2378 1047 2420 sese
1085 2361 1137 2416 in
1175 2373 1241 2414 ea
1279 2357 1480 2412 victum
1507 2366 1669 2416 esse,
1720 2357 1775 2404 et

173 2470 364 2526 nescio
409 2481 546 2539 quos
581 2461 972 2522 calumniarum
1021 2457 1197 2512 fumos
1245 2448 1532 2522 spargebat
1572 2446 1626 2500 in
1676 2458 1774 2500 sua

171 2557 501 2633 Caesariensi
531 2555 898 2624 Mauritania“
919 2552 996 2608 Eo
1027 2552 1207 2619 itaque
1235 2560 1359 2602 cum
1391 2541 1663 2612 profectus
1689 2554 1774 2596 es-

175 2662 265 2710 set
290 2653 660 2724 Augustinus,
710 2663 816 2702 non
863 2643 1135 2702 recusavit
1177 2640 1346 2696 veluti
1375 2647 1553 2694 actum
1589 2647 1774 2706 agere,

175 2758 234 2805 et
262 2756 412 2818 gesta
438 2743 751 2800 Collatiouis
779 2753 966 2796 rursus
997 2748 1272 2806 exponere
1299 2742 1461 2802 atque
1489 2728 1649 2784 tueri.
1686 2727 1778 2782 Ait
1805 2765 1808 2767 λ

177 2841 234 2896 id
283 2854 344 2895 se
389 2838 585 2894 fecisse
631 2833 872 2900 Honorio
919 2845 995 2886 xu
1043 2839 1097 2885 et
1146 2824 1456 2882 Theodosio
1501 2837 1594 2876 vni
1633 2833 1774 2875 coss.

176 2936 367 3008 Itaque
392 2938 619 3003 apparet
646 2937 853 3000 septem
883 2926 1042 2980 annis
1071 2932 1194 2992 post
1215 2919 1572 2976 Collationem
1606 2914 1658 2970 id
1687 2929 1780 2968 ac-

176 3006 383 3084 cidisse
402 3065 418 3091 ,
469 3031 633 3095 atque
656 3021 795 3078 adeo
824 3033 890 3074 eo
913 3017 1033 3087 ipso
1059 3030 1237 3080 anni),
1275 3027 1383 3081 quo
1411 3010 1464 3065 in
1495 3006 1782 3077 Carthagi-

179 3123 340 3178 nensi
382 3118 616 3175 concilio
645 3129 807 3171 causa
836 3111 1250 3183 Pelagianorum
1287 3105 1547 3176 agebatur
1571 3142 1589 3171 ,
1630 3107 1688 3157 et
1723 3107 1781 3155 ut

180 3218 236 3272 in
256 3215 565 3274 Milevilano
582 3210 820 3282 judicata
853 3208 1029 3262 fuerat
1052 3220 1195 3260 anno
1219 3202 1411 3272 priori.
1445 3198 1779 3269 Augustinus

179 3311 278 3367 lib.
308 3326 343 3366 ιι
378 3311 614 3364 ltetract.
644 3303 964 3374 simpliciter
981 3301 1054 3355 ait
1080 3299 1358 3368 aliquanto
1387 3301 1510 3364 post
1525 3290 1784 3348 Collatio-

181 3418 335 3468 nem,
361 3416 482 3456 cum
515 3397 762 3470 quaedam
789 3404 910 3450 orta
937 3402 1082 3449 esset
1114 3390 1411 3453 necessitas
1437 3385 1693 3456 pergendi
1726 3383 1782 3437 in

182 3496 558 3552 Mauritaniam
579 3492 971 3548 Ctesarienscm
1002 3502 1123 3546 sese
1149 3487 1328 3555 egisse
1351 3498 1474 3538 cum
1503 3481 1596 3536 illo
1629 3481 1787 3535 Eme~

180 3593 294 3646 rito
330 3606 344 3644 :
398 3603 572 3660 neque
601 3584 803 3654 alioqui
835 3595 1054 3646 causam
1101 3579 1250 3640 illius
1288 3590 1404 3632 sua:
1430 3573 1787 3646 profectiOnis

181 3682 467 3754 exprimit.
526 3680 618 3736 Sic
643 3689 698 3734 et
729 3679 780 3735 in
810 3677 970 3747 epist.
1003 3689 1142 3730 ccvn
1175 3691 1189 3728 :
1222 3670 1323 3734 Eo.
1359 3668 1555 3738 inquit,
1584 3684 1677 3722 nos
1706 3669 1788 3721 irt-

174 3783 371 3852 jnncta
401 3773 549 3832 nobis
578 3789 610 3826 a
640 3769 846 3825 Zosimo
894 3764 1195 3836 apostolica:
1232 3763 1371 3818 sedis
1416 3761 1663 3830 episcopo
1703 3774 1788 3816 ec-

182 3850 478 3927 clesiastica
529 3866 802 3924 necessitas
852 3862 1158 3918 deduxerat.
1237 3856 1305 3912 Et
1367 3853 1641 3910 Possidius
1693 3850 1788 3920 qui

186 3959 435 4018 interfuit
461 3957 784 4014 Caesariensi
836 3955 914 4010 illi
968 3951 1207 4016 actioni,
1261 3967 1366 4005 non
1405 3948 1586 4004 minus
1623 3960 1787 4015 quam

184 4052 482 4112 Collationi
510 4048 956 4120 Carthaginensi,
990 4054 1197 4101 tantum
1226 4044 1320 4108 ait,
1355 4042 1500 4099 sedis
1527 4040 1792 4112 apostoli-

186 4163 272 4204 ca:
300 4148 509 4202 litteras
538 4143 870 4214 compulisse
895 4138 1256 4210 Augustinum
1279 4150 1403 4192 cum
1433 4135 1557 4190 aliis
1581 4134 1793 4204 episco-

187 4243 277 4313 pis
331 4240 521 4296 venire
580 4237 634 4293 in
681 4232 1058 4294 Mauritaniam
1107 4231 1180 4286 ob
1239 4228 1607 4286 terminandas
1654 4228 1794 4284 alias

186 4333 457 4390 Ecclesia:
488 4329 886 4388 necessitates:
920 4341 1154 4397 eumque
1186 4324 1472 4380 incidisset
1495 4322 1549 4378 in
1583 4321 1796 4376 Emeri-

191 4441 308 4483 tom
339 4428 456 4496 ejus
491 4424 594 4482 loci
621 4423 1024 4480 Donatistarum
1055 4418 1404 4489 episcopum,
1438 4429 1559 4470 eum
1592 4427 1661 4470 en
1693 4412 1796 4469 ite-

190 4536 319 4577 rum
349 4531 699 4590 congressum
728 4529 852 4570 esse
879 4555 894 4582 ,
943 4520 1001 4570 ut
1041 4512 1088 4568 is
1118 4509 1289 4566 libere
1324 4507 1532 4567 diceret
1570 4520 1666 4575 pro
1695 4517 1790 4560 sua
1816 4540 1872 4602 Β

189 4623 352 4685 parte
379 4652 393 4680 ,
427 4621 784 4680 quaecumque
813 4603 976 4660 vellet
1001 4644 1015 4672 ,
1063 4601 1194 4673 quia
1221 4599 1438 4670 quidam
1470 4597 1795 4656 dictitabant

190 4719 323 4760 eum
371 4687 422 4757 in
451 4699 761 4756 Collatioue
811 4695 1146 4767 prohibitum
1187 4706 1310 4750 esse
1359 4691 1542 4752 omnia
1586 4687 1794 4749 dicere.

192 4794 335 4862 Quid
369 4794 439 4848 ibi
471 4800 682 4864 gestum
715 4789 820 4856 sit,
854 4789 969 4859 ipse
998 4785 1333 4857 Augustinus
1363 4783 1710 4854 conscripsit,
1739 4790 1801 4838 ut

193 4898 349 4961 gesta
377 4885 732 4944 Caesariensis
763 4884 904 4938 illius
932 4879 1309 4937 collocutionis
1336 4893 1460 4934 cum
1493 4878 1644 4934 Actis
1667 4878 1799 4932 Car-

197 4980 537 5052 thagincnsis
582 4977 908 5034 Collatiouis
949 4976 1430 5045 conjungerentnr.
1487 4970 1798 5028 Ridiculum

196 5086 285 5133 est
326 5075 469 5146 quod
527 5073 894 5144 exscriptores
922 5067 1305 5128 Centuriarum
1344 5064 1585 5122 historian
1613 5053 1802 5119 Eccle-

196 5169 436 5224 siastica:
467 5181 638 5236 nuper
660 5169 1010 5224 atniotarunt.
1039 5161 1114 5216 illi
1134 5158 1459 5216 Caesariensi
1487 5155 1800 5228 repetitioni

198 5259 518 5317 interfuisse
562 5259 926 5328 imperatores
965 5252 1262 5310 Honorium
1312 5263 1366 5308 et
1409 5249 1797 5316 Theodosium,

200 5354 330 5423 quia
363 5352 502 5407 hanc
543 5351 609 5407 iis
644 5349 961 5405 consulibus
1007 5346 1246 5401 habitam
1273 5346 1605 5413 Augustinus
1634 5341 1800 5400 dicat.

279 5446 580 5518 Superest,
633 5453 689 5500 ut
719 5445 1074 5498 observemus
1101 5440 1291 5495 eodem
1331 5446 1577 5508 tempore
1603 5451 1804 5492 conve-

206 5541 355 5597 nisse
388 5538 650 5598 adversus
683 5535 1002 5606 Pelagianos
1035 5529 1431 5607 nobilissimum
1461 5529 1593 5585 illud
1621 5530 1806 5586 conci-

205 5636 341 5690 lium
371 5631 800 5702 Cartuaginense
838 5645 850 5681 :
900 5627 984 5682 cui
1019 5638 1198 5680 tamen
1248 5623 1535 5702 pauciores
1562 5622 1806 5694 episcopi

211 5725 467 5784 catholici
499 5723 884 5792 interfuerunt,
914 5734 1077 5794 quam
1109 5717 1468 5793 interfuerant
1496 5715 1804 5784 Collatioui,

211 5821 346 5884 Nam
375 5823 429 5882 in
456 5823 559 5880 hac
586 5833 878 5892 eorum,
905 5819 961 5882 in
993 5817 1090 5890 illo
1109 5829 1241 5887 vero
1260 5831 1400 5890 seru
1425 5824 1802 5884 numerantur.

1871 465 1940 518 sti
1968 462 2074 520 415
2101 463 2409 534 publicasse
2439 476 2598 522 suum
2623 459 2842 532 dogma,
2871 459 2974 514 hoc
2999 465 3102 525 est,
3132 457 3315 512 statim
3349 463 3476 525 post

1875 555 2179 622 Donatistas
2209 557 2260 611 in
2289 554 2596 614 Collatione
2621 563 2924 624 repressos.
2955 553 3108 607 Anno
3129 558 3308 604 autem
3332 547 3462 616 420,

1872 653 2058 708 habito
2084 651 2226 722 apud
2252 650 2634 720 Carthaginem
2661 646 2896 704 concilio
2922 645 3028 702 217
3057 644 3464 715 episcOpnrum,

1871 745 2036 801 missa
2065 761 2190 804 esse
2216 747 2283 802 ad
2317 745 2627 818 pontificem
2655 742 2930 798 Zosimum
2961 737 3242 812 synodalia
3274 736 3466 792 decre-

1873 856 1924 900 ta
1948 885 1962 912 ,
1995 843 2194 912 quibus
2227 841 2467 911 probatis
2495 854 2595 910 per
2623 847 2790 894 totum
2821 833 3080 890 mundum
3111 830 3336 887 hreresis
3364 827 3468 885 Pe-

1872 943 2081 1014 lagiana
2113 941 2368 998 damnata
2397 938 2487 994 sit.
2544 934 2651 992 Sed
2695 949 2809 990 rem
2853 941 3017 987 totam
3061 929 3195 984 satis
3231 942 3337 982 non
3367 939 3464 981 ex-

1872 1038 2034 1108 plicat
2065 1035 2316 1104 Prosper.
2371 1032 2450 1088 Ex
2484 1030 2764 1101 Augustini
2793 1042 2923 1082 vero
2952 1023 3169 1092 scriptis
3200 1029 3452 1092 repetere

1870 1133 2020 1198 licet,
2051 1128 2193 1200 quod
2227 1124 2493 1196 imprimis
2529 1117 3040 1177 hic-observandum
3071 1124 3176 1172 est.

1943 1224 2171 1293 Propter
2195 1219 2504 1289 Pelagium,
2540 1225 2787 1284 tempore
2813 1210 3115 1267 Innocentii
3145 1204 3340 1280 pontif.
3374 1205 3462 1261 cui

1871 1316 2121 1372 Zosiinus
2163 1311 2424 1368 successit
2453 1351 2467 1375 ,
2517 1306 2708 1364 eodem
2753 1316 2999 1375 tempore
3027 1301 3348 1357 convenisse
3381 1299 3463 1353 vi-

1872 1411 2067 1468 dentur
2095 1407 2200 1462 dun
2231 1419 2424 1474 magna
2461 1401 2691 1457 concilia
2720 1440 2733 1464 ,
2771 1397 3202 1467 Carthaginense
3231 1401 3287 1446 et
3315 1391 3466 1446 Mile-

1871 1505 2115 1558 vitanum
2150 1517 2161 1553 :
2207 1497 2337 1556 illud
2362 1493 2707 1565 Carthaginis
2733 1501 2786 1546 et
2816 1489 3037 1553 Africae,
3065 1487 3169 1542 hoc
3196 1482 3467 1540 Numidia!

1873 1595 2075 1668 passim
2103 1601 2261 1648 vocat
2288 1588 2621 1661 Augustinus
2650 1586 2812 1656 epist.
2836 1597 3000 1644 xcvu,
3025 1595 3152 1645 xcn,
3184 1592 3326 1645 xcrv,
3357 1591 3466 1641 cvr,

1871 1705 1936 1745 cx
1965 1699 2020 1743 et
2053 1702 2214 1744 chn.
2262 1683 2503 1748 Fateor,
2551 1694 2676 1736 cum
2721 1675 2994 1747 Pelagiani
3045 1687 3266 1728 causam
3312 1685 3467 1725 suam

346 1815 505 1866 victos
549 1807 782 1864 homines
829 1799 1069 1871 conqueri
1109 1794 1246 1866 quod
1301 1801 1446 1847 nocte
1471 1797 1650 1844 contra
1683 1799 1767 1838 eos
1797 1771 2098 1855 Bjudicari
2144 1780 2345 1836 vellent
2395 1777 2448 1832 in
2500 1771 2793 1829 universali
2846 1768 3082 1826 concilio
3131 1765 3371 1822 Orientis
3414 1772 3470 1819 et

1872 1851 2182 1933 Occidentis
2209 1913 2224 1937 ,
2275 1868 2633 1939 Augustinum
2675 1864 2726 1919 id
2757 1863 2824 1918 iis
2857 1874 3120 1933 negasse,
3156 1851 3470 1928 respondis-

1875 1983 2041 2038 seque
2067 1964 2378 2022 rariSsimas
2409 1961 2576 2016 fuisse
2605 1958 2874 2022 haereses,
2906 1965 3129 2025 propter
3153 1967 3288 2023 quas
3318 1951 3470 2006 dam-

1877 2063 2086 2120 nandas
2143 2059 2304 2114 fuerit
2346 2054 2654 2112 necessaria
2699 2051 3044 2121 congregatio
3091 2047 3303 2121 synodi.
3357 2044 3467 2101 Sed

1877 2167 2056 2214 tamen
2105 2167 2226 2209 cum
2277 2151 2328 2206 id
2375 2148 2648 2207 scribebat
2684 2146 3019 2216 Augustinus
3059 2142 3154 2196 lib.
3183 2155 3238 2195 tv
3280 2147 3470 2195 contra

1877 2247 2014 2302 duas
2037 2247 2208 2314 Epist.
2241 2244 2445 2313 Pelag.,
2477 2238 2871 2312 cap.ult.,jam
2900 2233 3262 2290 videratduas
3279 2233 3469 2287 saltem

1881 2334 2238 2407 provinciales
2279 2332 2520 2405 synodos
2568 2335 2925 2400 congregatas
2989 2324 3056 2380 ad
3112 2323 3473 2379 damnandam

1882 2430 2130 2486 hmresim
2160 2428 2528 2497 Pelagianam.
2575 2422 2707 2476 Nam
2738 2421 2789 2475 id
2823 2419 3012 2474 scribit
3039 2418 3106 2497 ad
3138 2413 3474 2471 Bonifaciunt

1883 2533 2034 2597 pont.
2060 2523 2215 2579 Rom.
2252 2496 2310 2576 et
2333 2519 2504 2576 multo
2535 2523 2653 2586 post
2683 2514 2804 2570 illas
2831 2496 3070 2586 synodos
3102 2509 3388 2577 scripsisse
3414 2521 3477 2562 se

1882 2634 1988 2674 non
2032 2614 2341 2672 dissimulat
2377 2630 2391 2665 :
2433 2621 2487 2666 et
2526 2624 2655 2665 vero
2695 2619 2882 2662 earum
2929 2601 3245 2674 pratjudicio
3285 2599 3470 2666 flebat,

1883 2724 1937 2766 ut
1969 2720 2118 2768 tanto
2147 2708 2313 2778 magis
2345 2702 2653 2774 Pelagianis
2695 2708 2985 2769 negaretur
3020 2693 3166 2764 quod
3211 2698 3475 2762 praeterea

1881 2801 2216 2859 calumniose
2247 2798 2614 2870 postulabant.
2641 2791 2820 2848 Credo
2849 2787 3100 2859 equidem
3128 2799 3224 2840 eos
3253 2781 3478 2838 cavilla-

1884 2907 1967 2954 tos
1993 2912 2114 2953 esse
2137 2893 2281 2966 quod
2311 2891 2610 2948 Palladium
2638 2883 2925 2958 quemdam
2948 2881 3206 2939 Arianum
3237 2879 3288 2932 in
3311 2875 3479 2947 Aqui-

1883 2991 2070 3048 leiensi
2101 2987 2310 3062 synodo
2338 2982 2595 3044 eludendi
2645 2994 2806 3036 causa
2852 2984 3135 3033 causatum
3184 2988 3307 3028 esse
3346 2968 3481 3041 legi-

1887 3101 2028 3153 mus,
2061 3099 2182 3142 cum
2211 3098 2326 3137 eam
2359 3077 2631 3152 synodum
2663 3075 2913 3145 refugere
2955 3086 3015 3127 se
3060 3070 3309 3133 diceret,
3351 3067 3478 3138 quia

1885 3177 2208 3237 univerSalis
2238 3191 2345 3231 non
2373 3184 2538 3230 esset.
2601 3169 2708 3227 Sed
2740 3168 2883 3240 quod
2914 3165 3234 3222 Ambrosius
3257 3203 3270 3226 ,
3303 3162 3393 3233 qui
3428 3160 3478 3216 ei

1884 3272 2119 3328 concilio
2168 3280 2438 3340 pra'erst,
2487 3263 2770 3336 respondit
2814 3260 3091 3323 Palladio,
3136 3257 3474 3326 Augustinus

1887 3363 2186 3433 Pelagianis
2240 3358 2576 3430 respondere.
2624 3355 2854 3427 potuit:
2908 3352 3123 3407 tametsi
3161 3348 3484 3406 Ambrosius

1888 3457 1989 3512 hoc
2018 3455 2138 3526 plus
2165 3454 2428 3517 haberet,
2461 3450 2604 3522 quod
2645 3451 2696 3504 in
2725 3449 2944 3503 Nicaeno
2973 3444 3202 3501 concilio
3231 3443 3485 3498 damnata

1887 3562 2030 3608 esset
2082 3549 2304 3606 haeresis
2344 3548 2561 3602 Ariano.
2625 3544 2796 3598 Porro
2840 3538 3195 3596 memorabile
3222 3545 3306 3591 est
3343 3531 3487 3601 quod

1890 3643 2223 3714 Augustinus
2257 3647 2519 3708 praeterea
2546 3635 2810 3707 significat
2833 3675 2847 3698 ,
2883 3632 3200 3703 Pelagianos
3225 3627 3490 3684 Collatia-

1891 3752 2010 3789 nem
2039 3733 2378 3806 postulasse,
2430 3731 2608 3800 qualis
2637 3743 2760 3785 enm
2795 3726 3089 3782 Donatistis
3123 3722 3317 3779 fuerat.
3380 3718 3488 3776 Sed

1893 3830 2085 3884 merito
2109 3827 2419 3884 Catholicos
2447 3839 2568 3881 eam
2598 3822 2866 3895 refugisse
2887 3864 2901 3888 ,
2935 3837 3004 3876 ne
3030 3829 3212 3874 actum
3243 3823 3467 3888 agerent

1965 3922 2231 3977 Cmterum
2264 3919 2369 3976 etsi
2399 3917 2760 3988 Augustinum
2789 3915 3025 3972 concilio
3057 3912 3368 3971 Milevitana
3397 3925 3492 3980 po-

1893 4016 2000 4078 tius
2029 4030 2191 4085 quant
2217 4010 2630 4082 Carthaginensi
2659 4007 2972 4064 interfuisse
2997 4007 3264 4072 dicamus,
3300 4013 3482 4059 tamen

1893 4125 2018 4166 cum
2041 4108 2408 4163 Milevitanum
2439 4105 2598 4160 citius
2632 4102 2843 4158 finitum
2885 4099 3078 4166 fuerit,
3130 4107 3186 4154 et
3211 4096 3492 4166 Carthagi-

1896 4217 2067 4258 nense
2097 4200 2300 4256 diutius
2329 4198 2543 4256 durarit
2570 4235 2584 4264 ,
2643 4210 2753 4252 non
2796 4207 3092 4264 negamus,
3146 4199 3203 4246 et
3247 4189 3371 4244 huic
3411 4189 3495 4243 in-

1898 4304 2109 4352 teresse
2138 4293 2356 4352 tandem
2392 4291 2542 4348 illum
2577 4289 2840 4361 potuisse.
2888 4286 3136 4356 Ineptum
3183 4292 3358 4338 tamen
3386 4289 3492 4349 est,

1898 4387 2045 4458 quod
2075 4388 2374 4455 scriptores
2402 4383 2786 4440 Centuriarum
2816 4388 3100 4444 annotant,
3134 4376 3494 4447 Augustinum

1899 4483 1947 4536 ei
1992 4481 2304 4552 praefuisse,
2357 4494 2422 4536 ex
2457 4493 2630 4546 eoque
2667 4475 2734 4529 ad
2772 4473 3147 4530 Innocentium
3188 4469 3496 4539 scripsisse,

1901 4573 2183 4630 Aurelium
2224 4571 2402 4642 potius
2435 4569 2620 4625 dicere
2651 4566 2928 4637 oportuit:
2971 4564 3128 4619 sicuti
3161 4571 3218 4617 et
3247 4562 3293 4617 is
3319 4562 3498 4634 primo

1899 4669 2022 4724 loco
2050 4667 2360 4726 nominatur
2387 4665 2440 4720 in
2467 4661 2696 4734 epistola
2725 4660 2842 4730 ejus
2874 4658 3088 4713 concilii
3137 4656 3203 4711 ad
3231 4657 3497 4710 Innocen-

1900 4761 2071 4827 tium,
2119 4759 2172 4814 in
2221 4774 2323 4827 qua
2352 4755 2685 4828 Augustinus
2729 4767 2835 4808 non
2876 4751 3225 4806 nominatur:
3277 4745 3491 4801 tametsi

1901 4855 2130 4926 epistola
2159 4853 2324 4908 relata
2353 4851 2424 4907 sit
2451 4849 2593 4905 inter
2618 4846 2903 4918 Augustini
2935 4844 3194 4914 epistolas
3227 4856 3375 4895 num.
3403 4838 3494 4905 90,

1902 4949 2061 5010 sicuti
2087 4959 2140 5002 et
2172 4959 2492 5014 responsum
2537 4939 2832 4998 Innocentii
2859 4938 3161 5008 subjectum
3200 4943 3304 5000 est,
3335 4930 3493 5005 367

1906 5055 2132 5097 numero
2160 5039 2247 5094 91.
2305 5035 2572 5093 Caeterum
2625 5043 2735 5090 tam
2781 5047 2846 5088 ex
2895 5029 3201 5084 Milevitano
3240 5029 3497 5090 concilio,

1904 5151 2062 5207 quam
2091 5134 2285 5190 deinde
2315 5147 2380 5188 ex
2413 5132 2544 5188 urbe
2568 5125 2986 5198 Carthaginiensi
3012 5122 3343 5192 Augustinus
3373 5132 3497 5172 cum

1907 5230 2020 5286 suis
2055 5229 2281 5299 collegis
2321 5225 2604 5296 rescripsit
2639 5223 2828 5279 cadem
2860 5221 2928 5276 de
2955 5235 3013 5274 re
3040 5218 3105 5271 ad
3135 5215 3386 5270 eumdem
3414 5212 3498 5266 In.

1907 5323 2218 5377 nocentium
2245 5320 2406 5390 epist.
2439 5333 2550 5374 xcu
2577 5327 2628 5373 et
2662 5332 2787 5384 xcv,
2832 5323 2885 5370 et
2916 5317 3094 5368 exstat
3119 5308 3184 5363 ad
3215 5315 3501 5378 utramque

1910 5430 2228 5488 responsum
2269 5409 2580 5479 Innocentii‘
2609 5410 2772 5481 epist.
2804 5421 2932 5463 xcnt
2974 5414 3029 5461 et
3060 5417 3200 5458 xcvr.
3247 5402 3503 5472 Augusti-

1917 5523 2017 5566 nus
2065 5509 2161 5564 lih.
2193 5525 2209 5564 ι
2257 5516 2444 5563 contra
2473 5505 2746 5561 Iulianum
2788 5517 2908 5570 cap.
2935 5499 3000 5567 2,
3045 5497 3366 5568 simpliciter
3403 5495 3499 5562 ait,

1912 5603 2280 5659 Innocentium
2329 5599 2600 5656 Africanis
2649 5594 2996 5665 reSpundissc
3037 5589 3313 5652 conciliis,
3357 5586 3502 5657 quod

1913 5698 2218 5772 antiquitus
2249 5693 2546 5766 apostolica
2575 5690 2734 5748 sedes
2759 5699 2812 5746 et
2839 5688 3082 5746 Romana
3114 5683 3354 5742 Ecclesia
3381 5696 3503 5752 enm

1911 5795 2124 5866 caeteris
2153 5803 2316 5863 tenet,
