  <div class='ocr_page' id='page_1' title='image "/cluster/home/n/w/nwhite01/storage/ocr_20150623/11/hvd.32044015471287/757.png"; bbox 0 0 3996 6332; ppageno 0'>
   <div class='ocr_carea' id='block_1_1' title="bbox 518 236 3708 316">
    <p class='ocr_par' dir='ltr' id='par_1_1' title="bbox 518 236 3708 316">
     <span class='ocr_line' id='line_1_1' title="bbox 518 236 3708 316; baseline -0.001 -14"><span class='ocrx_word' id='word_1_1' title='bbox 518 243 662 303; x_wconf 70' lang='lat' dir='ltr'><strong>sses</strong></span> <span class='ocrx_word' id='word_1_2' title='bbox 2001 236 2372 298; x_wconf 83' lang='lat' dir='ltr'><strong>API‘ENDIX.</strong></span> <span class='ocrx_word' id='word_1_3' title='bbox 3606 257 3708 316; x_wconf 51' lang='lat'><strong>.50;</strong></span> 
     </span>
    </p>
   </div>
   <div class='ocr_carea' id='block_1_2' title="bbox 584 356 3710 443">
    <p class='ocr_par' dir='ltr' id='par_1_2' title="bbox 584 356 3710 443">
     <span class='ocr_line' id='line_1_2' title="bbox 584 356 3710 443; baseline 0.005 -26"><span class='ocrx_word' id='word_1_4' title='bbox 584 361 754 418; x_wconf 88' lang='lat' dir='ltr'><strong>Porro</strong></span> <span class='ocrx_word' id='word_1_5' title='bbox 775 374 901 419; x_wconf 92' lang='lat' dir='ltr'><strong>cum</strong></span> <span class='ocrx_word' id='word_1_6' title='bbox 927 361 1120 418; x_wconf 78' lang='lat' dir='ltr'><strong>Patres</strong></span> <span class='ocrx_word' id='word_1_7' title='bbox 1147 357 1803 432; x_wconf 86' lang='lat' dir='ltr'><strong>conciliCarthaginensis</strong></span> <span class='ocrx_word' id='word_1_8' title='bbox 1834 359 1888 416; x_wconf 93' lang='lat' dir='ltr'><strong>in</strong></span> <span class='ocrx_word' id='word_1_9' title='bbox 1918 373 2013 414; x_wconf 90' lang='lat' dir='ltr'><strong>sua</strong></span> <span class='ocrx_word' id='word_1_10' title='bbox 2043 356 2110 412; x_wconf 91' lang='lat' dir='ltr'><strong>ad</strong></span> <span class='ocrx_word' id='word_1_11' title='bbox 2138 357 2194 416; x_wconf 85' lang='lat' dir='ltr'><strong>A</strong></span> <span class='ocrx_word' id='word_1_12' title='bbox 2217 359 2390 430; x_wconf 89' lang='lat' dir='ltr'><strong>scopi,</strong></span> <span class='ocrx_word' id='word_1_13' title='bbox 2423 360 2515 430; x_wconf 92' lang='lat' dir='ltr'><strong>qui</strong></span> <span class='ocrx_word' id='word_1_14' title='bbox 2544 362 2789 418; x_wconf 84' lang='lat' dir='ltr'><strong>eamdem</strong></span> <span class='ocrx_word' id='word_1_15' title='bbox 2819 378 3037 421; x_wconf 79' lang='lat' dir='ltr'><strong>causam</strong></span> <span class='ocrx_word' id='word_1_16' title='bbox 3070 364 3401 423; x_wconf 73' lang='lat' dir='ltr'><strong>discuterent.</strong></span> <span class='ocrx_word' id='word_1_17' title='bbox 3431 370 3710 443; x_wconf 73' lang='lat' dir='ltr'><strong>Augustinus,</strong></span> 
     </span>
    </p>
   </div>
   <div class='ocr_carea' id='block_1_3' title="bbox 514 455 3710 529">
    <p class='ocr_par' dir='ltr' id='par_1_3' title="bbox 514 455 3710 529">
     <span class='ocr_line' id='line_1_3' title="bbox 514 455 3710 529; baseline 0.003 -14"><span class='ocrx_word' id='word_1_18' title='bbox 514 456 890 516; x_wconf 86' lang='lat' dir='ltr'><strong>Innocentium</strong></span> <span class='ocrx_word' id='word_1_19' title='bbox 921 458 1150 527; x_wconf 89' lang='lat' dir='ltr'><strong>epistola</strong></span> <span class='ocrx_word' id='word_1_20' title='bbox 1182 467 1440 522; x_wconf 90' lang='lat' dir='ltr'><strong>narrent,</strong></span> <span class='ocrx_word' id='word_1_21' title='bbox 1469 457 1637 512; x_wconf 81' lang='lat' dir='ltr'><strong>ferme</strong></span> <span class='ocrx_word' id='word_1_22' title='bbox 1663 466 1790 512; x_wconf 85' lang='lat' dir='ltr'><strong>ante</strong></span> <span class='ocrx_word' id='word_1_23' title='bbox 1815 458 2118 526; x_wconf 74' lang='lat' dir='ltr'><strong>quinquen~</strong></span> <span class='ocrx_word' id='word_1_24' title='bbox 2222 465 2282 508; x_wconf 93' lang='lat' dir='ltr'><strong>ut</strong></span> <span class='ocrx_word' id='word_1_25' title='bbox 2339 455 2487 524; x_wconf 90' lang='lat' dir='ltr'><strong>prius</strong></span> <span class='ocrx_word' id='word_1_26' title='bbox 2516 458 2811 514; x_wconf 91' lang='lat' dir='ltr'><strong>concilium</strong></span> <span class='ocrx_word' id='word_1_27' title='bbox 2841 458 3257 529; x_wconf 85' lang='lat' dir='ltr'><strong>Carthaginense</strong></span> <span class='ocrx_word' id='word_1_28' title='bbox 3305 473 3448 518; x_wconf 87' lang='lat' dir='ltr'><strong>vocat</strong></span> <span class='ocrx_word' id='word_1_29' title='bbox 3489 469 3710 525; x_wconf 88' lang='lat' dir='ltr'><strong>concilium</strong></span> 
     </span>
    </p>
   </div>
   <div class='ocr_carea' id='block_1_4' title="bbox 523 548 3715 628">
    <p class='ocr_par' dir='ltr' id='par_1_4' title="bbox 523 548 3715 628">
     <span class='ocr_line' id='line_1_4' title="bbox 523 548 3715 628; baseline 0.001 -18"><span class='ocrx_word' id='word_1_30' title='bbox 523 555 673 613; x_wconf 86' lang='lat' dir='ltr'><strong>nium</strong></span> <span class='ocrx_word' id='word_1_31' title='bbox 708 554 871 609; x_wconf 88' lang='lat' dir='ltr'><strong>fuisse</strong></span> <span class='ocrx_word' id='word_1_32' title='bbox 901 553 955 608; x_wconf 94' lang='lat' dir='ltr'><strong>in</strong></span> <span class='ocrx_word' id='word_1_33' title='bbox 987 553 1229 609; x_wconf 80' lang='lat' dir='ltr'><strong>Ecclesia</strong></span> <span class='ocrx_word' id='word_1_34' title='bbox 1269 551 1680 623; x_wconf 88' lang='lat' dir='ltr'><strong>Carthaginensi</strong></span> <span class='ocrx_word' id='word_1_35' title='bbox 1712 551 1968 622; x_wconf 91' lang='lat' dir='ltr'><strong>agitatam</strong></span> <span class='ocrx_word' id='word_1_36' title='bbox 1996 564 2125 603; x_wconf 91' lang='lat' dir='ltr'><strong>cau-</strong></span> <span class='ocrx_word' id='word_1_37' title='bbox 2225 548 2513 617; x_wconf 72' lang='lat' dir='ltr'><strong>provincia:</strong></span> <span class='ocrx_word' id='word_1_38' title='bbox 2541 550 2911 621; x_wconf 80' lang='lat' dir='ltr'><strong>Carthaginis,</strong></span> <span class='ocrx_word' id='word_1_39' title='bbox 2952 551 3031 606; x_wconf 89' lang='lat' dir='ltr'><strong>sic</strong></span> <span class='ocrx_word' id='word_1_40' title='bbox 3071 551 3208 606; x_wconf 91' lang='lat' dir='ltr'><strong>istud</strong></span> <span class='ocrx_word' id='word_1_41' title='bbox 3248 553 3481 620; x_wconf 86' lang='lat' dir='ltr'><strong>alterum,</strong></span> <span class='ocrx_word' id='word_1_42' title='bbox 3515 559 3631 628; x_wconf 90' lang='lat' dir='ltr'><strong>quod</strong></span> <span class='ocrx_word' id='word_1_43' title='bbox 3669 562 3715 617; x_wconf 79' lang='lat' dir='ltr'><strong>ad</strong></span> 
     </span>
    </p>
   </div>
   <div class='ocr_carea' id='block_1_5' title="bbox 523 641 3719 719">
    <p class='ocr_par' dir='ltr' id='par_1_5' title="bbox 523 641 3719 719">
     <span class='ocr_line' id='line_1_5' title="bbox 523 641 3719 719; baseline 0 -16"><span class='ocrx_word' id='word_1_44' title='bbox 523 663 638 704; x_wconf 91' lang='lat' dir='ltr'><strong>sam</strong></span> <span class='ocrx_word' id='word_1_45' title='bbox 666 646 931 714; x_wconf 74' lang='lat' dir='ltr'><strong>leestii,</strong></span> <span class='ocrx_word' id='word_1_46' title='bbox 955 656 1176 719; x_wconf 84' lang='lat' dir='ltr'><strong>apparet</strong></span> <span class='ocrx_word' id='word_1_47' title='bbox 1197 661 1303 702; x_wconf 90' lang='lat' dir='ltr'><strong>non</strong></span> <span class='ocrx_word' id='word_1_48' title='bbox 1328 648 1489 700; x_wconf 88' lang='lat' dir='ltr'><strong>tnodo</strong></span> <span class='ocrx_word' id='word_1_49' title='bbox 1513 646 1849 716; x_wconf 83' lang='lat' dir='ltr'><strong>Pelagianam</strong></span> <span class='ocrx_word' id='word_1_50' title='bbox 1873 644 2124 699; x_wconf 75' lang='lat' dir='ltr'><strong>hzcresim</strong></span> <span class='ocrx_word' id='word_1_51' title='bbox 2229 641 2504 698; x_wconf 88' lang='lat' dir='ltr'><strong>Zosimum</strong></span> <span class='ocrx_word' id='word_1_52' title='bbox 2546 643 2841 700; x_wconf 85' lang='lat' dir='ltr'><strong>Innocentii</strong></span> <span class='ocrx_word' id='word_1_53' title='bbox 2880 659 3246 700; x_wconf 87' lang='lat' dir='ltr'><strong>successorem</strong></span> <span class='ocrx_word' id='word_1_54' title='bbox 3277 649 3528 719; x_wconf 86' lang='lat' dir='ltr'><strong>scripsisse</strong></span> <span class='ocrx_word' id='word_1_55' title='bbox 3553 663 3719 719; x_wconf 77' lang='lat' dir='ltr'><strong>narrat,</strong></span> 
     </span>
    </p>
   </div>
   <div class='ocr_carea' id='block_1_6' title="bbox 523 733 3723 812">
    <p class='ocr_par' dir='ltr' id='par_1_6' title="bbox 523 733 3723 812">
     <span class='ocr_line' id='line_1_6' title="bbox 523 733 3723 812; baseline 0.002 -18"><span class='ocrx_word' id='word_1_56' title='bbox 523 740 855 812; x_wconf 87' lang='lat' dir='ltr'><strong>publicatam</strong></span> <span class='ocrx_word' id='word_1_57' title='bbox 897 738 1064 793; x_wconf 88' lang='lat' dir='ltr'><strong>fuisse</strong></span> <span class='ocrx_word' id='word_1_58' title='bbox 1093 739 1256 796; x_wconf 90' lang='lat' dir='ltr'><strong>citius</strong></span> <span class='ocrx_word' id='word_1_59' title='bbox 1284 753 1443 808; x_wconf 91' lang='lat' dir='ltr'><strong>quam</strong></span> <span class='ocrx_word' id='word_1_60' title='bbox 1474 737 1710 808; x_wconf 80' lang='lat' dir='ltr'><strong>PrOSper</strong></span> <span class='ocrx_word' id='word_1_61' title='bbox 1738 745 1996 801; x_wconf 89' lang='lat' dir='ltr'><strong>annotet,</strong></span> <span class='ocrx_word' id='word_1_62' title='bbox 2029 733 2126 790; x_wconf 91' lang='lat' dir='ltr'><strong>sed</strong></span> <span class='ocrx_word' id='word_1_63' title='bbox 2229 747 2387 792; x_wconf 88' lang='lat' dir='ltr'><strong>vocat</strong></span> <span class='ocrx_word' id='word_1_64' title='bbox 2416 736 2706 791; x_wconf 81' lang='lat' dir='ltr'><strong>concilium</strong></span> <span class='ocrx_word' id='word_1_65' title='bbox 2737 735 3048 792; x_wconf 87' lang='lat' dir='ltr'><strong>Africanum</strong></span> <span class='ocrx_word' id='word_1_66' title='bbox 3071 779 3087 802; x_wconf 86' lang='lat'><strong>,</strong></span> <span class='ocrx_word' id='word_1_67' title='bbox 3130 737 3184 793; x_wconf 91' lang='lat' dir='ltr'><strong>in</strong></span> <span class='ocrx_word' id='word_1_68' title='bbox 3225 739 3436 808; x_wconf 87' lang='lat' dir='ltr'><strong>epistola</strong></span> <span class='ocrx_word' id='word_1_69' title='bbox 3475 759 3615 798; x_wconf 82' lang='lat' dir='ltr'><strong>mn.</strong></span> <span class='ocrx_word' id='word_1_70' title='bbox 3645 745 3723 800; x_wconf 84' lang='lat' dir='ltr'><strong>Sed</strong></span> 
     </span>
    </p>
   </div>
   <div class='ocr_carea' id='block_1_7' title="bbox 525 829 3730 903">
    <p class='ocr_par' dir='ltr' id='par_1_7' title="bbox 525 829 3730 903">
     <span class='ocr_line' id='line_1_7' title="bbox 525 829 3730 903; baseline 0.002 -14"><span class='ocrx_word' id='word_1_71' title='bbox 525 844 580 889; x_wconf 91' lang='lat' dir='ltr'><strong>et</strong></span> <span class='ocrx_word' id='word_1_72' title='bbox 618 832 930 888; x_wconf 75' lang='lat' dir='ltr'><strong>damnatam</strong></span> <span class='ocrx_word' id='word_1_73' title='bbox 972 831 1042 888; x_wconf 90' lang='lat' dir='ltr'><strong>ibi</strong></span> <span class='ocrx_word' id='word_1_74' title='bbox 1083 846 1239 897; x_wconf 83' lang='lat' dir='ltr'><strong>esse,</strong></span> <span class='ocrx_word' id='word_1_75' title='bbox 1282 846 1394 903; x_wconf 90' lang='lat' dir='ltr'><strong>quo</strong></span> <span class='ocrx_word' id='word_1_76' title='bbox 1435 842 1677 902; x_wconf 91' lang='lat' dir='ltr'><strong>tempore</strong></span> <span class='ocrx_word' id='word_1_77' title='bbox 1728 829 2126 885; x_wconf 87' lang='lat' dir='ltr'><strong>Donatistarum</strong></span> <span class='ocrx_word' id='word_1_78' title='bbox 2231 831 2474 902; x_wconf 90' lang='lat' dir='ltr'><strong>ejusdem</strong></span> <span class='ocrx_word' id='word_1_79' title='bbox 2505 831 2721 886; x_wconf 86' lang='lat' dir='ltr'><strong>concilii</strong></span> <span class='ocrx_word' id='word_1_80' title='bbox 2754 834 3038 901; x_wconf 82' lang='lat' dir='ltr'><strong>quamdam</strong></span> <span class='ocrx_word' id='word_1_81' title='bbox 3073 831 3268 895; x_wconf 89' lang='lat' dir='ltr'><strong>fuisse.</strong></span> <span class='ocrx_word' id='word_1_82' title='bbox 3307 843 3364 888; x_wconf 92' lang='lat' dir='ltr'><strong>ut</strong></span> <span class='ocrx_word' id='word_1_83' title='bbox 3402 845 3567 898; x_wconf 81' lang='lat' dir='ltr'><strong>vocat.</strong></span> <span class='ocrx_word' id='word_1_84' title='bbox 3599 841 3730 894; x_wconf 88' lang='lat' dir='ltr'><strong>conti-</strong></span> 
     </span>
    </p>
   </div>
   <div class='ocr_carea' id='block_1_8' title="bbox 529 924 3730 996">
    <p class='ocr_par' dir='ltr' id='par_1_8' title="bbox 529 924 3730 996">
     <span class='ocr_line' id='line_1_8' title="bbox 529 924 3730 996; baseline 0.002 -13"><span class='ocrx_word' id='word_1_85' title='bbox 529 940 693 983; x_wconf 88' lang='lat' dir='ltr'><strong>causa</strong></span> <span class='ocrx_word' id='word_1_86' title='bbox 723 925 918 982; x_wconf 90' lang='lat' dir='ltr'><strong>eodem</strong></span> <span class='ocrx_word' id='word_1_87' title='bbox 952 925 1004 980; x_wconf 93' lang='lat' dir='ltr'><strong>in</strong></span> <span class='ocrx_word' id='word_1_88' title='bbox 1039 925 1159 980; x_wconf 91' lang='lat' dir='ltr'><strong>loco</strong></span> <span class='ocrx_word' id='word_1_89' title='bbox 1189 925 1516 996; x_wconf 77' lang='lat' dir='ltr'><strong>agitabatur,</strong></span> <span class='ocrx_word' id='word_1_90' title='bbox 1551 924 1772 980; x_wconf 87' lang='lat' dir='ltr'><strong>tametsi</strong></span> <span class='ocrx_word' id='word_1_91' title='bbox 1798 925 2131 994; x_wconf 80' lang='lat' dir='ltr'><strong>Augustinus</strong></span> <span class='ocrx_word' id='word_1_92' title='bbox 2233 924 2542 979; x_wconf 90' lang='lat' dir='ltr'><strong>nuatiottem</strong></span> <span class='ocrx_word' id='word_1_93' title='bbox 2565 965 2580 989; x_wconf 95' lang='lat'><strong>,</strong></span> <span class='ocrx_word' id='word_1_94' title='bbox 2628 924 2870 994; x_wconf 89' lang='lat' dir='ltr'><strong>pluribus</strong></span> <span class='ocrx_word' id='word_1_95' title='bbox 2913 941 2979 979; x_wconf 80' lang='lat' dir='ltr'><strong>ex</strong></span> <span class='ocrx_word' id='word_1_96' title='bbox 3020 925 3197 980; x_wconf 91' lang='lat' dir='ltr'><strong>Africa</strong></span> <span class='ocrx_word' id='word_1_97' title='bbox 3235 929 3658 995; x_wconf 84' lang='lat' dir='ltr'><strong>concurrentibus,</strong></span> <span class='ocrx_word' id='word_1_98' title='bbox 3691 943 3730 988; x_wconf 85' lang='lat' dir='ltr'><strong>et</strong></span> 
     </span>
    </p>
   </div>
   <div class='ocr_carea' id='block_1_9' title="bbox 531 1015 3732 1095">
    <p class='ocr_par' dir='ltr' id='par_1_9' title="bbox 531 1015 3732 1095">
     <span class='ocr_line' id='line_1_9' title="bbox 531 1015 3732 1095; baseline 0 -19"><span class='ocrx_word' id='word_1_99' title='bbox 531 1019 585 1076; x_wconf 90' lang='lat' dir='ltr'><strong>in</strong></span> <span class='ocrx_word' id='word_1_100' title='bbox 620 1018 916 1073; x_wconf 81' lang='lat' dir='ltr'><strong>Donatistis</strong></span> <span class='ocrx_word' id='word_1_101' title='bbox 955 1017 1266 1074; x_wconf 90' lang='lat' dir='ltr'><strong>refellendis</strong></span> <span class='ocrx_word' id='word_1_102' title='bbox 1307 1028 1432 1073; x_wconf 90' lang='lat' dir='ltr'><strong>tunc</strong></span> <span class='ocrx_word' id='word_1_103' title='bbox 1453 1026 1777 1089; x_wconf 90' lang='lat' dir='ltr'><strong>occupatus,</strong></span> <span class='ocrx_word' id='word_1_104' title='bbox 1810 1015 2132 1087; x_wconf 79' lang='lat' dir='ltr'><strong>Pelagianos</strong></span> <span class='ocrx_word' id='word_1_105' title='bbox 2235 1017 2300 1072; x_wconf 89' lang='lat' dir='ltr'><strong>iis</strong></span> <span class='ocrx_word' id='word_1_106' title='bbox 2323 1059 2338 1084; x_wconf 92' lang='lat'><strong>,</strong></span> <span class='ocrx_word' id='word_1_107' title='bbox 2369 1018 2458 1089; x_wconf 89' lang='lat' dir='ltr'><strong>qui</strong></span> <span class='ocrx_word' id='word_1_108' title='bbox 2492 1027 2649 1073; x_wconf 88' lang='lat' dir='ltr'><strong>antea</strong></span> <span class='ocrx_word' id='word_1_109' title='bbox 2681 1017 2991 1073; x_wconf 83' lang='lat' dir='ltr'><strong>Milevitauo</strong></span> <span class='ocrx_word' id='word_1_110' title='bbox 3033 1017 3414 1086; x_wconf 79' lang='lat' dir='ltr'><strong>interfuerant,</strong></span> <span class='ocrx_word' id='word_1_111' title='bbox 3450 1035 3556 1075; x_wconf 91' lang='lat' dir='ltr'><strong>cum</strong></span> <span class='ocrx_word' id='word_1_112' title='bbox 3589 1023 3641 1077; x_wconf 88' lang='lat' dir='ltr'><strong>iis</strong></span> <span class='ocrx_word' id='word_1_113' title='bbox 3669 1026 3732 1095; x_wconf 83' lang='lat' dir='ltr'><strong>qui</strong></span> 
     </span>
    </p>
   </div>
   <div class='ocr_carea' id='block_1_10' title="bbox 533 1109 3734 1184">
    <p class='ocr_par' dir='ltr' id='par_1_10' title="bbox 533 1109 3734 1184">
     <span class='ocr_line' id='line_1_10' title="bbox 533 1109 3734 1184; baseline 0.002 -17"><span class='ocrx_word' id='word_1_114' title='bbox 533 1111 774 1166; x_wconf 86' lang='lat' dir='ltr'><strong>nondum</strong></span> <span class='ocrx_word' id='word_1_115' title='bbox 809 1124 1098 1180; x_wconf 85' lang='lat' dir='ltr'><strong>aggressus</strong></span> <span class='ocrx_word' id='word_1_116' title='bbox 1129 1119 1294 1165; x_wconf 82' lang='lat' dir='ltr'><strong>esset.</strong></span> <span class='ocrx_word' id='word_1_117' title='bbox 1327 1110 1469 1165; x_wconf 85' lang='lat' dir='ltr'><strong>Sane</strong></span> <span class='ocrx_word' id='word_1_118' title='bbox 1513 1109 1608 1164; x_wconf 89' lang='lat' dir='ltr'><strong>lib.</strong></span> <span class='ocrx_word' id='word_1_119' title='bbox 1640 1125 1678 1164; x_wconf 88' lang='grc' dir='ltr'><strong>ιι</strong></span> <span class='ocrx_word' id='word_1_120' title='bbox 1711 1109 1974 1176; x_wconf 76' lang='lat' dir='ltr'><strong>Retract.,</strong></span> <span class='ocrx_word' id='word_1_121' title='bbox 2008 1124 2129 1179; x_wconf 91' lang='lat' dir='ltr'><strong>cap.</strong></span> <span class='ocrx_word' id='word_1_122' title='bbox 2236 1109 2664 1180; x_wconf 81' lang='lat' dir='ltr'><strong>Cartltaginensi,</strong></span> <span class='ocrx_word' id='word_1_123' title='bbox 2696 1111 3164 1177; x_wconf 80' lang='lat' dir='ltr'><strong>convenientibus,</strong></span> <span class='ocrx_word' id='word_1_124' title='bbox 3207 1112 3392 1166; x_wconf 92' lang='lat' dir='ltr'><strong>merito</strong></span> <span class='ocrx_word' id='word_1_125' title='bbox 3429 1113 3593 1184; x_wconf 84' lang='lat' dir='ltr'><strong>aliquis</strong></span> <span class='ocrx_word' id='word_1_126' title='bbox 3627 1116 3734 1172; x_wconf 83' lang='lat' dir='ltr'><strong>disc-</strong></span> 
     </span>
    </p>
   </div>
   <div class='ocr_carea' id='block_1_11' title="bbox 531 1202 3735 1275">
    <p class='ocr_par' dir='ltr' id='par_1_11' title="bbox 531 1202 3735 1275">
     <span class='ocr_line' id='line_1_11' title="bbox 531 1202 3735 1275; baseline 0 -16"><span class='ocrx_word' id='word_1_127' title='bbox 531 1203 641 1268; x_wconf 70' lang='grc'><strong>55,</strong></span> <span class='ocrx_word' id='word_1_128' title='bbox 674 1203 984 1274; x_wconf 86' lang='lat' dir='ltr'><strong>significans</strong></span> <span class='ocrx_word' id='word_1_129' title='bbox 1014 1203 1332 1262; x_wconf 67' lang='lat' dir='ltr'><strong>leestium</strong></span> <span class='ocrx_word' id='word_1_130' title='bbox 1364 1205 1563 1275; x_wconf 82' lang='lat' dir='ltr'><strong>Pelagii</strong></span> <span class='ocrx_word' id='word_1_131' title='bbox 1607 1203 1929 1274; x_wconf 90' lang='lat' dir='ltr'><strong>discipulum</strong></span> <span class='ocrx_word' id='word_1_132' title='bbox 1971 1202 2136 1258; x_wconf 89' lang='lat' dir='ltr'><strong>fuisse</strong></span> <span class='ocrx_word' id='word_1_133' title='bbox 2238 1202 2329 1258; x_wconf 91' lang='lat' dir='ltr'><strong>rit.</strong></span> <span class='ocrx_word' id='word_1_134' title='bbox 2381 1202 2553 1257; x_wconf 88' lang='lat' dir='ltr'><strong>Sicuti</strong></span> <span class='ocrx_word' id='word_1_135' title='bbox 2598 1212 2652 1257; x_wconf 90' lang='lat' dir='ltr'><strong>et</strong></span> <span class='ocrx_word' id='word_1_136' title='bbox 2692 1217 2877 1257; x_wconf 90' lang='lat' dir='ltr'><strong>rursus</strong></span> <span class='ocrx_word' id='word_1_137' title='bbox 2916 1202 3185 1274; x_wconf 89' lang='lat' dir='ltr'><strong>quoddam</strong></span> <span class='ocrx_word' id='word_1_138' title='bbox 3225 1203 3479 1273; x_wconf 87' lang='lat' dir='ltr'><strong>posterius</strong></span> <span class='ocrx_word' id='word_1_139' title='bbox 3506 1205 3735 1274; x_wconf 86' lang='lat' dir='ltr'><strong>plenarium</strong></span> 
     </span>
    </p>
   </div>
   <div class='ocr_carea' id='block_1_12' title="bbox 533 1293 3740 1365">
    <p class='ocr_par' dir='ltr' id='par_1_12' title="bbox 533 1293 3740 1365">
     <span class='ocr_line' id='line_1_12' title="bbox 533 1293 3740 1365; baseline 0 -15"><span class='ocrx_word' id='word_1_140' title='bbox 533 1293 608 1350; x_wconf 89' lang='lat' dir='ltr'><strong>ibi</strong></span> <span class='ocrx_word' id='word_1_141' title='bbox 655 1294 967 1350; x_wconf 88' lang='lat' dir='ltr'><strong>damnatum</strong></span> <span class='ocrx_word' id='word_1_142' title='bbox 999 1308 1127 1351; x_wconf 87' lang='lat' dir='ltr'><strong>ante</strong></span> <span class='ocrx_word' id='word_1_143' title='bbox 1154 1311 1308 1351; x_wconf 90' lang='lat' dir='ltr'><strong>suum</strong></span> <span class='ocrx_word' id='word_1_144' title='bbox 1341 1295 1689 1365; x_wconf 83' lang='lat' dir='ltr'><strong>magistrum;</strong></span> <span class='ocrx_word' id='word_1_145' title='bbox 1720 1294 1984 1350; x_wconf 73' lang='lat' dir='ltr'><strong>Caelestius</strong></span> <span class='ocrx_word' id='word_1_146' title='bbox 2008 1334 2025 1362; x_wconf 93' lang='lat'><strong>,</strong></span> <span class='ocrx_word' id='word_1_147' title='bbox 2056 1295 2136 1348; x_wconf 88' lang='lat' dir='ltr'><strong>in-</strong></span> <span class='ocrx_word' id='word_1_148' title='bbox 2239 1295 2523 1350; x_wconf 89' lang='lat' dir='ltr'><strong>concilium</strong></span> <span class='ocrx_word' id='word_1_149' title='bbox 2559 1294 2718 1349; x_wconf 87' lang='lat' dir='ltr'><strong>totius</strong></span> <span class='ocrx_word' id='word_1_150' title='bbox 2748 1294 2943 1350; x_wconf 71' lang='lat' dir='ltr'><strong>Africa:</strong></span> <span class='ocrx_word' id='word_1_151' title='bbox 2981 1295 3225 1350; x_wconf 86' lang='lat' dir='ltr'><strong>eamdem</strong></span> <span class='ocrx_word' id='word_1_152' title='bbox 3265 1296 3334 1350; x_wconf 85' lang='lat' dir='ltr'><strong>ob</strong></span> <span class='ocrx_word' id='word_1_153' title='bbox 3374 1309 3566 1350; x_wconf 87' lang='lat' dir='ltr'><strong>causam</strong></span> <span class='ocrx_word' id='word_1_154' title='bbox 3597 1311 3740 1352; x_wconf 81' lang='lat' dir='ltr'><strong>conve-</strong></span> 
     </span>
    </p>
   </div>
   <div class='ocr_carea' id='block_1_13' title="bbox 535 1387 3742 1461">
    <p class='ocr_par' dir='ltr' id='par_1_13' title="bbox 535 1387 3742 1461">
     <span class='ocr_line' id='line_1_13' title="bbox 535 1387 3742 1461; baseline 0.001 -19"><span class='ocrx_word' id='word_1_155' title='bbox 535 1389 689 1459; x_wconf 89' lang='lat' dir='ltr'><strong>quit,</strong></span> <span class='ocrx_word' id='word_1_156' title='bbox 731 1389 1016 1461; x_wconf 74' lang='lat' dir='ltr'><strong>discipulus</strong></span> <span class='ocrx_word' id='word_1_157' title='bbox 1053 1389 1164 1460; x_wconf 87' lang='lat' dir='ltr'><strong>ejus</strong></span> <span class='ocrx_word' id='word_1_158' title='bbox 1193 1392 1308 1461; x_wconf 87' lang='lat' dir='ltr'><strong>jam</strong></span> <span class='ocrx_word' id='word_1_159' title='bbox 1367 1399 1574 1458; x_wconf 82' lang='lat' dir='ltr'><strong>propter</strong></span> <span class='ocrx_word' id='word_1_160' title='bbox 1621 1389 1746 1443; x_wconf 89' lang='lat' dir='ltr'><strong>tales</strong></span> <span class='ocrx_word' id='word_1_161' title='bbox 1797 1387 2138 1442; x_wconf 80' lang='lat' dir='ltr'><strong>dissensiones</strong></span> <span class='ocrx_word' id='word_1_162' title='bbox 2243 1391 2388 1446; x_wconf 88' lang='lat' dir='ltr'><strong>uisse</strong></span> <span class='ocrx_word' id='word_1_163' title='bbox 2418 1390 2750 1459; x_wconf 77' lang='lat' dir='ltr'><strong>Augustinus</strong></span> <span class='ocrx_word' id='word_1_164' title='bbox 2778 1388 3045 1461; x_wconf 88' lang='lat' dir='ltr'><strong>significat</strong></span> <span class='ocrx_word' id='word_1_165' title='bbox 3075 1390 3126 1444; x_wconf 93' lang='lat' dir='ltr'><strong>in</strong></span> <span class='ocrx_word' id='word_1_166' title='bbox 3167 1390 3390 1460; x_wconf 90' lang='lat' dir='ltr'><strong>epistola</strong></span> <span class='ocrx_word' id='word_1_167' title='bbox 3430 1404 3572 1443; x_wconf 80' lang='lat' dir='ltr'><strong>xmt.</strong></span> <span class='ocrx_word' id='word_1_168' title='bbox 3607 1389 3742 1461; x_wconf 85' lang='lat' dir='ltr'><strong>Neque</strong></span> 
     </span>
    </p>
   </div>
   <div class='ocr_carea' id='block_1_14' title="bbox 535 1479 3744 1554">
    <p class='ocr_par' dir='ltr' id='par_1_14' title="bbox 535 1479 3744 1554">
     <span class='ocr_line' id='line_1_14' title="bbox 535 1479 3744 1554; baseline 0.001 -19"><span class='ocrx_word' id='word_1_169' title='bbox 535 1482 676 1553; x_wconf 85' lang='lat' dir='ltr'><strong>apud</strong></span> <span class='ocrx_word' id='word_1_170' title='bbox 717 1479 1080 1548; x_wconf 79' lang='lat' dir='ltr'><strong>Carthaginem</strong></span> <span class='ocrx_word' id='word_1_171' title='bbox 1119 1483 1170 1535; x_wconf 86' lang='lat' dir='ltr'><strong>in</strong></span> <span class='ocrx_word' id='word_1_172' title='bbox 1210 1482 1492 1553; x_wconf 56' lang='lat' dir='ltr'><strong>episcopili</strong></span> <span class='ocrx_word' id='word_1_173' title='bbox 1522 1482 1748 1553; x_wconf 83' lang='lat' dir='ltr'><strong>judicio,</strong></span> <span class='ocrx_word' id='word_1_174' title='bbox 1790 1482 1877 1536; x_wconf 85' lang='lat' dir='ltr'><strong>ubi</strong></span> <span class='ocrx_word' id='word_1_175' title='bbox 1916 1497 2008 1554; x_wconf 86' lang='lat' dir='ltr'><strong>ego</strong></span> <span class='ocrx_word' id='word_1_176' title='bbox 2038 1499 2138 1536; x_wconf 90' lang='lat' dir='ltr'><strong>non</strong></span> <span class='ocrx_word' id='word_1_177' title='bbox 2243 1483 2522 1539; x_wconf 88' lang='lat' dir='ltr'><strong>dissimilis</strong></span> <span class='ocrx_word' id='word_1_178' title='bbox 2562 1483 2804 1554; x_wconf 73' lang='lat' dir='ltr'><strong>quzcdam</strong></span> <span class='ocrx_word' id='word_1_179' title='bbox 2847 1483 2944 1537; x_wconf 90' lang='lat' dir='ltr'><strong>fuit</strong></span> <span class='ocrx_word' id='word_1_180' title='bbox 2971 1482 3531 1551; x_wconf 82' lang='lat' dir='ltr'><strong>Constantitmpolitani</strong></span> <span class='ocrx_word' id='word_1_181' title='bbox 3554 1484 3744 1551; x_wconf 89' lang='lat' dir='ltr'><strong>concilii,</strong></span> 
     </span>
    </p>
   </div>
   <div class='ocr_carea' id='block_1_15' title="bbox 535 1575 3747 1650">
    <p class='ocr_par' dir='ltr' id='par_1_15' title="bbox 535 1575 3747 1650">
     <span class='ocr_line' id='line_1_15' title="bbox 535 1575 3747 1650; baseline -0.001 -19"><span class='ocrx_word' id='word_1_182' title='bbox 535 1577 786 1647; x_wconf 79' lang='lat' dir='ltr'><strong>interfui,</strong></span> <span class='ocrx_word' id='word_1_183' title='bbox 819 1578 1400 1632; x_wconf 76' lang='lat' dir='ltr'><strong>excotnmunicationem</strong></span> <span class='ocrx_word' id='word_1_184' title='bbox 1430 1587 1711 1632; x_wconf 82' lang='lat' dir='ltr'><strong>meruerat.</strong></span> <span class='ocrx_word' id='word_1_185' title='bbox 2245 1578 2388 1650; x_wconf 93' lang='lat' dir='ltr'><strong>quod</strong></span> <span class='ocrx_word' id='word_1_186' title='bbox 2433 1578 2600 1634; x_wconf 91' lang='lat' dir='ltr'><strong>fuisse</strong></span> <span class='ocrx_word' id='word_1_187' title='bbox 2640 1577 2936 1632; x_wconf 90' lang='lat' dir='ltr'><strong>secundum</strong></span> <span class='ocrx_word' id='word_1_188' title='bbox 2980 1576 3291 1632; x_wconf 86' lang='lat' dir='ltr'><strong>universale</strong></span> <span class='ocrx_word' id='word_1_189' title='bbox 3328 1578 3504 1644; x_wconf 89' lang='lat' dir='ltr'><strong>aiunt,</strong></span> <span class='ocrx_word' id='word_1_190' title='bbox 3539 1575 3747 1644; x_wconf 87' lang='lat' dir='ltr'><strong>conditio,</strong></span> 
     </span>
    </p>
   </div>
   <div class='ocr_carea' id='block_1_16' title="bbox 615 1669 3752 1744">
    <p class='ocr_par' dir='ltr' id='par_1_16' title="bbox 615 1669 3752 1744">
     <span class='ocr_line' id='line_1_16' title="bbox 615 1669 3752 1744; baseline -0.001 -18"><span class='ocrx_word' id='word_1_191' title='bbox 615 1672 804 1727; x_wconf 86' lang='lat' dir='ltr'><strong>Patres</strong></span> <span class='ocrx_word' id='word_1_192' title='bbox 850 1670 1149 1725; x_wconf 85' lang='lat' dir='ltr'><strong>Milevitani</strong></span> <span class='ocrx_word' id='word_1_193' title='bbox 1194 1671 1410 1726; x_wconf 91' lang='lat' dir='ltr'><strong>concilii</strong></span> <span class='ocrx_word' id='word_1_194' title='bbox 1463 1670 1650 1744; x_wconf 90' lang='lat' dir='ltr'><strong>(inter</strong></span> <span class='ocrx_word' id='word_1_195' title='bbox 1695 1685 1831 1742; x_wconf 87' lang='lat' dir='ltr'><strong>quos</strong></span> <span class='ocrx_word' id='word_1_196' title='bbox 1869 1669 2142 1742; x_wconf 89' lang='lat' dir='ltr'><strong>Sylvanus</strong></span> <span class='ocrx_word' id='word_1_197' title='bbox 2247 1687 2368 1728; x_wconf 92' lang='lat' dir='ltr'><strong>cum</strong></span> <span class='ocrx_word' id='word_1_198' title='bbox 2419 1670 2606 1726; x_wconf 85' lang='lat' dir='ltr'><strong>Patres</strong></span> <span class='ocrx_word' id='word_1_199' title='bbox 2654 1670 2815 1726; x_wconf 91' lang='lat' dir='ltr'><strong>modo</strong></span> <span class='ocrx_word' id='word_1_200' title='bbox 2854 1671 3278 1736; x_wconf 86' lang='lat' dir='ltr'><strong>dimitterentur,</strong></span> <span class='ocrx_word' id='word_1_201' title='bbox 3321 1669 3473 1725; x_wconf 89' lang='lat' dir='ltr'><strong>modo</strong></span> <span class='ocrx_word' id='word_1_202' title='bbox 3507 1683 3752 1724; x_wconf 65' lang='lat' dir='ltr'><strong>revocaren-</strong></span> 
     </span>
    </p>
   </div>
   <div class='ocr_carea' id='block_1_17' title="bbox 538 1747 3751 1836">
    <p class='ocr_par' dir='ltr' id='par_1_17' title="bbox 538 1747 3751 1836">
     <span class='ocr_line' id='line_1_17' title="bbox 538 1747 3751 1836; baseline -0.001 -17"><span class='ocrx_word' id='word_1_203' title='bbox 538 1764 716 1836; x_wconf 88' lang='lat' dir='ltr'><strong>primo</strong></span> <span class='ocrx_word' id='word_1_204' title='bbox 758 1765 908 1830; x_wconf 89' lang='lat' dir='ltr'><strong>loco,</strong></span> <span class='ocrx_word' id='word_1_205' title='bbox 952 1764 1289 1834; x_wconf 85' lang='lat' dir='ltr'><strong>Augustinus</strong></span> <span class='ocrx_word' id='word_1_206' title='bbox 1327 1772 1522 1822; x_wconf 86' lang='lat' dir='ltr'><strong>octavo</strong></span> <span class='ocrx_word' id='word_1_207' title='bbox 1561 1763 1913 1834; x_wconf 90' lang='lat' dir='ltr'><strong>numeratur)</strong></span> <span class='ocrx_word' id='word_1_208' title='bbox 1949 1762 2002 1817; x_wconf 91' lang='lat' dir='ltr'><strong>in</strong></span> <span class='ocrx_word' id='word_1_209' title='bbox 2043 1777 2140 1816; x_wconf 90' lang='lat' dir='ltr'><strong>sua</strong></span> <span class='ocrx_word' id='word_1_210' title='bbox 2173 1747 2220 1808; x_wconf 83' lang='grc' dir='ltr'>Β</span> <span class='ocrx_word' id='word_1_211' title='bbox 2249 1777 2352 1820; x_wconf 91' lang='lat' dir='ltr'><strong>tur.</strong></span> <span class='ocrx_word' id='word_1_212' title='bbox 2395 1766 2666 1820; x_wconf 49' lang='lat' dir='ltr'><strong>Ca‘terum</strong></span> <span class='ocrx_word' id='word_1_213' title='bbox 2707 1781 2829 1820; x_wconf 90' lang='lat' dir='ltr'><strong>cum</strong></span> <span class='ocrx_word' id='word_1_214' title='bbox 2875 1764 3118 1820; x_wconf 85' lang='lat' dir='ltr'><strong>historici</strong></span> <span class='ocrx_word' id='word_1_215' title='bbox 3171 1765 3271 1819; x_wconf 89' lang='lat' dir='ltr'><strong>ista</strong></span> <span class='ocrx_word' id='word_1_216' title='bbox 3311 1763 3520 1819; x_wconf 82' lang='lat' dir='ltr'><strong>confuse</strong></span> <span class='ocrx_word' id='word_1_217' title='bbox 3560 1775 3751 1830; x_wconf 86' lang='lat' dir='ltr'><strong>narrant,</strong></span> 
     </span>
    </p>
   </div>
   <div class='ocr_carea' id='block_1_18' title="bbox 541 1853 3756 1929">
    <p class='ocr_par' dir='ltr' id='par_1_18' title="bbox 541 1853 3756 1929">
     <span class='ocr_line' id='line_1_18' title="bbox 541 1853 3756 1929; baseline 0 -19"><span class='ocrx_word' id='word_1_218' title='bbox 541 1855 609 1910; x_wconf 89' lang='lat' dir='ltr'><strong>ad</strong></span> <span class='ocrx_word' id='word_1_219' title='bbox 650 1853 1022 1911; x_wconf 88' lang='lat' dir='ltr'><strong>Innocentium</strong></span> <span class='ocrx_word' id='word_1_220' title='bbox 1062 1855 1294 1926; x_wconf 82' lang='lat' dir='ltr'><strong>epistola</strong></span> <span class='ocrx_word' id='word_1_221' title='bbox 1333 1857 1483 1911; x_wconf 90' lang='lat' dir='ltr'><strong>aiunt</strong></span> <span class='ocrx_word' id='word_1_222' title='bbox 1510 1871 1630 1912; x_wconf 90' lang='lat' dir='ltr'><strong>sese</strong></span> <span class='ocrx_word' id='word_1_223' title='bbox 1659 1855 1725 1910; x_wconf 88' lang='lat' dir='ltr'><strong>ad</strong></span> <span class='ocrx_word' id='word_1_224' title='bbox 1756 1871 1878 1911; x_wconf 89' lang='lat' dir='ltr'><strong>eum</strong></span> <span class='ocrx_word' id='word_1_225' title='bbox 1911 1855 1980 1911; x_wconf 90' lang='lat' dir='ltr'><strong>de</strong></span> <span class='ocrx_word' id='word_1_226' title='bbox 2007 1870 2142 1911; x_wconf 92' lang='lat' dir='ltr'><strong>con-</strong></span> <span class='ocrx_word' id='word_1_227' title='bbox 2248 1874 2425 1928; x_wconf 80' lang='lat' dir='ltr'><strong>neque</strong></span> <span class='ocrx_word' id='word_1_228' title='bbox 2473 1859 2758 1929; x_wconf 85' lang='lat' dir='ltr'><strong>quicquam</strong></span> <span class='ocrx_word' id='word_1_229' title='bbox 2809 1859 3168 1929; x_wconf 86' lang='lat' dir='ltr'><strong>distinguunt,</strong></span> <span class='ocrx_word' id='word_1_230' title='bbox 3219 1857 3388 1912; x_wconf 90' lang='lat' dir='ltr'><strong>multa</strong></span> <span class='ocrx_word' id='word_1_231' title='bbox 3432 1857 3647 1927; x_wconf 89' lang='lat' dir='ltr'><strong>imperite</strong></span> <span class='ocrx_word' id='word_1_232' title='bbox 3667 1859 3756 1912; x_wconf 85' lang='lat' dir='ltr'><strong>mis-</strong></span> 
     </span>
    </p>
   </div>
   <div class='ocr_carea' id='block_1_19' title="bbox 541 1947 3757 2021">
    <p class='ocr_par' dir='ltr' id='par_1_19' title="bbox 541 1947 3757 2021">
     <span class='ocr_line' id='line_1_19' title="bbox 541 1947 3757 2021; baseline 0 -17"><span class='ocrx_word' id='word_1_233' title='bbox 541 1948 670 2004; x_wconf 91' lang='lat' dir='ltr'><strong>cilio</strong></span> <span class='ocrx_word' id='word_1_234' title='bbox 710 1947 977 2004; x_wconf 67' lang='lat' dir='ltr'><strong>Numidia:</strong></span> <span class='ocrx_word' id='word_1_235' title='bbox 1016 1949 1258 2004; x_wconf 85' lang='lat' dir='ltr'><strong>scribere</strong></span> <span class='ocrx_word' id='word_1_236' title='bbox 1295 1947 1364 2003; x_wconf 91' lang='lat' dir='ltr'><strong>de</strong></span> <span class='ocrx_word' id='word_1_237' title='bbox 1405 1950 1556 2004; x_wconf 83' lang='lat' dir='ltr'><strong>Actis</strong></span> <span class='ocrx_word' id='word_1_238' title='bbox 1593 1958 1780 2004; x_wconf 82' lang='lat' dir='ltr'><strong>contra</strong></span> <span class='ocrx_word' id='word_1_239' title='bbox 1825 1947 2097 2019; x_wconf 85' lang='lat' dir='ltr'><strong>Pelagium</strong></span> <span class='ocrx_word' id='word_1_240' title='bbox 2123 1989 2140 2013; x_wconf 89' lang='lat'><strong>,</strong></span> <span class='ocrx_word' id='word_1_241' title='bbox 2247 1962 2373 2008; x_wconf 90' lang='lat' dir='ltr'><strong>cent</strong></span> <span class='ocrx_word' id='word_1_242' title='bbox 2415 1968 2534 2020; x_wconf 69' lang='lat' dir='ltr'><strong>qua:</strong></span> <span class='ocrx_word' id='word_1_243' title='bbox 2574 1953 2929 2008; x_wconf 84' lang='lat' dir='ltr'><strong>discernenda</strong></span> <span class='ocrx_word' id='word_1_244' title='bbox 2968 1962 3127 2021; x_wconf 89' lang='lat' dir='ltr'><strong>sunt,</strong></span> <span class='ocrx_word' id='word_1_245' title='bbox 3163 1962 3218 2008; x_wconf 89' lang='lat' dir='ltr'><strong>et</strong></span> <span class='ocrx_word' id='word_1_246' title='bbox 3274 1951 3539 2008; x_wconf 90' lang='lat' dir='ltr'><strong>credulum</strong></span> <span class='ocrx_word' id='word_1_247' title='bbox 3566 1951 3757 2006; x_wconf 77' lang='lat' dir='ltr'><strong>lectorem</strong></span> 
     </span>
    </p>
   </div>
   <div class='ocr_carea' id='block_1_20' title="bbox 539 2041 2640 2116">
    <p class='ocr_par' dir='ltr' id='par_1_20' title="bbox 539 2041 2640 2116">
     <span class='ocr_line' id='line_1_20' title="bbox 539 2041 2640 2116; baseline -0 -17"><span class='ocrx_word' id='word_1_248' title='bbox 539 2042 818 2099; x_wconf 87' lang='lat' dir='ltr'><strong>imitantes</strong></span> <span class='ocrx_word' id='word_1_249' title='bbox 897 2041 1340 2113; x_wconf 89' lang='lat' dir='ltr'><strong>Carthagittensis</strong></span> <span class='ocrx_word' id='word_1_250' title='bbox 1408 2043 1669 2099; x_wconf 71' lang='lat' dir='ltr'><strong>Ecclesiae</strong></span> <span class='ocrx_word' id='word_1_251' title='bbox 1743 2043 2147 2113; x_wconf 76' lang='lat' dir='ltr'><strong>provincizeque</strong></span> <span class='ocrx_word' id='word_1_252' title='bbox 2247 2061 2392 2116; x_wconf 67' lang='lat' dir='ltr'><strong>satpe</strong></span> <span class='ocrx_word' id='word_1_253' title='bbox 2425 2045 2640 2101; x_wconf 88' lang='lat' dir='ltr'><strong>fallunt.</strong></span> 
     </span>
    </p>
   </div>
   <div class='ocr_carea' id='block_1_21' title="bbox 550 2135 3762 2209">
    <p class='ocr_par' dir='ltr' id='par_1_21' title="bbox 550 2135 3762 2209">
     <span class='ocr_line' id='line_1_21' title="bbox 550 2135 3762 2209; baseline -0.002 -14"><span class='ocrx_word' id='word_1_254' title='bbox 550 2139 925 2209; x_wconf 91' lang='lat' dir='ltr'><strong>coepiscopos.</strong></span> <span class='ocrx_word' id='word_1_255' title='bbox 951 2139 1092 2208; x_wconf 83' lang='lat' dir='ltr'><strong>Ergo</strong></span> <span class='ocrx_word' id='word_1_256' title='bbox 1109 2139 1220 2208; x_wconf 89' lang='lat' dir='ltr'><strong>jam</strong></span> <span class='ocrx_word' id='word_1_257' title='bbox 1245 2137 1446 2193; x_wconf 84' lang='lat' dir='ltr'><strong>editum</strong></span> <span class='ocrx_word' id='word_1_258' title='bbox 1469 2150 1584 2193; x_wconf 87' lang='lat' dir='ltr'><strong>erat</strong></span> <span class='ocrx_word' id='word_1_259' title='bbox 1622 2138 1899 2194; x_wconf 91' lang='lat' dir='ltr'><strong>decretum</strong></span> <span class='ocrx_word' id='word_1_260' title='bbox 1931 2135 2149 2193; x_wconf 89' lang='lat' dir='ltr'><strong>concilii</strong></span> <span class='ocrx_word' id='word_1_261' title='bbox 2323 2138 2562 2208; x_wconf 90' lang='lat' dir='ltr'><strong>Prosper</strong></span> <span class='ocrx_word' id='word_1_262' title='bbox 2601 2148 2828 2194; x_wconf 89' lang='lat' dir='ltr'><strong>annotat</strong></span> <span class='ocrx_word' id='word_1_263' title='bbox 2865 2138 3154 2194; x_wconf 91' lang='lat' dir='ltr'><strong>concilium</strong></span> <span class='ocrx_word' id='word_1_264' title='bbox 3195 2137 3598 2208; x_wconf 88' lang='lat' dir='ltr'><strong>Carthaginense</strong></span> <span class='ocrx_word' id='word_1_265' title='bbox 3621 2135 3672 2190; x_wconf 87' lang='lat' dir='ltr'><strong>ad</strong></span> <span class='ocrx_word' id='word_1_266' title='bbox 3693 2135 3762 2190; x_wconf 81' lang='lat' dir='ltr'><strong>Zo-</strong></span> 
     </span>
    </p>
   </div>
   <div class='ocr_carea' id='block_1_22' title="bbox 547 2231 3759 2304">
    <p class='ocr_par' dir='ltr' id='par_1_22' title="bbox 547 2231 3759 2304">
     <span class='ocr_line' id='line_1_22' title="bbox 547 2231 3759 2304; baseline -0.003 -15"><span class='ocrx_word' id='word_1_267' title='bbox 547 2233 694 2289; x_wconf 88' lang='lat' dir='ltr'><strong>illius</strong></span> <span class='ocrx_word' id='word_1_268' title='bbox 746 2233 1187 2304; x_wconf 89' lang='lat' dir='ltr'><strong>Carthaginensis</strong></span> <span class='ocrx_word' id='word_1_269' title='bbox 1235 2241 1424 2288; x_wconf 89' lang='lat' dir='ltr'><strong>contra</strong></span> <span class='ocrx_word' id='word_1_270' title='bbox 1480 2233 1820 2303; x_wconf 77' lang='lat' dir='ltr'><strong>Pelagianam</strong></span> <span class='ocrx_word' id='word_1_271' title='bbox 1869 2233 2143 2288; x_wconf 63' lang='lat' dir='ltr'><strong>haeresim.</strong></span> <span class='ocrx_word' id='word_1_272' title='bbox 2253 2231 2450 2287; x_wconf 88' lang='lat' dir='ltr'><strong>simunt</strong></span> <span class='ocrx_word' id='word_1_273' title='bbox 2470 2231 2757 2301; x_wconf 90' lang='lat' dir='ltr'><strong>scripsisse</strong></span> <span class='ocrx_word' id='word_1_274' title='bbox 2787 2231 3025 2286; x_wconf 87' lang='lat' dir='ltr'><strong>Ilonorio</strong></span> <span class='ocrx_word' id='word_1_275' title='bbox 3048 2248 3121 2287; x_wconf 80' lang='lat' dir='ltr'><strong>sn</strong></span> <span class='ocrx_word' id='word_1_276' title='bbox 3151 2241 3206 2287; x_wconf 93' lang='lat' dir='ltr'><strong>et</strong></span> <span class='ocrx_word' id='word_1_277' title='bbox 3240 2231 3534 2286; x_wconf 88' lang='lat' dir='ltr'><strong>Theodosio</strong></span> <span class='ocrx_word' id='word_1_278' title='bbox 3564 2245 3759 2286; x_wconf 84' lang='lat' dir='ltr'><strong>viticoss.</strong></span> 
     </span>
    </p>
   </div>
   <div class='ocr_carea' id='block_1_23' title="bbox 547 2322 3764 2394">
    <p class='ocr_par' dir='ltr' id='par_1_23' title="bbox 547 2322 3764 2394">
     <span class='ocr_line' id='line_1_23' title="bbox 547 2322 3764 2394; baseline -0.002 -14"><span class='ocrx_word' id='word_1_279' title='bbox 547 2322 894 2393; x_wconf 81' lang='lat' dir='ltr'><strong>Responsum</strong></span> <span class='ocrx_word' id='word_1_280' title='bbox 934 2334 1113 2379; x_wconf 91' lang='lat' dir='ltr'><strong>autem</strong></span> <span class='ocrx_word' id='word_1_281' title='bbox 1156 2323 1458 2378; x_wconf 90' lang='lat' dir='ltr'><strong>Innocentii</strong></span> <span class='ocrx_word' id='word_1_282' title='bbox 1499 2322 1692 2394; x_wconf 90' lang='lat' dir='ltr'><strong>pontif.</strong></span> <span class='ocrx_word' id='word_1_283' title='bbox 1725 2323 1791 2378; x_wconf 89' lang='lat' dir='ltr'><strong>ad</strong></span> <span class='ocrx_word' id='word_1_284' title='bbox 1821 2323 2014 2379; x_wconf 86' lang='lat' dir='ltr'><strong>Patres</strong></span> <span class='ocrx_word' id='word_1_285' title='bbox 2053 2324 2152 2378; x_wconf 86' lang='lat' dir='ltr'><strong>Mi-</strong></span> <span class='ocrx_word' id='word_1_286' title='bbox 2253 2340 2397 2380; x_wconf 84' lang='lat' dir='ltr'><strong>anno</strong></span> <span class='ocrx_word' id='word_1_287' title='bbox 2425 2323 2626 2380; x_wconf 88' lang='lat' dir='ltr'><strong>Cltristi</strong></span> <span class='ocrx_word' id='word_1_288' title='bbox 2658 2324 2785 2379; x_wconf 70' lang='grc'><strong>420.</strong></span> <span class='ocrx_word' id='word_1_289' title='bbox 2819 2323 2951 2379; x_wconf 87' lang='lat' dir='ltr'><strong>Aela</strong></span> <span class='ocrx_word' id='word_1_290' title='bbox 2981 2323 3255 2390; x_wconf 90' lang='lat' dir='ltr'><strong>indicant,</strong></span> <span class='ocrx_word' id='word_1_291' title='bbox 3284 2322 3350 2378; x_wconf 91' lang='lat' dir='ltr'><strong>iis</strong></span> <span class='ocrx_word' id='word_1_292' title='bbox 3379 2338 3513 2378; x_wconf 92' lang='lat' dir='ltr'><strong>coss.</strong></span> <span class='ocrx_word' id='word_1_293' title='bbox 3539 2323 3584 2375; x_wconf 91' lang='lat' dir='ltr'><strong>in</strong></span> <span class='ocrx_word' id='word_1_294' title='bbox 3607 2336 3764 2376; x_wconf 87' lang='lat' dir='ltr'><strong>eoeon-</strong></span> 
     </span>
    </p>
   </div>
   <div class='ocr_carea' id='block_1_24' title="bbox 551 2416 3764 2489">
    <p class='ocr_par' dir='ltr' id='par_1_24' title="bbox 551 2416 3764 2489">
     <span class='ocr_line' id='line_1_24' title="bbox 551 2416 3764 2489; baseline -0.001 -17"><span class='ocrx_word' id='word_1_295' title='bbox 551 2417 819 2473; x_wconf 88' lang='lat' dir='ltr'><strong>levitauos</strong></span> <span class='ocrx_word' id='word_1_296' title='bbox 859 2418 1040 2472; x_wconf 90' lang='lat' dir='ltr'><strong>datum</strong></span> <span class='ocrx_word' id='word_1_297' title='bbox 1094 2432 1217 2473; x_wconf 89' lang='lat' dir='ltr'><strong>esse</strong></span> <span class='ocrx_word' id='word_1_298' title='bbox 1255 2416 1453 2472; x_wconf 89' lang='lat' dir='ltr'><strong>dicitur</strong></span> <span class='ocrx_word' id='word_1_299' title='bbox 1503 2433 1556 2472; x_wconf 80' lang='lat' dir='ltr'><strong>Vl</strong></span> <span class='ocrx_word' id='word_1_300' title='bbox 1606 2416 1825 2472; x_wconf 81' lang='lat' dir='ltr'><strong>kalend.</strong></span> <span class='ocrx_word' id='word_1_301' title='bbox 1861 2416 2152 2483; x_wconf 88' lang='lat' dir='ltr'><strong>Februar.,</strong></span> <span class='ocrx_word' id='word_1_302' title='bbox 2256 2419 2384 2474; x_wconf 90' lang='lat' dir='ltr'><strong>cilio</strong></span> <span class='ocrx_word' id='word_1_303' title='bbox 2425 2419 2824 2489; x_wconf 86' lang='lat' dir='ltr'><strong>pronuntiatum</strong></span> <span class='ocrx_word' id='word_1_304' title='bbox 2868 2419 3033 2474; x_wconf 88' lang='lat' dir='ltr'><strong>fuisse</strong></span> <span class='ocrx_word' id='word_1_305' title='bbox 3069 2426 3262 2473; x_wconf 86' lang='lat' dir='ltr'><strong>contra</strong></span> <span class='ocrx_word' id='word_1_306' title='bbox 3301 2417 3616 2486; x_wconf 87' lang='lat' dir='ltr'><strong>Pelagianam</strong></span> <span class='ocrx_word' id='word_1_307' title='bbox 3641 2416 3764 2469; x_wconf 72' lang='lat' dir='ltr'><strong>here-</strong></span> 
     </span>
    </p>
   </div>
   <div class='ocr_carea' id='block_1_25' title="bbox 551 2508 3765 2583">
    <p class='ocr_par' dir='ltr' id='par_1_25' title="bbox 551 2508 3765 2583">
     <span class='ocr_line' id='line_1_25' title="bbox 551 2508 3765 2583; baseline -0.001 -17"><span class='ocrx_word' id='word_1_308' title='bbox 551 2510 794 2566; x_wconf 81' lang='lat' dir='ltr'><strong>Ilottorio</strong></span> <span class='ocrx_word' id='word_1_309' title='bbox 831 2521 887 2568; x_wconf 90' lang='lat' dir='ltr'><strong>et</strong></span> <span class='ocrx_word' id='word_1_310' title='bbox 924 2508 1244 2566; x_wconf 80' lang='lat' dir='ltr'><strong>Constantio</strong></span> <span class='ocrx_word' id='word_1_311' title='bbox 1298 2526 1440 2566; x_wconf 87' lang='lat' dir='ltr'><strong>coss.</strong></span> <span class='ocrx_word' id='word_1_312' title='bbox 1487 2511 1597 2582; x_wconf 83' lang='lat' dir='ltr'><strong>Ego</strong></span> <span class='ocrx_word' id='word_1_313' title='bbox 1645 2519 1776 2582; x_wconf 88' lang='lat' dir='ltr'><strong>puto</strong></span> <span class='ocrx_word' id='word_1_314' title='bbox 1828 2510 2110 2582; x_wconf 90' lang='lat' dir='ltr'><strong>legendum</strong></span> <span class='ocrx_word' id='word_1_315' title='bbox 2137 2551 2152 2573; x_wconf 92' lang='lat'><strong>,</strong></span> <span class='ocrx_word' id='word_1_316' title='bbox 2259 2513 2390 2577; x_wconf 92' lang='lat' dir='ltr'><strong>sim,</strong></span> <span class='ocrx_word' id='word_1_317' title='bbox 2420 2522 2476 2568; x_wconf 92' lang='lat' dir='ltr'><strong>et</strong></span> <span class='ocrx_word' id='word_1_318' title='bbox 2499 2512 2862 2582; x_wconf 82' lang='lat' dir='ltr'><strong>Augustinum</strong></span> <span class='ocrx_word' id='word_1_319' title='bbox 2894 2512 3204 2568; x_wconf 89' lang='lat' dir='ltr'><strong>interfuisse</strong></span> <span class='ocrx_word' id='word_1_320' title='bbox 3227 2511 3543 2583; x_wconf 82' lang='lat' dir='ltr'><strong>significant.</strong></span> <span class='ocrx_word' id='word_1_321' title='bbox 3567 2510 3765 2566; x_wconf 63' lang='lat' dir='ltr'><strong>Ceterum</strong></span> 
     </span>
    </p>
   </div>
   <div class='ocr_carea' id='block_1_26' title="bbox 554 2600 3764 2676">
    <p class='ocr_par' dir='ltr' id='par_1_26' title="bbox 554 2600 3764 2676">
     <span class='ocr_line' id='line_1_26' title="bbox 554 2600 3764 2676; baseline -0.001 -18"><span class='ocrx_word' id='word_1_322' title='bbox 554 2602 829 2658; x_wconf 87' lang='lat' dir='ltr'><strong>Constante</strong></span> <span class='ocrx_word' id='word_1_323' title='bbox 866 2612 912 2657; x_wconf 89' lang='lat' dir='ltr'><strong>et</strong></span> <span class='ocrx_word' id='word_1_324' title='bbox 951 2603 1250 2658; x_wconf 86' lang='lat' dir='ltr'><strong>Constantio</strong></span> <span class='ocrx_word' id='word_1_325' title='bbox 1290 2619 1449 2666; x_wconf 84' lang='lat' dir='ltr'><strong>coss.,</strong></span> <span class='ocrx_word' id='word_1_326' title='bbox 1493 2604 1650 2658; x_wconf 87' lang='lat' dir='ltr'><strong>sicuti</strong></span> <span class='ocrx_word' id='word_1_327' title='bbox 1689 2611 1745 2658; x_wconf 88' lang='lat' dir='ltr'><strong>et</strong></span> <span class='ocrx_word' id='word_1_328' title='bbox 1781 2603 1833 2657; x_wconf 88' lang='lat' dir='ltr'><strong>itt</strong></span> <span class='ocrx_word' id='word_1_329' title='bbox 1863 2602 2051 2658; x_wconf 88' lang='lat' dir='ltr'><strong>codice</strong></span> <span class='ocrx_word' id='word_1_330' title='bbox 2101 2600 2156 2654; x_wconf 88' lang='lat' dir='ltr'><strong>hi</strong></span> <span class='ocrx_word' id='word_1_331' title='bbox 2260 2607 2376 2676; x_wconf 91' lang='lat' dir='ltr'><strong>ipse</strong></span> <span class='ocrx_word' id='word_1_332' title='bbox 2408 2604 2746 2675; x_wconf 85' lang='lat' dir='ltr'><strong>Augustinus</strong></span> <span class='ocrx_word' id='word_1_333' title='bbox 2772 2615 2960 2659; x_wconf 89' lang='lat' dir='ltr'><strong>narrat</strong></span> <span class='ocrx_word' id='word_1_334' title='bbox 2985 2619 3106 2659; x_wconf 89' lang='lat' dir='ltr'><strong>sese</strong></span> <span class='ocrx_word' id='word_1_335' title='bbox 3130 2604 3329 2661; x_wconf 87' lang='lat' dir='ltr'><strong>iisdem</strong></span> <span class='ocrx_word' id='word_1_336' title='bbox 3355 2620 3492 2660; x_wconf 85' lang='lat' dir='ltr'><strong>coss.</strong></span> <span class='ocrx_word' id='word_1_337' title='bbox 3521 2619 3586 2659; x_wconf 77' lang='lat' dir='ltr'><strong>sn</strong></span> <span class='ocrx_word' id='word_1_338' title='bbox 3607 2602 3764 2656; x_wconf 80' lang='lat' dir='ltr'><strong>kalend.</strong></span> 
     </span>
    </p>
   </div>
   <div class='ocr_carea' id='block_1_27' title="bbox 556 2695 3769 2768">
    <p class='ocr_par' dir='ltr' id='par_1_27' title="bbox 556 2695 3769 2768">
     <span class='ocr_line' id='line_1_27' title="bbox 556 2695 3769 2768; baseline -0.002 -15"><span class='ocrx_word' id='word_1_339' title='bbox 556 2697 810 2753; x_wconf 84' lang='lat' dir='ltr'><strong>consules</strong></span> <span class='ocrx_word' id='word_1_340' title='bbox 848 2697 1270 2768; x_wconf 89' lang='lat' dir='ltr'><strong>conjunguntur.</strong></span> <span class='ocrx_word' id='word_1_341' title='bbox 1316 2696 1439 2752; x_wconf 85' lang='lat' dir='ltr'><strong>Fuit</strong></span> <span class='ocrx_word' id='word_1_342' title='bbox 1477 2696 1697 2768; x_wconf 89' lang='lat' dir='ltr'><strong>quidem</strong></span> <span class='ocrx_word' id='word_1_343' title='bbox 1757 2697 1844 2752; x_wconf 87' lang='lat' dir='ltr'><strong>hic</strong></span> <span class='ocrx_word' id='word_1_344' title='bbox 1891 2697 2158 2753; x_wconf 90' lang='lat' dir='ltr'><strong>Constan-</strong></span> <span class='ocrx_word' id='word_1_345' title='bbox 2263 2695 2510 2752; x_wconf 84' lang='lat' dir='ltr'><strong>Octobris</strong></span> <span class='ocrx_word' id='word_1_346' title='bbox 2561 2698 2824 2751; x_wconf 63' lang='lat' dir='ltr'><strong>Caesarea:</strong></span> <span class='ocrx_word' id='word_1_347' title='bbox 2873 2697 2925 2750; x_wconf 90' lang='lat' dir='ltr'><strong>in</strong></span> <span class='ocrx_word' id='word_1_348' title='bbox 2968 2696 3292 2751; x_wconf 83' lang='lat' dir='ltr'><strong>Mauritania</strong></span> <span class='ocrx_word' id='word_1_349' title='bbox 3337 2710 3654 2767; x_wconf 83' lang='lat' dir='ltr'><strong>congressum</strong></span> <span class='ocrx_word' id='word_1_350' title='bbox 3685 2707 3769 2748; x_wconf 82' lang='lat' dir='ltr'><strong>esse</strong></span> 
     </span>
    </p>
   </div>
   <div class='ocr_carea' id='block_1_28' title="bbox 555 2787 3774 2862">
    <p class='ocr_par' dir='ltr' id='par_1_28' title="bbox 555 2787 3774 2862">
     <span class='ocr_line' id='line_1_28' title="bbox 555 2787 3774 2862; baseline -0.002 -14"><span class='ocrx_word' id='word_1_351' title='bbox 555 2792 664 2848; x_wconf 90' lang='lat' dir='ltr'><strong>tius</strong></span> <span class='ocrx_word' id='word_1_352' title='bbox 694 2808 730 2847; x_wconf 92' lang='grc' dir='ltr'><strong>ιι</strong></span> <span class='ocrx_word' id='word_1_353' title='bbox 762 2807 875 2846; x_wconf 92' lang='lat' dir='ltr'><strong>cos.</strong></span> <span class='ocrx_word' id='word_1_354' title='bbox 910 2808 1032 2847; x_wconf 90' lang='lat' dir='ltr'><strong>cum</strong></span> <span class='ocrx_word' id='word_1_355' title='bbox 1068 2792 1308 2846; x_wconf 91' lang='lat' dir='ltr'><strong>llottorio</strong></span> <span class='ocrx_word' id='word_1_356' title='bbox 1337 2790 1472 2862; x_wconf 86' lang='lat' dir='ltr'><strong>Imp.</strong></span> <span class='ocrx_word' id='word_1_357' title='bbox 1501 2791 1606 2846; x_wconf 88' lang='lat' dir='ltr'><strong>Sed</strong></span> <span class='ocrx_word' id='word_1_358' title='bbox 1649 2800 1775 2846; x_wconf 86' lang='lat' dir='ltr'><strong>tunc</strong></span> <span class='ocrx_word' id='word_1_359' title='bbox 1815 2791 2161 2847; x_wconf 89' lang='lat' dir='ltr'><strong>Innocentius</strong></span> <span class='ocrx_word' id='word_1_360' title='bbox 2261 2804 2385 2844; x_wconf 92' lang='lat' dir='ltr'><strong>cum</strong></span> <span class='ocrx_word' id='word_1_361' title='bbox 2423 2789 2660 2844; x_wconf 86' lang='lat' dir='ltr'><strong>Emerito</strong></span> <span class='ocrx_word' id='word_1_362' title='bbox 2695 2789 3000 2850; x_wconf 83' lang='lat' dir='ltr'><strong>Donatista.</strong></span> <span class='ocrx_word' id='word_1_363' title='bbox 3034 2797 3090 2843; x_wconf 93' lang='lat' dir='ltr'><strong>et</strong></span> <span class='ocrx_word' id='word_1_364' title='bbox 3130 2789 3562 2861; x_wconf 85' lang='lat' dir='ltr'><strong>Carthaginensis</strong></span> <span class='ocrx_word' id='word_1_365' title='bbox 3585 2803 3683 2842; x_wconf 91' lang='lat' dir='ltr'><strong>cum</strong></span> <span class='ocrx_word' id='word_1_366' title='bbox 3705 2787 3774 2840; x_wconf 84' lang='lat' dir='ltr'><strong>Do-</strong></span> 
     </span>
    </p>
   </div>
   <div class='ocr_carea' id='block_1_29' title="bbox 556 2878 3775 2955">
    <p class='ocr_par' dir='ltr' id='par_1_29' title="bbox 556 2878 3775 2955">
     <span class='ocr_line' id='line_1_29' title="bbox 556 2878 3775 2955; baseline -0.002 -15"><span class='ocrx_word' id='word_1_367' title='bbox 556 2894 674 2940; x_wconf 89' lang='lat' dir='ltr'><strong>erat</strong></span> <span class='ocrx_word' id='word_1_368' title='bbox 705 2894 991 2949; x_wconf 90' lang='lat' dir='ltr'><strong>mortuus,</strong></span> <span class='ocrx_word' id='word_1_369' title='bbox 1048 2892 1106 2938; x_wconf 91' lang='lat' dir='ltr'><strong>ut</strong></span> <span class='ocrx_word' id='word_1_370' title='bbox 1158 2899 1222 2938; x_wconf 79' lang='lat' dir='ltr'><strong>ex</strong></span> <span class='ocrx_word' id='word_1_371' title='bbox 1280 2883 1552 2940; x_wconf 84' lang='lat' dir='ltr'><strong>Chronico</strong></span> <span class='ocrx_word' id='word_1_372' title='bbox 1609 2884 1859 2953; x_wconf 88' lang='lat' dir='ltr'><strong>Prosperi</strong></span> <span class='ocrx_word' id='word_1_373' title='bbox 1914 2895 2158 2955; x_wconf 88' lang='lat' dir='ltr'><strong>apparet.</strong></span> <span class='ocrx_word' id='word_1_374' title='bbox 2267 2882 2480 2936; x_wconf 90' lang='lat' dir='ltr'><strong>natistis</strong></span> <span class='ocrx_word' id='word_1_375' title='bbox 2519 2881 2838 2937; x_wconf 86' lang='lat' dir='ltr'><strong>Collatioois</strong></span> <span class='ocrx_word' id='word_1_376' title='bbox 2870 2881 3135 2951; x_wconf 85' lang='lat' dir='ltr'><strong>judicium</strong></span> <span class='ocrx_word' id='word_1_377' title='bbox 3176 2883 3504 2939; x_wconf 89' lang='lat' dir='ltr'><strong>defendisse.</strong></span> <span class='ocrx_word' id='word_1_378' title='bbox 3538 2881 3661 2935; x_wconf 84' lang='lat' dir='ltr'><strong>Adeo</strong></span> <span class='ocrx_word' id='word_1_379' title='bbox 3683 2878 3775 2934; x_wconf 86' lang='lat' dir='ltr'><strong>nihil</strong></span> 
     </span>
    </p>
   </div>
   <div class='ocr_carea' id='block_1_30' title="bbox 560 2971 3780 3047">
    <p class='ocr_par' dir='ltr' id='par_1_30' title="bbox 560 2971 3780 3047">
     <span class='ocr_line' id='line_1_30' title="bbox 560 2971 3780 3047; baseline -0.001 -15"><span class='ocrx_word' id='word_1_380' title='bbox 560 2976 830 3032; x_wconf 63' lang='lat' dir='ltr'><strong>Caeterum</strong></span> <span class='ocrx_word' id='word_1_381' title='bbox 871 2977 1222 3033; x_wconf 82' lang='lat' dir='ltr'><strong>Constantem</strong></span> <span class='ocrx_word' id='word_1_382' title='bbox 1272 2986 1328 3033; x_wconf 89' lang='lat' dir='ltr'><strong>et</strong></span> <span class='ocrx_word' id='word_1_383' title='bbox 1379 2979 1752 3034; x_wconf 84' lang='lat' dir='ltr'><strong>Constantium</strong></span> <span class='ocrx_word' id='word_1_384' title='bbox 1806 2996 1948 3036; x_wconf 89' lang='lat' dir='ltr'><strong>coss.</strong></span> <span class='ocrx_word' id='word_1_385' title='bbox 2002 2979 2166 3038; x_wconf 90' lang='lat' dir='ltr'><strong>fuisse</strong></span> <span class='ocrx_word' id='word_1_386' title='bbox 2270 2992 2375 3032; x_wconf 89' lang='lat' dir='ltr'><strong>non</strong></span> <span class='ocrx_word' id='word_1_387' title='bbox 2409 2984 2464 3030; x_wconf 87' lang='lat' dir='ltr'><strong>et</strong></span> <span class='ocrx_word' id='word_1_388' title='bbox 2494 2974 2725 3031; x_wconf 80' lang='lat' dir='ltr'><strong>faciebat</strong></span> <span class='ocrx_word' id='word_1_389' title='bbox 2753 2985 2806 3029; x_wconf 93' lang='lat' dir='ltr'><strong>et</strong></span> <span class='ocrx_word' id='word_1_390' title='bbox 2830 2975 3382 3047; x_wconf 64' lang='lat' dir='ltr'><strong>praestabatoptimus</strong></span> <span class='ocrx_word' id='word_1_391' title='bbox 3401 2971 3780 3039; x_wconf 77' lang='lat' dir='ltr'><strong>antistes,deEc-</strong></span> 
     </span>
    </p>
   </div>
   <div class='ocr_carea' id='block_1_31' title="bbox 561 3068 2981 3144">
    <p class='ocr_par' dir='ltr' id='par_1_31' title="bbox 561 3068 2981 3144">
     <span class='ocr_line' id='line_1_31' title="bbox 561 3068 2981 3144; baseline 0 -18"><span class='ocrx_word' id='word_1_392' title='bbox 561 3086 706 3126; x_wconf 87' lang='lat' dir='ltr'><strong>anno</strong></span> <span class='ocrx_word' id='word_1_393' title='bbox 734 3070 842 3126; x_wconf 72' lang='grc'><strong>416</strong></span> <span class='ocrx_word' id='word_1_394' title='bbox 880 3070 1082 3126; x_wconf 89' lang='lat' dir='ltr'><strong>indicat</strong></span> <span class='ocrx_word' id='word_1_395' title='bbox 1113 3070 1254 3128; x_wconf 90' lang='lat' dir='ltr'><strong>idem</strong></span> <span class='ocrx_word' id='word_1_396' title='bbox 1288 3073 1556 3144; x_wconf 88' lang='lat' dir='ltr'><strong>Prosper:</strong></span> <span class='ocrx_word' id='word_1_397' title='bbox 1593 3082 1651 3128; x_wconf 89' lang='lat' dir='ltr'><strong>ut</strong></span> <span class='ocrx_word' id='word_1_398' title='bbox 1705 3076 1749 3130; x_wconf 86' lang='lat' dir='ltr'><strong>si</strong></span> <span class='ocrx_word' id='word_1_399' title='bbox 1780 3091 1846 3129; x_wconf 86' lang='lat' dir='ltr'><strong>eo</strong></span> <span class='ocrx_word' id='word_1_400' title='bbox 1875 3092 2017 3130; x_wconf 84' lang='lat' dir='ltr'><strong>anno</strong></span> <span class='ocrx_word' id='word_1_401' title='bbox 2049 3092 2164 3131; x_wconf 83' lang='lat' dir='ltr'><strong>res-</strong></span> <span class='ocrx_word' id='word_1_402' title='bbox 2220 3143 2225 3144; x_wconf 15' lang='grc' dir='ltr'><em>γ</em></span> <span class='ocrx_word' id='word_1_403' title='bbox 2271 3070 2453 3126; x_wconf 72' lang='lat' dir='ltr'><strong>clcsize</strong></span> <span class='ocrx_word' id='word_1_404' title='bbox 2483 3070 2659 3126; x_wconf 78' lang='lat' dir='ltr'><strong>Salute</strong></span> <span class='ocrx_word' id='word_1_405' title='bbox 2690 3068 2981 3125; x_wconf 81' lang='lat' dir='ltr'><strong>Sollicitus.</strong></span> 
     </span>
    </p>
   </div>
   <div class='ocr_carea' id='block_1_32' title="bbox 566 3143 3781 3233">
    <p class='ocr_par' dir='ltr' id='par_1_32' title="bbox 566 3143 3781 3233">
     <span class='ocr_line' id='line_1_32' title="bbox 566 3143 3781 3233; baseline -0.001 -17"><span class='ocrx_word' id='word_1_406' title='bbox 566 3161 818 3233; x_wconf 62' lang='lat' dir='ltr'><strong>pondct&#39;it</strong></span> <span class='ocrx_word' id='word_1_407' title='bbox 867 3161 1216 3219; x_wconf 88' lang='lat' dir='ltr'><strong>Innocentius</strong></span> <span class='ocrx_word' id='word_1_408' title='bbox 1266 3143 1587 3219; x_wconf 85' lang='lat' dir='ltr'><strong>Milevitanis</strong></span> <span class='ocrx_word' id='word_1_409' title='bbox 1627 3165 1876 3221; x_wconf 86' lang='lat' dir='ltr'><strong>Patribus</strong></span> <span class='ocrx_word' id='word_1_410' title='bbox 1898 3209 1912 3233; x_wconf 91' lang='lat'><strong>,</strong></span> <span class='ocrx_word' id='word_1_411' title='bbox 1946 3183 2170 3224; x_wconf 86' lang='lat' dir='ltr'><strong>necesse</strong></span> <span class='ocrx_word' id='word_1_412' title='bbox 2196 3143 2242 3208; x_wconf 63' lang='grc' dir='ltr'><strong>(ἶ</strong></span> <span class='ocrx_word' id='word_1_413' title='bbox 2348 3165 2516 3219; x_wconf 88' lang='lat' dir='ltr'><strong>Porro</strong></span> <span class='ocrx_word' id='word_1_414' title='bbox 2541 3164 2607 3218; x_wconf 91' lang='lat' dir='ltr'><strong>ad</strong></span> <span class='ocrx_word' id='word_1_415' title='bbox 2637 3162 2916 3218; x_wconf 89' lang='lat' dir='ltr'><strong>Zosimum</strong></span> <span class='ocrx_word' id='word_1_416' title='bbox 2943 3178 3010 3218; x_wconf 75' lang='lat' dir='ltr'><strong>ex</strong></span> <span class='ocrx_word' id='word_1_417' title='bbox 3038 3162 3299 3219; x_wconf 88' lang='lat' dir='ltr'><strong>Africano</strong></span> <span class='ocrx_word' id='word_1_418' title='bbox 3326 3164 3550 3220; x_wconf 89' lang='lat' dir='ltr'><strong>concilio</strong></span> <span class='ocrx_word' id='word_1_419' title='bbox 3575 3162 3781 3232; x_wconf 87' lang='lat' dir='ltr'><strong>scriptum,</strong></span> 
     </span>
    </p>
   </div>
   <div class='ocr_carea' id='block_1_33' title="bbox 567 3254 3786 3332">
    <p class='ocr_par' dir='ltr' id='par_1_33' title="bbox 567 3254 3786 3332">
     <span class='ocr_line' id='line_1_33' title="bbox 567 3254 3786 3332; baseline -0.002 -19"><span class='ocrx_word' id='word_1_420' title='bbox 567 3256 641 3313; x_wconf 88' lang='lat' dir='ltr'><strong>sit</strong></span> <span class='ocrx_word' id='word_1_421' title='bbox 689 3258 978 3312; x_wconf 90' lang='lat' dir='ltr'><strong>concilium</strong></span> <span class='ocrx_word' id='word_1_422' title='bbox 1018 3257 1443 3328; x_wconf 76' lang='lat' dir='ltr'><strong>Carthagincnse</strong></span> <span class='ocrx_word' id='word_1_423' title='bbox 1482 3268 1672 3314; x_wconf 90' lang='lat' dir='ltr'><strong>contra</strong></span> <span class='ocrx_word' id='word_1_424' title='bbox 1716 3261 2032 3332; x_wconf 74' lang='lat' dir='ltr'><strong>Pelagianos</strong></span> <span class='ocrx_word' id='word_1_425' title='bbox 2089 3263 2169 3317; x_wconf 92' lang='lat' dir='ltr'><strong>in-</strong></span> <span class='ocrx_word' id='word_1_426' title='bbox 2272 3269 2328 3314; x_wconf 92' lang='lat' dir='ltr'><strong>et</strong></span> <span class='ocrx_word' id='word_1_427' title='bbox 2373 3273 2401 3313; x_wconf 95' lang='lat' dir='ltr'><strong>a</strong></span> <span class='ocrx_word' id='word_1_428' title='bbox 2449 3257 2670 3313; x_wconf 88' lang='lat' dir='ltr'><strong>Zosimo</strong></span> <span class='ocrx_word' id='word_1_429' title='bbox 2715 3258 3037 3326; x_wconf 83' lang='lat' dir='ltr'><strong>rescriptum</strong></span> <span class='ocrx_word' id='word_1_430' title='bbox 3084 3257 3149 3311; x_wconf 91' lang='lat' dir='ltr'><strong>ad</strong></span> <span class='ocrx_word' id='word_1_431' title='bbox 3198 3259 3486 3314; x_wconf 79' lang='lat' dir='ltr'><strong>universos</strong></span> <span class='ocrx_word' id='word_1_432' title='bbox 3525 3257 3663 3312; x_wconf 87' lang='lat' dir='ltr'><strong>totius</strong></span> <span class='ocrx_word' id='word_1_433' title='bbox 3684 3254 3786 3309; x_wconf 86' lang='lat' dir='ltr'><strong>orbis</strong></span> 
     </span>
    </p>
   </div>
   <div class='ocr_carea' id='block_1_34' title="bbox 571 3348 3790 3423">
    <p class='ocr_par' dir='ltr' id='par_1_34' title="bbox 571 3348 3790 3423">
     <span class='ocr_line' id='line_1_34' title="bbox 571 3348 3790 3423; baseline 0 -17"><span class='ocrx_word' id='word_1_434' title='bbox 571 3348 825 3406; x_wconf 87' lang='lat' dir='ltr'><strong>cltoatum</strong></span> <span class='ocrx_word' id='word_1_435' title='bbox 855 3364 977 3406; x_wconf 87' lang='lat' dir='ltr'><strong>esse</strong></span> <span class='ocrx_word' id='word_1_436' title='bbox 1017 3351 1196 3405; x_wconf 82' lang='lat' dir='ltr'><strong>statim</strong></span> <span class='ocrx_word' id='word_1_437' title='bbox 1241 3359 1361 3421; x_wconf 88' lang='lat' dir='ltr'><strong>post</strong></span> <span class='ocrx_word' id='word_1_438' title='bbox 1388 3350 1745 3408; x_wconf 86' lang='lat' dir='ltr'><strong>Collationctn</strong></span> <span class='ocrx_word' id='word_1_439' title='bbox 1775 3364 1963 3408; x_wconf 87' lang='lat' dir='ltr'><strong>contra</strong></span> <span class='ocrx_word' id='word_1_440' title='bbox 2001 3357 2171 3410; x_wconf 61' lang='lat' dir='ltr'><strong>Dona-</strong></span> <span class='ocrx_word' id='word_1_441' title='bbox 2273 3353 2561 3422; x_wconf 89' lang='lat' dir='ltr'><strong>episcopos</strong></span> <span class='ocrx_word' id='word_1_442' title='bbox 2593 3352 2758 3408; x_wconf 68' lang='lat' dir='ltr'><strong>fuisse</strong></span> <span class='ocrx_word' id='word_1_443' title='bbox 2785 3354 2863 3406; x_wconf 90' lang='lat' dir='ltr'><strong>ait</strong></span> <span class='ocrx_word' id='word_1_444' title='bbox 2889 3350 3118 3423; x_wconf 85' lang='lat' dir='ltr'><strong>August.</strong></span> <span class='ocrx_word' id='word_1_445' title='bbox 3151 3353 3386 3422; x_wconf 85' lang='lat' dir='ltr'><strong>epistola</strong></span> <span class='ocrx_word' id='word_1_446' title='bbox 3423 3367 3577 3408; x_wconf 73' lang='grc' dir='ltr'><strong>ιινιι.</strong></span> <span class='ocrx_word' id='word_1_447' title='bbox 3605 3349 3689 3406; x_wconf 79' lang='lat' dir='ltr'><strong>Sed</strong></span> <span class='ocrx_word' id='word_1_448' title='bbox 3711 3348 3790 3417; x_wconf 76' lang='lat' dir='ltr'><strong>eius</strong></span> 
     </span>
    </p>
   </div>
   <div class='ocr_carea' id='block_1_35' title="bbox 572 3438 3793 3517">
    <p class='ocr_par' dir='ltr' id='par_1_35' title="bbox 572 3438 3793 3517">
     <span class='ocr_line' id='line_1_35' title="bbox 572 3438 3793 3517; baseline -0.001 -19"><span class='ocrx_word' id='word_1_449' title='bbox 572 3443 748 3498; x_wconf 81' lang='lat' dir='ltr'><strong>tisms.</strong></span> <span class='ocrx_word' id='word_1_450' title='bbox 785 3443 956 3497; x_wconf 89' lang='lat' dir='ltr'><strong>Porro</strong></span> <span class='ocrx_word' id='word_1_451' title='bbox 989 3442 1324 3514; x_wconf 79' lang='lat' dir='ltr'><strong>Augustinus</strong></span> <span class='ocrx_word' id='word_1_452' title='bbox 1354 3445 1408 3498; x_wconf 92' lang='lat' dir='ltr'><strong>in</strong></span> <span class='ocrx_word' id='word_1_453' title='bbox 1441 3445 1602 3514; x_wconf 85' lang='lat' dir='ltr'><strong>epist.</strong></span> <span class='ocrx_word' id='word_1_454' title='bbox 1637 3461 1777 3500; x_wconf 73' lang='lat' dir='ltr'><strong>xuii</strong></span> <span class='ocrx_word' id='word_1_455' title='bbox 1802 3488 1815 3512; x_wconf 92' lang='lat'><strong>,</strong></span> <span class='ocrx_word' id='word_1_456' title='bbox 1848 3447 2075 3517; x_wconf 88' lang='lat' dir='ltr'><strong>loquens</strong></span> <span class='ocrx_word' id='word_1_457' title='bbox 2104 3447 2173 3503; x_wconf 90' lang='grc'><strong>(18</strong></span> <span class='ocrx_word' id='word_1_458' title='bbox 2277 3448 2464 3517; x_wconf 89' lang='lat' dir='ltr'><strong>scripti</strong></span> <span class='ocrx_word' id='word_1_459' title='bbox 2497 3448 2815 3516; x_wconf 78' lang='lat' dir='ltr'><strong>rescriptivc</strong></span> <span class='ocrx_word' id='word_1_460' title='bbox 2843 3446 2980 3501; x_wconf 89' lang='lat' dir='ltr'><strong>nihil</strong></span> <span class='ocrx_word' id='word_1_461' title='bbox 3011 3455 3176 3501; x_wconf 79' lang='lat' dir='ltr'><strong>extat.</strong></span> <span class='ocrx_word' id='word_1_462' title='bbox 3207 3446 3380 3502; x_wconf 85' lang='lat' dir='ltr'><strong>Addit</strong></span> <span class='ocrx_word' id='word_1_463' title='bbox 3406 3447 3724 3516; x_wconf 84' lang='lat' dir='ltr'><strong>Augustinus:</strong></span> <span class='ocrx_word' id='word_1_464' title='bbox 3750 3438 3793 3493; x_wconf 80' lang='lat' dir='ltr'><strong>Et</strong></span> 
     </span>
    </p>
   </div>
   <div class='ocr_carea' id='block_1_36' title="bbox 573 3534 3795 3614">
    <p class='ocr_par' dir='ltr' id='par_1_36' title="bbox 573 3534 3795 3614">
     <span class='ocr_line' id='line_1_36' title="bbox 573 3534 3795 3614; baseline -0.002 -24"><span class='ocrx_word' id='word_1_465' title='bbox 573 3534 920 3592; x_wconf 89' lang='lat' dir='ltr'><strong>damnatione</strong></span> <span class='ocrx_word' id='word_1_466' title='bbox 957 3535 1231 3592; x_wconf 67' lang='lat' dir='ltr'><strong>hatreseos</strong></span> <span class='ocrx_word' id='word_1_467' title='bbox 1271 3537 1606 3608; x_wconf 70' lang='lat' dir='ltr'><strong>Pelagianae,</strong></span> <span class='ocrx_word' id='word_1_468' title='bbox 1649 3541 1726 3594; x_wconf 89' lang='lat' dir='ltr'><strong>ait</strong></span> <span class='ocrx_word' id='word_1_469' title='bbox 1764 3556 1871 3595; x_wconf 88' lang='lat' dir='ltr'><strong>non</strong></span> <span class='ocrx_word' id='word_1_470' title='bbox 1915 3543 2074 3596; x_wconf 90' lang='lat' dir='ltr'><strong>modo</strong></span> <span class='ocrx_word' id='word_1_471' title='bbox 2105 3543 2174 3597; x_wconf 88' lang='lat' dir='ltr'><strong>dc</strong></span> <span class='ocrx_word' id='word_1_472' title='bbox 2277 3544 2414 3612; x_wconf 85' lang='lat' dir='ltr'><strong>quod</strong></span> <span class='ocrx_word' id='word_1_473' title='bbox 2439 3543 2709 3614; x_wconf 82' lang='lat' dir='ltr'><strong>poateriori</strong></span> <span class='ocrx_word' id='word_1_474' title='bbox 2742 3542 2960 3595; x_wconf 80' lang='lat' dir='ltr'><strong>concilio</strong></span> <span class='ocrx_word' id='word_1_475' title='bbox 2993 3543 3227 3612; x_wconf 87' lang='lat' dir='ltr'><strong>plenario</strong></span> <span class='ocrx_word' id='word_1_476' title='bbox 3269 3543 3430 3596; x_wconf 78' lang='lat' dir='ltr'><strong>totius</strong></span> <span class='ocrx_word' id='word_1_477' title='bbox 3467 3541 3640 3611; x_wconf 73' lang='lat' dir='ltr'><strong>Africa:</strong></span> <span class='ocrx_word' id='word_1_478' title='bbox 3671 3544 3795 3590; x_wconf 82' lang='lat' dir='ltr'><strong>conm</strong></span> 
     </span>
    </p>
   </div>
   <div class='ocr_carea' id='block_1_37' title="bbox 572 3627 3798 3707">
    <p class='ocr_par' dir='ltr' id='par_1_37' title="bbox 572 3627 3798 3707">
     <span class='ocr_line' id='line_1_37' title="bbox 572 3627 3798 3707; baseline -0.002 -22"><span class='ocrx_word' id='word_1_479' title='bbox 572 3629 809 3685; x_wconf 84' lang='lat' dir='ltr'><strong>concilio</strong></span> <span class='ocrx_word' id='word_1_480' title='bbox 837 3627 1180 3699; x_wconf 85' lang='lat' dir='ltr'><strong>Carthaginis</strong></span> <span class='ocrx_word' id='word_1_481' title='bbox 1213 3633 1508 3700; x_wconf 66' lang='lat' dir='ltr'><strong>provinciae</strong></span> <span class='ocrx_word' id='word_1_482' title='bbox 1537 3642 1592 3686; x_wconf 87' lang='lat' dir='ltr'><strong>et</strong></span> <span class='ocrx_word' id='word_1_483' title='bbox 1619 3633 1881 3690; x_wconf 78' lang='lat' dir='ltr'><strong>Numidia:</strong></span> <span class='ocrx_word' id='word_1_484' title='bbox 1913 3636 2174 3707; x_wconf 88' lang='lat' dir='ltr'><strong>scriptum</strong></span> <span class='ocrx_word' id='word_1_485' title='bbox 2278 3652 2503 3690; x_wconf 86' lang='lat' dir='ltr'><strong>errorem</strong></span> <span class='ocrx_word' id='word_1_486' title='bbox 2537 3635 2742 3707; x_wconf 85' lang='lat' dir='ltr'><strong>Pelagii</strong></span> <span class='ocrx_word' id='word_1_487' title='bbox 2769 3634 2984 3689; x_wconf 84' lang='lat' dir='ltr'><strong>breviter</strong></span> <span class='ocrx_word' id='word_1_488' title='bbox 3010 3636 3390 3690; x_wconf 79' lang='lat' dir='ltr'><strong>constituimus.</strong></span> <span class='ocrx_word' id='word_1_489' title='bbox 3423 3633 3524 3690; x_wconf 85' lang='lat' dir='ltr'><strong>Sed</strong></span> <span class='ocrx_word' id='word_1_490' title='bbox 3564 3631 3673 3687; x_wconf 90' lang='lat' dir='ltr'><strong>nihil</strong></span> <span class='ocrx_word' id='word_1_491' title='bbox 3705 3641 3798 3697; x_wconf 68' lang='lat' dir='ltr'><strong>pre-</strong></span> 
     </span>
    </p>
   </div>
   <div class='ocr_carea' id='block_1_38' title="bbox 578 3722 3800 3802">
    <p class='ocr_par' dir='ltr' id='par_1_38' title="bbox 578 3722 3800 3802">
     <span class='ocr_line' id='line_1_38' title="bbox 578 3722 3800 3802; baseline -0.001 -26"><span class='ocrx_word' id='word_1_492' title='bbox 578 3723 646 3777; x_wconf 90' lang='lat' dir='ltr'><strong>ad</strong></span> <span class='ocrx_word' id='word_1_493' title='bbox 688 3722 1056 3778; x_wconf 87' lang='lat' dir='ltr'><strong>Innocentium</strong></span> <span class='ocrx_word' id='word_1_494' title='bbox 1100 3741 1290 3796; x_wconf 85' lang='lat' dir='ltr'><strong>papam</strong></span> <span class='ocrx_word' id='word_1_495' title='bbox 1333 3727 1538 3793; x_wconf 86' lang='lat' dir='ltr'><strong>fuisse,</strong></span> <span class='ocrx_word' id='word_1_496' title='bbox 1582 3730 1676 3784; x_wconf 88' lang='lat' dir='ltr'><strong>sed</strong></span> <span class='ocrx_word' id='word_1_497' title='bbox 1709 3740 1761 3786; x_wconf 89' lang='lat' dir='ltr'><strong>et</strong></span> <span class='ocrx_word' id='word_1_498' title='bbox 1791 3732 2066 3802; x_wconf 89' lang='lat' dir='ltr'><strong>aliquanto</strong></span> <span class='ocrx_word' id='word_1_499' title='bbox 2099 3734 2179 3789; x_wconf 89' lang='lat' dir='ltr'><strong>di-</strong></span> <span class='ocrx_word' id='word_1_500' title='bbox 2283 3739 2430 3786; x_wconf 89' lang='lat' dir='ltr'><strong>terea</strong></span> <span class='ocrx_word' id='word_1_501' title='bbox 2470 3729 2539 3785; x_wconf 90' lang='lat' dir='ltr'><strong>de</strong></span> <span class='ocrx_word' id='word_1_502' title='bbox 2579 3745 2646 3784; x_wconf 93' lang='lat' dir='ltr'><strong>eo</strong></span> <span class='ocrx_word' id='word_1_503' title='bbox 2690 3729 2935 3796; x_wconf 88' lang='lat' dir='ltr'><strong>plenario</strong></span> <span class='ocrx_word' id='word_1_504' title='bbox 2974 3728 3242 3793; x_wconf 92' lang='lat' dir='ltr'><strong>concilio,</strong></span> <span class='ocrx_word' id='word_1_505' title='bbox 3291 3727 3379 3782; x_wconf 91' lang='lat' dir='ltr'><strong>cui</strong></span> <span class='ocrx_word' id='word_1_506' title='bbox 3423 3741 3480 3781; x_wconf 90' lang='lat' dir='ltr'><strong>se</strong></span> <span class='ocrx_word' id='word_1_507' title='bbox 3507 3724 3656 3794; x_wconf 86' lang='lat' dir='ltr'><strong>magis</strong></span> <span class='ocrx_word' id='word_1_508' title='bbox 3679 3722 3800 3776; x_wconf 84' lang='lat' dir='ltr'><strong>inter-</strong></span> 
     </span>
    </p>
   </div>
   <div class='ocr_carea' id='block_1_39' title="bbox 577 3813 3801 3894">
    <p class='ocr_par' dir='ltr' id='par_1_39' title="bbox 577 3813 3801 3894">
     <span class='ocr_line' id='line_1_39' title="bbox 577 3813 3801 3894; baseline -0.002 -21"><span class='ocrx_word' id='word_1_509' title='bbox 577 3817 835 3885; x_wconf 76' lang='lat' dir='ltr'><strong>ligetttius</strong></span> <span class='ocrx_word' id='word_1_510' title='bbox 863 3831 890 3870; x_wconf 87' lang='lat' dir='ltr'><strong>a</strong></span> <span class='ocrx_word' id='word_1_511' title='bbox 922 3818 1160 3888; x_wconf 90' lang='lat' dir='ltr'><strong>quinque</strong></span> <span class='ocrx_word' id='word_1_512' title='bbox 1186 3819 1474 3889; x_wconf 69' lang='lat' dir='ltr'><strong>episcottis.</strong></span> <span class='ocrx_word' id='word_1_513' title='bbox 1521 3821 1584 3876; x_wconf 87' lang='lat' dir='ltr'><strong>Hi</strong></span> <span class='ocrx_word' id='word_1_514' title='bbox 1630 3822 1846 3878; x_wconf 90' lang='lat' dir='ltr'><strong>fuerunt</strong></span> <span class='ocrx_word' id='word_1_515' title='bbox 1885 3827 2137 3882; x_wconf 90' lang='lat' dir='ltr'><strong>Aurelius</strong></span> <span class='ocrx_word' id='word_1_516' title='bbox 2163 3871 2178 3894; x_wconf 90' lang='lat'><strong>,</strong></span> <span class='ocrx_word' id='word_1_517' title='bbox 2284 3824 2453 3879; x_wconf 73' lang='lat' dir='ltr'><strong>fuisse</strong></span> <span class='ocrx_word' id='word_1_518' title='bbox 2492 3822 2799 3890; x_wconf 76' lang='lat' dir='ltr'><strong>significat,</strong></span> <span class='ocrx_word' id='word_1_519' title='bbox 2843 3821 2984 3890; x_wconf 92' lang='lat' dir='ltr'><strong>quod</strong></span> <span class='ocrx_word' id='word_1_520' title='bbox 3025 3820 3206 3875; x_wconf 91' lang='lat' dir='ltr'><strong>dicam</strong></span> <span class='ocrx_word' id='word_1_521' title='bbox 3251 3821 3466 3886; x_wconf 90' lang='lat' dir='ltr'><strong>habeo,</strong></span> <span class='ocrx_word' id='word_1_522' title='bbox 3499 3818 3590 3872; x_wconf 88' lang='lat' dir='ltr'><strong>nisi</strong></span> <span class='ocrx_word' id='word_1_523' title='bbox 3623 3813 3734 3885; x_wconf 86' lang='lat' dir='ltr'><strong>quod</strong></span> <span class='ocrx_word' id='word_1_524' title='bbox 3761 3825 3801 3865; x_wconf 74' lang='lat' dir='ltr'><strong>ea</strong></span> 
     </span>
    </p>
   </div>
   <div class='ocr_carea' id='block_1_40' title="bbox 579 3905 3807 3988">
    <p class='ocr_par' dir='ltr' id='par_1_40' title="bbox 579 3905 3807 3988">
     <span class='ocr_line' id='line_1_40' title="bbox 579 3905 3807 3988; baseline -0.001 -25"><span class='ocrx_word' id='word_1_525' title='bbox 579 3909 842 3982; x_wconf 86' lang='lat' dir='ltr'><strong>Alypius,</strong></span> <span class='ocrx_word' id='word_1_526' title='bbox 885 3908 1253 3980; x_wconf 70' lang='lat' dir='ltr'><strong>Augustinus.</strong></span> <span class='ocrx_word' id='word_1_527' title='bbox 1306 3905 1578 3979; x_wconf 78' lang='lat' dir='ltr'><strong>Evoditts,</strong></span> <span class='ocrx_word' id='word_1_528' title='bbox 1627 3927 1681 3969; x_wconf 81' lang='lat' dir='ltr'><strong>et</strong></span> <span class='ocrx_word' id='word_1_529' title='bbox 1728 3917 2038 3982; x_wconf 86' lang='lat' dir='ltr'><strong>Possidius,</strong></span> <span class='ocrx_word' id='word_1_530' title='bbox 2090 3922 2180 3988; x_wconf 91' lang='lat' dir='ltr'><strong>qui</strong></span> <span class='ocrx_word' id='word_1_531' title='bbox 2285 3933 2404 3988; x_wconf 71' lang='lat' dir='ltr'><strong>qua:</strong></span> <span class='ocrx_word' id='word_1_532' title='bbox 2435 3913 2896 3970; x_wconf 87' lang='lat' dir='ltr'><strong>circumferuntur</strong></span> <span class='ocrx_word' id='word_1_533' title='bbox 2925 3913 3055 3968; x_wconf 87' lang='lat' dir='ltr'><strong>Acta</strong></span> <span class='ocrx_word' id='word_1_534' title='bbox 3082 3913 3298 3969; x_wconf 89' lang='lat' dir='ltr'><strong>concilii</strong></span> <span class='ocrx_word' id='word_1_535' title='bbox 3329 3908 3807 3981; x_wconf 84' lang='lat' dir='ltr'><strong>Carthagiuensis,ut</strong></span> 
     </span>
    </p>
   </div>
   <div class='ocr_carea' id='block_1_41' title="bbox 580 3995 3808 4081">
    <p class='ocr_par' dir='ltr' id='par_1_41' title="bbox 580 3995 3808 4081">
     <span class='ocr_line' id='line_1_41' title="bbox 580 3995 3808 4081; baseline -0.003 -22"><span class='ocrx_word' id='word_1_536' title='bbox 580 4005 746 4059; x_wconf 87' lang='lat' dir='ltr'><strong>etiam</strong></span> <span class='ocrx_word' id='word_1_537' title='bbox 790 4003 1054 4075; x_wconf 83' lang='lat' dir='ltr'><strong>(excepto</strong></span> <span class='ocrx_word' id='word_1_538' title='bbox 1087 4003 1364 4076; x_wconf 78' lang='lat' dir='ltr'><strong>Evodio),</strong></span> <span class='ocrx_word' id='word_1_539' title='bbox 1395 4017 1452 4062; x_wconf 87' lang='lat' dir='ltr'><strong>tit</strong></span> <span class='ocrx_word' id='word_1_540' title='bbox 1481 4023 1602 4063; x_wconf 94' lang='lat' dir='ltr'><strong>cum</strong></span> <span class='ocrx_word' id='word_1_541' title='bbox 1636 4009 1933 4066; x_wconf 90' lang='lat' dir='ltr'><strong>Donatistis</strong></span> <span class='ocrx_word' id='word_1_542' title='bbox 1972 4013 2022 4066; x_wconf 91' lang='lat' dir='ltr'><strong>in</strong></span> <span class='ocrx_word' id='word_1_543' title='bbox 2064 4014 2187 4067; x_wconf 89' lang='lat' dir='ltr'><strong>Col-</strong></span> <span class='ocrx_word' id='word_1_544' title='bbox 2289 4011 2490 4081; x_wconf 82' lang='lat' dir='ltr'><strong>Pelagii</strong></span> <span class='ocrx_word' id='word_1_545' title='bbox 2520 4025 2624 4063; x_wconf 88' lang='lat' dir='ltr'><strong>non</strong></span> <span class='ocrx_word' id='word_1_546' title='bbox 2655 4008 3060 4070; x_wconf 90' lang='lat' dir='ltr'><strong>meminerunt,</strong></span> <span class='ocrx_word' id='word_1_547' title='bbox 3091 4007 3170 4062; x_wconf 89' lang='lat' dir='ltr'><strong>sic</strong></span> <span class='ocrx_word' id='word_1_548' title='bbox 3203 4006 3445 4062; x_wconf 89' lang='lat' dir='ltr'><strong>iudicant</strong></span> <span class='ocrx_word' id='word_1_549' title='bbox 3475 4011 3714 4075; x_wconf 88' lang='lat' dir='ltr'><strong>postremo</strong></span> <span class='ocrx_word' id='word_1_550' title='bbox 3735 3995 3808 4063; x_wconf 78' lang='lat' dir='ltr'><strong>agi-</strong></span> 
     </span>
    </p>
   </div>
   <div class='ocr_carea' id='block_1_42' title="bbox 593 4089 3809 4171">
    <p class='ocr_par' dir='ltr' id='par_1_42' title="bbox 593 4089 3809 4171">
     <span class='ocr_line' id='line_1_42' title="bbox 593 4089 3809 4171; baseline -0 -21"><span class='ocrx_word' id='word_1_551' title='bbox 593 4094 798 4150; x_wconf 89' lang='lat' dir='ltr'><strong>latione</strong></span> <span class='ocrx_word' id='word_1_552' title='bbox 837 4097 1330 4164; x_wconf 84' lang='lat' dir='ltr'><strong>committerentur,</strong></span> <span class='ocrx_word' id='word_1_553' title='bbox 1363 4099 1548 4154; x_wconf 89' lang='lat' dir='ltr'><strong>selecti</strong></span> <span class='ocrx_word' id='word_1_554' title='bbox 1581 4102 1812 4155; x_wconf 86' lang='lat' dir='ltr'><strong>fuerant.</strong></span> <span class='ocrx_word' id='word_1_555' title='bbox 1866 4102 1960 4157; x_wconf 85' lang='lat' dir='ltr'><strong>Est</strong></span> <span class='ocrx_word' id='word_1_556' title='bbox 2005 4115 2185 4158; x_wconf 87' lang='lat' dir='ltr'><strong>autem</strong></span> <span class='ocrx_word' id='word_1_557' title='bbox 2294 4112 2457 4157; x_wconf 88' lang='lat' dir='ltr'><strong>tatam</strong></span> <span class='ocrx_word' id='word_1_558' title='bbox 2503 4101 2669 4156; x_wconf 85' lang='lat' dir='ltr'><strong>fuisse</strong></span> <span class='ocrx_word' id='word_1_559' title='bbox 2709 4101 2870 4156; x_wconf 87' lang='lat' dir='ltr'><strong>aliam</strong></span> <span class='ocrx_word' id='word_1_560' title='bbox 2895 4141 2909 4168; x_wconf 91' lang='lat'><strong>,</strong></span> <span class='ocrx_word' id='word_1_561' title='bbox 2951 4099 3110 4171; x_wconf 88' lang='lat' dir='ltr'><strong>cujus</strong></span> <span class='ocrx_word' id='word_1_562' title='bbox 3149 4099 3291 4169; x_wconf 88' lang='lat' dir='ltr'><strong>apud</strong></span> <span class='ocrx_word' id='word_1_563' title='bbox 3338 4097 3674 4170; x_wconf 87' lang='lat' dir='ltr'><strong>Augustinum</strong></span> <span class='ocrx_word' id='word_1_564' title='bbox 3710 4089 3809 4144; x_wconf 63' lang='lat' dir='ltr'><strong>nulla</strong></span> 
     </span>
    </p>
   </div>
   <div class='ocr_carea' id='block_1_43' title="bbox 588 4184 3810 4263">
    <p class='ocr_par' dir='ltr' id='par_1_43' title="bbox 588 4184 3810 4263">
     <span class='ocr_line' id='line_1_43' title="bbox 588 4184 3810 4263; baseline -0.002 -20"><span class='ocrx_word' id='word_1_565' title='bbox 588 4187 980 4252; x_wconf 85' lang='lat' dir='ltr'><strong>memorabile,</strong></span> <span class='ocrx_word' id='word_1_566' title='bbox 1022 4189 1163 4257; x_wconf 87' lang='lat' dir='ltr'><strong>quod</strong></span> <span class='ocrx_word' id='word_1_567' title='bbox 1204 4190 1536 4259; x_wconf 86' lang='lat' dir='ltr'><strong>Augustinus</strong></span> <span class='ocrx_word' id='word_1_568' title='bbox 1577 4193 1628 4245; x_wconf 91' lang='lat' dir='ltr'><strong>itt</strong></span> <span class='ocrx_word' id='word_1_569' title='bbox 1670 4193 1830 4262; x_wconf 87' lang='lat' dir='ltr'><strong>epist.</strong></span> <span class='ocrx_word' id='word_1_570' title='bbox 1865 4209 1933 4248; x_wconf 79' lang='lat' dir='ltr'><strong>cx</strong></span> <span class='ocrx_word' id='word_1_571' title='bbox 1966 4203 2184 4263; x_wconf 90' lang='lat' dir='ltr'><strong>narrat,</strong></span> <span class='ocrx_word' id='word_1_572' title='bbox 2293 4191 2378 4249; x_wconf 87' lang='lat' dir='ltr'><strong>est</strong></span> <span class='ocrx_word' id='word_1_573' title='bbox 2426 4195 2663 4259; x_wconf 90' lang='lat' dir='ltr'><strong>mentio,</strong></span> <span class='ocrx_word' id='word_1_574' title='bbox 2713 4208 2933 4247; x_wconf 84' lang='lat' dir='ltr'><strong>causam</strong></span> <span class='ocrx_word' id='word_1_575' title='bbox 2984 4190 3193 4261; x_wconf 88' lang='lat' dir='ltr'><strong>Apiarii</strong></span> <span class='ocrx_word' id='word_1_576' title='bbox 3239 4189 3574 4261; x_wconf 81' lang='lat' dir='ltr'><strong>presbyteri,</strong></span> <span class='ocrx_word' id='word_1_577' title='bbox 3621 4184 3737 4240; x_wconf 91' lang='lat' dir='ltr'><strong>etin</strong></span> <span class='ocrx_word' id='word_1_578' title='bbox 3771 4193 3810 4232; x_wconf 67' lang='lat' dir='ltr'><strong>ea</strong></span> 
     </span>
    </p>
   </div>
   <div class='ocr_carea' id='block_1_44' title="bbox 591 4277 3816 4357">
    <p class='ocr_par' dir='ltr' id='par_1_44' title="bbox 591 4277 3816 4357">
     <span class='ocr_line' id='line_1_44' title="bbox 591 4277 3816 4357; baseline 0 -24"><span class='ocrx_word' id='word_1_579' title='bbox 591 4277 804 4334; x_wconf 90' lang='lat' dir='ltr'><strong>duobus</strong></span> <span class='ocrx_word' id='word_1_580' title='bbox 853 4280 1100 4335; x_wconf 85' lang='lat' dir='ltr'><strong>conciliis</strong></span> <span class='ocrx_word' id='word_1_581' title='bbox 1151 4279 1416 4336; x_wconf 73' lang='lat' dir='ltr'><strong>Numidia:</strong></span> <span class='ocrx_word' id='word_1_582' title='bbox 1465 4291 1522 4337; x_wconf 88' lang='lat' dir='ltr'><strong>et</strong></span> <span class='ocrx_word' id='word_1_583' title='bbox 1567 4282 1950 4357; x_wconf 90' lang='lat' dir='ltr'><strong>Carthaginis,</strong></span> <span class='ocrx_word' id='word_1_584' title='bbox 2003 4305 2188 4344; x_wconf 86' lang='lat' dir='ltr'><strong>curam</strong></span> <span class='ocrx_word' id='word_1_585' title='bbox 2295 4288 2652 4357; x_wconf 74' lang='lat' dir='ltr'><strong>qttzeStionem</strong></span> <span class='ocrx_word' id='word_1_586' title='bbox 2683 4285 2752 4341; x_wconf 92' lang='grc'><strong>(18</strong></span> <span class='ocrx_word' id='word_1_587' title='bbox 2787 4285 2912 4355; x_wconf 92' lang='lat' dir='ltr'><strong>jure</strong></span> <span class='ocrx_word' id='word_1_588' title='bbox 2953 4284 3359 4356; x_wconf 85' lang='lat' dir='ltr'><strong>provocationis</strong></span> <span class='ocrx_word' id='word_1_589' title='bbox 3399 4284 3642 4339; x_wconf 85' lang='lat' dir='ltr'><strong>adversus</strong></span> <span class='ocrx_word' id='word_1_590' title='bbox 3670 4278 3816 4347; x_wconf 76' lang='lat' dir='ltr'><strong>legatos</strong></span> 
     </span>
    </p>
   </div>
   <div class='ocr_carea' id='block_1_45' title="bbox 591 4363 3886 4452">
    <p class='ocr_par' dir='ltr' id='par_1_45' title="bbox 591 4363 3886 4452">
     <span class='ocr_line' id='line_1_45' title="bbox 591 4363 3886 4452; baseline -0 -28"><span class='ocrx_word' id='word_1_591' title='bbox 591 4371 985 4438; x_wconf 86' lang='lat' dir='ltr'><strong>scripturarum</strong></span> <span class='ocrx_word' id='word_1_592' title='bbox 1025 4373 1128 4429; x_wconf 88' lang='lat' dir='ltr'><strong>sibi</strong></span> <span class='ocrx_word' id='word_1_593' title='bbox 1167 4373 1238 4429; x_wconf 86' lang='lat' dir='ltr'><strong>ab</strong></span> <span class='ocrx_word' id='word_1_594' title='bbox 1274 4373 1544 4444; x_wconf 85' lang='lat' dir='ltr'><strong>episcopis</strong></span> <span class='ocrx_word' id='word_1_595' title='bbox 1576 4376 1879 4448; x_wconf 83' lang='lat' dir='ltr'><strong>impositam</strong></span> <span class='ocrx_word' id='word_1_596' title='bbox 1909 4395 2050 4436; x_wconf 88' lang='lat' dir='ltr'><strong>esse.</strong></span> <span class='ocrx_word' id='word_1_597' title='bbox 2089 4381 2193 4438; x_wconf 84' lang='lat' dir='ltr'><strong>Un-</strong></span> <span class='ocrx_word' id='word_1_598' title='bbox 2299 4382 2540 4450; x_wconf 87' lang='lat' dir='ltr'><strong>Zosimi,</strong></span> <span class='ocrx_word' id='word_1_599' title='bbox 2575 4384 2948 4452; x_wconf 87' lang='lat' dir='ltr'><strong>scriptumque</strong></span> <span class='ocrx_word' id='word_1_600' title='bbox 2977 4397 3041 4437; x_wconf 88' lang='lat' dir='ltr'><strong>ea</strong></span> <span class='ocrx_word' id='word_1_601' title='bbox 3072 4382 3142 4437; x_wconf 90' lang='lat' dir='ltr'><strong>de</strong></span> <span class='ocrx_word' id='word_1_602' title='bbox 3171 4397 3232 4437; x_wconf 91' lang='lat' dir='ltr'><strong>re</strong></span> <span class='ocrx_word' id='word_1_603' title='bbox 3259 4381 3435 4437; x_wconf 89' lang='lat' dir='ltr'><strong>fuisse</strong></span> <span class='ocrx_word' id='word_1_604' title='bbox 3463 4379 3526 4435; x_wconf 88' lang='lat' dir='ltr'><strong>ad</strong></span> <span class='ocrx_word' id='word_1_605' title='bbox 3563 4373 3817 4434; x_wconf 82' lang='lat' dir='ltr'><strong>Bnnifacium</strong></span> <span class='ocrx_word' id='word_1_606' title='bbox 3883 4363 3886 4368; x_wconf 78' lang='grc'><em>’</em></span> 
     </span>
    </p>
   </div>
   <div class='ocr_carea' id='block_1_46' title="bbox 594 4461 3820 4546">
    <p class='ocr_par' dir='ltr' id='par_1_46' title="bbox 594 4461 3820 4546">
     <span class='ocr_line' id='line_1_46' title="bbox 594 4461 3820 4546; baseline 0 -28"><span class='ocrx_word' id='word_1_607' title='bbox 594 4461 664 4518; x_wconf 89' lang='grc'><strong>(18</strong></span> <span class='ocrx_word' id='word_1_608' title='bbox 702 4464 974 4533; x_wconf 88' lang='lat' dir='ltr'><strong>conjicere</strong></span> <span class='ocrx_word' id='word_1_609' title='bbox 1015 4466 1175 4532; x_wconf 91' lang='lat' dir='ltr'><strong>licet,</strong></span> <span class='ocrx_word' id='word_1_610' title='bbox 1217 4466 1403 4536; x_wconf 87' lang='lat' dir='ltr'><strong>quanti</strong></span> <span class='ocrx_word' id='word_1_611' title='bbox 1443 4474 1555 4522; x_wconf 91' lang='lat' dir='ltr'><strong>tum</strong></span> <span class='ocrx_word' id='word_1_612' title='bbox 1599 4468 1754 4526; x_wconf 90' lang='lat' dir='ltr'><strong>fieret</strong></span> <span class='ocrx_word' id='word_1_613' title='bbox 1793 4471 1882 4528; x_wconf 90' lang='lat' dir='ltr'><strong>hic</strong></span> <span class='ocrx_word' id='word_1_614' title='bbox 1929 4474 2192 4530; x_wconf 85' lang='lat' dir='ltr'><strong>antistes:</strong></span> <span class='ocrx_word' id='word_1_615' title='bbox 2225 4537 2272 4546; x_wconf 84' lang='lat'>_</span> <span class='ocrx_word' id='word_1_616' title='bbox 2304 4475 2505 4531; x_wconf 88' lang='lat' dir='ltr'><strong>Zosimi</strong></span> <span class='ocrx_word' id='word_1_617' title='bbox 2536 4489 2912 4530; x_wconf 88' lang='lat' dir='ltr'><strong>successorem</strong></span> <span class='ocrx_word' id='word_1_618' title='bbox 2936 4515 2951 4541; x_wconf 93' lang='lat'><strong>,</strong></span> <span class='ocrx_word' id='word_1_619' title='bbox 2986 4483 3041 4530; x_wconf 90' lang='lat' dir='ltr'><strong>et</strong></span> <span class='ocrx_word' id='word_1_620' title='bbox 3079 4474 3315 4546; x_wconf 90' lang='lat' dir='ltr'><strong>denique</strong></span> <span class='ocrx_word' id='word_1_621' title='bbox 3344 4473 3412 4529; x_wconf 91' lang='lat' dir='ltr'><strong>ad</strong></span> <span class='ocrx_word' id='word_1_622' title='bbox 3442 4470 3722 4528; x_wconf 67' lang='lat' dir='ltr'><strong>Cwlestium</strong></span> <span class='ocrx_word' id='word_1_623' title='bbox 3750 4463 3820 4518; x_wconf 84' lang='lat' dir='ltr'><strong>Bo-</strong></span> 
     </span>
    </p>
   </div>
   <div class='ocr_carea' id='block_1_47' title="bbox 599 4537 3821 4638">
    <p class='ocr_par' dir='ltr' id='par_1_47' title="bbox 599 4537 3821 4638">
     <span class='ocr_line' id='line_1_47' title="bbox 599 4537 3821 4638; baseline -0.002 -25"><span class='ocrx_word' id='word_1_624' title='bbox 599 4566 656 4613; x_wconf 86' lang='lat' dir='ltr'><strong>et</strong></span> <span class='ocrx_word' id='word_1_625' title='bbox 715 4566 892 4638; x_wconf 85' lang='lat' dir='ltr'><strong>tamen</strong></span> <span class='ocrx_word' id='word_1_626' title='bbox 949 4561 1222 4629; x_wconf 89' lang='lat' dir='ltr'><strong>superavit</strong></span> <span class='ocrx_word' id='word_1_627' title='bbox 1277 4563 1760 4630; x_wconf 84' lang='lat' dir='ltr'><strong>exspectationem.</strong></span> <span class='ocrx_word' id='word_1_628' title='bbox 1815 4563 2014 4621; x_wconf 79' lang='lat' dir='ltr'><strong>Verum</strong></span> <span class='ocrx_word' id='word_1_629' title='bbox 2067 4567 2197 4623; x_wconf 90' lang='lat' dir='ltr'><strong>illud</strong></span> <span class='ocrx_word' id='word_1_630' title='bbox 2225 4537 2282 4600; x_wconf 70' lang='grc' dir='ltr'><strong><em>Β</em></strong></span> <span class='ocrx_word' id='word_1_631' title='bbox 2314 4571 2493 4626; x_wconf 88' lang='lat' dir='ltr'><strong>ttifacii</strong></span> <span class='ocrx_word' id='word_1_632' title='bbox 2523 4584 2900 4625; x_wconf 87' lang='lat' dir='ltr'><strong>successorem</strong></span> <span class='ocrx_word' id='word_1_633' title='bbox 2947 4587 2960 4624; x_wconf 93' lang='lat'>:</span> <span class='ocrx_word' id='word_1_634' title='bbox 2993 4578 3051 4623; x_wconf 81' lang='grc' dir='ltr'><strong>ιιι</strong></span> <span class='ocrx_word' id='word_1_635' title='bbox 3082 4569 3127 4624; x_wconf 91' lang='lat' dir='ltr'><strong>si</strong></span> <span class='ocrx_word' id='word_1_636' title='bbox 3157 4569 3230 4624; x_wconf 90' lang='lat' dir='ltr'><strong>ita</strong></span> <span class='ocrx_word' id='word_1_637' title='bbox 3271 4569 3376 4633; x_wconf 88' lang='lat' dir='ltr'><strong>sit,</strong></span> <span class='ocrx_word' id='word_1_638' title='bbox 3407 4579 3646 4622; x_wconf 88' lang='lat' dir='ltr'><strong>neccesse</strong></span> <span class='ocrx_word' id='word_1_639' title='bbox 3670 4561 3726 4616; x_wconf 89' lang='lat' dir='ltr'><strong>sit</strong></span> <span class='ocrx_word' id='word_1_640' title='bbox 3756 4557 3821 4610; x_wconf 84' lang='lat' dir='ltr'><strong>hoc</strong></span> 
     </span>
    </p>
   </div>
   <div class='ocr_carea' id='block_1_48' title="bbox 603 4649 3825 4726">
    <p class='ocr_par' dir='ltr' id='par_1_48' title="bbox 603 4649 3825 4726">
     <span class='ocr_line' id='line_1_48' title="bbox 603 4649 3825 4726; baseline 0.001 -20"><span class='ocrx_word' id='word_1_641' title='bbox 603 4649 767 4707; x_wconf 85' lang='lat' dir='ltr'><strong>modo</strong></span> <span class='ocrx_word' id='word_1_642' title='bbox 805 4649 964 4715; x_wconf 88' lang='lat' dir='ltr'><strong>dico,</strong></span> <span class='ocrx_word' id='word_1_643' title='bbox 1007 4652 1286 4708; x_wconf 89' lang='lat' dir='ltr'><strong>Aurelium</strong></span> <span class='ocrx_word' id='word_1_644' title='bbox 1327 4654 1774 4726; x_wconf 88' lang='lat' dir='ltr'><strong>Carthaginensis</strong></span> <span class='ocrx_word' id='word_1_645' title='bbox 1811 4661 2068 4726; x_wconf 84' lang='lat' dir='ltr'><strong>concilii,</strong></span> <span class='ocrx_word' id='word_1_646' title='bbox 2120 4663 2207 4718; x_wconf 93' lang='lat' dir='ltr'><strong>cui</strong></span> <span class='ocrx_word' id='word_1_647' title='bbox 2317 4663 2609 4720; x_wconf 89' lang='lat' dir='ltr'><strong>concilium</strong></span> <span class='ocrx_word' id='word_1_648' title='bbox 2665 4662 2851 4717; x_wconf 85' lang='lat' dir='ltr'><strong>multis</strong></span> <span class='ocrx_word' id='word_1_649' title='bbox 2897 4663 3057 4717; x_wconf 86' lang='lat' dir='ltr'><strong>annis</strong></span> <span class='ocrx_word' id='word_1_650' title='bbox 3107 4662 3358 4719; x_wconf 89' lang='lat' dir='ltr'><strong>durasse.</strong></span> <span class='ocrx_word' id='word_1_651' title='bbox 3416 4661 3521 4719; x_wconf 88' lang='lat' dir='ltr'><strong>Sed</strong></span> <span class='ocrx_word' id='word_1_652' title='bbox 3593 4671 3747 4714; x_wconf 78' lang='lat' dir='ltr'><strong>vereor</strong></span> <span class='ocrx_word' id='word_1_653' title='bbox 3783 4665 3825 4704; x_wconf 75' lang='lat' dir='ltr'><strong>ne</strong></span> 
     </span>
    </p>
   </div>
   <div class='ocr_carea' id='block_1_49' title="bbox 605 4743 3825 4827">
    <p class='ocr_par' dir='ltr' id='par_1_49' title="bbox 605 4743 3825 4827">
     <span class='ocr_line' id='line_1_49' title="bbox 605 4743 3825 4827; baseline 0.001 -28"><span class='ocrx_word' id='word_1_654' title='bbox 605 4743 934 4816; x_wconf 72' lang='lat' dir='ltr'><strong>praefuerat,</strong></span> <span class='ocrx_word' id='word_1_655' title='bbox 975 4743 1332 4814; x_wconf 79' lang='lat' dir='ltr'><strong>Augustinum</strong></span> <span class='ocrx_word' id='word_1_656' title='bbox 1365 4747 1694 4815; x_wconf 83' lang='lat' dir='ltr'><strong>Milevitani,</strong></span> <span class='ocrx_word' id='word_1_657' title='bbox 1726 4751 1814 4806; x_wconf 92' lang='lat' dir='ltr'><strong>cui</strong></span> <span class='ocrx_word' id='word_1_658' title='bbox 1855 4753 2207 4823; x_wconf 87' lang='lat' dir='ltr'><strong>interfuerat,</strong></span> <span class='ocrx_word' id='word_1_659' title='bbox 2320 4757 2487 4811; x_wconf 91' lang='lat' dir='ltr'><strong>multa</strong></span> <span class='ocrx_word' id='word_1_660' title='bbox 2528 4766 2583 4812; x_wconf 90' lang='lat' dir='ltr'><strong>et</strong></span> <span class='ocrx_word' id='word_1_661' title='bbox 2620 4755 2846 4812; x_wconf 90' lang='lat' dir='ltr'><strong>confuse</strong></span> <span class='ocrx_word' id='word_1_662' title='bbox 2887 4765 2941 4810; x_wconf 93' lang='lat' dir='ltr'><strong>et</strong></span> <span class='ocrx_word' id='word_1_663' title='bbox 2976 4755 3117 4812; x_wconf 84' lang='lat' dir='ltr'><strong>falso</strong></span> <span class='ocrx_word' id='word_1_664' title='bbox 3152 4755 3429 4827; x_wconf 90' lang='lat' dir='ltr'><strong>jactentur</strong></span> <span class='ocrx_word' id='word_1_665' title='bbox 3466 4770 3526 4810; x_wconf 88' lang='lat' dir='ltr'><strong>ea</strong></span> <span class='ocrx_word' id='word_1_666' title='bbox 3563 4754 3625 4808; x_wconf 90' lang='lat' dir='ltr'><strong>de</strong></span> <span class='ocrx_word' id='word_1_667' title='bbox 3656 4766 3719 4806; x_wconf 89' lang='lat' dir='ltr'><strong>re.</strong></span> <span class='ocrx_word' id='word_1_668' title='bbox 3749 4743 3825 4799; x_wconf 74' lang='lat' dir='ltr'><strong>Non</strong></span> 
     </span>
    </p>
   </div>
   <div class='ocr_carea' id='block_1_50' title="bbox 603 4839 3828 4922">
    <p class='ocr_par' dir='ltr' id='par_1_50' title="bbox 603 4839 3828 4922">
     <span class='ocr_line' id='line_1_50' title="bbox 603 4839 3828 4922; baseline 0.002 -28"><span class='ocrx_word' id='word_1_669' title='bbox 603 4841 928 4894; x_wconf 89' lang='lat' dir='ltr'><strong>sententiam</strong></span> <span class='ocrx_word' id='word_1_670' title='bbox 969 4839 1299 4906; x_wconf 90' lang='lat' dir='ltr'><strong>contulisse,</strong></span> <span class='ocrx_word' id='word_1_671' title='bbox 1332 4851 1383 4896; x_wconf 90' lang='lat' dir='ltr'><strong>et</strong></span> <span class='ocrx_word' id='word_1_672' title='bbox 1416 4844 1584 4898; x_wconf 90' lang='lat' dir='ltr'><strong>tribus</strong></span> <span class='ocrx_word' id='word_1_673' title='bbox 1613 4845 1733 4899; x_wconf 92' lang='lat' dir='ltr'><strong>aliis</strong></span> <span class='ocrx_word' id='word_1_674' title='bbox 1769 4847 2037 4917; x_wconf 90' lang='lat' dir='ltr'><strong>adjunctis</strong></span> <span class='ocrx_word' id='word_1_675' title='bbox 2066 4865 2211 4904; x_wconf 82' lang='lat' dir='ltr'><strong>eam-</strong></span> <span class='ocrx_word' id='word_1_676' title='bbox 2321 4851 2532 4907; x_wconf 89' lang='lat' dir='ltr'><strong>inficior</strong></span> <span class='ocrx_word' id='word_1_677' title='bbox 2560 4853 2917 4921; x_wconf 65' lang='lat' dir='ltr'><strong>quaestionem</strong></span> <span class='ocrx_word' id='word_1_678' title='bbox 2947 4850 3066 4920; x_wconf 91' lang='lat' dir='ltr'><strong>ejus</strong></span> <span class='ocrx_word' id='word_1_679' title='bbox 3109 4852 3326 4922; x_wconf 90' lang='lat' dir='ltr'><strong>generis</strong></span> <span class='ocrx_word' id='word_1_680' title='bbox 3373 4850 3602 4921; x_wconf 86' lang='lat' dir='ltr'><strong>aliquam</strong></span> <span class='ocrx_word' id='word_1_681' title='bbox 3643 4844 3828 4915; x_wconf 75' lang='lat' dir='ltr'><strong>agitatam</strong></span> 
     </span>
    </p>
   </div>
   <div class='ocr_carea' id='block_1_51' title="bbox 611 4931 3830 5015">
    <p class='ocr_par' dir='ltr' id='par_1_51' title="bbox 611 4931 3830 5015">
     <span class='ocr_line' id='line_1_51' title="bbox 611 4931 3830 5015; baseline -0 -30"><span class='ocrx_word' id='word_1_682' title='bbox 611 4931 733 4986; x_wconf 89' lang='lat' dir='ltr'><strong>dem</strong></span> <span class='ocrx_word' id='word_1_683' title='bbox 777 4949 964 4988; x_wconf 81' lang='lat' dir='ltr'><strong>rursus</strong></span> <span class='ocrx_word' id='word_1_684' title='bbox 1001 4949 1219 4989; x_wconf 84' lang='lat' dir='ltr'><strong>causam</strong></span> <span class='ocrx_word' id='word_1_685' title='bbox 1261 4935 1475 5005; x_wconf 83' lang='lat' dir='ltr'><strong>egisse,</strong></span> <span class='ocrx_word' id='word_1_686' title='bbox 1527 4952 1592 4992; x_wconf 84' lang='lat' dir='ltr'><strong>ex</strong></span> <span class='ocrx_word' id='word_1_687' title='bbox 1641 4940 1884 5012; x_wconf 88' lang='lat' dir='ltr'><strong>urbeque</strong></span> <span class='ocrx_word' id='word_1_688' title='bbox 1932 4943 2212 5015; x_wconf 85' lang='lat' dir='ltr'><strong>Carthagi-</strong></span> <span class='ocrx_word' id='word_1_689' title='bbox 2319 4959 2476 5000; x_wconf 88' lang='lat' dir='ltr'><strong>esse:</strong></span> <span class='ocrx_word' id='word_1_690' title='bbox 2507 4943 2602 4998; x_wconf 89' lang='lat' dir='ltr'><strong>sed</strong></span> <span class='ocrx_word' id='word_1_691' title='bbox 2635 4943 2868 4998; x_wconf 90' lang='lat' dir='ltr'><strong>fideliter</strong></span> <span class='ocrx_word' id='word_1_692' title='bbox 2898 4955 2952 4997; x_wconf 88' lang='lat' dir='ltr'><strong>et</strong></span> <span class='ocrx_word' id='word_1_693' title='bbox 2972 4943 3295 5013; x_wconf 89' lang='lat' dir='ltr'><strong>simpliciter</strong></span> <span class='ocrx_word' id='word_1_694' title='bbox 3316 4941 3584 4998; x_wconf 85' lang='lat' dir='ltr'><strong>recitanda</strong></span> <span class='ocrx_word' id='word_1_695' title='bbox 3609 4946 3742 4998; x_wconf 84' lang='lat' dir='ltr'><strong>esset,</strong></span> <span class='ocrx_word' id='word_1_696' title='bbox 3761 4944 3830 4986; x_wconf 88' lang='lat' dir='ltr'><strong>non</strong></span> 
     </span>
    </p>
   </div>
   <div class='ocr_carea' id='block_1_52' title="bbox 613 5025 3834 5108">
    <p class='ocr_par' dir='ltr' id='par_1_52' title="bbox 613 5025 3834 5108">
     <span class='ocr_line' id='line_1_52' title="bbox 613 5025 3834 5108; baseline 0.001 -27"><span class='ocrx_word' id='word_1_697' title='bbox 613 5025 770 5081; x_wconf 87' lang='lat' dir='ltr'><strong>nensi</strong></span> <span class='ocrx_word' id='word_1_698' title='bbox 829 5026 896 5080; x_wconf 89' lang='lat' dir='ltr'><strong>ad</strong></span> <span class='ocrx_word' id='word_1_699' title='bbox 955 5027 1330 5084; x_wconf 90' lang='lat' dir='ltr'><strong>Innocentium</strong></span> <span class='ocrx_word' id='word_1_700' title='bbox 1387 5031 1700 5102; x_wconf 88' lang='lat' dir='ltr'><strong>diligentius</strong></span> <span class='ocrx_word' id='word_1_701' title='bbox 1756 5037 2060 5108; x_wconf 86' lang='lat' dir='ltr'><strong>scripsisse.</strong></span> <span class='ocrx_word' id='word_1_702' title='bbox 2124 5040 2221 5096; x_wconf 80' lang='lat' dir='ltr'><strong>Est</strong></span> <span class='ocrx_word' id='word_1_703' title='bbox 2322 5047 2500 5092; x_wconf 86' lang='lat' dir='ltr'><strong>autem</strong></span> <span class='ocrx_word' id='word_1_704' title='bbox 2531 5035 2940 5092; x_wconf 86' lang='lat' dir='ltr'><strong>contumeliosis</strong></span> <span class='ocrx_word' id='word_1_705' title='bbox 2961 5036 3328 5092; x_wconf 85' lang='lat' dir='ltr'><strong>additionibus</strong></span> <span class='ocrx_word' id='word_1_706' title='bbox 3352 5026 3834 5092; x_wconf 77' lang='lat' dir='ltr'><strong>contaminaoda.BO-</strong></span> 
     </span>
    </p>
   </div>
   <div class='ocr_carea' id='block_1_53' title="bbox 617 5116 3834 5200">
    <p class='ocr_par' dir='ltr' id='par_1_53' title="bbox 617 5116 3834 5200">
     <span class='ocr_line' id='line_1_53' title="bbox 617 5116 3834 5200; baseline 0.001 -25"><span class='ocrx_word' id='word_1_707' title='bbox 617 5118 778 5188; x_wconf 88' lang='lat' dir='ltr'><strong>epist.</strong></span> <span class='ocrx_word' id='word_1_708' title='bbox 824 5132 955 5181; x_wconf 78' lang='lat' dir='ltr'><strong>xcv,</strong></span> <span class='ocrx_word' id='word_1_709' title='bbox 997 5119 1151 5188; x_wconf 92' lang='lat' dir='ltr'><strong>cujus</strong></span> <span class='ocrx_word' id='word_1_710' title='bbox 1193 5123 1513 5191; x_wconf 88' lang='lat' dir='ltr'><strong>principium</strong></span> <span class='ocrx_word' id='word_1_711' title='bbox 1557 5138 1676 5180; x_wconf 91' lang='lat' dir='ltr'><strong>est:</strong></span> <span class='ocrx_word' id='word_1_712' title='bbox 1721 5125 1800 5184; x_wconf 88' lang='lat' dir='ltr'><strong>De</strong></span> <span class='ocrx_word' id='word_1_713' title='bbox 1827 5133 2058 5187; x_wconf 80' lang='lat' dir='ltr'><strong>conciliis</strong></span> <span class='ocrx_word' id='word_1_714' title='bbox 2088 5133 2220 5189; x_wconf 86' lang='lat' dir='ltr'><strong>duo-</strong></span> <span class='ocrx_word' id='word_1_715' title='bbox 2325 5147 2428 5187; x_wconf 89' lang='lat' dir='ltr'><strong>nus</strong></span> <span class='ocrx_word' id='word_1_716' title='bbox 2459 5131 2594 5186; x_wconf 84' lang='lat' dir='ltr'><strong>Beza</strong></span> <span class='ocrx_word' id='word_1_717' title='bbox 2620 5130 2772 5200; x_wconf 91' lang='lat' dir='ltr'><strong>jubet</strong></span> <span class='ocrx_word' id='word_1_718' title='bbox 2804 5145 2904 5184; x_wconf 91' lang='lat' dir='ltr'><strong>nos</strong></span> <span class='ocrx_word' id='word_1_719' title='bbox 2935 5128 3002 5184; x_wconf 89' lang='lat' dir='ltr'><strong>de</strong></span> <span class='ocrx_word' id='word_1_720' title='bbox 3029 5144 3093 5184; x_wconf 89' lang='lat' dir='ltr'><strong>ea</strong></span> <span class='ocrx_word' id='word_1_721' title='bbox 3120 5129 3369 5199; x_wconf 89' lang='lat' dir='ltr'><strong>judicare</strong></span> <span class='ocrx_word' id='word_1_722' title='bbox 3400 5144 3468 5184; x_wconf 81' lang='lat' dir='ltr'><strong>ex</strong></span> <span class='ocrx_word' id='word_1_723' title='bbox 3496 5127 3686 5187; x_wconf 71' lang='lat' dir='ltr'><strong>Grmco,</strong></span> <span class='ocrx_word' id='word_1_724' title='bbox 3712 5116 3834 5188; x_wconf 67' lang='grc' dir='ltr'><strong>ρυιὶιιέ</strong></span> 
     </span>
    </p>
   </div>
   <div class='ocr_carea' id='block_1_54' title="bbox 617 5210 3834 5297">
    <p class='ocr_par' dir='ltr' id='par_1_54' title="bbox 617 5210 3834 5297">
     <span class='ocr_line' id='line_1_54' title="bbox 617 5210 3834 5297; baseline -0.001 -33"><span class='ocrx_word' id='word_1_725' title='bbox 617 5210 712 5264; x_wconf 83' lang='lat' dir='ltr'><strong>bus</strong></span> <span class='ocrx_word' id='word_1_726' title='bbox 761 5211 1038 5280; x_wconf 72' lang='lat' dir='ltr'><strong>provincia:</strong></span> <span class='ocrx_word' id='word_1_727' title='bbox 1085 5211 1507 5283; x_wconf 79' lang='lat' dir='ltr'><strong>Carthaginensis</strong></span> <span class='ocrx_word' id='word_1_728' title='bbox 1556 5229 1603 5270; x_wconf 91' lang='lat' dir='ltr'><strong>et</strong></span> <span class='ocrx_word' id='word_1_729' title='bbox 1656 5219 1920 5278; x_wconf 78' lang='lat' dir='ltr'><strong>Numidia:</strong></span> <span class='ocrx_word' id='word_1_730' title='bbox 1964 5226 2032 5278; x_wconf 84' lang='lat' dir='ltr'><strong>ad</strong></span> <span class='ocrx_word' id='word_1_731' title='bbox 2078 5238 2221 5281; x_wconf 87' lang='lat' dir='ltr'><strong>tuum</strong></span> <span class='ocrx_word' id='word_1_732' title='bbox 2325 5241 2488 5297; x_wconf 85' lang='lat' dir='ltr'><strong>quam</strong></span> <span class='ocrx_word' id='word_1_733' title='bbox 2517 5242 2584 5281; x_wconf 78' lang='lat' dir='ltr'><strong>ex</strong></span> <span class='ocrx_word' id='word_1_734' title='bbox 2613 5224 2806 5279; x_wconf 87' lang='lat' dir='ltr'><strong>Latitto</strong></span> <span class='ocrx_word' id='word_1_735' title='bbox 2836 5234 3002 5279; x_wconf 76' lang='lat' dir='ltr'><strong>textu.</strong></span> <span class='ocrx_word' id='word_1_736' title='bbox 3039 5223 3148 5280; x_wconf 90' lang='lat' dir='ltr'><strong>Sed</strong></span> <span class='ocrx_word' id='word_1_737' title='bbox 3180 5240 3246 5278; x_wconf 90' lang='lat' dir='ltr'><strong>an</strong></span> <span class='ocrx_word' id='word_1_738' title='bbox 3302 5223 3573 5280; x_wconf 79' lang='lat' dir='ltr'><strong>existimat</strong></span> <span class='ocrx_word' id='word_1_739' title='bbox 3604 5220 3717 5274; x_wconf 85' lang='lat' dir='ltr'><strong>Acta</strong></span> <span class='ocrx_word' id='word_1_740' title='bbox 3739 5210 3834 5267; x_wconf 85' lang='lat' dir='ltr'><strong>Afri-</strong></span> 
     </span>
    </p>
   </div>
   <div class='ocr_carea' id='block_1_55' title="bbox 621 5301 3835 5390">
    <p class='ocr_par' dir='ltr' id='par_1_55' title="bbox 621 5301 3835 5390">
     <span class='ocr_line' id='line_1_55' title="bbox 621 5301 3835 5390; baseline -0.002 -15"><span class='ocrx_word' id='word_1_741' title='bbox 621 5301 962 5358; x_wconf 68' lang='grc' dir='ltr'><strong>δαησεῖιηίεηι</strong></span> <span class='ocrx_word' id='word_1_742' title='bbox 1009 5323 1041 5359; x_wconf 85' lang='grc' dir='ltr'><em>α</em></span> <span class='ocrx_word' id='word_1_743' title='bbox 1082 5323 1185 5360; x_wconf 82' lang='grc' dir='ltr'><strong>ηοη</strong></span> <span class='ocrx_word' id='word_1_744' title='bbox 1241 5322 1395 5375; x_wconf 72' lang='lat' dir='ltr'><strong>Parvo</strong></span> <span class='ocrx_word' id='word_1_745' title='bbox 1462 5311 1818 5380; x_wconf 65' lang='lat' dir='ltr'><strong>episcoporum</strong></span> <span class='ocrx_word' id='word_1_746' title='bbox 1856 5333 2066 5374; x_wconf 87' lang='lat' dir='ltr'><strong>numero</strong></span> <span class='ocrx_word' id='word_1_747' title='bbox 2106 5321 2220 5375; x_wconf 60' lang='lat' dir='ltr'><strong>sub.</strong></span> <span class='ocrx_word' id='word_1_748' title='bbox 2327 5336 2461 5378; x_wconf 89' lang='lat' dir='ltr'><strong>cana</strong></span> <span class='ocrx_word' id='word_1_749' title='bbox 2513 5319 2701 5376; x_wconf 69' lang='lat' dir='ltr'><strong>Graece</strong></span> <span class='ocrx_word' id='word_1_750' title='bbox 2758 5319 2938 5390; x_wconf 89' lang='lat' dir='ltr'><strong>potius</strong></span> <span class='ocrx_word' id='word_1_751' title='bbox 2990 5333 3150 5390; x_wconf 92' lang='lat' dir='ltr'><strong>quam</strong></span> <span class='ocrx_word' id='word_1_752' title='bbox 3207 5318 3393 5374; x_wconf 87' lang='lat' dir='ltr'><strong>Latine</strong></span> <span class='ocrx_word' id='word_1_753' title='bbox 3444 5316 3632 5386; x_wconf 87' lang='lat' dir='ltr'><strong>scripta</strong></span> <span class='ocrx_word' id='word_1_754' title='bbox 3675 5309 3835 5378; x_wconf 65' lang='lat' dir='ltr'><strong>primum</strong></span> 
     </span>
    </p>
   </div>
   <div class='ocr_carea' id='block_1_56' title="bbox 622 5397 3839 5476">
    <p class='ocr_par' dir='ltr' id='par_1_56' title="bbox 622 5397 3839 5476">
     <span class='ocr_line' id='line_1_56' title="bbox 622 5397 3839 5476; baseline 0.003 -27"><span class='ocrx_word' id='word_1_755' title='bbox 622 5397 842 5465; x_wconf 84' lang='lat' dir='ltr'><strong>scriptas</strong></span> <span class='ocrx_word' id='word_1_756' title='bbox 872 5399 1066 5453; x_wconf 86' lang='lat' dir='ltr'><strong>litteras</strong></span> <span class='ocrx_word' id='word_1_757' title='bbox 1097 5401 1348 5456; x_wconf 84' lang='lat' dir='ltr'><strong>misimus.</strong></span> <span class='ocrx_word' id='word_1_758' title='bbox 1374 5401 1579 5476; x_wconf 86' lang='lat' dir='ltr'><strong>Nempe</strong></span> <span class='ocrx_word' id='word_1_759' title='bbox 1608 5420 1700 5461; x_wconf 90' lang='lat' dir='ltr'><strong>eas</strong></span> <span class='ocrx_word' id='word_1_760' title='bbox 1719 5408 1941 5464; x_wconf 90' lang='lat' dir='ltr'><strong>miserat</strong></span> <span class='ocrx_word' id='word_1_761' title='bbox 1973 5413 2224 5470; x_wconf 89' lang='lat' dir='ltr'><strong>Aurelius</strong></span> <span class='ocrx_word' id='word_1_762' title='bbox 2329 5416 2538 5472; x_wconf 85' lang='lat' dir='ltr'><strong>fuisse?</strong></span> <span class='ocrx_word' id='word_1_763' title='bbox 2579 5415 2745 5471; x_wconf 79' lang='lat' dir='ltr'><strong>Recte</strong></span> <span class='ocrx_word' id='word_1_764' title='bbox 2783 5429 2918 5470; x_wconf 89' lang='lat' dir='ltr'><strong>sane</strong></span> <span class='ocrx_word' id='word_1_765' title='bbox 2942 5413 3178 5468; x_wconf 86' lang='lat' dir='ltr'><strong>Africani</strong></span> <span class='ocrx_word' id='word_1_766' title='bbox 3204 5413 3391 5468; x_wconf 85' lang='lat' dir='ltr'><strong>Patres</strong></span> <span class='ocrx_word' id='word_1_767' title='bbox 3411 5404 3705 5466; x_wconf 67' lang='lat' dir='ltr'><strong>deNicmnis</strong></span> <span class='ocrx_word' id='word_1_768' title='bbox 3728 5409 3839 5458; x_wconf 77' lang='lat' dir='ltr'><strong>can0°</strong></span> 
     </span>
    </p>
   </div>
   <div class='ocr_carea' id='block_1_57' title="bbox 625 5489 3842 5579">
    <p class='ocr_par' dir='ltr' id='par_1_57' title="bbox 625 5489 3842 5579">
     <span class='ocr_line' id='line_1_57' title="bbox 625 5489 3842 5579; baseline -0.002 -35"><span class='ocrx_word' id='word_1_769' title='bbox 625 5503 694 5544; x_wconf 75' lang='lat' dir='ltr'><strong>ex</strong></span> <span class='ocrx_word' id='word_1_770' title='bbox 741 5489 1191 5562; x_wconf 77' lang='lat' dir='ltr'><strong>Carthagincnsi,</strong></span> <span class='ocrx_word' id='word_1_771' title='bbox 1244 5495 1576 5565; x_wconf 88' lang='lat' dir='ltr'><strong>Augustinus</strong></span> <span class='ocrx_word' id='word_1_772' title='bbox 1621 5512 1751 5554; x_wconf 89' lang='lat' dir='ltr'><strong>vero</strong></span> <span class='ocrx_word' id='word_1_773' title='bbox 1799 5515 1867 5556; x_wconf 81' lang='lat' dir='ltr'><strong>ex</strong></span> <span class='ocrx_word' id='word_1_774' title='bbox 1916 5503 2224 5560; x_wconf 82' lang='lat' dir='ltr'><strong>Milevitana</strong></span> <span class='ocrx_word' id='word_1_775' title='bbox 2331 5511 2491 5566; x_wconf 86' lang='lat' dir='ltr'><strong>nibus</strong></span> <span class='ocrx_word' id='word_1_776' title='bbox 2537 5507 2892 5579; x_wconf 86' lang='lat' dir='ltr'><strong>judicandum</strong></span> <span class='ocrx_word' id='word_1_777' title='bbox 2935 5522 3060 5562; x_wconf 89' lang='lat' dir='ltr'><strong>esse</strong></span> <span class='ocrx_word' id='word_1_778' title='bbox 3105 5514 3364 5576; x_wconf 88' lang='lat' dir='ltr'><strong>putarunt</strong></span> <span class='ocrx_word' id='word_1_779' title='bbox 3406 5519 3472 5557; x_wconf 81' lang='lat' dir='ltr'><strong>ex</strong></span> <span class='ocrx_word' id='word_1_780' title='bbox 3519 5491 3842 5566; x_wconf 79' lang='lat' dir='ltr'><strong>archetypiset</strong></span> 
     </span>
    </p>
   </div>
   <div class='ocr_carea' id='block_1_58' title="bbox 632 5583 3844 5668">
    <p class='ocr_par' dir='ltr' id='par_1_58' title="bbox 632 5583 3844 5668">
     <span class='ocr_line' id='line_1_58' title="bbox 632 5583 3844 5668; baseline -0.004 -8"><span class='ocrx_word' id='word_1_781' title='bbox 632 5583 864 5654; x_wconf 63' lang='grc' dir='ltr'><strong>θῖθθάθο</strong></span> <span class='ocrx_word' id='word_1_782' title='bbox 2331 5603 2660 5660; x_wconf 87' lang='lat' dir='ltr'><strong>authenticis</strong></span> <span class='ocrx_word' id='word_1_783' title='bbox 2687 5602 2838 5657; x_wconf 83' lang='lat' dir='ltr'><strong>libris</strong></span> <span class='ocrx_word' id='word_1_784' title='bbox 2867 5601 3058 5657; x_wconf 75' lang='lat' dir='ltr'><strong>Grzece</strong></span> <span class='ocrx_word' id='word_1_785' title='bbox 3087 5599 3324 5668; x_wconf 83' lang='lat' dir='ltr'><strong>scriptis.</strong></span> <span class='ocrx_word' id='word_1_786' title='bbox 3356 5597 3462 5653; x_wconf 89' lang='lat' dir='ltr'><strong>Sed</strong></span> <span class='ocrx_word' id='word_1_787' title='bbox 3490 5594 3664 5653; x_wconf 88' lang='lat' dir='ltr'><strong>eadem</strong></span> <span class='ocrx_word' id='word_1_788' title='bbox 3697 5586 3844 5644; x_wconf 66' lang='lat' dir='ltr'><strong>talione</strong></span> 
     </span>
    </p>
   </div>
   <div class='ocr_carea' id='block_1_59' title="bbox 711 5675 3844 5764">
    <p class='ocr_par' dir='ltr' id='par_1_59' title="bbox 711 5675 3844 5764">
     <span class='ocr_line' id='line_1_59' title="bbox 711 5675 3844 5764; baseline 0.004 -33"><span class='ocrx_word' id='word_1_789' title='bbox 711 5675 903 5746; x_wconf 86' lang='lat' dir='ltr'><strong>Postea</strong></span> <span class='ocrx_word' id='word_1_790' title='bbox 951 5689 1162 5736; x_wconf 91' lang='lat' dir='ltr'><strong>mortuo</strong></span> <span class='ocrx_word' id='word_1_791' title='bbox 1203 5682 1313 5751; x_wconf 85' lang='lat' dir='ltr'><strong>jam</strong></span> <span class='ocrx_word' id='word_1_792' title='bbox 1354 5683 1673 5744; x_wconf 90' lang='lat' dir='ltr'><strong>Innocentio</strong></span> <span class='ocrx_word' id='word_1_793' title='bbox 1717 5690 1970 5748; x_wconf 88' lang='lat' dir='ltr'><strong>videntur</strong></span> <span class='ocrx_word' id='word_1_794' title='bbox 2009 5693 2231 5764; x_wconf 91' lang='lat' dir='ltr'><strong>plures,</strong></span> <span class='ocrx_word' id='word_1_795' title='bbox 2336 5697 2511 5753; x_wconf 90' lang='lat' dir='ltr'><strong>dicant</strong></span> <span class='ocrx_word' id='word_1_796' title='bbox 2552 5695 2620 5750; x_wconf 91' lang='lat' dir='ltr'><strong>de</strong></span> <span class='ocrx_word' id='word_1_797' title='bbox 2664 5693 2932 5750; x_wconf 90' lang='lat' dir='ltr'><strong>Africanis</strong></span> <span class='ocrx_word' id='word_1_798' title='bbox 2970 5692 3269 5750; x_wconf 87' lang='lat' dir='ltr'><strong>canottibus</strong></span> <span class='ocrx_word' id='word_1_799' title='bbox 3307 5689 3646 5762; x_wconf 90' lang='lat' dir='ltr'><strong>judicandum</strong></span> <span class='ocrx_word' id='word_1_800' title='bbox 3681 5693 3776 5738; x_wconf 77' lang='lat' dir='ltr'><strong>esse</strong></span> <span class='ocrx_word' id='word_1_801' title='bbox 3803 5685 3844 5727; x_wconf 69' lang='grc' dir='ltr'><strong>ει</strong></span> 
     </span>
    </p>
   </div>
   <div class='ocr_carea' id='block_1_60' title="bbox 639 5767 3844 5864">
    <p class='ocr_par' dir='ltr' id='par_1_60' title="bbox 639 5767 3844 5864">
     <span class='ocr_line' id='line_1_60' title="bbox 639 5767 3844 5864; baseline 0.004 -40"><span class='ocrx_word' id='word_1_802' title='bbox 639 5767 805 5824; x_wconf 80' lang='lat' dir='ltr'><strong>Suam</strong></span> <span class='ocrx_word' id='word_1_803' title='bbox 848 5781 1006 5829; x_wconf 90' lang='lat' dir='ltr'><strong>antea</strong></span> <span class='ocrx_word' id='word_1_804' title='bbox 1029 5815 1043 5840; x_wconf 91' lang='lat'><strong>,</strong></span> <span class='ocrx_word' id='word_1_805' title='bbox 1089 5774 1470 5848; x_wconf 88' lang='lat' dir='ltr'><strong>Carthaginem</strong></span> <span class='ocrx_word' id='word_1_806' title='bbox 1509 5797 1696 5839; x_wconf 88' lang='lat' dir='ltr'><strong>rursus</strong></span> <span class='ocrx_word' id='word_1_807' title='bbox 1764 5786 2084 5844; x_wconf 86' lang='lat' dir='ltr'><strong>convenisse</strong></span> <span class='ocrx_word' id='word_1_808' title='bbox 2124 5789 2239 5860; x_wconf 88' lang='lat' dir='ltr'><strong>epi-</strong></span> <span class='ocrx_word' id='word_1_809' title='bbox 2340 5791 2661 5864; x_wconf 57' lang='lat' dir='ltr'><strong>archetypis;</strong></span> <span class='ocrx_word' id='word_1_810' title='bbox 2690 5787 2882 5846; x_wconf 85' lang='lat' dir='ltr'><strong>Latine</strong></span> <span class='ocrx_word' id='word_1_811' title='bbox 2905 5784 3146 5860; x_wconf 87' lang='lat' dir='ltr'><strong>scriptis.</strong></span> <span class='ocrx_word' id='word_1_812' title='bbox 3174 5787 3290 5846; x_wconf 91' lang='lat' dir='ltr'><strong>Non</strong></span> <span class='ocrx_word' id='word_1_813' title='bbox 3319 5782 3496 5860; x_wconf 80' lang='lat' dir='ltr'><strong>minus</strong></span> <span class='ocrx_word' id='word_1_814' title='bbox 3533 5784 3742 5853; x_wconf 84' lang='lat' dir='ltr'><strong>ineptum</strong></span> <span class='ocrx_word' id='word_1_815' title='bbox 3772 5775 3844 5832; x_wconf 71' lang='grc' dir='ltr'>εειι</span> 
     </span>
    </p>
   </div>
   <div class='ocr_carea' id='block_1_61' title="bbox 3884 1860 3903 2704">
    <p class='ocr_par' dir='ltr' id='par_1_61' title="bbox 3884 1860 3891 2196">
     <span class='ocr_line' id='line_1_61' title="bbox 3884 1860 3891 2196; baseline 0 0"><span class='ocrx_word' id='word_1_816' title='bbox 3884 1860 3889 2076; x_wconf 56' lang='lat'>\</span> 
     </span>
    </p>
   </div>
  </div>
