3826 6226
441 502 792 688 νοη
1257 756 1260 759 γ
1514 609 1952 741 ELEF

1257 756 1260 759 γ
1514 607 2474 810 ELENCHUS

555 1105 1064 1194 OPERUM
1112 1106 1392 1234 QU/E
1447 1104 1570 1190 IN
1623 1106 1870 1192 HOC
1927 1109 2554 1196 VOLUMINE
2613 1112 3496 1215 CONTINENTUR.

1682 2092 1684 2095 ·
1751 2071 1838 2146 S.
1924 2071 2244 2147 ZENO.

506 2249 800 2333 Epistola
828 2250 1238 2316 dedieatoria.
3073 2255 3196 2316 col.
3447 2259 3488 2320 9

504 2354 1008 2417 Balleriniorum
1043 2354 1360 2418 Praefatio.
3411 2365 3481 2424 11

501 2457 1012 2523 Dissertationes
1042 2457 1120 2520 de
1159 2457 1572 2532 tractatibus,
1600 2456 1893 2521 doctrina
1929 2462 1990 2518 et
2022 2457 2198 2520 cultu
2236 2459 2297 2520 S.
2333 2459 2632 2522 Zenonis.
3407 2465 3491 2525 25

500 2557 921 2620 Monumenta
951 2559 1027 2619 de
1058 2560 1119 2620 S.
1153 2559 1438 2621 Zenone.
3375 2564 3492 2624 189

507 2664 851 2723 Tractatus
890 2662 951 2721 S.
988 2661 1289 2723 Zenonis.
3371 2664 3492 2725 ⁸253

505 2764 847 2843 Appendix
885 2763 1091 2842 prima
1122 2763 1560 2842 complectens
1587 2781 1788 2845 opera
1824 2766 1885 2824 S.
1922 2766 2162 2829 Zenoni
2204 2782 2543 2844 perperam
2575 2765 2837 2826 tributa.
3373 2767 3492 2827 5'27

506 2867 843 2948 Appendix
875 2867 1165 2931 secunda
1199 2869 1634 2947 complectens
1670 2867 1832 2928 duos
1863 2869 1940 2928 de
1973 2868 2388 2928 Sermonibus
2414 2874 2476 2928 et
2505 2868 2813 2948 Martyrio
2849 2868 2910 2928 S.
2951 2869 3067 2929 Ze—

585 2973 778 3036 nonis
815 2972 1042 3048 libros,
1074 2990 1220 3035 eum
1256 2970 1496 3051 duplici
1528 2971 1975 3034 dissertatione
2014 2970 2168 3048 ipsis
2200 2970 2567 3048 subjuncta.
3371 2971 3490 3033 599

1643 3203 1735 3275 S.
1816 3201 2330 3277 OPTATUS.

513 3426 814 3491 Praefatio
839 3429 1122 3508 Dupinii.
3374 3426 3496 3486 759

512 3534 912 3596 Testimonia
938 3534 1016 3597 de
1044 3533 1306 3613 Optato.
3191 3536 3193 3539 ‘
3377 3531 3498 3591 769

511 3635 800 3699 Historia
834 3636 1348 3700 Donatistarum.
3377 3632 3490 3692 771

509 3739 573 3800 S.
612 3738 832 3818 Optati
870 3738 1018 3799 libri
1048 3742 1292 3816 septem
1316 3738 1395 3799 de
1424 3736 1782 3799 Schismate
1808 3737 2322 3800 Donatistarum.
3377 3732 3500 3794 883

509 3842 927 3904 Prasfationes
962 3841 1295 3903 Francisci
1335 3837 1632 3902 Balduini
1669 3837 1745 3902 ad
1782 3839 2053 3917 primam
2084 3838 2426 3900 editionezn
2464 3835 2702 3916 Optati.
3347 3834 3499 3894 1103

514 3943 980 4004 Annotationcs
1014 3940 1330 4020 ejusdem.
3062 4025 3064 4027 p
3346 3937 3503 3997 1133

513 4045 906 4123 ΛΙὺίιερὶηωὶ
943 4044 1461 4107 observationes.

3346 4039 3501 4098 1160

517 4146 936 4210 Monumenta
965 4151 1187 4209 vetera
1219 4147 1298 4209 ad
1341 4144 1696 4208 Historiam
1723 4145 2206 4206 Donatistarum
2236 4140 2646 4222 pertinentia.
3343 4140 3497 4199 1179

515 4252 707 4314 Gesta
761 4251 1138 4314 Collationis
1197 4251 1722 4330 Carthaginensis
1753 4298 1768 4327 ,
1817 4269 2013 4330 quam
2050 4255 2412 4330 sequuntur
2459 4251 2741 4312 Historia
2791 4249 3075 4341 ejusdem

594 4354 1001 4428 Collationis,
1029 4358 1292 4416 auctore
1326 4354 1663 4431 Balduino,
1692 4373 1811 4417 nec
1843 4373 1968 4416 non
2002 4354 2249 4417 Indices
2271 4354 2576 4434 analytici
2612 4371 2756 4415 cum
2791 4351 3063 4414 Zenonis

598 4461 733 4517 tum
770 4452 989 4534 Optati
1017 4469 1307 4533 Operum.
3343 4449 3497 4509 1223
