3826 6226
1265 180 1592 190 ..ος--ο-,ι-νο

175 183 272 193 ‘-"-
971 181 1184 193 σι’-ω·-

125 183 1188 236 *ξω

997 222 1186 230 —_____

421 222 1180 444 ΟΡΕίὶὗῇ

1652 181 1724 190 ——
1738 181 1888 191 ..ο--μσ-
1901 182 1938 190 δι
1951 182 1965 189 -
1986 181 2024 188 ..
2043 180 2127 189 ν...-

2771 171 3372 194 mn

2288 194 3372 224 mi

2375 176 2575 186 --.ψ--

2288 179 2366 191 ..ο-

2604 175 2771 188 .~———

1987 214 2283 229 --——~—-—._—_’
2279 214 2520 226 ’m’
2529 214 3182 224 —_—._..—-_.___...-—__—_

2144 224 3004 437 ZEA’OMS

1360 515 2130 691 PROLEGOMENA.

1406 689 2058 720 ,ᾤ-

705 770 930 844 [¹’ν¹¹¹]
987 775 1550 861 EPISTOLA
1623 768 2216 856 DEDICATO

987 775 1550 861 EPISTOLA
1623 735 2469 859 DEDICATORIA.

106 915 499 970 i-jminentissimo
541 934 605 971 ae
652 919 1069 974 reverendissinto
1111 915 1350 985 Principi
1411 912 1680 966 Dominico
1707 914 1755 972 Α
1785 921 1830 966 et
1858 928 2096 982 magnam
2123 913 2361 982 quidem.
2415 933 2553 981 spem
2584 932 2681 968 non
2714 917 3021 983 implet-isses
3071 919 3235 969 solum
3265 959 3278 973 .
3327 927 3379 968 at

167 1009 436 1064 l’assioneo
467 1012 532 1066 S.
567 1010 636 1064 Β.
663 1010 728 1064 E.
754 1010 1020 1066 Cardinali
1055 1013 1241 1064 Petrus
1262 1018 1308 1063 et
1334 1006 1682 1077 Hieronymus

112 1122 120 1134 ·
170 1101 372 1156 Fratres
391 1103 664 1157 Ballerinii
693 1102 989 1174 Presbyteri
1025 1101 1357 1156 Veronenses.

167 1283 490 1336 Sermonum'
504 1286 689 1337 Sancti
708 1284 930 1338 Zenonis
958 1283 1196 1352 Episcopi
1229 1279 1537 1335 Veronensis
1557 1276 1687 1330 inter

107 1392 260 1428 autne:
279 1373 490 1428 Latinos
512 1373 723 1449 Patres,
748 1393 962 1446 quorum
992 1376 1258 1428 conciones
1275 1379 1570 1442 supersunt,
1595 1386 1688 1421 an-

107 1468 358 1534 tiquissimi
395 1467 754 1540 collectionem
796 1469 968 1524 nmltis
995 1477 1143 1522 antea
1167 1481 1372 1536 ‘semper
1400 1466 1691 1520 nominibus

107 1561 232 1628 apud
249 1561 424 1615 doctos
455 1571 505 1614 et
532 1560 782 1626 eruditos,
813 1563 1000 1616 nedum
1027 1562 1308 1616 catholicos
1334 1603 1348 1627 ,
1380 1561 1468 1614 sed
1495 1559 1691 1612 hetero-

111 1654 255 1707 doxos
276 1653 427 1706 etiam
455 1653 577 1706 miri
580 1653 676 1721 ﬁce
705 1655 1109 1708 commendatam
1133 1671 1149 1716 ;
1179 1670 1312 1707 nunc
1340 1663 1506 1706 autem
1529 1695 1542 1715 ,
1567 1668 1694 1721 qua-

108 1763 302 1818 cumque
324 1765 414 1818 per
444 1763 541 1802 uos
569 1747 814 1815 facultate
848 1766 907 1801 ac
933 1748 1198 1820 diligentia
1244 1749 1415 1809 licuit,
1463 1746 1692 1815 plurium

109 1843 413 1911 antiquorum
436 1841 697 1903 codicum,
722 1857 846 1907 quos
872 1843 1094 1896 invenire
1114 1854 1160 1896 et
1184 1827 1417 1912 conferre
1440 1841 1697 1910 fortunate

109 1936 290 2006 obtigit,
327 1952 420 2007 ape
442 1951 474 1987 a
509 1934 746 2006 pluribus
768 1946 1041 2002 purgatam
1068 1935 1286 1995 mendis.
1323 1934 1515 1997 aliquot
1541 1934 1590 1985 in
1617 1931 1696 1985 la-

111 2029 238 2081 cunis
265 2028 562 2098 suppletam
587 2066 602 2088 ,
629 2035 677 2079 et
703 2025 982 2092 segregatis
1009 2025 1242 2092 genuinis
1273 2041 1303 2076 a
1329 2025 1519 2092 spuriis
1547 2063 1562 2087 ,
1593 2024 1699 2094 pri-

115 2119 327 2192 migenia:
349 2120 640 2188 natiquue
665 2117 787 2187 fidei
812 2115 1086 2183 redditam,
1118 2136 1149 2171 a
1178 2135 1278 2172 non
1309 2118 1573 2171 nullorum
1595 2128 1699 2169 tan-

115 2214 212 2265 dem
236 2214 464 2268 censuris
495 2213 808 2266 uindicatam
839 2209 1122 2264 luculenter
1148 2254 1162 2276 ,
1203 2212 1433 2266 sistimus
1459 2221 1574 2264 ante
1609 2219 1656 2262 te
1681 2251 1696 2275 ,

1787 1021 2083 1076 superasses
2106 1023 2122 1067 ;
2147 1005 2331 1076 legatio
2361 1009 2640 1076 apostolica
2671 1010 2893 1089 primum
2925 1010 3065 1075 apud
3101 1009 3380 1070 llelretios,

1788 1097 1904 1150 dein
1946 1099 2083 1166 apud
2131 1097 2373 1150 Curatum
2418 1097 2515 1160 ιί,
2566 1099 2815 1153 C(esurem
2847 1104 3127 1167 Angustum
3157 1102 3244 1154 tibi
3275 1119 3383 1153 ere-

1792 1189 1900 1241 dita
1929 1189 2024 1272 fuit
2058 1189 2145 1242 :in
2166 1207 2264 1258 qua
2295 1190 2398 1243 diei
2429 1191 2512 1244 eis:
2539 1203 2722 1262 potest,
2747 1168 2867 1262 qnol
2911 1195 3123 1246 subieris
3147 1195 3344 1247 tubures
3372 1236 3384 1248 .

1790 1291 1909 1353 quat
1942 1283 2230 1351 prudentiu'
2259 1295 2304 1336 et
2325 1285 2610 1352 diligentia!
2622 1288 2925 1338 documenta
2950 1290 3236 1353 reliqueris,
3249 1299 3387 1353 gnat

1793 1373 2006 1443 denique
2027 1384 2072 1427 et
2088 1379 2328 1428 varietate
2347 1376 2718 1436 dissimillima,
2752 1388 2795 1430 et
2820 1379 3153 1448 amplitudine
3176 1371 3385 1448 (mliti!-

1794 1469 1934 1530 lima,
1959 1478 2004 1523 et
2033 1469 2178 1522 rebus
2204 1470 2328 1537 ipsis
2359 1471 2736 1523 incurrentibus
2761 1471 3148 1539 impeditissima
3185 1473 3390 1542 negotia

1795 1578 1994 1615 sununa
2021 1579 2136 1616 eum
2156 1557 2412 1632 facilitate
2450 1579 2510 1615 ac
2554 1563 2795 1632 felicitate
2837 1565 3161 1632 transegeris.
3215 1562 3395 1634 Neque

1795 1656 1932 1709 enim
1964 1657 2028 1708 iis
2055 1656 2428 1709 in'muneribus
2449 1657 2694 1708 honorem
2719 1697 2732 1714 .
2764 1655 2840 1708 vel
2864 1656 3057 1719 otium,
3096 1655 3186 1709 sed
3212 1673 3342 1724 opus
3371 1697 3386 1718 ,

1797 1750 2200 1806 sollicitudinem
2227 1791 2241 1814 ,
2276 1766 2367 1802 cur
2379 1765 2533 1814 asque
2562 1750 2652 1802 tibi
2679 1765 2967 1817 proponens
2994 1791 3008 1814 ,
3034 1749 3162 1802 illud
3190 1749 3397 1802 assidue

1798 1843 2032 1896 volvebas
2060 1843 2230 1895 animo
2256 1882 2269 1904 ,
2295 1859 2396 1911 qua
2422 1842 2502 1895 via
2522 1857 2697 1914 posses
2727 1841 2926 1910 aliquid
2947 1842 2998 1893 in
3022 1843 3130 1897 dies
3155 1843 3355 1920 ef/iqere
3378 1884 3396 1908 ,

1800 1934 2012 2005 quodin
2044 1934 2293 1988 Romana:
2319 1936 2475 1997 sedis,
2505 1934 2557 1987 in
2586 1933 2854 1987 cat/talium
2881 1932 3122 1988 Ecclesia:
3145 1977 3157 1996 ,
3193 1934 3395 1987 aureli-

1800 2028 1966 2098 gionis
1997 2027 2150 2081 decus
2173 2037 2218 2081 et
2252 2028 2528 2081 utilitatem
2555 2027 2760 2080 rediret.
2794 2025 2928 2080 Acm
2957 2027 3277 2094 Apostolica:
3300 2027 3401 2080 Lc-

1800 2121 2032 2190 gationis
2067 2119 2356 2176 llclvcticm
2383 2119 2537 2188 Tugii
2566 2118 2710 2174 edita
2737 2134 3124 2174 aurswccsxlx
3150 2161 3163 2181 ,
3206 2122 3256 2172 in
3281 2121 3396 2188 qui—
3445 2149 3462 2182 ,ι

1805 2214 1899 2267 bus
1937 2216 2224 2283 priscarum
2256 2211 2476 2265 Patrum
2508 2213 2650 2267 zelus
2677 2255 2689 2275 ,
2722 2214 2974 2283 gravitas,
3004 2214 3252 2267 sanctitas
3283 2255 3296 2274 ,
3340 2230 3403 2266 ac

119 2301 517 2360 Eminentissime
541 2303 786 2371 Princeps
818 2319 836 2364 ;
863 2313 908 2354 et
945 2312 1002 2354 ut
1030 2303 1084 2353 in
1110 2317 1220 2357 eam
1245 2304 1491 2372 eonjicias
1517 2303 1699 2355 huma-
1733 2302 1778 2361 Β
1807 2303 2082 2374 disciplina
2123 2321 2153 2355 a
2180 2313 2226 2358 te
2259 2303 2538 2373 impensius
2569 2303 2785 2359 exculta:
2814 2305 3135 2359 reluecscunt
3160 2348 3174 2370 ,
3213 2308 3257 2367 si
3293 2305 3409 2372 quis

119 2399 231 2452 niter
258 2397 456 2462 oculos,
506 2394 837 2460 eamdemque
861 2393 914 2445 in
938 2390 1281 2462 patrocinium
1299 2410 1359 2448 ac
1385 2394 1540 2463 ﬁdem
1562 2404 1704 2448 tuam

124 2489 341 2560 recipias,
371 2490 535 2543 etiam
563 2497 716 2554 atque
740 2487 892 2538 etiam
924 2484 1144 2553 petimus
1176 2498 1222 2541 et
1243 2486 1586 2542 obsecramus.
1645 2483 1707 2540 Si

121 2597 260 2649 porro
286 2579 497 2636 consilii
521 2579 682 2633 nostri
711 2578 961 2631 rationem
995 2576 1196 2646 aperire
1217 2580 1297 2644 fas
1325 2587 1398 2633 est
1422 2619 1437 2642 ,
1467 2576 1600 2630 illud
1619 2591 1708 2630 co-

122 2673 372 2743 gitasimus
396 2713 412 2736 ,
458 2672 528 2726 ab
573 2671 853 2725 editoribus
877 2669 1121 2724 librorum
1158 2669 1412 2739 ejusmodi
1457 2667 1713 2723 Patronos

124 2765 277 2832 optari
300 2808 314 2828 ,
363 2765 454 2828 qui
505 2781 610 2817 non
652 2763 822 2816 minus
867 2760 928 2814 ob
952 2759 1248 2831 dignitatem
1276 2771 1322 2813 et
1360 2749 1727 2815 auctoritatem.

125 2858 390 2927 patrocinio
424 2858 536 2912 sint
563 2897 581 2921 ,
612 2872 763 2927 quam
793 2853 854 2909 ob
883 2853 1222 2908 eruditionem
1251 2861 1402 2920 atque
1430 2854 1717 2909 doctrinam

127 2965 415 3021 cognoscere
435 2958 489 3003 et
501 2947 748 3021 judicare
767 2946 832 3000 de
853 2962 985 3000 nova
1010 2942 1232 2998 editione
1253 2939 1470 3011 possint,
1512 2961 1720 3016 suscep-

130 3045 251 3115 tique
275 3044 581 3114 patrocinii,
609 3041 653 3095 si
676 3057 806 3111 opus
831 3040 917 3105 sit,
948 3039 1197 3092 rationem
1224 3035 1455 3109 afferre.
1481 3037 1588 3092 Sed
1625 3038 1711 3091 du-

129 3138 296 3204 piicem
318 3136 457 3190 hanc
481 3134 694 3190 laudem
715 3133 1009 3188 desiderare
1028 3119 1303 3200 quidanm
1322 3144 1424 3181 uno
1445 3129 1596 3210 facile
1624 3141 1719 3197 est,

130 3245 318 3298 sperare
336 3238 542 3293 autem,
569 3236 618 3281 et
637 3225 871 3280 invenire
887 3223 1274 3296 difﬁcillimum.
1297 3218 1568 3293 Ejusmodi
1592 3221 1722 3278 enini

132 3323 416 3393 plerumque
441 3336 533 3374 res
558 3319 797 3373 humanae
824 3329 967 3378 sunt,
992 3326 1047 3370 ut
1073 3315 1161 3386 qui
1197 3313 1258 3368 ob
1287 3313 1501 3385 egregiae
1527 3325 1726 3369 natura:

137 3417 265 3471 dotes
291 3416 506 3488 o-ptinu's
538 3413 592 3467 in
618 3412 804 3466 studiis
836 3409 1106 3478 proficere,
1128 3418 1175 3461 et
1199 3408 1258 3462 ob
1288 3407 1592 3477 dignitatum
1616 3424 1730 3480 gra-

135 3508 218 3563 dus
236 3508 417 3562 iisdem
443 3503 768 3575 patrocinari
799 3511 1002 3574 possent
1026 3517 1045 3566 ;
1076 3500 1111 3553 ii
1136 3498 1358 3554 alterum
1374 3513 1518 3564 sane,
1547 3495 1614 3548 ad
1638 3515 1729 3564 pa-

139 3601 396 3655 trocinium
420 3597 572 3668 quod
601 3597 854 3668 pertinet,
898 3593 1051 3666 facile
1074 3601 1334 3663 praestent,
1363 3589 1581 3643 alterum
1610 3601 1729 3646 vero

1808 2406 1996 2452 attente
2024 2398 2199 2470 legerit
2225 2416 2243 2463 ;
2274 2399 2528 2468 specimen
2553 2415 2732 2452 eorum
2759 2442 2773 2462 ,
2806 2416 2922 2465 qua:
2947 2385 3252 2462 inuri-inanis:
3277 2402 3402 2455 satis

1812 2487 2054 2542 idoneum
2077 2490 2317 2544 inveniet.
2345 2489 2410 2543 At
2439 2490 2603 2544 nihilo
2633 2491 2800 2544 minus
2824 2493 2842 2563 (
2863 2495 2977 2562 quis
3000 2494 3223 2547 crederet
3245 2495 3269 2544 ε’
3295 2495 3311 2560 )
3341 2503 3414 2546 tat

1813 2590 1859 2636 et
1891 2591 1994 2634 tam
2033 2582 2327 2647 diuturnae,
2358 2599 2417 2635 ac
2439 2583 2808 2653 propemodum
2831 2585 3053 2638 assidua'
3078 2586 3408 2656 cogitationes

1815 2681 1861 2726 te
1890 2690 1992 2728 non
2022 2675 2095 2728 ita
2125 2675 2475 2729 distraxerunt
2505 2718 2518 2738 ,
2569 2688 2626 2731 ut
2651 2677 2838 2730 studiis
2863 2677 3090 2746 quietum
3118 2687 3164 2732 et
3194 2695 3414 2731 vacuum

1817 2767 2047 2820 animum
2070 2769 2454 2835 postulantibus
2484 2810 2498 2834 ,
2532 2769 2660 2821 nihil
2686 2769 2930 2823 tribueres
2956 2787 2974 2822 :
2998 2770 3087 2824 sed
3107 2770 3357 2842 quidquid
3385 2787 3417 2822 a

1820 2862 2114 2915 muneribus
2137 2862 2356 2932 publicis
2383 2872 2650 2928 supererat
2679 2863 2942 2931 temporis,
2972 2872 3020 2916 te
3048 2873 3211 2916 totum
3235 2866 3287 2916 in
3309 2875 3423 2916 stn-

1821 2954 1908 3008 dia
1935 2955 2177 3026 colligere
2203 2998 2217 3018 ,
2245 2965 2292 3009 et
2323 2972 2454 3009 nunc
2483 2956 2698 3025 legendo
2726 2998 2739 3018 ,
2775 2972 2907 3009 nunc
2937 2959 3326 3010 commentando
3373 2968 3422 3011 et

1823 3047 1970 3100 scrib.
1987 3046 2365 3117 ndo.pro/ice.re
2387 3063 2585 3118 semper
2612 3047 2809 3112 aliquid
2853 3050 3048 3102 naviter
3075 3049 3337 3113 studuisti,
3368 3061 3423 3103 ut

1824 3155 1888 3193 ex
1912 3140 2142 3193 oratione
2168 3140 2241 3192 in‘
2252 3144 2431 3210 funere
2461 3142 2634 3211 magni
2667 3138 2886 3211 Eugenii
2912 3140 3192 3195 Sabaudia'
3230 3143 3424 3213 princi-

1825 3231 1906 3301 pis
1933 3247 1966 3282 a
1995 3238 2042 3282 te
2071 3231 2362 3295 lucubrata,
2388 3232 2700 3299 summisque
2728 3231 2968 3284 laudibus
2993 3250 3024 3284 u
3046 3231 3283 3286 litteratis
3308 3235 3432 3286 dar-

1830 3321 1992 3388 tisque
2016 3324 2138 3376 viris
2166 3333 2422 3394 suscepta,
2445 3338 2535 3376 nec
2563 3339 2666 3376 non
2691 3339 2753 3376 ex
2779 3322 3006 3376 laudatis
3028 3339 3194 3388 nuper
3215 3324 3430 3395 legatio-

1833 3414 1910 3468 nis
1929 3411 2206 3468 llelvetica!
2229 3414 2370 3468 Actis
2395 3414 2595 3484 aliquot
2613 3415 2838 3485 insignia
2865 3414 2939 3468 tui
2959 3416 3170 3485 ingenii,
3197 3417 3432 3478 elaqncnv

1833 3507 1937 3565 tite.
1971 3505 2318 3575 doctrinazque
2341 3515 2667 3560 monumenta
2691 3506 3061 3560 continentibus
3087 3499 3340 3579 conjinere
3367 3508 3431 3559 li-

1833 3611 1929 3655 cet.
1959 3599 2096 3654 Hinc
2123 3601 2274 3654 etiam
2302 3601 2433 3654 nulli
2454 3600 2744 3666 mtlustriee,
2774 3599 2906 3653 nulli
2931 3599 3157 3668 sumptui
3192 3614 3430 3669 parcens,

140 3711 292 3750 rerum
325 3691 682 3766 gerendarum
702 3689 1057 3760 procuratione
1075 3686 1306 3756 impediti
1327 3701 1470 3758 teque
1491 3694 1733 3754 prtestare
1758 3697 1806 3757 ο
1837 3696 2100 3766 exquisitis
2133 3683 2468 3765 undequqque
2489 3695 2733 3764 cujusque
2771 3693 2969 3764 generis
3006 3705 3057 3747 ει
3096 3692 3358 3746 ίοάὶεἱιηη
3386 3701 3433 3745 (ιι

141 3807 232 3843 non
257 3791 482 3861 possint.
544 3784 706 3840 Nobis
744 3791 913 3839 autem
945 3781 1122 3836 sedulo
1152 3779 1518 3848 inquirentibus
1536 3819 1551 3844 ,
1579 3793 1732 3834 num-

139 3885 242 3953 quis
274 3891 405 3939 esset
434 3925 452 3948 ,
480 3881 574 3951 qui
599 3888 771 3933 nostra
795 3878 888 3930 hac
907 3885 1054 3930 tetate
1075 3886 1341 3943 utramque
1373 3888 1485 3926 eam
1525 3871 1732 3925 laudem

142 3983 198 4034 sit
226 3988 553 4042 consecutus,
577 3983 634 4030 tu
655 3975 828 4029 statim
857 3970 1144 4031 orcurristi,
1182 3969 1235 4022 in
1259 3963 1360 4040 quo
1389 3967 1598 4022 sunnnis
1619 3983 1734 4020 cum

146 4073 474 4144 dignitatibus
525 4068 744 4125 eximius
774 4081 972 4137 seniper
1015 4062 1303 4118 studiorum
1330 4077 1474 4116 amor
1499 4069 1544 4114 et
1569 4059 1736 4115 cultus

147 4170 362 4221 emicuit.
413 4164 696 4219 Enimvero
716 4163 829 4234 jam
855 4177 884 4212 tt
919 4158 1084 4229 prima
1101 4155 1443 4210 adolescentia
1480 4153 1734 4224 politiori-

148 4259 249 4322 bus,
275 4274 337 4312 ac
367 4255 599 4310 subinde
626 4253 785 4307 sacris
812 4251 1095 4322 prcesertim
1118 4249 1168 4301 in
1195 4245 1486 4316 disciplinis
1516 4254 1739 4299 uersatus

149 4368 334 4404 summa
355 4365 480 4404 cum
504 4347 662 4402 laude
685 4359 705 4408 ,'
741 4345 795 4397 iu
818 4342 998 4413 quibus
1020 4341 1183 4395 multa
1205 4342 1391 4413 ingenii
1417 4356 1478 4392 ac
1497 4339 1744 4392 doctrina:

150 4447 426 4516 specimiua
465 4441 702 4512 prtebens
729 4481 742 4502 ,
796 4438 1060 4491 doctorum
1092 4436 1249 4489 varia:
1279 4450 1476 4504 quoque
1523 4434 1746 4488 nationis

153 4540 433 4599 hominum,
459 4535 607 4604 queis
629 4532 848 4586 ntebaris
874 4529 1215 4601 familiariter,
1257 4526 1748 4580 commendationem

155 4641 195 4684 et
213 4646 439 4684 antorem
493 4626 598 4681 tibi
633 4623 948 4687 conciliasti,
998 4637 1116 4674 cum
1165 4620 1404 4674 maximis
1457 4617 1750 4671 muneribus

154 4725 390 4779 obeundis
428 4721 670 4793 apprime
716 4717 924 4771 idoneas
955 4717 1187 4770 inventus
1230 4729 1364 4767 esses
1389 4754 1404 4779 ,
1457 4711 1752 4782 perdifficili

157 4818 411 4886 provincia
439 4815 535 4868 tibi
562 4829 596 4865 a
629 4810 857 4864 Roiuano
893 4808 1134 4880 pontifice
1162 4807 1338 4860 statim
1364 4805 1633 4859 commissa
1658 4845 1673 4868 ,
1702 4805 1755 4857 in

159 4908 388 4978 Belgium
418 4904 712 4961 submissus
737 4918 791 4955 es
815 4917 834 4954 :
877 4899 965 4953 ubi
994 4914 1112 4952 cum
1142 4905 1546 4967 praeconceptam
1579 4896 1642 4948 de
1669 4905 1716 4948 te
1739 4937 1754 4962 ,

1838 3789 1988 3844 editis
2020 3789 2162 3844 libris
2187 3831 2201 3852 ,
2239 3789 2512 3859 insignem,
2542 3789 2840 3840 immensam
2865 3827 2880 3851 ,
2926 3797 2970 3838 et
3009 3787 3071 3839 ab
3102 3787 3217 3856 ipso'
3231 3787 3438 3855 quidem

1837 3881 2104 3936 Bernardo
2134 3881 2198 3934 de
2227 3880 2563 3948 Illoutfaucon
2591 3861 2676 3951 (1f
2693 3880 2807 3949 jam
2830 3887 2948 3931 ante
2977 3877 3187 3946 triginta
3231 3893 3396 3929 annos
3421 3918 3439 3941 ,

1849 3977 1908 4030 ob
1933 3976 2176 4030 ducentos
2207 3977 2490 4045 prwsertim
2516 3971 2724 4026 Griecos
2751 3971 3050 4024 lectissimas
3080 3968 3295 4022 Codices
3383 3971 3440 4019 i-

1842 4066 1944 4118 mie
1964 4066 2371 4122 commendatam
2398 4107 2414 4129 ,
2443 4076 2488 4118 et
2523 4064 2737 4119 subinde
2763 4064 2926 4134 magis
2956 4063 3217 4132 magisque
3240 4072 3443 4114 mit-tam

1842 4155 2196 4214 bibliothecam
2225 4159 2314 4212 tibi
2349 4157 2677 4228 comparasti,
2715 4172 2814 4209 non
2861 4156 2927 4208 ad
2975 4155 3355 4208 ostentationem
3398 4163 3444 4206 et

1845 4263 2205 4307 ornamentum
2224 4292 2240 4317 ,
2269 4249 2700 4320 quemadmodum
2733 4247 2960 4315 plerique
2989 4261 3187 4325 magna:
3216 4245 3444 4309 diqnita-

1847 4342 1910 4395 tis
1938 4340 2036 4395 viri
2063 4347 2117 4398 id
2149 4348 2391 4414 temporis
2420 4345 2656 4414 faciunt;
2695 4329 2782 4398 sed
2810 4353 2860 4397 ut
2885 4343 2938 4394 in
2968 4358 3028 4394 ea
3056 4340 3245 4393 subcisi
3286 4357 3320 4392 's
3347 4340 3446 4390 ho-

1848 4435 1942 4494 τῖε,
1973 4451 2151 4492 somno
2181 4440 2348 4508 potius
2368 4456 2522 4510 quam
2552 4439 2728 4507 of/icio
2761 4437 3014 4504 decerptis
3034 4477 3047 4499 ,
3083 4436 3238 4486 vitam
3266 4433 3447 4508 Μαικ-

1853 4542 1991 4581 teres
2007 4542 2023 4578 ι·
2055 4527 2274 4599 indeque
2306 4549 2400 4601 pro
2423 4533 2627 4602 egregia
2659 4531 2840 4584 mentis
2871 4538 2971 4580 tua:
2998 4527 3239 4591 facultate
3268 4541 3448 4577 Hiram

1857 4621 2009 4692 plane
2029 4637 2130 4673 non
2163 4632 2267 4678 tum
2299 4626 2550 4680 librorum
2577 4620 2595 4686 .’
2639 4641 2790 4696 quam
2817 4637 2984 4676 rerum
3007 4661 3020 4680 ,
3052 4635 3166 4690 qm:
3191 4619 3245 4670 in
3295 4618 3451 4669 isdem

1860 4716 2204 4776 continentur,
2238 4707 2472 4774 notitiam
2501 4734 2610 4791 pra:
2637 4728 2683 4772 te
2711 4718 2814 4787 fers
2836 4758 2849 4780 ,
2890 4715 3020 4767 adeo
3052 4730 3080 4765 u
3179 4728 3275 4776 quo
3299 4710 3315 4760 ί
3337 4725 3456 4777 gra-

1861 4808 1997 4860 vium
2026 4809 2252 4862 virorum
2279 4812 2570 4870 testimonio
2597 4809 2884 4879 accepimus
2907 4850 2919 4866 .
2982 4807 3122 4872 ipsas.
3189 4800 3456 4879 bibliothe-

1866 4919 2000 4966 cam,
2031 4919 2184 4972 quam
2215 4907 2409 4972 parasti
2428 4949 2442 4970 ,
2474 4907 2527 4959 in
2559 4915 2700 4958 tuam
2728 4913 2945 4955 mentem
2982 4883 3283 4957 transtuliss;
3296 4915 3321 4955 ,ι
3345 4910 3460 4954 ,uo-

223 5027 299 5100 (ι)
352 5026 409 5080 ιιι
465 5021 872 5100 Pnimogrnphia
897 5019 1099 5100 ﬁrme:
1130 5016 1400 5100 ffljliotlis
1447 5014 1764 5100 Pprisiensis
1791 5020 1844 5081 Ῑ)
1870 5036 1957 5100 nes
1980 5020 2230 5100 sejiabet,
2264 5021 2340 5100 vel
2365 5024 2648 5100 amicorum
2677 5036 2772 5100 ope
2802 5016 3026 5070 nancisci
3055 5022 3236 5100 potest,
3255 4998 3459 5100 (ἥξὶηιξ-

163 5087 334 5153 anisi]
379 5098 480 5160 08,
514 5096 608 5149 lib.
641 5087 717 5155 nt,
741 5087 860 5160 cap.
895 5094 949 5157 5,
981 5106 1099 5160 pag.
1129 5089 1239 5144 290
1261 5129 1276 5153 ,
1322 5091 1435 5141 haec
1450 5087 1752 5160 demuntur:

165 5170 336 5225 Prima
355 5157 572 5222 Tabula
599 5157 874 5235 specimiiia
900 5157 1089 5235 septem
1111 5161 1314 5235 exhibet
1343 5175 1404 5235 ea:
1441 5157 1757 5235 Bibliotheca

168 5239 516 5302 Illustrissimi
554 5228 797 5296 nobisque
825 5228 1118 5287 amicissimi
1157 5233 1282 5298 viri,
1333 5230 1591 5302 Dominici
1624 5228 1754 5302 Pus-

168 5314 318 5366 sionei
338 5329 355 5378 ;
378 5300 470 5379 qui
493 5324 660 5361 annos
689 5306 872 5379 riginti
886 5314 1102 5373 quatuor
1121 5305 1203 5357 vix
1230 5319 1497 5379 emensus,
1534 5300 1725 5379 inc-redi
1741 5329 1752 5339 -

169 5383 250 5436 ltili
279 5369 441 5452 fulget
471 5394 648 5452 rerum
669 5369 1157 5452 discipiinarurnque
1175 5376 1404 5452 notitia)
1439 5372 1630 5425 linteis
1649 5369 1758 5452 _l.a-

173 5443 384 5524 ﬁnisque
405 5451 596 5524 litteris
619 5448 855 5524 apprime
883 5445 1109 5524 eruditus
1128 5488 1142 5507 ,
1172 5443 1756 5524 Bibtimhecamquc'nu-

174 5511 420 5581 niero'sam
474 5511 951 5588 Manuscriptarum
1001 5515 1351 5588 editorumque
1393 5511 1758 5588 exemplarium

173 5595 486 5668 comparauit
505 5636 521 5658 ,
561 5583 1157 5668 libi'oruntdelectu_cuni
1177 5583 1350 5654 paucis
1371 5583 1760 5668 manet-undam.

179 5654 547 5724 Litt'eratorum
575 5661 855 5717 commodis
875 5659 945 5712 sic
968 5655 1252 5727 advigilans
1272 5697 1286 5722 ,
1321 5664 1376 5708 ut
1405 5671 1518 5723 qua:
1567 5654 1643 5708 vel
1675 5668 1764 5721 pe-

744 5756 1031 5815 I‘A'rmL.
1084 5749 1199 5812 XI.

1867 5091 1942 5144 vis
1974 5091 2237 5144 litterarim
2265 5092 2340 5144 rei
2367 5107 2577 5158 operam
2609 5091 2876 5160 dantibus,
2911 5102 2999 5138 nec
3026 5093 3232 5153 roqntus
3253 5089 3458 5160 onerat.

1861 5161 1991 5216 Imm
2023 5163 2074 5233 ἰη
2123 5163 2434 5231 ιιτεῐξτξιιίιιηιξ
2456 5181 2592 5233 pag.
2630 5179 2764 5222 XXII,
2796 5159 2880 5233 uiri
2915 5163 3265 5233 regenseullt‘tr
3286 5159 3460 5233 furius

1861 5181 1991 5216 nem
2024 5181 2074 5214 in
2123 5181 2460 5231 pr:m:umm:~
2511 5182 2592 5233 ag.
2630 5181 2764 5222 xx",
2796 5181 2880 5212 um
2915 5181 3253 5209 rrccmuuuu
3302 5181 3460 5231 ται-..τ

1861 5232 2202 5303 ⁵1⁵¹³¹ί⁰ί¹¹θοευ
2231 5275 2247 5303 2
2301 5234 2352 5286 ίη
2402 5181 2602 5300 unguis
2657 5227 2920 5303 habentur
2964 5223 3422 5303 Graieihllodu-es
3449 5265 3462 5282 ,

1862 5301 2172 5356 Bibliotheca
2218 5294 2565 5355 Illustrissimi
2599 5303 2802 5356 Abbatis
2845 5300 3094 5351 Dominici
3152 5294 3459 5369 l’u_-ssiutt_n'5,
3507 5298 3513 5304 ’

1867 5373 2110 5426 librorum
2156 5376 2304 5441 copia
2347 5383 2390 5423 et
2433 5372 2629 5425 n’elentn
2676 5372 2889 5439 insignis
2918 5412 2929 5428 ,
2981 5365 3462 5441 ditt'e'ttcmt‘rciter

1866 5443 2066 5498 Grtrcos
2090 5436 2300 5496 (lodices
2322 5442 2540 5494 continet
2562 5458 2577 5493 :
2607 5436 2906 5512 aliquarum
2930 5436 3465 5512 speciimnatmllinms

1867 5515 1953 5568 lib.
1985 5531 2034 5568 Iv
2064 5525 2108 5566 et
2161 5516 2211 5567 in
2243 5514 2534 5584 Appendiee
2563 5509 3022 5584 (Σίντιίὶῃνηῃιωνων
3057 5509 3466 5584 suasctvpziqnes

1867 5604 1967 5640 non
1993 5586 2182 5638 nullus.
2229 5577 2436 5640 Stinilia
2465 5577 2730 5652 leguntur
2755 5577 2816 5638 in.
2845 5583 3156 5654 Appendicc
3345 5577 3469 5631 {iit}.

2895 5745 2922 5804 1
