3826 6226
373 317 396 369 l
416 316 436 369 ι
1753 299 2288 360 PROLEGOMENA.
2860 266 2871 279 ’
3588 294 3659 347 te

365 426 485 479 dam
514 424 662 478 modo
686 422 901 478 videaris
924 439 942 487 ;
972 423 1042 476 ita
1068 430 1299 494 prompte
1328 428 1377 475 et
1398 405 1597 491 copiose
1625 436 1727 474 non
1756 431 1861 473 tam
1888 419 1955 473 li-
1980 413 2034 475 Α
2056 420 2202 487 velis,
2228 416 2316 487 qui
2337 427 2383 470 et
2410 431 2516 485 pra!
2541 413 2843 470 auctoritate
2872 408 3407 485 putt°ocittittmeidem
3445 425 3658 463 accom-

372 520 486 572 bros
525 517 588 571 tle
609 531 804 586 quaque
832 532 885 569 re
916 522 1187 568 tractantes
1218 513 1445 576 indicas,
1470 528 1623 583 quam
1653 512 1781 581 ipsis
1808 510 1962 565 etiam

370 612 432 665 tle
458 611 604 664 rebus
632 604 991 663 sermocinaris
1021 616 1065 662 et
1106 606 1339 661 disseris.
1386 605 1669 674 Postquam
1698 619 1817 658 vero
1846 602 1980 677 Ιίοοὶ

380 722 513 759 mam
539 704 730 759 accitus
750 745 764 767 ,
798 703 865 755 ad
887 702 1341 756 eminentissimum
1366 700 1495 753 illud
1520 740 1535 761 ,
1570 700 1707 753 unde
1735 699 1829 752 toti
1858 695 1964 751 Ec-

379 797 543 850 clesia:
573 792 843 862 prazfulges
869 834 882 855 ,
916 792 1179 862 fastigium
1210 799 1407 844 evectus
1434 807 1486 843 es
1506 831 1520 855 ,
1551 805 1649 859 quo
1672 796 1719 843 te
1743 805 1843 842 non
1872 805 1967 842 an-

364 886 678 953 etiquissiuue
704 901 761 938 ac
790 883 1127 938 celeberrima:
1160 892 1260 935 tua:
1289 881 1503 951 familite
1547 880 1820 944 nobilitas,
1864 896 1967 934 non

382 978 559 1049 ofﬁcia
590 977 607 1047 (
632 977 710 1031 his
742 976 879 1031 enim
906 972 1432 1029 commendationibus
1454 1013 1469 1037 ,
1516 986 1631 1041 qua:
1656 971 1743 1024 tibi
1775 972 1830 1024 in
1860 969 1968 1026 Pa-

382 1082 514 1125 trum
538 1071 770 1124 doctrina
790 1070 1021 1140 apprime
1045 1068 1295 1121 instructo
1316 1081 1632 1136 nequaquam
1662 1065 1965 1131 probantur,

384 1164 511 1219 nihil
539 1162 804 1232 indiguisti
828 1160 847 1233 )
874 1162 964 1216 sed
1003 1170 1094 1213 tua
1132 1160 1185 1213 in
1216 1156 1566 1213 Christianam
1604 1157 1970 1229 rempublicam

382 1254 562 1309 merita
592 1260 948 1325 promoverunt
972 1269 991 1316 ;
1016 1260 1331 1321 postquam,
1355 1249 1584 1320 inquam,
1610 1249 1706 1302 hoc
1728 1248 1780 1301 in
1803 1248 1972 1318 digni-

386 1346 503 1399 tatis
531 1343 696 1415 gradu
722 1344 916 1397 locatus
945 1358 1019 1402 es,
1046 1343 1136 1395 etsi
1157 1340 1411 1409 pluribus,
1437 1356 1591 1409 quam
1621 1356 1859 1409 umquam
1881 1357 1972 1395 an-

383 1444 498 1499 tea,
550 1433 767 1503 publicis
813 1432 950 1485 cutis
972 1430 1043 1484 sis
1072 1430 1275 1484 assidue
1318 1430 1609 1496 distentus;
1655 1447 1764 1484 non
1805 1441 1971 1484 tamen

384 1534 656 1597 propterea
683 1524 969 1577 valedixisti
997 1522 1193 1590 penitus
1222 1522 1424 1581 litteris.
1444 1522 1532 1575 sed
1557 1530 1768 1576 veterem
1787 1539 1973 1576 morem

386 1618 627 1680 retinens,
654 1616 705 1667 in
736 1613 1033 1674 bibliotheca
1059 1622 1105 1666 et
1134 1614 1187 1666 in
1210 1612 1423 1667 lectione
1446 1616 1683 1681 frequens
1713 1630 1788 1680 es,
1818 1614 1973 1668 nihil-

391 1725 489 1777 que
509 1707 795 1781 jucundius
823 1706 909 1760 tibi
938 1705 1143 1763 accidit.
1167 1723 1318 1773 quam
1346 1705 1409 1760 de
1433 1704 1573 1759 libris
1592 1746 1607 1771 ,
1633 1714 1681 1760 et
1703 1707 1973 1761 humanio-

391 1800 552 1866 ribus,
582 1798 819 1862 eruditis,
843 1798 1101 1868 sacrisque
1127 1797 1412 1866 disciplinis
1436 1812 1735 1869 cognoscere
1762 1808 1809 1853 et
1834 1797 1963 1851 scri-

391 1889 525 1943 bere.
560 1888 683 1942 llwc
712 1890 883 1954 itaque
910 1888 1079 1941 omnia
1103 1890 1304 1958 fuerunt
1327 1888 1565 1952 incausa,
1605 1878 1809 1942 curuos
1836 1886 1969 1943 hanc

391 1982 452 2038 S.
484 1981 704 2036 Zenonis
738 1981 1009 2036 editionem
1048 1979 1137 2033 tibi
1191 1980 1583 2049 nuncupandum
1630 1980 1925 2035 duxerimus
1948 2023 1963 2043 ,

391 2084 653 2143 sperantes
677 2072 812 2141 fore,
849 2082 902 2124 ut
934 2082 987 2125 tu
1029 2089 1121 2141 pro
1151 2081 1253 2125 tam
1279 2072 1527 2139 pt‘teclaro
1564 2072 1617 2125 in
1644 2071 1833 2145 optima
1862 2084 1969 2125 stu-

390 2168 475 2221 diu
502 2185 560 2221 ac
583 2168 734 2220 libros
760 2168 1037 2233 prtesertim
1057 2164 1294 2236 antiquos
1322 2180 1494 2219 amore
1522 2180 1709 2219 munus
1738 2164 1832 2218 hoc
1857 2181 1970 2218 sus-

395 2262 554 2331 cipias
585 2257 937 2324 libentissime,
965 2268 1010 2313 et
1049 2267 1095 2313 te
1133 2267 1407 2330 patronum
1448 2258 1703 2330 ejusmodi
1736 2256 1973 2311 exhibere

2000 1856 2047 1917 Β

903 2452 2397 2633 BALLERINIORUM
2492 2505 3475 2657 PR/EFATIO.

2062 507 2234 563 modes
2256 548 2273 574 ,
2315 515 2364 561 et
2392 522 2497 578 pra:
2516 506 2746 560 doctrina
2776 505 2945 578 legens
2982 513 3137 573 atque
3157 503 3445 573 intelligens
3468 508 3661 553 aucto-

2061 614 2167 652 rem
2192 596 2457 666 antiquum
2482 636 2498 663 ,
2538 596 2781 649 disertum
2804 636 2818 657 ,
2856 593 3286 666 elegantissimum
3307 634 3321 658 ,
3376 588 3661 662 patrocinii

2064 705 2264 760 quoque
2281 688 2549 755 rationem,
2569 689 2613 741 si
2640 687 3065 755 occasioincidat,
3090 685 3161 740 sis
3177 685 3450 739 allaturus.
3479 680 3665 738 Unum

2064 782 2194 837 illud
2220 797 2312 836 nos
2334 782 2473 834 haud
2504 780 2757 835 modicum
2785 778 3230 844 sollicitoshabet,
3264 795 3365 833 non
3389 788 3663 832 auctorem

2066 874 2254 940 solum,
2283 873 2345 927 de
2372 877 2518 947 cujus
2536 870 2835 943 probatione
2852 872 2981 933 nihil
3000 872 3330 943 ambigimus,
3358 870 3448 926 sed
3470 887 3530 925 ea
3560 886 3666 940 pa-

2066 967 2208 1031 riter,
2246 982 2360 1035 qua:
2382 981 2476 1035 pro
2503 965 2673 1019 eodem
2704 965 2806 1020 sive
2830 963 3138 1020 vindicando
3161 1003 3178 1031 ,
3204 964 3312 1036 sive
3336 960 3664 1017 illustrando

2068 1060 2267 1129 adjecta
2292 1076 2324 1111 α
2351 1057 2494 1113 nobis
2521 1068 2669 1122 sunt,
2709 1066 2756 1113 te
2793 1058 3032 1113 lectorem
3061 1067 3108 1112 et
3125 1055 3359 1129 judicem
3382 1070 3492 1110 esse
3521 1070 3657 1111 nac:

2073 1159 2208 1203 tura.
2254 1151 2317 1203 At
2339 1166 2453 1203 cum
2479 1149 2653 1203 hocin
2680 1158 2814 1204 metu
2842 1166 2934 1203 nos
2961 1156 3156 1204 recreat
3181 1155 3228 1202 et
3268 1146 3434 1215 reﬁcit
3470 1145 3657 1199 huma-

2070 1243 2203 1296 nitas
2231 1252 2348 1307 tua,
2380 1244 2726 1314 prteclaraque
2752 1243 2844 1297 illa
2874 1242 3072 1298 indoles
3102 1282 3118 1306 ,
3147 1255 3262 1312 qua:
3288 1236 3666 1311 praestantibus

2071 1334 2317 1404 quidquid
2344 1343 2578 1405 possunt,
2609 1336 2806 1390 animos
2828 1335 2983 1399 acuit,
3013 1350 3159 1404 Opem
3185 1344 3232 1390 et
3259 1332 3545 1388 subsidium
3572 1348 3669 1386 ea:-

2071 1426 2206 1479 hibet
2230 1443 2247 1491 ;
2298 1436 2403 1480 tum
2429 1443 2549 1481 vero
2574 1443 2688 1495 qua:
2711 1443 2805 1499 pro
2834 1427 3134 1493 inﬁrmitate
3165 1434 3341 1481 nostra
3373 1426 3441 1480 ad
3463 1424 3525 1480 S.
3550 1424 3669 1478 An-

2073 1521 2244 1575 tistitis
2274 1521 2522 1575 vindicias
2543 1522 2621 1575 vel
2645 1520 3036 1591 explicationem
3051 1519 3175 1574 huic
3189 1519 3405 1575 editioni
3425 1524 3666 1582 deerunt,

2074 1632 2135 1669 ea
2156 1631 2244 1684 per
2274 1624 2321 1669 te
2348 1630 2442 1687 pro
2472 1631 2675 1671 summa
2705 1614 2888 1685 peritia
2919 1624 3005 1669 tua
3027 1630 3174 1683 posse
3195 1612 3431 1686 cognosci
3452 1620 3500 1665 et
3528 1626 3669 1679 sup-

2077 1707 2207 1776 pleri
2234 1707 2361 1760 nihil
2396 1707 2606 1761 dubium
2642 1717 2738 1761 est.
2790 1707 2976 1776 Accipe
3015 1707 3173 1777 igitur
3195 1747 3210 1771 ,
3244 1703 3675 1759 Eminentissime

2081 1796 2351 1866 Princeps,
2380 1798 2476 1851 hoc
2495 1799 2632 1867 quod
2658 1798 2748 1852 tibi
2759 1796 3049 1853 exhibemus
3076 1814 3225 1864 opus.
3246 1796 3473 1864 obsequii
3500 1792 3678 1848 nostri

2075 1896 2123 1942 et
2146 1888 2534 1944 devinctissinue
2558 1890 2680 1944 inte
2702 1890 2975 1944 voluntatis
3003 1898 3179 1944 testem
3200 1904 3221 1955 ;
3249 1887 3483 1958 idemque
3504 1887 3548 1939 si
3570 1887 3678 1940 mi-

2076 1998 2171 2036 nus
2199 1997 2260 2036 ex
2280 1990 2474 2046 nostro,
2504 1991 2638 2037 certe
2665 1998 2729 2036 ex
2751 1984 2975 2036 auctoris
3002 1982 3207 2038 nomine
3235 1997 3295 2035 ac
3322 1979 3520 2034 meritis
3550 1979 3677 2050 dig-

2076 2090 2198 2128 num
2222 2082 2318 2139 est,
2340 2072 2475 2140 quod
2505 2074 2635 2127 sicut
2668 2074 2792 2127 olim
2815 2072 2965 2129 Sixto
3000 2071 3064 2140 γ,
3088 2087 3287 2126 summo
3308 2069 3561 2141 pontifici,
3582 2069 3679 2123 cui

2078 2165 2242 2235 primo
2269 2165 2494 2219 dicatum
2523 2164 2644 2235 fuit,
2668 2164 2742 2219 ita
2768 2180 2903 2219 nunc
2934 2163 3022 2219 tibi
3050 2162 3303 2218 cardinali
3336 2160 3675 2232 Amplissimo

2078 2256 2411 2326 approbetur.

1890 2719 2248 2731 —-—

473 2804 509 2858 l.
539 2804 682 2859 inter
709 2802 953 2870 antiquos
980 2798 1237 2856 Ecelesize
1277 2782 1485 2864 Patres,
1535 2811 1757 2869 quorum
1812 2807 1983 2866 pauca

413 2896 655 2965 quaedam
687 2909 850 2964 Opera
880 2892 944 2946 ad
978 2909 1073 2946 nos
1107 2896 1468 2962 pervenerunt
1493 2931 1506 2951 ,
1532 2887 1780 2979 perpauci
1801 2886 1985 2940 admo-

410 2987 533 3040 dum
571 2996 693 3039 sunt
719 3027 733 3047 ,
765 2984 851 3053 qui
884 2984 1011 3038 viris
1057 2983 1227 3039 doctis
1256 2999 1319 3038 ac
1344 2981 1564 3038 eruditis
1589 2996 1737 3050 arque
1762 2979 1979 3034 lauden-

408 3089 491 3133 tttr
517 3094 578 3132 ac
606 3082 661 3130 ὃ.
698 3077 844 3133 Zeno
874 3075 1154 3147 episcopus
1199 3076 1543 3142 Veronensis,
1573 3076 1623 3129 in
1672 3073 1823 3144 cujus
1858 3072 1983 3129 Ser-

408 3171 657 3226 nnmihus
682 3171 771 3224 alii
822 3169 1143 3240 eloquentize
1171 3169 1279 3224 vim
1327 3168 1730 3237 ubertatemque
1769 3161 1980 3219 dicendi

407 3267 759 3327 admirantur,
787 3265 873 3318 alii
910 3263 1087 3319 latinae
1116 3260 1436 3318 elocutionis
1472 3258 1751 3328 puritatem
1784 3256 1980 3328 przedi-

413 3366 539 3411 cant
566 3373 626 3410 ac
651 3356 989 3426 elegantiam,
1021 3354 1261 3425 plerique
1286 3366 1413 3405 vero
1439 3366 1628 3406 omnes
1653 3366 1874 3405 acumen
1904 3351 1983 3405 in-
2012 3325 2057 3389 Ο

405 3447 567 3517 genii.
596 3448 983 3516 antiquitatem,
1014 3445 1348 3515 gravitatem,
1375 3445 1647 3511 pietatem,
1680 3456 1741 3497 ac
1767 3453 1984 3499 senten-

412 3538 600 3592 liaruni
646 3538 1011 3608 doctrina-que
1064 3537 1425 3606 praestantiam
1470 3536 1867 3590 commendant.
1916 3537 1986 3591 At

417 3642 544 3681 vero
565 3626 763 3681 criticis
784 3626 847 3679 ad
879 3628 1053 3679 vivum
1078 3626 1256 3680 omnia
1286 3633 1339 3679 et
1364 3626 1568 3695 singula
1592 3626 1981 3691 resccantibus,

414 3734 572 3773 nemo
596 3732 730 3772 unus
751 3728 832 3772 cst
863 3719 1119 3779 «nimium,
1146 3717 1296 3787 cujus
1323 3718 1576 3785 operibus
1596 3717 1682 3789 (ad
1713 3727 1983 3773 auctorem

414 3812 679 3879 praecipue
706 3809 1045 3866 statuendum
1076 3810 1218 3880 quod
1249 3810 1501 3880 pertinet)
1541 3819 1619 3865 tot
1646 3811 1985 3868 difﬁcultates

411 3902 631 3973 objecta:
677 3902 899 3968 tiu-rint,
944 3910 1074 3973 quot
1114 3902 1368 3956 adversus
1407 3902 1718 3958 earumdem
1768 3903 1984 3958 Sermo-

420 4012 542 4048 uum
575 3994 944 4047 collectionem
979 3993 1101 4045 hinc
1129 4002 1287 4060 atque
1320 3993 1440 4047 hinc
1469 3993 1686 4048 eductas
1708 4004 1757 4047 ct
1790 4008 1987 4063 propo-

418 4089 547 4142 sitas
578 4085 799 4155 legimus
825 4102 837 4136 :
861 4085 996 4139 adeo
1020 4092 1095 4142 ut.
1125 4085 1324 4151 aliquot
1348 4085 1469 4137 licet
1493 4084 1685 4137 eruditi
1716 4085 1766 4136 in
1797 4085 1860 4137 iis
1881 4085 1989 4137 dis-

412 4176 686 4230 solveudis
731 4177 939 4227 naviter
996 4173 1385 4237 laboraverint,
1442 4183 1615 4228 tamen
1669 4187 1772 4227 nou
1820 4173 1989 4227 solum

424 4267 553 4321 nihil
586 4266 852 4334 potuerint
880 4262 1164 4325 coniicere,
1193 4261 1284 4315 Sed
1317 4261 1629 4316 conﬁciendi
1651 4262 1811 4317 etiam
1839 4263 1991 4332 quid-

424 4360 585 4428 piam,
617 4354 757 4427 quod
787 4364 957 4408 ratum
990 4355 1077 4414 sit,
1107 4368 1254 4421 Spem
1282 4353 1399 4409 aliis
1428 4352 1536 4406 fere
1564 4367 1775 4406 omnem
1807 4355 1994 4423 princi—

422 4452 567 4505 disse
624 4447 917 4503 videantur.
971 4444 1025 4497 id
1076 4452 1251 4498 autem
1283 4442 1447 4513 (quod
1497 4444 1750 4497 hactenus
1794 4447 1992 4500 nemini

420 4560 467 4595 Ilt
500 4540 854 4608 suspicionem
888 4536 1098 4591 venisse
1128 4534 1598 4603 deprehendimus)
1626 4550 1703 4593 ex
1735 4546 1995 4590 accurata:

417 4637 666 4689 editionis
696 4634 904 4687 defectu
948 4634 1204 4702 originem
1235 4632 1398 4683 dtu-it.
1436 4630 1750 4683 Prodierunt
1778 4630 1993 4699 quidem

2098 2793 2289 2851 Veteris
2308 2796 2622 2853 Testantenti
2643 2814 2663 2864 ,°
2692 2800 2884 2856 tertius
2913 2815 3193 2858 sermones
3216 2820 3270 2872 ι,
3294 2802 3360 2860 de
3377 2805 3522 2859 rebus
3541 2803 3677 2861 Tes-

2088 2876 2294 2943 lanianti
2324 2889 2459 2946 Novi
2488 2908 2507 2946 :
2538 2892 2589 2947 in
2616 2894 2753 2948 hanc
2773 2894 2916 2949 enim
2949 2895 3233 2962 rationem,
3262 2911 3411 2951 suam
3441 2898 3677 2968 quisque

2086 2978 2222 3034 liber
2245 2982 2644 3053 inscriptionem
2668 2985 2906 3057 praefert.
2931 2985 3198 3057 Subjectte
3220 3002 3380 3058 porro
3396 2989 3449 3043 iu
3470 2990 3665 3046 eadem

2086 3073 2324 3130 editione
2346 3074 2579 3132 Zenonis
2607 3079 2921 3134 tractatibus
2950 3078 3181 3135 homiliaa
3207 3078 3261 3156 S.
3292 3078 3511 3136 Ctesarii
3535 3081 3679 3136 Are-

2089 3165 2346 3233 latensis,
2391 3180 2447 3224 et
2490 3169 2595 3224 alia
2628 3170 2871 3240 quaedam
2916 3184 3083 3241 pauca
3119 3188 3132 3225 :
3163 3170 3281 3227 haec
3318 3170 3494 3227 autem
3541 3186 3674 3228 mox

2088 3258 2325 3315 clausula
2377 3261 2899 3331 appenditurnobis
2946 3279 3281 3335 nequaquam
3331 3264 3671 3330 omittenda,

2086 3365 2206 3405 cum
2239 3367 2421 3407 verum
2451 3353 2702 3408 editionis
2745 3355 2932 3420 prodat
2958 3365 3230 3411 auctorem
3255 3399 3270 3423 ,
3303 3356 3596 3413 Guarinum
3639 3371 3678 3412 a

2090 3442 2294 3509 multis,
2326 3444 2415 3513 qui
2451 3444 2619 3514 ipsam
2658 3445 2949 3501 editionem
2979 3446 3050 3501 ob
3075 3447 3347 3502 raritatem
3382 3461 3487 3500 non
3520 3445 3678 3501 vide-

2086 3542 2226 3601 rant,
2261 3549 2541 3604 perperam
2572 3538 2956 3604 existimatum,
2983 3538 3335 3594 nihilominus
3363 3549 3521 3609 atque
3545 3553 3679 3593 eum

2087 3635 2211 3680 ante
2241 3641 2410 3683 annos
2440 3627 2609 3684 ferme
2634 3629 3018 3700 quinquaginta
3040 3628 3242 3685 obiisse
3269 3629 3482 3684 aliunde
3541 3643 3681 3682 con-

2088 3726 2231 3772 stare
2254 3720 2512 3786 potuerit:
2541 3722 2621 3775 Ad
2644 3721 2847 3776 laudem
2876 3732 2925 3776 et
2945 3723 3164 3793 gloriam
3191 3736 3404 3776 summa:
3422 3732 3467 3776 et
3486 3720 3683 3774 indivi-

2089 3809 2206 3862 dua:
2235 3809 2517 3876 Trinitatis,
2541 3820 2589 3864 et
2611 3811 2913 3867 beatissima:
2948 3811 3172 3882 Virginis
3200 3809 3407 3877 Mariae,
3431 3820 3476 3864 et
3496 3809 3673 3864 beato-

2089 3917 2204 3953 rum
2240 3902 2541 3972 pontificum
2571 3901 2792 3957 Zenonis
2820 3913 2867 3957 et
2896 3901 3109 3957 Ccesarii
3131 3911 3176 3957 et
3214 3904 3441 3958 omnium
3467 3909 3679 3955 sancto-

2090 4007 2225 4056 rum,
2251 4009 2503 4048 sermones
2521 3994 2572 4045 iu
2596 3994 2688 4046 hoc
2714 3994 2968 4047 volumine
2990 3994 3161 4063 positi,
3186 4003 3231 4046 et
3252 3980 3511 4063 nunquam
3541 3991 3683 4046 alias

2092 4081 2347 4151 impressi,
2398 4082 2724 4138 solertissime
2763 4085 3027 4154 recogniti,
3076 4094 3126 4139 et
3174 4086 3543 4139 studiosissime
3584 4100 3681 4153 per

2095 4174 2425 4227 venerabilem
2483 4173 2691 4228 Patrem
2740 4176 2999 4230 Albertum
3061 4176 3406 4232 Castellanum
3459 4178 3681 4233 Ordinis

2099 4264 2501 4319 Prn’dicatorum
2551 4269 2799 4336 correcti“
2834 4286 2893 4320 ac
2945 4285 3034 4338 per
3076 4269 3381 4342 Magistrum
3425 4270 3683 4325 Iacobum

2098 4356 2160 4409 de
2187 4354 2356 4409 Lenco
2413 4358 2653 4427 impensis
2696 4359 2900 4414 Domini
2927 4360 3187 4417 Benedicti
3212 4362 3452 4418 Fontana
3507 4363 3680 4417 Vene-

2098 4446 2181 4501 tiis
2203 4448 2588 4519 diligentissime
2607 4451 2838 4522 impressi
2863 4469 2996 4506 anno
3018 4451 3227 4507 Domini
3254 4468 3570 4519 Icccccvm,
3597 4454 3686 4508 die

2100 4552 2221 4590 xxrv
2242 4540 2482 4610 junuarii
2520 4540 2733 4608 feliciter
2782 4543 3079 4611 expliciunt.
3116 4544 3237 4599 llaec
3290 4556 3465 4600 autem
3509 4530 3683 4599 editio

2100 4640 2347 4698 suscepta
2377 4632 2553 4685 statim
2575 4647 2604 4685 a
2641 4634 2838 4697 multis,
2871 4637 3122 4702 tpuimdiu
3152 4652 3256 4704 non
3282 4646 3529 4690 accurate
3554 4650 3680 4702 per-

416 4728 642 4779 'I.euunis
676 4734 923 4777 tract-um
954 4701 1178 4790 primum
1203 4721 1441 4776 Venetiis
1472 4738 1557 4775 an.
1593 4735 1779 4783 stovui,
1810 4736 1874 4775 ex
1908 4738 1990 4774 ve-
2020 4701 2072 4760 Ῑ)
2101 4737 2260 4789 pensa
2277 4721 2392 4776 fuit.
2413 4726 2611 4777 Aleum
2631 4723 2816 4779 Sixtus
2837 4701 3678 4781 senensisBibliothecamelabo-

421 4820 697 4871 tristissimo
722 4818 923 4877 codicis,
953 4830 1107 4883 quem
1133 4814 1335 4881 jamdiu
1368 4822 1492 4867 ante
1512 4812 1563 4864 in
1597 4813 1864 4883 Episcopii
1898 4815 1995 4870 Ve-

422 4907 665 4961 ronensis
695 4903 1014 4957 bibliotheca
1046 4904 1125 4955 Cu
1148 4904 1313 4956 ti‘llllls
1344 4904 1426 4956 vir
1452 4903 1831 4958 celeberrimus
1870 4919 1994 4959 nac-

424 5012 507 5050 tus
540 4999 737 5055 fuerat;
773 4996 883 5045 haec
912 4994 1050 5046 t‘itillt
1103 4996 1149 5045 in
1171 4994 1341 5047 l't'uute
1372 4996 1486 5063 ejus
1516 4996 1764 5049 editionis
1808 4997 1990 5067 legun-

422 5104 505 5141 tur
539 5105 548 5137 :
590 5086 773 5140 I'Ia'intii
820 5097 864 5137 et
897 5087 1185 5137 eav'ellcntis
1231 5087 1320 5136 riri
1367 5086 1739 5153 prteclurissimi
1778 5088 1995 5141 doctoris

422 5180 579 5231 sancti
607 5177 822 5229 Zenonis
864 5178 1086 5245 episcopi
1132 5174 1429 5230 l’eroucnsis
1464 5194 1749 5230 sermonum
1798 5179 1997 5247 eleguu-

433 5270 737 5321 tissiniorum
781 5269 847 5318 nd
896 5270 1159 5333 populant,
1203 5277 1549 5336 excerptorum
1578 5285 1640 5321 ex
1664 5270 1997 5322 vetustissimo

426 5360 671 5412 uolumine
702 5358 914 5411 l'eronu:
944 5377 972 5409 ιι
998 5359 1225 5411 (ἐιιιιτίηο
1268 5358 1536 5412 ιἐνοηεηδὶ
1568 5361 1673 5414 viro
1699 5361 1995 5427 elaquentis-

426 5454 549 5503 siino
595 5454 642 5502 in
690 5454 932 5520 episcopii
990 5452 1287 5507 Veronensis
1332 5453 1631 5508 bibliotheca
1676 5464 1890 5525 reperto.
1940 5455 1995 5507 In

430 5554 535 5595 tres
563 5540 647 5593 illa
671 5540 944 5608 dispertita
975 5542 1137 5596 libros
1170 5544 1285 5606 fuit,
1309 5558 1534 5612 qutn'um
1563 5546 1766 5614 primus
1788 5560 1992 5599 sermo-

430 5650 523 5685 nes
550 5632 915 5700 utnnplectitur
946 5649 1046 5686 xui
1079 5675 1090 5695 ,
1139 5635 1223 5701 qui
1251 5644 1366 5687 sunt
1412 5635 1475 5687 tle
1517 5634 1782 5689 virtutibus
1829 5645 1876 5689 et
1923 5636 1987 5687 vi;

441 5725 551 5787 (ιω
603 5721 867 5777 secundus
913 5739 1187 5778 sermones
1236 5739 1471 5791 XXXVIII,
1502 5726 1586 5793 qui
1611 5737 1726 5781 sunt
1766 5714 1997 5782 dei-obus

2102 4824 2335 4880 raturas,
2364 4816 2416 4870 in
2445 4833 2545 4884 qua
2574 4817 2641 4870 de
2668 4818 2888 4888 singulis
2917 4818 3298 4873 ecclesiasticis
3324 4817 3680 4885 scriptoribus

2098 4908 2352 4974 judicium
2385 4909 2535 4973 tulit,
2566 4909 2736 4963 editos
2762 4909 2990 4963 Zenonis
3030 4924 3307 4965 sermones
3350 4911 3416 4965 ad
3441 4911 3680 4967 calculos

2104 4999 2388 5063 revocavit,
2423 5008 2499 5051 tot
2518 4999 2858 5053 difﬁcultates
2886 5001 3091 5067 eduxit,
3122 5010 3181 5056 ut
3207 5002 3273 5057 de
3300 5001 3552 5059 editionis
3577 5002 3678 5058 de-

2105 5094 2242 5147 lectu
2272 5092 2403 5145 nihil
2441 5094 2757 5161 SUSpicultlS,
2789 5092 3060 5151 Zenonem
3094 5097 3161 5151 ab
3189 5096 3681 5154 ecclesiasticarum

2103 5193 2380 5237 auctorum
2428 5183 2550 5239 albo
2594 5186 3000 5255 expungendum
3048 5188 3404 5245 contenderit.
3460 5186 3682 5244 Etenim

2101 5292 2222 5346 cum
2252 5292 2312 5329 ca
2344 5277 2508 5332 editio
2537 5288 2791 5334 tractatus
2821 5282 3019 5352 aliquot
3065 5285 3286 5340 aliorum
3334 5283 3678 5354 Scriptorum

2102 5367 2241 5421 inter
2290 5367 2622 5423 Zenouianos
2664 5370 2893 5426 insertos
2922 5388 2985 5429 ac
3015 5373 3348 5430 intermistos
3385 5373 3677 5441 exhibeat,

2099 5457 2245 5511 itaut
2276 5474 2377 5512 non
2403 5460 2573 5537 solum
2604 5462 2733 5516 nihil
2761 5462 3085 5518 discriminis
3123 5457 3340 5530 allii-rat,
3372 5479 3478 5534 quo
3516 5464 3674 5519 alteri

2104 5550 2172 5603 ah
2198 5551 2381 5604 altetis
2407 5550 2694 5610 internosci
2734 5566 2949 5625 queant,
2981 5556 3073 5611 sed
3101 5570 3291 5609 clunes
3308 5554 3468 5608 etiam
3497 5556 3675 5621 perte-

2106 5656 2206 5706 que
2240 5657 2332 5708 pro
2375 5642 2605 5699 Zenonis
2637 5645 2828 5699 fetibus
2856 5644 3110 5705 venditet.
3159 5659 3265 5696 uno
3293 5652 3538 5711 excepto,
3584 5643 3677 5711 qui

2104 5731 2159 5786 S.
2194 5732 2472 5787 Gaudentii
2516 5733 2747 5787 Brisiani
2776 5732 3012 5802 episcopi
3042 5732 3257 5789 nomine
3305 5740 3633 5803 praenotatur
3655 5764 3674 5800 ,
