3826 6226
151 288 212 345 i5

1265 269 1821 355 causamunam
1875 284 2269 351 nummo.

3349 299 3414 353 ιι

142 403 456 472 vehemens,
495 421 592 463 seu
623 407 803 479 potius
827 409 1065 477 evidens,
1096 410 1235 480 quod
1268 426 1364 484 pro
1405 411 1723 482 quibusdam
1753 408 1797 468 Α
1829 407 2120 463 novissima
2147 405 2209 464 S.
2256 405 2526 463 Ambrosii
2555 405 2788 462 editione
2831 408 3082 478 cognosci
3102 409 3324 480 poteSt),
3357 415 3415 464 et
3496 459 3500 462 .

143 507 171 547 a
202 493 431 552 Zenone
471 498 846 570 abjndicandis
889 501 1224 559 sermOnibus
1264 503 1528 559 subolevit
1565 518 1724 574 argu-

141 597 408 656 mentum,
439 604 660 647 causam
710 594 841 650 satis
878 609 1080 664 aequam
1115 595 1360 666 praebuit,
1415 604 1473 651 ut
1515 578 1753 652 caiteris

152 695 372 749 quoque
417 683 668 738 omnibus
695 685 764 765 in
799 685 1015 752 dubium
1063 689 1286 754 vocatis,
1315 702 1376 742 ea
1425 696 1731 743 moveretur

137 771 395 840 quaestio,
456 774 653 830 utrmn-
690 776 748 832 S.
808 777 956 832 Zeno
1008 777 1332 836 Veronensis
1386 779 1547 835 fuerit
1601 794 1729 835 vere

144 864 387 934 scriptor
411 867 710 937 aliquorum
738 885 1045 928 sermonum
1077 872 1216 928 inter
1237 873 1527 943 scriptores
1556 873 1730 929 eccle-

136 955 396 1013 siasticos
433 961 820 1030 recensendos,
849 964 944 1018 seu
983 968 1256 1038 cujusnam
1293 981 1405 1019 vere
1442 966 1543 1019 sint
1574 980 1731 1033 opera

135 1050 308 1102 sancti
324 1051 484 1123 hujus
504 1055 699 1108 nomini
719 1052 1000 1127 adscripta,
1021 1069 1078 1128 ut
1104 1057 1163 1112 P.
1188 1047 1533 1114 Mabillonius
1551 1056 1727 1128 loqui-

138 1150 230 1194 tur
261 1143 316 1196 in
349 1143 590 1201 Eleneho
614 1149 1001 1217 praecipuarum
1035 1140 1410 1205 difficultatum
1436 1151 1620 1207 saeculi
1645 1166 1724 1220 ιιι,

133 1248 277 1304 quas
305 1235 510 1292 eximio
529 1239 681 1308 operi
710 1242 774 1295 de
791 1241 975 1296 studiis
1001 1239 1302 1304 Monasticis
1329 1241 1580 1310 subjecit.

231 1325 299 1383 ll.
344 1327 438 1383 llic
465 1329 679 1400 quidem
707 1331 868 1388 editae
897 1333 1126 1403 primum
1153 1348 1182 1386 a
1211 1333 1362 1388 Sixto
1401 1332 1651 1395 Senensi.
1678 1341 1732 1390 et

138 1415 270 1472 dein
299 1418 374 1474 ab
398 1419 541 1486 aliis,
567 1421 732 1490 quiin
752 1423 870 1496 ejus
893 1425 1221 1482 transierunt
1246 1427 1588 1500 sententiam,
1607 1442 1730 1482 sus-

145 1517 326 1580 cepta:
355 1519 520 1581 atque
545 1510 826 1570 inculcata:
849 1515 1190 1572 difficultates
1216 1526 1275 1572 ut
1299 1515 1638 1572 diluerentur
1662 1517 1731 1572 ab

139 1599 231 1668 iis,
256 1601 351 1673 qui
376 1617 476 1673 pro
495 1602 554 1660 S.
578 1593 810 1661 Zenonis
827 1607 1001 1678 gloria
1021 1607 1356 1673 laborabant,
1379 1609 1480 1666 alia
1503 1609 1730 1666 subinde

136 1693 394 1763 ejusdem
423 1695 594 1750 editio
633 1697 732 1753 sub
757 1687 1011 1756 cardinali
1041 1701 1344 1771 Augustino
1370 1699 1586 1758 Valerio
1630 1699 1731 1757 Ve-

1830 501 1997 568 ipsius
2022 499 2222 555 codicis
2242 508 2296 555 et
2323 499 2507 568 primae
2536 483 2789 555 editionis
2837 499 2994 554 fidem
3019 498 3072 554 in
3111 515 3220 556 non
3251 501 3417 556 nullis
3451 564 3457 570 _

1829 588 2184 646 deserendum
2219 589 2490 660 putarint,
2527 599 2582 643 ιιι
2609 604 2677 644 ex
2717 588 3035 644 adnotandis
3061 603 3159 645 suo
3179 590 3296 646 loco
3315 607 3416 660 pa-

1831 685 1934 739 lam
1967 685 2078 740 fiet.
2113 685 2403 756 llinc'ergo
2433 685 2488 740 in
2513 685 2806 742 Veronensi
2831 684 3066 740 editione
3091 699 3153 740 ac
3193 686 3430 754 caeteris,

1830 768 1956 843 inde
1982 764 2238 834 derivatis
2267 787 2466 847 praeter
2489 777 2764 834 confusam
2787 777 3256 848 perturbatamque
3277 777 3410 832 abeo

1831 885 2023 925 norum
2056 879 2378 926 tractatuum
2397 886 2530 932 cum
2558 870 2880 928 Zenonianis
2907 870 3247 935 mistionem,‘
3265 869 3414 926 arbi—

1831 951 1994 1016 traria
2034 963 2238 1031 aliquot
2268 962 2507 1021 locorum
2550 955 2922 1034 interpolatio,
2950 963 3149 1018 nemini
3179 969 3409 1017 eietero-

1829 1058 1982 1128 quin,
2014 1057 2155 1127 quod
2197 1056 2458 1112 hactenus
2501 1057 2815 1123 viderimus,
2844 1056 2912 1110 ob
2941 1056 3126 1126 primae
3157 1053 3408 1110 editionis

1831 1149 2106 1235 raritatem
2154 1149 2476 1216 observata,
2529 1149 2817 1218 plurimum
2893 1147 3164 1232 offendere
3226 1145 3409 1202 debet.

1832 1235 2070 1298 Tandem
2119 1241 2220 1297 alia
2260 1257 2380 1298 eum
2429 1235 2651 1311 prima},
2687 1249 2794 1295 tum
2836 1235 3056 1310 reliquis
3085 1238 3410 1294 editionibus

1832 1333 2134 1390 communia
2169 1333 2457 1388 identidem
2483 1331 2745 1396 incidunt,
2766 1347 2885 1403 qtae
2908 1331 3009 1386 etsi
3027 1329 3092 1384 ad
3121 1332 3406 1384 Auctorem

1833 1425 2294 1497 dignoscendum,
2310 1423 2392 1478 vel
2423 1417 3188 1494 editores're’preliendendos,
3216 1419 3261 1474 si
3284 1418 3406 1490 qui-

1833 1517 1955 1574 dem
1988 1519 2041 1574 in
2067 1518 2222 1589 culpa
2269 1533 2373 1573 non
2404 1516 2634 1596 fuerint,
2668 1516 2799 1570 nihil
2850 1517 3190 1595 pertineant,
3231 1505 3446 1568 tamen"

1841 1620 2104 1668 accuratae
2155 1610 2410 1668 editionis
2462 1608 2923 1665 commendationi.
2973 1606 3258 1678 plurimum
3310 1607 3407 1662 de-

1825 1701 2075 1767 trahunt,
2105 1688 2310 1770 aliquot
2332 1702 2580 1756 nimirum
2611 1709 2788 1756 errata
2821 1715 2924 1754 non
2951 1699 3088 1756 levis
3119 1698 3407 1764 momenti,

140 1788 369 1843 ronensi
399 1788 643 1846 antistite
681 1781 1120 1874 praestantissimo
1144 1783 1373 1850 Veronae
1401 1807 1586 1850 curata
1629 1794 1731 1856 fuit,
1756 1795 1802 1854 B
1829 1809 1949 1864 quin
1970 1807 2296 1863 cognoscere
2316 1792 2471 1847 facile
2491 1801 2594 1858 est,
2619 1792 2891 1862 corrigere
2911 1806 2977 1845 ex
2997 1789 3232 1845 auctoris
3259 1779 3408 1844 men-

137 1892 289 1932 anno
337 1894 648 1948 ιιυωιιινι,
689 1898 853 1953 quam
895 1883 1134 1956 Baphael
1177 1885 1372 1956 Bagata
1401 1896 1453 1942 et
1492 1886 1741 1957 Baptista

132 1970 397 2027 Perottus
423 1983 680 2032 auctores
708 1976 829 2032 aliis
871 1978 1124 2046 operibus
1170 1977 1288 2033 noli
1337 1978 1402 2034 ad
1427 1980 1616 2035 codicis
1647 1997 1729 2036 vc-

135 2065 254 2116 tuin
284 2105 300 2126 ,
351 2081 514 2135 quem
563 2075 646 2123 ter
672 2068 722 2122 in
768 2068 1082 2138 pra'fatione
1124 2071 1415 2140 appellant,
1454 2075 1729 2142 exemplar

142 2155 342 2210 alicubi
373 2158 736 2227 emendatam,
769 2161 1015 2218 vindiciis
1039 2163 1169 2217 satis
1194 2162 1327 2218 fusis
1371 2155 1728 2232 p'rirmunien-

130 2247 252 2301 dam
304 2257 600 2316 putarunt:
632 2265 801 2320 eaque
848 2266 972 2306 mox
1019 2252 1075 2307 in
1105 2261 1335 2324 quatuor
1377 2253 1726 2311 Bibliotheca;

135 2337 357 2392 Patrum
384 2339 734 2404 editionibus.
761 2352 818 2397 at
855 2343 1211 2415 negligentius
1235 2344 1508 2417 aliquanto
1528 2387 1542 2413 ,
1566 2362 1724 2416 repe-

136 2423 223 2486 tita
255 2430 400 2498 fuit,
431 2447 496 2488 ac
526 2433 739 2488 tandem
788 2447 1035 2510 separato
1077 2436 1352 2494 volumine
1395 2438 1727 2496 enucleatius

133 2538 326 2579 recusa
356 2521 565 2580 Patavii
591 2541 678 2580 an.
705 2542 896 2584 nnccx.
921 2523 990 2583 At
1011 2529 1174 2585 multa
1206 2531 1322 2586 licet
1355 2547 1452 2600 pro
1480 2531 1725 2588 vindiciis

137 2616 340 2686 scripta
369 2615 608 2682 fuerint,
641 2634 761 2672 cum
791 2629 966 2676 tamen
990 2618 1114 2696 ipsa
1147 2621 1198 2676 in
1245 2622 1482 2678 editione
1531 2633 1726 2692 printer

128 2704 291 2759 alium
343 2721 658 2762 sermonum
708 2709 974 2777 ordinem,
1026 2727 1134 2779 quo
1184 2711 1364 2786 istifiu
1392 2712 1528 2769 duos
1557 2714 1725 2770 libros

128 2793 407 2854 distributi
451 2795 768 2866 cernuntur,
799 2802 929 2857 nihil
959 2811 1210 2859 occurrat
1241 2806 1505 2872 novi,.sed
1535 2821 1726 2862 omnes

138 2879 405 2948 tractatus
426 2909 580 2964 irque
608 2894 713 2949 sint
745 2896 1059 2966 perturbati,
1101 2899 1363 2966 permisti,
1393 2914 1455 2955 ac
1499 2916 1594 2970 pro
1623 2899 1726 2956 Ze-

144 2981 402 3042 tionianis
430 2975 713 3055 divenditi,
737 2982 777 3043 ~ii
802 2987 999 3056 etiam,
1024 2999 1162 3060 quos
1191 2990 1394 3046 alienos
1422 3007 1543 3048 esse
1586 2992 1722 3049 Sixti

136 3087 463 3150 argumenta
481 3078 824 3135 manifestum
856 3081 1093 3136 fecerant
1123 3070 1508 3152 :quaicumqne
1535 3083 1589 3139 in
1613 3095 1718 3138 tam

1833 1893 1884 1940 te
1908 1882 2290 1950 difficillimum
2316 1923 2332 1949 ,
2365 1872 2666 1937 lnxationes
2710 1873 2816 1937 nun
2848 1896 3030 1952 pauca:
3054 1923 3069 1948 ,
3113 1870 3233 1950 quin
3271 1892 3412 1935 nunc

1831 1976 2149 2041 obscuram,
2179 1989 2320 2029 nunc
2349 1988 2591 2029 mancam
2621 1981 2676 2028 et
2719 1973 2865 2034 forte,
2884 1973 3056 2042 etiam
3085 1972 3314 2026 alienam
3344 1971 3413 2027 ab

1829 2077 2050 2123 auctore
2080 2067 2404 2122 sententiam
2434 2065 2729 2132 referunt;
2766 2076 2824 2120 nt
2873 2065 3099 2136 proinde
3145 2063 3252 2119 dici
3281 2064 3411 2131 jure

1831 2161 2038 2229 possit,
2072 2156 2211 2217 inter
2235 2169 2310 2212 tot
2333 2157 2620 2226 editiones,
2647 2173 2767 2228 qua:
2793 2147 3025 2213 Zenonis
3053 2171 3244 2211 nomen
3274 2172 3409 2225 prir-

1830 2250 2037 2316 ferunt,
2071 2250 2270 2304 nullam
2298 2249 2556 2305 hactenus
2585 2243 2863 2319 prodiisse,
2898 2239 3015 2320 Quae
3042 2244 3276 2304 Zenonis
3296 2247 3404 2302 edi-

1831 2345 1906 2404 tio
1935 2359 2062 2399 vere
2089 2343 2158 2398 sit
2188 2358 2249 2397 ac
2277 2343 2539 2413 appellari
2568 2343 2779 2397 debeat.

1900 2436 1985 2492 Ili.
2038 2435 2134 2491 His
2181 2436 2431 2492 omnibus
2483 2445 2541 2490 ut
2586 2426 3236 2499 remedium,ati’erretur,
3269 2448 3404 2490 nova

1828 2527 2067 2598 paranda
2087 2516 2258 2582 fuerat
2285 2525 2472 2592 editio,
2500 2526 2552 2579 in
2581 2541 2705 2596 qua.
2739 2535 2797 2579 ut
2823 2529 3191 2587 accuratarum
3216 2525 3381 2581 editio

1829 2635 1955 2674 num
1986 2619 2126 2674 ratio
2171 2618 2404 2687 postulat
2422 2658 2436 2679 ,
2469 2615 2731 2684 separatis
2758 2614 2949 2670 alien-is
2977 2631 3008 2671 a
3035 2616 3281 2687 genuinis
3307 2612 3410 2672 Ze-

1827 2712 1985 2768 nonis
2007 2711 2369 2776 sermonibus,
2415 2708 2677 2780 suppletis
2703 2709 2926 2772 lacunis,
2961 2708 3171 2764 mendis
3193 2716 3407 2765 correc-

1829 2803 1897 2884 tis
1927 2813 2114 2859 saneto
2145 2803 2413 2872 EpiscOpo
2451 2816 2548 2856 sua
2588 2812 2750 2870 opera
2785 2799 3159 2864 redderentur,
3187 2811 3242 2856 et
3279 2805 3406 2858 auc-

1828 2897 2021 2954 toritas
2043 2895 2427 2951 vindicaretur.
2453 2895 2558 2950 Nos
2584 2896 2763 2966 itaque
2793 2894 3081 2949 editionem
3109 2893 3160 2949 id
3181 2897 3397 2964 generis

1824 3007 1856 3047 a
1895 2991 2068 3048 doctis
2091 2990 2296 3062 jamdiu
2324 2990 2614 3059 expetitam
2641 3031 2655 3055 ,
2684 3000 2737 3045 et
2766 2989 2822 3046 S.
2851 2988 3082 3045 Zenonis
3122 2990 3313 3060 honori
3346 2989 3416 3046 in"

1825 3084 2089 3154 integrum
2138 3081 2469 3152 restituendo
2520 3081 2975 3151 pernecessariam
3025 3091 3402 3150 parare,ante

131 3171 292 3226 mala;
337 3186 517 3227 causa:
571 3173 925 3242 patrocinium
951 3172 1054 3229 dici
1104 3185 1356 3244 potuere,
1379 3172 1495 3232 'non
1550 3177 1721 3232 solum
1750 3176 1797 3241 C
1827 3177 2026 3248 aliquot
2047 3170 2222 3232 annos
2249 3174 2595 3230 volvebamus
2626 3175 2674 3228 in
2704 3175 2918 3229 animo:
2943 3171 2998 3227 at
3023 3162 3219 3228 cum'in
3240 3173 3399 3230 rebhs

140 3263 274 3318 nihil
303 3263 668 3333 profecerunt,
694 3265 787 3323 sed
814 3266 880 3321 ad
905 3260 1324 3338 indignationem
1353 3270 1533 3341 potius
1555 3269 1718 3326 exsti-

135 3359 417 3414 mulat-unt
448 3348 553 3414 non
583 3358 846 3416 nullorum
883 3361 1114 3429 animos,
1143 3377 1466 3432 causamque
1520 3364 1722 3435 ipsam,

129 3467 248 3521 qua:
280 3451 647 3508 imbecillibus
676 3453 830 3510 valde
857 3455 1187 3530 argumentis
1207 3455 1466 3512 suﬂ'uleiri
1497 3472 1562 3514 ac
1597 3446 1717 3515 sus-

124 3543 330 3598 tcntari
368 3542 593 3612 debuit,
643 3543 1064 3601 imbecillidrem-
1097 3547 1265 3602 multo
1288 3536 1716 3621 deterioremque

130 3631 256 3690 esse
280 3677 296 3700 ,
346 3627 509 3714 quam
549 3645 703 3692 antea
733 3635 924 3705 fuerat,
955 3638 1218 3708 aliquibus
1251 3640 1585 3708 persuasere.
1631 3641 1720 3698 Ad

129 3726 514 3782 difficultatum
542 3741 701 3798 porro
718 3718 991 3783 cunnilum
1021 3728 1120 3784 hac
1145 3725 1210 3784 in'
1231 3730 1463 3787 editione
1487 3735 1716 3789 accessit

124 3821 294 3874 etiam
333 3828 569 3887 tempus,
617 3834 722 3889 quo
769 3810 826 3874 S.
859 3810 1128 3874 Zenonem
1182 3820 1427 3875 floruisse
1478 3822 1713 3877 editores

123 3917 443 3966 stautertmt
467 3927 480 3963 :
509 3910 650 3979 quod
670 3924 792 3964 cum
817 3909 1020 3978 aliquot
1038 3904 1350 3964 sermonum
1370 3902 1373 3905 ’
1391 3913 1713 3969 testimoniis

123 3999 451 4064 adversetur
493 3997 812 4066 manifeste,
859 4015 957 4071 pro
1009 3987 1274 4064 sedandis.
1306 4006 1710 4073 repugnantium

122 4085 446 4150 criticorutn
461 4089 676 4155 animis,
695 4106 790 4146 eos
811 4091 862 4146 in
891 4094 1092 4161 majora
1119 4077 1338 4150 d'issidia
1361 4091 1736 4151 exacuernnt.’

122 4182 218 4244 llis
230 4177 493 4242 omnibus
522 4185 586 4240 ad
609 4186 956 4256 qttastionem
983 4187 1050 4244 de
1069 4189 1306 4245 Aucmre
1327 4189 1711 4258 pertinentibus

123 4277 266 4335 adde
298 4276 406 4331 alia
446 4291 553 4330 non
575 4275 756 4344 nulla,
785 4261 921 4348 .qute
951 4277 1301 4357 adseditionis
1333 4276 1501 4349 ipéius
1546 4280 1712 4336 decus

123 4361 530 4427 extenuandum
563 4385 669 4424 non
699 4368 972 4424 mininmm
999 4367 1303 4428 conferunt.
1336 4364 1588 4428 Vetusius
1613 4389 1708 4428 co-

123 4461 255 4531 dex,
282 4478 450 4535 quem
477 4473 560 4517 ter
584 4462 637 4516 in
678 4463 1000 4544 praefatione.
1026 4463 1347 4534 appellatum
1380 4456 1706 4530 notavimus,

1821 3271 2084 3344 ejusmodi
2116 3272 2234 3327 sine
2262 3269 2640 3339 manuscriptis
2661 3268 2851 3324 confici
2882 3259 3012 3330 nihil
3040 3266 3227 3337 posSit,
3259 3259 3403 3322 inter

1786 3388 1788 3390 ·
1820 3366 2103 3437 legendum
2137 3375 2317 3421 autem
2343 3366 2394 3419 in
2419 3364 2662 3419 notitiam
2689 3361 3020 3418 venissemus
3039 3361 3400 3432 antiquissimi

1817 3459 2042 3527 codicis,
2065 3475 2222 3531 quem
2249 3457 2593 3514 llemensium
2623 3456 3090 3512 Benedictinorum
3112 3453 3398 3512 bibliothe-

1815 3567 1892 3608 cae
1919 3562 2045 3607 ante
2083 3565 2253 3607 annos
2281 3545 2448 3606 ferme
2498 3559 2798 3618 nongentos
2838 3548 2905 3604 ab
2935 3547 3226 3604 llincmaro
3279 3536 3413 3618 epi-V

1817 3633 2144 3715 scopodono
2167 3642 2349 3698 datum
2368 3684 2382 3709 ,
2413 3642 2472 3696 P.
2500 3640 2804 3698 Ruinartius
2827 3640 2882 3694 in
2909 3650 3025 3694 acta
3058 3639 3115 3707 S.
3143 3639 3358 3695 Arcadii
3378 3681 3393 3704 ,
3440 3693 3444 3697 .

1813 3745 1866 3790 et
1921 3735 1980 3790 P.
2023 3734 2366 3791 Constantius
2412 3734 2462 3786 in
2520 3731 2771 3796 Veterum
2833 3724 3088 3785 Codicum
3141 3729 3394 3787 vindiciis

1814 3811 1934 3897 pag.
1963 3826 2179 3891 293,ac
2207 3827 2260 3880 in
2301 3824 2534 3879 editione
2583 3822 2768 3878 Hilarii
2821 3837 2940 3892 pag.
2983 3819 3093 3876 465
3138 3820 3395 3900 editionis

1815 3908 2164 3983 Veronensis,
2192 3915 2388 3984 aliique
2415 3911 2575 3967 etiam
2615 3911 2741 3966 alibi
2764 3924 3188 3968 commemorant
3218 3931 3231 3968 :
3261 3901 3392 3988 illud

1813 4001 2184 4078 cogitavimtis,
2217 4019 2566 4076 quaecumque
2594 3995 2869 4073 diligentia
2900 4006 2951 4058 in
2979 4003 3100 4078 aliis
3127 4001 3393 4060 recentia;

1812 4099 1962 4153 ribus
1991 4099 2205 4168 quidem
2239 4097 2405 4152 multo
2436 4097 2815 4166 manuscriptis
2847 4089 3021 4152 libris~
3041 4111 3069 4150 a
3101 4092 3254 4153 nobis
3274 4097 3394 4152 col-

1765 4216 1775 4221 -
1812 4183 2119 4256 locaretur,
2165 4205 2281 4246 eam
2310 4189 2493 4254 nihili,
2537 4190 2619 4244 vel
2671 4189 2874 4243 minimi
2906 4188 3142 4244 habitum
3199 4185 3292 4256 iri,
3341 4193 3391 4246 si
3463 4224 3465 4226 -

1813 4295 1919 4339 tam
1962 4285 2238 4354 antiquum
2287 4282 2524 4338 codicem
2575 4282 2703 4347 orbi'
2739 4282 2998 4336 litterario
3037 4280 3144 4351 jam
3195 4283 3382 4338 notum

1813 4370 2130 4448 pneteriret.
2163 4377 2342 4447 itaque
2372 4375 2569 4430 tamdiu
2598 4388 2626 4428 a
2650 4380 3020 4445 prieconeepto
3046 4374 3208 4442 Opere
3234 4373 3396 4430 duxi.

1811 4484 1931 4526 mus
1956 4459 2412 4541 supersitdendum
2433 4512 2448 4534 ,
2477 4467 2651 4538 quoad
2682 4466 2798 4536 ejus
2837 4456 3038 4521 codicis
3072 4449 3385 4530 consulendi
3485 4499 3517 4521 .-

123 4547 267 4610 idein
312 4545 405 4609 ille
452 4545 697 4619 videtur,
746 4556 902 4626 quem
939 4557 1078 4611 inter
1108 4556 1408 4611 testimonia
1456 4567 1705 4611 vetustum
1733 4558 1786 4618 D
1810 4573 1864 4619 et
1900 4551 2209 4617 conferendi
2241 4561 2393 4631 copia
2424 4574 2518 4630 per
2545 4559 2774 4629 aliquem
2806 4545 2976 4613 fieret.
3004 4549 3218 4625 Interim
3250 4553 3379 4626 con,

122 4649 354 4704 codicem
373 4645 776 4716 monueriptum
800 4644 1095 4704 monasterii
1114 4651 1276 4717 sancti
1296 4649 1512 4705 Zenonis
1537 4651 1708 4706 edito-

122 4759 210 4820 res
239 4739 463 4807 sonant,
488 4753 716 4797 'cutnex
738 4740 928 4797 eodem
959 4743 1224 4813 Anonymi
1266 4741 1617 4814 fragmentum
1645 4741 1709 4796 de

127 4821 616 4914 Terminalibus
640 4829 916 4903 proferunt
937 4872 952 4888 .
973 4833 1068 4888 Hie
1093 4845 1267 4914 autem
1293 4835 1460 4889 codex
1484 4849 1536 4888 in
1562 4833 1706 4904 ejus-

126 4923 248 4985 seu
271 4911 582 4984 ilonasterii
616 4925 932 4983 bibliotheca
955 4927 1209 4983 hactenus
1229 4911 1547 4992 custoditus,
1569 4944 1702 4996 prae-

127 5028 206 5077 ter
231 5034 396 5092 quam
423 5017 567 5089 quod
598 5019 913 5074 recentioris
943 5019 1110 5074 multo
1138 5029 1222 5074 est
1246 5020 1420 5075 aetatis
1448 5021 1700 5095 (scriptus

123 5105 266 5172 enim
301 5100 404 5170 fuit
432 5104 636 5168 seculo
659 5108 774 5181 xv)’,
807 5101 1103 5167 editoribus
1152 5112 1289 5167 adeo
1330 5113 1551 5167 modico
1587 5111 1706 5167 ιιδυί

123 5205 288 5263 fuisti
324 5197 754 5275 deprehenditur
775 5242 792 5269 ,
846 5213 903 5258 ιιι
933 5197 1097 5280 pauca.
1123 5203 1366 5272 quaedam
1400 5203 1513 5258 loca
1535 5245 1551 5272 ,
1575 5219 1704 5274 qua:

121 5287 176 5350 iit
391 5287 631 5350 editione
655 5293 808 5348 erant
829 5290 1253 5362 corruptiSsima,
1273 5290 1559 5350 emendare
1576 5309 1701 5348 con-

125 5383 280 5450 tenti,
303 5385 358 5436 in
383 5374 507 5436 aliis
532 5372 640 5436 nun
681 5380 860 5440 solum
890 5381 1023 5434 nihil
1048 5379 1400 5448 confecerint,
1450 5384 1546 5438 sed
1578 5400 1698 5439 cum

393 5460 590 5542 edendi
633 5468 898 5524 rationem
940 5465 1247 5524 imitandam
1297 5471 1696 5540 priesdtuerint,

119 5576 220 5633 qu
243 5545 572 5632 fuerant
593 5560 652 5626 ii,
673 5561 766 5632 qui
822 5557 924 5615 sub
952 5555 1204 5629 auspiciis
1233 5552 1369 5614 Six'ti
1395 5563 1458 5627 V,
1483 5561 1540 5618 S.
1570 5563 1697 5618 Am-
1727 5602 1734 5606 -

119 5643 282 5722 hodi
305 5635 473 5724 «ipsis
502 5639 676 5723 nuper
713 5641 1000 5707 ediderant
1026 5637 1164 5722 (haec
1192 5663 1370 5704 autem
1397 5642 1700 5721 cujusmodi

125 5737 576 5816 fmilﬁ'mnibus
594 5741 774 5801 doctis
801 5740 938 5796 viris
971 5741 1081 5811 jam
1110 5751 1294 5796 notum
1318 5749 1402 5799 est
1447 5749 1607 5813 atque
1631 5759 1698 5799 ex

231 5961 256 5972 η

167 6055 388 6069 α..-ἀ...-,.-
415 6059 442 6069 Α
495 6047 946 6070 -ε-μιιιζομιξιθσβ-ι·-σ

1818 4655 1952 4725 tigit,
1977 4653 2280 4709 utMarchio
2305 4652 2481 4721 Scipio
2508 4649 2745 4706 Madeius
2786 4644 2944 4704 totius
2985 4649 3256 4704 litterariae
3283 4640 3392 4706 rei?
3425 4717 3429 4722 ξ

1816 4745 2042 4815 publica:
2063 4733 2226 4800 decus
2247 4741 2623 4808 clarissimum,
2654 4740 2919 4796 eruditum
2960 4741 3062 4796 iter
3087 4741 3137 4794 in
3159 4740 3382 4798 Galliam

1813 4836 2127 4907 susciperet.
2184 4835 2330 4891 tlanc
2373 4850 2498 4905 ergo
2558 4835 2893 4889 occasionem
2933 4829 3398 4903 peropportunam-
3475 4864 3484 4874 -

1812 4912 1997 4983 rati'in
2041 4944 2190 5000 spem
2237 4928 2476 4982 venimus
2508 4925 2618 4980 fore
2640 4969 2653 4991 ,
2687 4936 2743 4980 ut
2769 4926 2858 4980 ille
2887 4925 3053 5004 codex
3079 4940 3238 4996 quam
3258 4925 3379 4980 dili-

1808 5022 2120 5092 gentissime
2140 5019 2475 5076 conferretur
2497 5035 2616 5073 cum
2643 5019 2816 5079 editis,
2848 5018 3075 5088 indeque
3113 5018 3351 5074 variante

1803 5101 2062 5169 lectiones
2081 5121 2346 5168 accietera
2363 5121 2546 5167 notatu
2565 5112 2717 5180 digna
2736 5110 3180 5191 describerentur.
3200 5106 3382 5182 Itaque
3479 5132 3486 5140 '

1807 5207 2074 5261 litteratus
2097 5206 2185 5261 ille
2229 5207 2453 5260 eximius
2477 5208 2819 5272 omniumque
2847 5202 3149 5271 politiorum
3179 5198 3373 5258 artium
3419 5261 3423 5264 ,

1805 5312 1869 5352 ac
1892 5297 2290 5363 disciplinarum
2315 5295 2486 5350 fautor
2516 5285 3008 5364 prmstautissimus‘,
3038 5307 3100 5346 ac
3121 5291 3178 5348 S.
3205 5282 3376 5350 Zeno-

1808 5387 1891 5440 nis
1915 5384 2157 5456 apprime
2186 5374 2486 5449 studiosus;
2516 5385 2600 5437 cui
2631 5380 2874 5437 nOStrnm'
2895 5379 3377 5441 consilium-maxi-
3415 5450 3417 5452 η
3470 5397 3474 5404 ‘
3531 5391 3543 5399 '

1805 5495 1891 5549 me
1911 5475 2252 5548 probabatur,
2268 5491 2386 5532 cum
2410 5476 2672 5530 Lutetiam
2689 5474 3022 5529 Parisiorum
3037 5470 3374 5547 accessisset,
3430 5523 3451 5538 ,-
3548 5492 3549 5495 ‘

1804 5565 1911 5638 egit
1937 5567 2113 5622 statim
2137 5572 2260 5622 cum
2289 5561 2446 5622 docto
2474 5575 2527 5620 et
2553 5553 2814 5638 pernobili
2831 5566 2944 5621 viro
2968 5565 3172 5634 Joanne
3195 5560 3377 5627 Le'm:
3434 5566 3443 5572 ’

1803 5674 1925 5728 ques
1945 5658 2009 5710 de
2033 5648 2292 5737 Burigiig;
2319 5660 2361 5713 is
2379 5657 2556 5719 autem
2580 5671 2700 5712 cunt
2721 5644 2783 5712 Ῑ).
2805 5645 3091 5714 Franciseo
3118 5647 3376 5733 lla'illefcr

1805 5751 1834 5802 a
1865 5739 2514 5828 Biblioth‘e'caﬁemensis
2543 5737 2877 5826 monasterii,
2907 5739 3109 5821 ut-éum
3136 5741 3375 5811 codicem
3413 5764 3434 5802 ε
