3826 6226
453 266 520 325 15
1875 250 2409 313 l’llOLEGOMENA.
3674 251 3735 308 ili

452 370 963 448 liceret‘inspicere;
1010 381 1209 431 etcum
1237 371 1352 442 ejus
1384 365 1592 439 legendi
1620 368 2043 437 perhumanissi-
2072 372 2117 431 Α
2149 372 2209 427 S.
2247 372 2502 444 Remigio.
2533 371 2657 427 "me
2682 370 2973 441 descriptio
3002 369 3224 426 codicis.

455 492 541 533 me
592 473 724 529 facta
766 471 951 526 fuisset
992 466 1250 528 facultas,
1300 462 1540 519 Mail‘eius
1591 472 1796 527 no~ter,
1848 462 2041 518 eodem

456 569 663 625 Joanne
706 561 975 619 cantiOni
1020 574 1175 630 opem
1206 556 1413 612 ferente
1440 600 1452 619 ,
1483 556 1756 610 variantes
1786 556 2044 610 lectiones

457 661 665 730 aliaque
706 655 1045 710 eonsideratu
1095 652 1253 721 digna
1302 664 1509 705 summa
1538 665 1660 729 cuni
1707 649 1984 720 diligentia
2014 665 2044 702 e

457 753 641 808 codice
671 747 989 818 descripsit,
1022 760 1085 801 ac
1130 754 1190 799 ut
1236 744 1466 814 primum
1511 741 1775 799 Veronam
1828 744 2047 813 repetiit

459 845 635 899 omnia
668 841 821 897 nobis
844 837 1288 905 communicavit,
1322 846 1377 891 et
1403 845 1461 891 ut
1488 839 1637 907 operi
1670 836 1886 892 tandem
1932 852 2045 890 ma-

460 951 560 991 nus
603 935 1033 1004 imponeremns,
1067 930 1267 985 acriter
1311 931 1549 999 impulit.
1580 930 1695 991 Dici
1748 932 1837 985 vix
1867 938 2046 1001 potest

462 1043 565 1097 qua
594 1026 871 1080 alacritate
898 1022 1201 1092 depositum
1243 1036 1305 1077 ac
1354 1022 1519 1077 ferme
1549 1022 1813 1092 ahjectum
1838 1021 2044 1092 jamdiu

458 1134 592 1189 opus
613 1119 788 1172 statim
817 1115 1171 1184 suscepimus.
1198 1114 1345 1168 Alios
1364 1114 1595 1181 codices,
1613 1114 1702 1185 qui
1729 1115 1828 1169 etsi
1858 1129 2046 1170 recen-

461 1211 643 1275 tiores,
670 1224 776 1263 non
798 1207 929 1262 nihil
956 1217 1131 1261 tamen
1155 1206 1449 1275 adjumeuti
1474 1207 1769 1277 smpissimc
1790 1206 2043 1272 afferunt,

456 1319 581 1359 mox
611 1302 736 1356 hinc
764 1308 925 1370 atque
949 1299 1073 1355 hinc
1103 1298 1486 1370 exquirendas,
1519 1310 1572 1354 et
1593 1314 1714 1354 cum
1740 1299 1896 1355 editis
1918 1316 2045 1354 eon-

467 1397 717 1454 fereudos
738 1396 1043 1451 curavimus
1069 1410 1083 1459 ;
1119 1393 1494 1463 fortunateque
1516 1393 1732 1461 accidit,
1777 1402 1834 1447 ttt
1862 1393 2045 1447 multis

461 1491 582 1546 huic
598 1489 818 1562 editioni
842 1487 1166 1554 faventibus,
1184 1486 1317 1541 alios
1329 1497 1450 1541 octo
1474 1501 1577 1540 non
1598 1484 1794 1540 infima:
1809 1486 2046 1555 plerum-

458 1599 565 1654 que
596 1592 734 1639 notae
764 1582 932 1636 libros
969 1590 1163 1650 praeter
1188 1594 1402 1634 omnem
1442 1593 1593 1648 spem
1621 1578 1848 1633 collatos
1888 1593 2044 1635 acce-

447 1679 697 1747 perimus
737 1676 899 1730 variis
937 1689 1004 1729 ex
1037 1672 1299 1743 partibus,
1332 1675 1419 1742 qui
1451 1687 1573 1727 cum
1626 1686 1876 1742 magnum
1923 1671 2046 1727 huic

2222 465 2285 519 V.
2328 465 2477 521 Nunc
2522 466 2589 521 de
2634 466 2838 521 eodicis
2883 465 3286 535 auliquitale-et
3334 466 3642 534 prmstantia
3686 478 3739 519 ιιι

2150 574 2256 614 non
2290 559 2435 614 nulla
2463 558 2960 614 animadvertamus
2981 601 2995 624 ,
3029 558 3272 614 rubricas
3300 559 3558 630 quasdam
3602 575 3739 614 mar-

2148 653 2355 722 ginales
2406 652 2611 722 aliquot
2665 651 2984 708 tractatibus
3037 652 3255 723 antiqua
3287 695 3302 717 ,
3359 653 3452 708 sed
3508 653 3738 708 secunda

2150 735 2321 798 manu
2352 745 2623 814 appositas
2664 743 3012 799 considerare
3057 746 3287 799 maxime
3332 745 3591 813 interest,
3624 740 3748 816 qnae'

2149 836 2250 890 etsi
2284 835 2397 890 suis
2437 838 2663 907 quaeque
2716 836 2848 891 locis
2882 837 2950 904 _in
3000 836 3263 908 subjectis
3312 837 3741 894 adnotationibus

2152 928 2527 984 recitabuntur
2577 928 3135 997 explicabuntnrque.
3186 944 3371 985 earum
3428 941 3604 987 tamen
3659 931 3743 988 hic

2158 1020 2460 1091 catalogum
2494 1021 2665 1076 oculis
2695 1022 2931 1090 objicere
2953 1062 2967 1085 ,
3002 1028 3058 1076 et
3097 1030 3304 1093 gratum
3333 1022 3623 1079 lectoribus
3648 1067 3662 1090 ,
3693 1035 3740 1081 et

2151 1122 2337 1169 nostro
2387 1115 2616 1169 consilio
2672 1117 2902 1186 perutile
2945 1115 3179 1171 futurum
3225 1125 3493 1185 putamus.
3546 1118 3639 1175 lite
3670 1120 3744 1173 ni-

2153 1206 2347 1260 mirum
2378 1206 2645 1276 ejusmodi
2689 1216 2845 1275 snnt,
2882 1217 2941 1262 ut
2971 1223 3094 1262 eum
3147 1209 3387 1265 codicem
3412 1254 3428 1277 ,
3461 1221 3741 1282 antequam

2151 1298 2205 1353 in
2234 1299 2507 1355 Hincmari
2540 1299 2824 1356 Remensis
2854 1316 3045 1356 manus
3074 1304 3318 1369 veniret,
3350 1303 3417 1359 ad
3449 1304 3741 1360 Ecclesiam

2150 1393 2518 1450 Veronensem
2549 1396 2875 1465 pertinuisse
2904 1437 2917 1463 ,
2949 1396 3175 1466 ejusque
3220 1396 3271 1451 iu
3316 1412 3413 1451 usu
3463 1398 3602 1453 inter
3646 1414 3742 1469 pu-

2136 1485 2288 1566 ‘blica
2319 1486 2688 1563 ecclesiastica
2736 1487 2917 1543 officia
2942 1488 3146 1558 jamdiu
3194 1487 3361 1544 fuisse
3408 1490 3743 1562 exploratum

2151 1575 2385 1644 faciant,
2437 1578 2579 1648 quod
2624 1577 2692 1634 ad
2737 1580 3225 1637 commendandam
3274 1582 3499 1653 hujusce
3544 1572 3743 1639 eodicis

2150 1671 2524 1743 antiquitatem
2548 1714 2562 1738 ,
2595 1672 2971 1745 originemque
2994 1674 3491 1745 praestantissimam
3520 1674 3743 1733 demon-

459 1768 682 1827 cditioui
708 1768 871 1823 decus
891 1766 1123 1821 addituri
1146 1762 1289 1832 sunt,
1316 1774 1427 1820 tum
1451 1774 1693 1820 nostrum
1725 1767 1776 1820 iu
1801 1782 1865 1822 ea
1896 1765 2048 1820 navi-
2077 1769 2124 1829 Β
2152 1763 2426 1818 strandam
2457 1764 2747 1845 plttrimum
2797 1764 3026 1820 confert.
3081 1767 3183 1822 Eas
3228 1777 3407 1821 autem
3442 1777 3597 1822 uetas
3642 1782 3743 1821 non

460 1871 540 1917 ter
577 1858 890 1916 elaborandi
939 1857 1176 1913 studium
1215 1858 1522 1913 incitarunt.
1558 1858 1653 1913 llic
1683 1868 1861 1912 autem
1890 1868 2042 1913 ante-

457 1972 616 2025 quam
662 1956 926 2022 dicimus,
958 1954 1083 2025 quid
1117 1969 1212 2024 per
1242 1968 1340 2008 nos
1363 1955 1660 2023 praestitum
1698 1953 1789 2018 sit,
1822 1954 1891 2008 de
1915 1953 2044 2024 ipsis

455 2049 754 2111 codicibus,
784 2045 843 2102 ut
869 2061 1059 2101 omnes
1084 2045 1277 2101 eruditi
1305 2043 1451 2100 hiSce
1470 2046 1522 2099 in
1553 2045 1805 2115 operibus
1825 2042 2042 2100 deside-

460 2156 581 2196 rare
606 2141 801 2206 solent,
852 2138 1081 2194 dicenda
1108 2147 1231 2192 sunt
1260 2137 1437 2208 aliqua
1470 2154 1483 2191 :
1515 2152 1744 2205 cumque
1774 2138 1913 2193 inter
1945 2136 2046 2192 hos

460 2235 863 2305 antiquissimus
886 2233 1164 2288 Remeusis
1195 2232 1358 2287 totius
1373 2232 1587 2285 fabricae
1611 2232 1815 2286 futurus
1837 2231 1908 2285 sit
1934 2231 2047 2286 vel-

460 2329 535 2383 uti
578 2327 720 2383 basis
760 2340 825 2381 ac
853 2325 1257 2381 fundamentum
1284 2367 1299 2391 ,
1345 2324 1728 2380 accuratiorem
1780 2325 1898 2394 ejus
1952 2324 2047 2379 de-

458 2423 805 2497 scriptionem
834 2422 885 2476 in
910 2421 1099 2491 primis
1130 2418 1486 2475 exhibendam
1518 2419 1674 2473 nobis
1701 2434 1821 2477 esse
1847 2417 2046 2473 intelli-

457 2518 652 2587 gimus.
904 2570 911 2579 ,
961 2500 966 2505 ’
1755 2508 1780 2547 ³
1836 2598 1839 2601 Δ

528 2605 616 2664 Ν.
658 2608 819 2663 Liber
846 2616 927 2663 est
956 2608 1402 2663 membranaceus
1446 2609 1495 2662 in
1527 2607 1657 2663 folio
1703 2610 2047 2688 ραι-γονιιεί-

458 2717 647 2758 narum
689 2702 825 2766 HO,
853 2701 1161 2757 charactere
1183 2700 1248 2755 ad
1277 2690 1717 2773 typographicum
1756 2704 2047 2760 accedente

366 2785 372 2791 ’
459 2794 723 2865 scriptus,
752 2808 815 2848 ac
842 2793 1037 2863 duplici
1086 2809 1276 2859 manu,
1308 2808 1535 2863 quarum
1576 2796 1740 2850 altera
1773 2804 1941 2851 totum
1983 2798 2045 2851 li-

459 2887 612 2942 brum
642 2891 907 2958 primum,
937 2894 991 2941 et
1041 2887 1165 2940 item
1218 2888 1511 2941 secundum
1561 2902 1729 2957 usque
1776 2889 1839 2943 ad
1890 2897 2045 2945 tract.

459 2996 568 3035 xxx
587 3022 602 3046 ,
631 2980 837 3035 latioris
864 2970 1110 3035 diametri
1137 2979 1332 3034 litteris
1375 2980 1696 3050 descripsit,
1730 2985 1894 3040 altera
1923 3000 2049 3041 vero

459 3072 655 3129 litteris
702 3072 945 3127 diametri
987 3073 1144 3142 paulo
1173 3074 1500 3143 angustioris
1526 3075 1760 3143 reliquos
1793 3085 2049 3133 tractatus

461 3165 711 3223 undecim
739 3164 988 3236 subjecit.
1022 3165 1202 3219 Primo
1228 3164 1354 3219 folio
1383 3164 1692 3234 majnsculis
1722 3176 1777 3223 et
1801 3170 2052 3240 graudio-
2078 3152 2123 3214 Ο

459 3253 830 3313 ribus‘litteris
865 3257 978 3311 haec
1006 3258 1166 3311 verba
1197 3257 1452 3325 inscripta
1483 3259 1732 3328 leguntur
1760 3278 1772 3313 :
1804 3260 2055 3316 Hincma-

461 3365 552 3402 rus
581 3348 1007 3418 Archiepiscopus
1050 3348 1193 3402 dedit
1234 3349 1430 3403 Sancto
1471 3350 1702 3422 Remigio
1729 3368 1748 3406 :
1774 3354 1843 3408 ita
1874 3362 2054 3409 tamen

462 3449 526 3495 ut
549 3440 655 3496 duo
681 3442 852 3511 prima
880 3442 1042 3497 verba
1070 3442 1325 3511 inscripta
1357 3442 1552 3499 fuerint
1578 3444 1643 3499 ad
1671 3447 1829 3502 unius
1850 3448 2054 3520 paginae

465 3547 647 3589 vacua:
672 3534 896 3599 calcem,
929 3534 1029 3589 tria
1057 3549 1184 3590 vero
1225 3536 1429 3606 reliqua
1460 3537 1525 3591 ad
1556 3538 1758 3593 calcem
1790 3541 2012 3597 alterius
2036 3584 2052 3609 ,

462 3642 583 3697 qua:
615 3642 645 3681 e
672 3628 891 3698 regione
919 3628 1091 3697 posita
1120 3636 1172 3682 et
1213 3628 1408 3698 scripta
1439 3630 1713 3695 cernitur;
1761 3633 2055 3704 eademque

462 3719 693 3775 formula
738 3718 929 3775 eodem
972 3718 1284 3775 charactere
1312 3734 1374 3774 ac
1406 3720 1456 3774 in
1498 3722 1740 3777 eamdem
1792 3726 2051 3779 rationem

462 3822 654 3883 quater
681 3812 905 3881 repetita
936 3811 1063 3866 alibi
1100 3811 1295 3882 legitur
1318 3853 1331 3877 ,
1367 3812 1615 3868 nimirum
1652 3823 1733 3869 ter
1772 3817 1822 3870 iu
1872 3819 2055 3887 operis

462 3903 731 3971 decursu,
765 3911 1091 3973 postremum
1139 3904 1191 3957 in
1228 3904 1352 3959 ﬁne.
1389 3905 1443 3958 In
1491 3905 1665 3962 fronte
1709 3908 1827 3964 libri
1861 3926 2052 3965 recen-

467 3995 589 4048 tiori
612 4008 770 4047 manu
794 4002 849 4048 et
869 3995 1165 4049 minoribus
1186 3993 1378 4051 litteris
1404 3996 1518 4052 hmc
1538 4000 1735 4069 scripta
1758 4011 2049 4070 apparent:

466 4083 620 4138 Liber
663 4082 843 4139 Sancti
896 4071 1125 4153 Remigii
1160 4086 1423 4140 Remensis
1453 4089 1553 4141 vol.
1602 4092 1729 4143 xxxi
1756 4132 1771 4155 ,
1825 4103 1881 4146 et
1928 4093 2079 4148 dein

431 4175 571 4230 'alia
592 4215 608 4239 ,
639 4189 702 4230 ac
725 4174 864 4229 forte
892 4177 1169 4230 vetustiori
1203 4192 1361 4232 manu
1387 4197 1401 4232 :
1432 4178 1643 4233 Librum
1672 4182 1851 4237 Sancti
1882 4184 2053 4238 Remi-

467 4270 541 4342 gii
569 4269 657 4335 qui
676 4268 719 4321 ei
749 4269 1010 4322 abstulerit
1035 4311 1050 4331 ,
1082 4273 1352 4324 onathenta
1373 4273 1459 4327 sit.
1488 4274 1749 4329 Prtttcedit
1777 4295 1941 4333 sermo
1973 4298 2054 4335 ve-

462 4359 713 4415 herabilis
739 4358 980 4415 Coronati
1007 4362 1192 4417 natarii
1223 4363 1286 4416 de
1320 4362 1440 4417 Vita
1464 4364 1522 4419 S.
1558 4366 1802 4441 Episwpi
1833 4381 1879 4423 et
1922 4370 2055 4427 Con-

469 4442 680 4531 fessoris
723 4450 979 4518 Zenonis,
1004 4468 1163 4522 quatn
1210 4455 1351 4508 inter
1394 4470 1739 4514 monumenta
1769 4463 2048 4531 dabimus;

468 4552 525 4601 et
553 4546 605 4597 in
636 4543 794 4612 hujus
825 4543 930 4597 line
956 4544 1123 4599 altera
1157 4546 1550 4618 posterioriquc
1580 4567 1741 4607 manu
1768 4555 2007 4611 additum
2042 4577 2054 4613 ε
2089 4541 2138 4599 Ῐ)

469 4636 764 4691 Translatio
792 4635 905 4703 ejus
929 4645 1128 4690 restat:
1158 4640 1469 4709 quteyerha
1499 4644 1900 4700 translationem
1930 4664 2058 4704 cor-

470 4730 619 4801 poris
666 4728 722 4784 S.
770 4724 1002 4781 Zenonis
1048 4744 1187 4782 nono
1239 4730 1438 4785 saeculo
1486 4732 1704 4790 ineunte
1753 4747 2057 4806 peractam,

472 4836 575 4877 nec
600 4836 629 4874 a
658 4820 930 4877 Coronato
961 4825 1011 4876 in
1045 4823 1149 4878 v‘ita
1177 4824 1501 4896 descriptam
1533 4831 1822 4887 insinuant.
1870 4835 2059 4905 Sequi-

474 4928 561 4972 tur
587 4919 865 4988 inscriptio
890 4918 1172 4975 Zezoniani
1216 4924 1396 4990 Operis
1428 4924 1510 4979 his
1538 4927 1751 4982 verbis:
1793 4929 2060 4987 Tractatns

475 5011 535 5067 S.
570 5010 789 5067 Zenonis
828 5011 1132 5068 Veronensis
1167 5013 1429 5086 Episcopi.
1464 5017 1745 5075 Tractatns
1789 5032 1969 5077 autem
2005 5026 2055 5078 iu

474 5101 609 5157 duos
636 5102 1094 5176 librosdispertit't
1141 5116 1299 5174 sunt,
1331 5109 1546 5175 praefixa
1594 5112 1819 5181 singulis
1866 5124 2059 5169 tracta-

380 5222 393 5241 τ
476 5203 624 5248 tuum
664 5189 867 5252 tabula.
914 5197 1125 5261 Primus
1168 5201 1409 5256 continet
1448 5212 1616 5257 ctract.
1650 5204 1754 5267 δὲ,
1788 5207 2058 5262 secundus

474 5298 651 5342 autem
682 5290 739 5342 ιι
765 5330 781 5355 ,
813 5290 1112 5362 exquibus
1138 5292 1383 5347 undecim
1418 5298 1669 5364 postremi
1698 5297 1803 5351 alio
1836 5301 2059 5355 minoris

480 5380 723 5438 diametri
762 5382 1071 5439 charactere
1112 5385 1181 5439 ab
1207 5387 1313 5441 alio
1335 5389 1613 5456 posteriori
1643 5393 1907 5459 scriptore
1936 5395 2065 5449 sub-

478 5472 603 5538 jecti
648 5474 795 5531 fuere
817 5517 832 5541 ,
862 5487 921 5531 ut
949 5493 1092 5531 nunc
1135 5495 1306 5548 nuper
1333 5483 1657 5537 monuimus.
1690 5484 1851 5539 Tituli
1885 5496 2061 5538 autent

492 5550 775 5653 lnajusculo
804 5566 1071 5635 rubroqne
1100 5568 1408 5624 charactere
1451 5571 1645 5640 depicti
1692 5583 1835 5627 sunt.
1871 5574 1925 5627 In
1960 5574 2064 5629 line

535 5660 657 5707 'tem
687 5655 887 5711 co’dicis
917 5672 1215 5713 memorata
1262 5661 1469 5715 notatio
1511 5662 1706 5718 litteris
1750 5666 2062 5735 majuscnlis

614 5756 731 5798 eSs'a
777 5745 970 5818 legitur
1017 5765 1029 5800 2
1089 5746 1395 5804 Hincmarns
1451 5750 1863 5824 archiepiscopus
1920 5758 2061 5810 dedit

2149 1870 2247 1925 pro
2292 1862 2614 1910 tractatuum
2637 1897 2653 1923 ,
2682 1857 2876 1926 quibus
2902 1855 3076 1912 aftixae
3119 1868 3243 1912 sunt
3267 1901 3281 1924 ,
3314 1859 3488 1922 serie.
3522 1858 3620 1914 sed
3655 1874 3748 1929 pro

2146 1946 2403 2005 festorum
2430 1965 2494 2004 ac
2523 1949 2774 2006 feriarum
2798 1991 2812 2013 ,
2845 1951 2895 2004 in
2924 1951 3119 2019 quibus
3139 1953 3344 2022 aliquot
3367 1951 3609 2007 Zenonis
3643 1962 3744 2006 tra-

2146 2049 2321 2095 ctatus
2351 2041 2491 2096 inter
2520 2057 2671 2097 sacra
2718 2040 2894 2097 ofﬁcia
2934 2044 3192 2098 recitandi
3225 2053 3479 2099 notantur
3501 2088 3516 2111 ,
3553 2043 3742 2098 ordine

2147 2113 2537 2200 describenius,
2564 2134 2813 2190 indicatis
2842 2136 3173 2200 tractatibus,
3198 2137 3392 2207 quibus
3416 2137 3635 2195 easdem
3650 2152 3744 2191 suo

2148 2225 2267 2283 loco
2297 2227 2567 2297 sulijectas
2595 2240 2650 2284 et
2700 2232 3104 2285 commentariis
3154 2233 3448 2288 illustratas
3478 2233 3738 2289 invenies.

2218 2317 2499 2373 Tractatns
2526 2336 2619 2385 ιιι,
2654 2320 2745 2374 lib.
2785 2337 2855 2389 ιι,
2884 2322 2999 2378 h.re
3022 2322 3088 2376 ad
3118 2324 3411 2395 marginem
3441 2324 3605 2380 habet
3633 2343 3646 2380 :
3678 2324 3743 2379 In

2300 2412 2483 2466 Natali
2512 2412 2716 2467 Domini
2743 2416 2989 2483 fratribus
3035 2417 3249 2489 legenda
3274 2419 3331 2473 in
3369 2419 3604 2475 cubiculo
3630 2429 3742 2491 post

2296 2506 2629 2583 diaconorttm
2655 2509 3022 2577 ingressionem
3050 2521 3167 2565 ante
3192 2513 3504 2581 pontiﬁcem.

2222 2596 2507 2652 Tractatns
2538 2615 2631 2653 χιιι
2657 2642 2671 2665 ,
2700 2600 2793 2655 lib.
2828 2617 2879 2655 ιε
2917 2598 2984 2654 In
3009 2611 3187 2657 octava
3211 2602 3446 2671 Domini,
3482 2605 3743 2676 pontiﬁcis

2295 2708 2430 2745 nona
2458 2692 2626 2746 lectio.

2224 2785 2503 2839 'l‘raetatus
2528 2802 2669 2841 Lxxn
2693 2828 2706 2850 ,
2738 2785 2830 2842 lib.
2864 2804 2898 2841 ιι
2927 2805 2938 2841 :
2972 2788 3194 2844 Sabbato
3226 2790 3392 2859 primo
3421 2791 3575 2860 primi
3606 2808 3741 2845 men-

2294 2880 2364 2932 sis
2394 2895 2565 2932 coram
2612 2878 2867 2949 Ponti/ire
2895 2891 3013 2935 ante
3044 2865 3417 2947 processionem
3454 2886 3741 2941 recitando.

2224 2969 2505 3023 Traclattts
2533 2987 2635 3024 xxx
2666 2988 2679 3024 :
2712 2969 2775 3024 In
2806 2973 2973 3041 printo
2995 2974 3224 3044 symbolo
3252 2976 3303 3028 in
3325 2976 3538 3030 amboue
3558 2993 3590 3030 a
3615 2993 3743 3047 pon-

2300 3065 2435 3133 tiﬁce
2464 3066 2635 3133 pueris
2660 3066 2945 3120 recitando.

2229 3156 2506 3213 'l‘racmtns
2539 3174 2701 3215 xxxvi
2735 3177 2747 3211 :
2793 3158 3077 3213 Recitando
3120 3160 3294 3232 pueris
3324 3170 3442 3216 ante
3483 3162 3737 3233 baptisma

2300 3267 2331 3302 a
2356 3250 2613 3320 pontiﬁce.

2229 3340 2511 3396 Tractatns
2542 3358 2743 3397 xxxvttt
2775 3360 2788 3396 ε
2826 3342 2889 3396 In
2928 3344 3120 3414 pascha
3146 3346 3319 3415 pueris
3350 3355 3464 3416 post
3494 3345 3745 3418 baptisma

2300 3454 2330 3489 a
2362 3436 2605 3506 pontiﬁce
2633 3437 2916 3491 recitando.

2229 3530 2510 3585 Tractatns
2535 3546 2602 3584 ιγ
2628 3548 2639 3582 :
2676 3529 2743 3584 In
2773 3531 3014 3599 paschale
3040 3549 3214 3586 coram
3255 3534 3496 3603 ponti/ire
3522 3534 3577 3589 in
3610 3536 3747 3589 cubi-

2305 3622 2421 3675 culo
2452 3622 2714 3675 recitando
2738 3632 2849 3692 post
2876 3623 3211 3704 diaconornm
3238 3626 3607 3695 ingressionem
3638 3629 3747 3697 ipso

2303 3716 2384 3771 die
2417 3717 2694 3786 paschalis.

2230 3811 2507 3866 Tractatns
2546 3827 2697 3865 va:
2742 3811 3026 3867 Recitanda
3070 3816 3125 3868 in
3163 3824 3411 3870 conventu
3456 3832 3489 3869 a
3534 3816 3749 3870 diacone

2300 3903 2410 3973 ipso
2441 3904 2523 3957 die
2550 3906 2755 3975 poschte
2804 3921 2975 3959 coram
3007 3907 3285 3977 pontiﬁce,
3330 3918 3601 3976 postquam
3644 3908 3749 3976 ipse

2302 4014 2417 4049 cum
2444 3998 2742 4051 diaconibus
2763 4015 2794 4051 o
2817 4000 3053 4053 cubiculo
3089 4002 3498 4058 descenderit?“
3536 4003 3745 4067 sederit,

2303 4092 2547 4159 porrectis
2568 4092 2844 4145 secundum
2874 4110 3065 4147 morem
3112 4094 3259 4149 malis
3306 4111 3421 4149 cum
3462 4112 3595 4166 pace
3621 4110 3754 4167 pra:-

2300 4182 2419 4234 stita
2434 4183 2624 4236 dicente
2639 4185 2879 4252 pontiﬁce
2900 4185 3171 4241 :Surrexit
3196 4185 3449 4243 Christus.
3480 4188 3520 4258 ἢ
3544 4229 3559 4244 .
3592 4189 3709 4243 aliis
3735 4203 3751 4241 :

2304 4277 2368 4332 Et
2395 4279 2472 4333 itt.

2230 4368 2508 4423 Tractatns
2540 4386 2665 4424 XLIV
2694 4388 2705 4423 :
2738 4371 2780 4424 Α
2798 4371 3106 4427 subdiacono
3131 4374 3183 4426 in
3210 4373 3424 4428 ambone
3448 4374 3743 4440 recitando,

2301 4463 2421 4515 dum
2464 4480 2577 4517 cum
2606 4464 2853 4532 fratribus
2902 4468 3131 4535 pontifex
3170 4468 3222 4520 in
3252 4480 3498 4523 conventu
3548 4472 3750 4524 sederit.

2238 4551 2521 4612 Tractatns
2550 4575 2618 4613 ιιι
2646 4576 2658 4611 :
2695 4558 2935 4614 Secunda
2977 4561 3107 4631 ferio
3138 4563 3395 4630 paschatis
3424 4565 3477 4616 in
3506 4575 3755 4619 conventu

2309 4650 2553 4719 fratribus
2583 4666 2753 4703 coram
2782 4654 3019 4722 pontiﬁce
3039 4654 3303 4708 recitando
3323 4666 3440 4709 ante
3460 4661 3752 4711 stationem.

2237 4740 2518 4796 Tractatns
2550 4758 2673 4796 thtt
2700 4761 2714 4798 :
2747 4744 2825 4795 Ad
2856 4746 2913 4800 S.
2952 4745 3271 4813 Stephanum
3296 4749 3364 4802 ad
3394 4761 3648 4821 martyres
3674 4768 3754 4805 se-

2307 4837 2474 4887 cundo
2506 4836 2634 4905 feria
2661 4835 2865 4904 paschte
2890 4838 3104 4907 legendo
3133 4839 3185 4891 in
3211 4839 3452 4903 amboue,
3485 4853 3755 4911 antequam

2312 4929 2542 4996 pontifex
2570 4930 3006 4999 consignationent
3050 4932 3211 4985 sancti
3236 4932 3467 5004 Spiritus
3503 4935 3757 4990 celebrare

2316 5022 2547 5087 incipiat.
3198 5034 3199 5037 “

2236 5113 2517 5167 Tractatns
2545 5131 2576 5168 L
2606 5133 2618 5169 :
2653 5114 2822 5170 Tertia
2853 5118 2985 5187 feria
3013 5122 3216 5187 pascha:
3235 5121 3288 5174 in
3308 5133 3560 5177 conventu
3582 5123 3757 5194 fratri-

2241 5200 2253 5215 ’
2309 5207 2398 5258 bus
2421 5222 2592 5259 coram
2626 5210 2863 5278 pontiﬁce
2885 5212 3148 5266 recitando
3176 5225 3294 5267 ante
3319 5214 3611 5268 stationem.

2241 5297 2522 5353 Tractatns
2569 5316 2616 5354 LI
2649 5318 2661 5352 :
2692 5300 2760 5355 In
2790 5302 3031 5373 paschale
3054 5316 3237 5376 quarta
3274 5306 3406 5374 feria
3425 5307 3480 5359 in
3506 5316 3755 5362 conventu

2311 5389 2584 5459 fratribus,
2610 5400 2715 5446 etc.
2737 5435 2751 5459 ,
2781 5406 2835 5448 ut
2862 5396 2912 5449 in
2940 5398 3203 5465 superiori
3233 5398 3465 5453 rubrica.

2240 5481 2519 5537 Tractatns
2549 5502 2685 5539 xt.vu
2711 5504 2722 5538 :
2760 5487 2951 5554 Quinta
2982 5491 3110 5557 feria
3141 5490 3347 5558 pascha:
3381 5492 3437 5543 in
3466 5505 3715 5547 conventu
3739 5535 3751 5557 ,

2310 5585 2411 5629 etc.
2434 5618 2446 5639 ,
2476 5585 2534 5630 nt
2556 5595 2735 5646 supra.

2239 5667 2517 5723 Tractatns
2550 5687 2695 5724 xxxv
2730 5691 2740 5722 :
2777 5673 3059 5725 Recitanda
3089 5674 3258 5741 pueris
3287 5683 3403 5728 ante
3426 5676 3689 5746 baptisma
3724 5694 3755 5729 α

2307 5762 2546 5829 pontiﬁce
2577 5762 2626 5812 in
2666 5759 2977 5818 Pentecoste.
