3826 6226
150 256 230 311 17

1377 301 1383 307 .
1401 249 1959 309 BALLERINIORUM
2003 251 2383 310 PR/EFATIO.
3400 252 3469 309 18

238 370 531 427 Tractatth
561 390 670 428 cxx
705 390 717 424 :
754 372 821 425 In
855 370 1121 443 [festivitate
1164 367 1475 425 Sanctorum
1519 364 1687 431 Firmi
1729 375 1774 420 et
1800 365 1847 426 Α
1876 368 2023 437 genti
2050 368 2280 437 scriptus
2306 378 2561 439 apparet,
2590 383 2711 425 cum
2730 409 2746 435 ,
2776 366 2966 425 eadem
2996 382 3126 423 voce
3157 366 3350 423 alicubi
3382 382 3465 423 re-

316 462 525 518 Rustici
555 462 808 535 fratribus
837 462 1117 515 recitanda.

148 553 248 610 Ex
279 556 369 612 his
400 557 635 611 rubricis
664 555 1006 624 perspicuum
1042 566 1173 607 sane
1201 541 1293 617 lit,
1334 550 1655 606 Remensem
1683 564 1773 604 co-

148 646 348 704 dicem
372 647 441 702 nd
465 662 620 702 usum
645 646 923 716 publicum
946 643 1111 701 fuisse
1138 642 1365 713 alicujus
1396 642 1652 698 Ecclesia:
1674 683 1688 708 ,
1716 650 1776 696 ut

146 740 325 795 statis
346 739 668 811 quibusdam
695 733 889 793 diebus
916 752 1065 792 sacra
1089 736 1250 792 lectio
1274 736 1324 790 in
1350 736 1515 790 sacris
1542 734 1773 790 coetibus

147 831 657 912 habendaexinde
684 839 975 901 peteretur.
1005 830 1299 886 Ecclesium
1321 840 1501 883 autem
1524 870 1539 896 ,
1568 831 1650 884 cui
1682 828 1773 882 ille

146 928 289 983 usui
322 929 458 988 fuit.
489 941 598 980 non
629 924 792 980 aliam
814 938 936 981 esse
964 939 1122 993 quam
1147 922 1515 979 Veronensetn
1534 965 1550 988 ,
1577 930 1776 993 praeter

145 1020 537 1091 conjecturam
562 1061 577 1085 ,
608 1033 733 1088 quae
758 1034 824 1076 ex
842 1018 960 1089 ipso
980 1017 1196 1075 Zenone
1223 1017 1464 1088 ejusdem
1489 1016 1637 1073 urbis
1663 1016 1775 1086 epi-

148 1127 338 1179 seopo
366 1113 495 1168 duci
529 1122 743 1180 potest,
776 1104 905 1167 diue
940 1115 1242 1182 praesertim
1276 1112 1503 1168 rubrica:
1545 1111 1771 1167 demon-

147 1213 346 1261 strant
367 1247 383 1271 ,
414 1205 591 1261 altera
624 1206 684 1259 in'
718 1214 1004 1261 tractatum
1035 1222 1161 1262 mu
1183 1248 1197 1271 ,
1225 1195 1323 1260 lib.
1358 1223 1417 1267 tt.
1451 1205 1538 1259 ubi
1571 1220 1777 1259 memo-

147 1308 320 1353 ratur
367 1298 604 1354 ecclesia
656 1297 720 1354 S.
750 1297 1005 1370 Stephani
1044 1301 1112 1352 ad
1161 1298 1450 1369 Martyres,
1504 1287 1671 1351 altera
1724 1297 1777 1351 in

151 1398 466 1447 tractatum
513 1408 654 1457 ιιι,
698 1392 785 1449 ubi
828 1393 1121 1463 festivitatis
1163 1392 1271 1450 SS.
1302 1391 1471 1447 Firmi
1500 1401 1546 1446 ct
1580 1391 1780 1447 Rustici

151 1484 219 1539 tit
253 1485 503 1548 mentio;
551 1500 672 1555 qua:
692 1485 800 1540 duo
821 1485 985 1540 simul
1003 1486 1190 1554 juncta
1217 1484 1511 1540 Veronensi
1535 1482 1781 1539 ecclesia;

151 1576 329 1645 unice
373 1576 743 1641 conveniunt,
794 1574 847 1630 in
895 1590 1001 1646 qua
1044 1576 1274 1631 celebris
1322 1587 1379 1631 et
1426 1576 1646 1645 antiqua
1693 1583 1784 1629 est

152 1670 407 1727 ecclesia
437 1669 501 1727 S.
534 1654 788 1742 Stephani
807 1672 877 1725 ad
903 1669 1160 1742 Martyres
1181 1711 1197 1737 ,
1224 1678 1280 1724 et
1308 1679 1618 1725 sanctorum
1645 1683 1783 1722 mar-

1873 471 2126 516 currente
2154 506 2169 527 ,
2212 461 2520 534 frequentes
2571 463 2739 518 saltus
2784 471 3093 519 occurrant.
3144 461 3257 517 Hoc
3306 475 3471 531 porro

1875 553 2077 610 codicis
2126 556 2332 610 initium
2369 566 2452 610 est
2481 574 2492 609 :
2525 555 2767 625 Capitula
2806 556 2922 610 libri
2966 555 3118 626 primi
3146 553 3472 611 Sanctissimi

1876 646 2099 702 Zenonis
2122 648 2276 719 hujus
2307 646 2457 701 alma:
2484 648 2700 702 civitatis
2740 647 2954 703 Verontc
2982 646 3227 718 EpiscOpi
3256 654 3303 699 et
3332 643 3470 700 Doc-

1878 738 2003 792 toris
2031 739 2224 793 eximii.
2246 738 2369 817 Vox
2415 741 2569 811 hujus
2605 742 2781 811 ipsum
2822 742 3063 796 codicem
3102 750 3194 795 aut
3214 740 3472 808 scriptum

1878 828 2143 896 Veronm,
2178 842 2268 885 aut
2295 847 2322 885 a
2356 831 2653 887 Veronensi
2683 834 2863 901 aliquo
2891 834 3112 904 antiquo
3156 833 3344 888 codice
3371 833 3471 888 de-

1877 924 2110 979 rivatum
2158 924 2355 993 prodit.
2389 924 2552 980 Deest
2596 926 2752 995 primi
2793 934 3052 982 tractatus
3096 925 3159 979 de
3201 923 3466 979 Pudicitia

1878 1019 2049 1090 prima
2081 1019 2294 1090 pagina,
2320 1028 2376 1073 et
2394 1034 2423 1073 a
2448 1020 2624 1074 verbis
2652 1019 2847 1074 lubrica
2875 1020 3097 1074 utilitate
3140 1019 3349 1074 initium
3383 1018 3462 1074 lit.

1882 1112 1936 1166 In
1972 1122 2253 1171 tractatum
2285 1113 2350 1165 de
2383 1110 2644 1166 Patientia
2675 1128 2782 1167 uno
2810 1121 3066 1167 contextu
3098 1112 3357 1167 insertum
3388 1125 3473 1165 est

1880 1205 2101 1272 longum
2131 1212 2361 1273 quatuor
2398 1204 2710 1275 paginarum
2744 1204 3097 1272 fragmentum
3131 1218 3195 1258 ex
3239 1210 3473 1257 tractatu

1880 1296 1933 1349 in
1966 1295 2168 1367 Psalm.
2196 1310 2400 1350 cxxvut
2422 1337 2435 1359 ,
2465 1296 2609 1365 quod
2646 1295 2878 1350 subinde
2908 1296 2961 1349 in
2993 1296 3094 1349 hoc
3125 1304 3350 1348 tractatu
3376 1294 3476 1348 sub

1884 1386 2048 1442 ﬁnem
2076 1387 2279 1443 codicis
2308 1389 2580 1457 descripto
2609 1389 2896 1443 omittitur.
2925 1387 2981 1441 ld
3002 1397 3180 1441 autem
3213 1402 3277 1441 ex
3305 1401 3369 1440 eo
3394 1387 3475 1440 vi-

1884 1477 2044 1534 detur
2075 1480 2372 1550 protectum
2392 1521 2406 1546 ,
2432 1478 2574 1549 quod
2605 1479 2689 1534 hic
2713 1478 2884 1533 codex
2914 1492 2979 1533 ex
3008 1477 3192 1549 aliquo
3230 1480 3478 1548 exemplo

1885 1573 2049 1629 fuerit
2093 1584 2379 1643 sumptus,
2427 1574 2478 1627 in
2527 1587 2636 1643 quo
2680 1572 3073 1643 quateruiolum
3122 1579 3380 1625 tractatus
3422 1571 3473 1624 in
3544 1602 3547 1605 λ

1887 1665 2089 1722 Psalm.
2126 1682 2362 1733 cxxvm,
2393 1673 2544 1722 extra
2586 1680 2741 1719 suum
2769 1666 2942 1720 locum
2968 1663 3353 1733 tranSpositum
3379 1705 3392 1728 ,
3421 1672 3474 1718 et

159 1775 351 1835 lycum
386 1762 561 1818 Firmi
586 1774 634 1819 et
665 1763 869 1819 Rustici
891 1807 905 1829 ,
936 1781 1162 1836 quorum
1193 1779 1422 1835 corpora
1455 1764 1539 1818 hic
1566 1762 1782 1833 requie-
1810 1751 1859 1812 B
1889 1760 2141 1816 tractatui
2166 1762 2229 1813 de
2258 1758 2518 1814 Patientia
2544 1773 2732 1839 errore
2760 1758 2943 1828 aliquo
2974 1756 3135 1811 fuerit
3160 1748 3435 1827 inligatum
3468 1798 3482 1822 ,

156 1870 324 1915 scunt
348 1902 366 1923 ,
398 1858 572 1915 festus
598 1858 715 1915 dies
740 1859 966 1930 solemni
991 1860 1094 1914 ritu
1126 1860 1355 1926 colitur,
1403 1866 1460 1912 ut
1504 1857 1555 1911 in
1590 1858 1781 1912 oltser—
1815 1916 1829 1924 ,Α

170 1952 491 2007 rationibus
526 1952 594 2007 ad
640 1952 858 2007 easdem
890 1952 1215 2021 marginales
1260 1951 1504 2007 rubricas
1533 1966 1631 2005 suo
1657 1950 1779 2004 loco

169 2046 351 2101 fusius
374 2044 715 2101 docebimus.
756 2044 911 2099 Patet
954 2045 1114 2115 igitur
1151 2043 1393 2100 codicem
1434 2043 1575 2097 hunc
1602 2041 1774 2097 Vero-
1818 2070 1827 2080 ι

172 2141 361 2195 nensis
402 2138 669 2195 Ecclesiae
703 2138 906 2209 jamdiu
937 2137 1256 2207 inservisse,
1296 2147 1581 2209 antequam
1612 2135 1777 2192 Hinc-

170 2248 360 2287 marus
389 2248 457 2287 eo
500 2234 780 2302 potiretur.
828 2231 963 2286 Hinc
1002 2243 1177 2286 autem
1211 2232 1578 2302 antiquitatem
1628 2231 1775 2301 ejus—

168 2325 296 2381 dem
326 2323 537 2379 codicis
583 2325 837 2393 coliigerc
880 2325 1023 2379 licet.
1069 2324 1125 2378 Si
1162 2325 1304 2378 enim
1338 2324 1422 2377 hic
1448 2324 1619 2377 codex
1650 2332 1776 2377 ante

170 2416 537 2474 Ilincmautm
577 2414 629 2468 in
681 2428 781 2469 usu
829 2415 925 2468 luit
968 2413 1289 2469 Veronensis
1329 2414 1616 2479 Ecclesia),
1664 2414 1774 2483 jam

170 2511 342 2565 etiam
384 2507 780 2585 archiepiscopi
812 2515 972 2563 celate
1010 2508 1369 2578 antiquiorem
1412 2505 1575 2561 fuisse
1606 2507 1781 2577 palam

172 2614 295 2667 est;
345 2618 523 2673 neque
574 2585 722 2659 enim
749 2602 961 2668 codici,
994 2602 1085 2672 qui
1131 2602 1182 2656 in
1232 2601 1502 2656 l'lincmari
1549 2602 1778 2673 gratiam

176 2711 379 2751 recens
409 2695 898 2759 transcriberetur,
931 2709 1023 2751 eas
1051 2694 1293 2749 rubricas
1324 2694 1652 2766 marginales
1678 2694 1783 2748 alia

174 2803 351 2843 manu
373 2802 650 2858 apponere
695 2802 916 2844 necesse
959 2786 1150 2842 fuisset
1176 2829 1192 2855 ,
1239 2788 1313 2842 uti
1359 2803 1490 2843 sane
1526 2790 1784 2861 appositae

176 2880 305 2936 aliis
337 2881 392 2934 in
434 2879 712 2937 codicibus
750 2896 856 2935 non
885 2881 1150 2952 leguntur.
1176 2879 1361 2949 Itaque
1389 2881 1567 2950 aliquo
1593 2881 1783 2935 saltem

177 2975 391 3030 seculo
434 2983 559 3031 ante
605 2973 878 3030 Hincmari
919 2960 1139 3029 tetatcni
1176 2973 1316 3028 idem
1359 2972 1525 3028 codex
1572 2972 1787 3027 videtur

181 3068 357 3123 fuisse
382 3070 645 3138 scriptus,
678 3077 735 3122 ut
766 3066 989 3137 proinde
1013 3067 1079 3122 ad
1111 3067 1365 3122 sccculum
1397 3068 1586 3122 saltem
1632 3076 1785 3123 octa-

1884 1867 1942 1912 ut
1969 1871 2037 1911 ne
2076 1856 2127 1911 id
2161 1856 2518 1911 Tolentinatis
2544 1853 2895 1923 ﬂlaDUSCt‘ipli
2922 1851 3268 1907 amanuensis
3290 1850 3483 1907 adver-

1886 1950 2027 2004 terit.
2061 1948 2323 2018 Equidem
2351 1948 2403 2003 id
2433 1949 2606 2018 ipsum
2633 1948 2789 2016 plane
2820 1948 2872 2000 in
2914 1962 3016 2001 ms.
3051 1944 3313 2000 Vaticano
3334 1944 3478 1999 acci-

1882 2038 2029 2096 disse
2056 2040 2358 2096 videbimus
2378 2041 2547 2110 paulo
2580 2050 2722 2110 post.
2752 2039 2913 2094 Liber
2939 2037 3207 2093 secundus
3253 2052 3361 2092 uno
3387 2050 3482 2091 eo-

1882 2133 2117 2203 demque
2137 2134 2490 2199 charactere,
2523 2147 2630 2202 quo
2677 2139 2825 2186 totus
2865 2130 3039 2185 codex
3085 2128 3315 2199 scriptus
3356 2139 3434 2182 est
3470 2169 3484 2192 ,

1882 2226 2217 2279 auditionem
2252 2224 2413 2279 habet
2441 2223 2690 2278 undecim
2723 2222 2937 2277 illorum
2964 2229 3285 2275 tractatuum
3306 2261 3320 2286 ,
3348 2233 3483 2289 quos

1880 2319 1939 2373 in
1971 2318 2221 2373 Remensi
2253 2310 2355 2397 alia
2388 2333 2546 2371 manu
2575 2315 2815 2387 adjectos
2843 2314 3286 2377 observavimus;
3316 2321 3369 2367 et
3396 2326 3485 2366 so-

1886 2411 1997 2466 lum
2026 2412 2078 2466 in
2109 2410 2192 2466 his
2239 2420 2495 2465 tractatus
2523 2410 2586 2463 de
2614 2408 2797 2463 Livore
2826 2415 2876 2463 et
2922 2406 3129 2460 Invidia
3173 2404 3377 2460 divisus
3402 2413 3485 2458 est

1886 2504 1938 2559 in
1966 2504 2101 2558 duos
2122 2546 2138 2571 ,
2166 2504 2309 2574 quod
2335 2505 2511 2572 ipsum
2536 2504 2588 2559 in
2621 2502 2876 2558 Vaticano
2900 2498 3345 2572 deprehenditur.
3374 2497 3483 2552 Hos

1887 2608 2144 2655 tractatus
2189 2599 2473 2664 undecim,
2506 2598 2597 2668 qui
2646 2597 2718 2652 ob
2757 2603 3112 2651 memoratam
3158 2592 3478 2648 divisionem

1885 2692 2121 2748 evadunt
2147 2691 2455 2754 duodecim.
2481 2689 2724 2761 sequitur
2751 2695 3009 2743 tractatus
3031 2684 3093 2739 de
3122 2684 3266 2757 signa
3290 2692 3485 2738 sancta:
3558 2696 3563 2701 '

1888 2785 2068 2842 Crucis
2096 2804 2115 2841 :
2143 2796 2227 2842 est
2254 2796 2432 2840 autem
2464 2784 2698 2857 hymnus
2728 2791 2852 2838 octo
2895 2779 3240 2850 stropharum
3262 2820 3276 2841 .
3318 2792 3481 2848 quem

1886 2898 1917 2937 e
1944 2880 2219 2936 Prudentii
2255 2880 2478 2949 longiori
2504 2880 2702 2951 hymno
2725 2877 3037 2946 decerptum
3081 2876 3133 2929 in
3163 2871 3482 2945 praefatione

1888 2974 1955 3029 ad
1986 2973 2349 3043 Appendicem
2377 2954 2768 3028 ostendemus:
2801 2980 2855 3026 et
2885 2972 2999 3025 lucc
3026 2967 3229 3024 additio
3262 2967 3314 3021 in
3345 2965 3481 3020 duo-

1893 3067 1990 3122 bus
2015 3068 2134 3123 aliis
2161 3065 2421 3121 Vaticano
2462 3074 2622 3135 atque
2652 3064 2980 3133 Pompeiano
3005 3061 3282 3116 codicibus
3323 3073 3483 3129 repe-

181 3174 311 3215 vum
345 3160 615 3231 pertinere
655 3160 778 3230 jure
806 3159 1057 3216 credatur
1089 3178 1101 3213 :
1142 3168 1199 3215 et
1228 3160 1353 3215 hinc
1382 3159 1520 3215 forte
1567 3170 1688 3229 post
1718 3160 1775 3218 S.
1811 3133 1857 3198 Ο
1890 3159 2046 3214 ritur.
2078 3159 2213 3215 Tum
2259 3174 2389 3214 vero
2420 3157 2688 3215 secundus
2728 3158 2862 3212 liber
2891 3155 2990 3210 hac
3030 3152 3266 3209 clausula
3301 3154 3486 3207 termi-

181 3254 420 3309 Zenonis
453 3254 614 3309 vitam
643 3268 673 3307 a
703 3252 974 3308 Coronato
1000 3251 1221 3309 Netario
1259 3260 1515 3324 scriptam
1548 3254 1781 3310 transla-

186 3350 357 3405 tionis
382 3350 451 3404 ab
475 3364 541 3405 eo
568 3348 786 3405 omlssze
813 3349 874 3403 tit
903 3350 1106 3405 mentio
1152 3349 1260 3404 illis
1286 3351 1464 3405 verbis
1492 3370 1504 3405 :
1538 3350 1783 3406 Transla-

185 3446 259 3497 tio
285 3444 399 3515 ejus
436 3453 626 3510 restat;
668 3457 828 3513 quam
868 3441 1197 3498 additionem
1225 3458 1347 3505 cum
1390 3442 1623 3499 secunda
1644 3485 1659 3509 ,
1689 3443 1782 3498 sed

186 3536 410 3606 antiqua
460 3545 635 3590 tamen
679 3550 878 3601 manu,
923 3536 1123 3591 saeculo
1173 3523 1317 3591 nono
1360 3519 1612 3601 ineunte,
1662 3551 1782 3591 cum

188 3631 274 3683 vix
306 3638 524 3701 peracta
556 3628 747 3684 fuisset
785 3629 1099 3693 translatio,
1130 3640 1182 3684 et
1211 3640 1498 3701 antequam
1529 3629 1700 3686 codex
1732 3630 1782 3685 in

188 3721 465 3778 Hinctnari
506 3737 696 3777 manus
736 3722 979 3785 veniret,
1025 3721 1251 3778 Vcrome
1301 3723 1600 3793 appositam
1650 3723 1784 3779 satis

184 3814 453 3869 credibile
475 3823 560 3871 est
582 3832 598 3882 ;
623 3824 736 3870 tum
765 3830 894 3871 vero
922 3817 1036 3886 ipse
1061 3816 1231 3872 codex
1263 3806 1429 3884 prima
1457 3832 1617 3871 manu
1638 3828 1785 3871 octa-

185 3923 254 3963 vo
301 3908 496 3963 saltein
546 3909 747 3983 sicculo
795 3919 1047 3964 exoratus
1098 3909 1201 3962 dici
1242 3908 1420 3963 debet.
1451 3907 1587 3962 Cum
1622 3925 1784 3979 porro

188 4000 291 4058 hac
330 4003 381 4055 in
422 4000 683 4067 ecclesia,
728 4001 779 4056 in
819 4013 921 4071 qua
965 4001 1023 4056 S.
1057 4001 1203 4055 Zeno
1250 4001 1422 4066 sedit,
1469 4011 1617 4056 tanto
1668 4004 1783 4057 usui

186 4093 387 4159 luerit;
423 4094 654 4147 maxima
688 4094 928 4164 profecto
950 4102 1079 4148 cura
1111 4111 1178 4150 ex
1216 4094 1618 4165 exemplaribus
1645 4096 1784 4149 anti-

186 4188 470 4258 quioribus
509 4189 811 4255 exscriptus
851 4187 1156 4251 credendus
1186 4197 1299 4254 est,
1339 4188 1482 4259 quod
1530 4198 1786 4257 prmstan-

193 4282 323 4335 tiam
370 4280 616 4349 ejusdem
685 4295 806 4334 cum
870 4264 1011 4335 tanta
1073 4282 1393 4351 antiquitate
1443 4282 1785 4351 conjunctam

190 4376 429 4433 maxime
446 4372 784 4427 commendat
798 4412 810 4427 .
834 4372 909 4427 De
929 4373 1306 4443 antiquissimo
1328 4372 1579 4427 llemensi
1601 4372 1787 4428 codice

187 4468 476 4523 hactenus.
507 4464 658 4520 Nunc
684 4465 752 4520 de
793 4464 1019 4536 reliquis
1046 4465 1358 4536 singillatim
1386 4466 1638 4537 quidem,
1689 4466 1783 4522 sed

186 4559 431 4617 brevius.

259 4650 348 4705 Vl.
392 4650 530 4706 Cum
570 4651 712 4722 apud
749 4652 1007 4708 Jacobum
1047 4653 1356 4725 Philippum
1403 4653 1792 4710 Tltomasinum

188 4750 242 4805 in
287 4747 552 4805 Biblioth.
591 4748 788 4803 Veneta
838 4765 968 4804 mss.
1006 4764 1127 4820 pag.
1161 4750 1227 4806 57
1272 4752 1600 4805 mentionem
1649 4750 1794 4805 nacti

186 4857 435 4899 essnnus
466 4842 672 4897 codicis
710 4842 1006 4897 Zenoniani
1026 4884 1040 4907 ,
1068 4842 1158 4913 qui
1189 4843 1240 4897 in
1272 4843 1595 4900 bibliotheca
1627 4843 1799 4899 Cleri-

187 4952 381 4993 corum
431 4934 782 5007 Regulariutn
811 4935 1253 5001 Tolentioatum,
1299 4938 1373 4992 nti
1424 4937 1663 4993 Venetiis
1701 4954 1798 4993 vo-

189 5039 351 5095 cant,
396 5027 757 5094 servabatur,
806 5044 918 5085 rem
971 5030 1322 5085 indicavimus
1365 5030 1452 5086 Jo.
1502 5030 1794 5088 Francisco

190 5124 482 5195 Seguierio
512 5120 897 5189 Nemauseusi,
943 5123 1175 5179 indiviso
1205 5124 1278 5179 illi
1312 5123 1634 5180 Marcltionis
1661 5124 1794 5179 Mal-

189 5214 279 5274 fcii
307 5217 363 5271 iu
392 5216 645 5271 litteratis
674 5216 958 5272 itineribus
986 5217 1203 5283 comiti,
1233 5218 1322 5289 qui
1352 5234 1473 5273 cum
1518 5235 1690 5288 nuper
1733 5235 1797 5275 ea

188 5312 247 5369 ill
274 5309 416 5367 urbe
444 5319 628 5375 esset,
662 5322 821 5381 opem
856 5309 1061 5365 ferente
1098 5310 1162 5365 P.
1195 5310 1487 5366 Francisco
1520 5312 1801 5369 Berlendis

190 5403 399 5462 clerico
432 5404 668 5475 regulari
709 5404 953 5473 ejusdem
986 5406 1120 5468 loci,
1160 5406 1307 5460 illum
1336 5421 1459 5462 cum
1493 5408 1654 5464 editis
1682 5409 1801 5463 diti-

190 5497 519 5570 geutissime
556 5497 808 5552 contulit.
859 5496 1304 5552 Membranaceus
1348 5498 1517 5554 codex
1558 5484 1645 5556 cst
1685 5502 1800 5571 pul-

192 5580 565 5660 cherrimique
587 5590 937 5652 characteris,
953 5589 1153 5659 quique
1173 5589 1239 5642 ad
1264 5605 1357 5643 xm
1384 5591 1601 5647 circiter
1630 5608 1800 5649 saecu-

192 5682 302 5741 lum
332 5683 610 5754 pertinere
638 5691 875 5752 putatur.
910 5680 1193 5736 Lectiones
1215 5681 1279 5734 ad
1310 5680 1633 5740 Remensetn
1664 5687 1797 5742 mul-

114 5770 127 5783 ⁸
190 5773 645 5841 hin'acoedunl,
677 5783 733 5828 at
774 5788 805 5829 a
844 5772 1066 5830 librario
1117 5773 1296 5831 minus
1324 5775 1495 5846 perito
1522 5786 1578 5832 et
1620 5778 1797 5835 indili-

1887 3264 2081 3308 natur:
2112 3252 2416 3322 Expliciunt
2442 3251 2503 3307 S.
2540 3249 2764 3306 Zenonis
2788 3246 3099 3303 sanctissimi
3132 3244 3349 3298 civitatis
3386 3240 3487 3295 Ve-

1884 3348 2118 3402 ronensis
2152 3346 2433 3415 Episcopi,
2464 3356 2511 3401 et
2552 3345 2773 3418 pastoris
2810 3344 2974 3413 ipsius
3018 3341 3236 3407 civitatis
3264 3338 3485 3408 diligen-

1888 3442 2089 3496 tissimi.
2126 3440 2250 3496 Hzec
2279 3449 2455 3494 autem
2485 3438 2726 3494 clausula
2755 3435 2807 3490 iu
2839 3435 2944 3489 alio
2967 3434 3142 3488 solum
3170 3427 3482 3486 monasterii

1887 3533 1945 3591 S.
1994 3533 2227 3587 Zenonis
2278 3530 2644 3601 manuscripto
2684 3528 2898 3599 legitur.
2940 3526 3222 3583 Adduntur
3268 3522 3483 3577 tandem

1890 3630 1942 3685 in
1972 3645 2038 3685 eo
2062 3629 2249 3683 codice
2282 3635 2539 3682 tractatus
2563 3624 2699 3687 duo.
2725 3624 2812 3694 qui
2842 3623 2894 3677 in
2924 3621 3134 3675 duobus
3165 3617 3282 3673 aliis
3309 3615 3484 3671 Zeno-

1892 3723 2065 3778 nianis
2088 3724 2226 3775 ’mss.
2251 3719 2375 3775 item
2401 3718 2809 3783 describuntur,
2833 3715 2968 3769 alter
2986 3712 3054 3769 de
3078 3712 3194 3766 Vita
3213 3754 3230 3776 ,
3261 3709 3397 3763 alter
3418 3706 3487 3761 de

1890 3816 2266 3872 Translatione
2292 3814 2347 3869 S.
2373 3812 2634 3877 Zenonis,
2661 3819 2715 3865 et
2734 3818 2861 3864 sunt
2889 3809 2976 3862 illa
3006 3805 3111 3860 duo
3137 3811 3485 3859 monumenta

1837 3963 1840 3967 .
1890 3926 1920 3965 a
1950 3910 2181 3981 quodam
2215 3905 2479 3960 mooacho
2506 3902 2815 3958 Zeuoniauo
2838 3897 3143 3968 conscripta
3163 3939 3178 3961 ,
3203 3908 3324 3965 quae
3342 3908 3490 3949 mar-

1889 4002 2013 4057 cltio
2042 4001 2224 4069 Scipio
2252 3997 2489 4053 Matl‘eius
2533 3998 2674 4050 inter
2704 3992 2806 4046 alia
2837 3989 3196 4061 diplomaticte
3235 3984 3490 4041 Historiae

1891 4096 2133 4166 subjecta
2174 4093 2343 4149 edidit
2383 4106 2503 4163 pag.
2548 4088 2655 4146 520
2678 4130 2690 4149 .
2719 4095 2774 4142 et
2804 4094 3031 4152 utraque
3069 4084 3122 4137 in
3163 4094 3296 4137 mss.
3326 4078 3490 4135 Pom-

1895 4193 2089 4263 peiano
2117 4202 2180 4243 ac
2214 4181 2528 4244 Zenoniano
2558 4180 2805 4240 similiter
2839 4185 3098 4248 prostant.

1968 4283 2073 4339 Vll.
2115 4283 2172 4337 lu
2220 4282 2476 4337 Vaticana
2528 4274 2852 4331 bibliotheca
2893 4278 3125 4341 quatuor
3165 4265 3223 4321 S.
3257 4262 3494 4319 Zenonis

1892 4379 2108 4435 codices
2150 4390 2272 4432 esse
2299 4373 2607 4443 accepimus
2636 4388 2648 4423 :
2676 4377 2731 4423 at
2753 4382 2875 4422 cum
2907 4362 3136 4428 numeri,
3171 4360 3366 4431 quibus
3396 4372 3494 4412 no—

1868 4512 1870 4514 τ
1898 4472 1993 4527 tati
2016 4482 2163 4536 sunt,
2194 4482 2299 4524 non
2327 4466 2430 4521 nisi
2459 4464 2686 4520 duorum
2716 4462 3081 4530 suppeterent,
3115 4454 3342 4508 duorutn
3370 4461 3490 4503 tan-

1823 4532 1870 4592 D
1901 4576 2010 4621 tum
2058 4564 2403 4621 collationem
2452 4559 2608 4615 nobis
2668 4560 3006 4627 procuratum
3055 4566 3083 4604 a
3139 4547 3198 4602 P.
3258 4543 3492 4614 .losepbo

1900 4659 2221 4716 Blancltinio
2271 4656 2615 4725 accepimus,
2676 4647 2919 4704 Vaticani
2964 4642 3101 4699 1‘235
3146 4649 3203 4696 et
3248 4636 3509 4694 Vaticani.

1900 4754 2177 4811 Urbinatis
2207 4752 2331 4817 150,
2360 4766 2494 4820 quos
2526 4749 2577 4801 in
2609 4745 2848 4801 editione
2876 4742 2933 4797 S.
2972 4730 3256 4796 Gaudentii
3288 4731 3488 4788 indica-

1902 4830 2051 4904 verat
2108 4846 2302 4901 Paulus
2349 4840 2645 4899 Galeardus
2700 4833 3001 4891 Canonicus
3052 4830 3352 4891 Brixianus,
3403 4823 3493 4891 qui

1903 4946 2165 5015 presteres
2213 4937 2533 4995 testantibus
2586 4932 2686 4988 sibi
2726 4927 3015 4986 Francisco
3060 4920 3394 5015 Blancliiuio,
3439 4923 3493 4970 et

1903 5012 2099 5093 Carolo
2134 5032 2349 5105 Majello
2388 5030 2645 5085 Romanis
2689 5023 2924 5095 praelatis
2960 5012 3368 5075 eruditissimis,
3397 5023 3492 5064 eos

1902 5145 1997 5185 xm
2039 5127 2241 5184 saeculo
2286 5123 2518 5194 scriptos
2547 5117 2850 5175 allii-movit.
2885 5112 2993 5167 Hos
3028 5120 3203 5163 autem
3241 5113 3491 5161 accurate

1904 5224 2130 5282 collatos
2158 5222 2363 5277 habere
2388 5216 2620 5273 maxime
2647 5215 2915 5268 intererat.
2948 5204 3079 5260 Cum
3108 5201 3251 5257 enim
3276 5200 3332 5255 hi
3361 5198 3495 5254 utri-

1905 5334 2010 5388 que
2040 5318 2305 5372 insertum
2338 5312 2571 5369 habeant
2608 5316 2912 5363 sermonem
2958 5298 3018 5355 S.
3066 5294 3373 5357 Gandeutii,
3405 5293 3499 5363 qui

1903 5409 2182 5479 inprima
2223 5421 2436 5477 quoque
2484 5402 2541 5458 S.
2595 5396 2826 5455 Zenonis
2872 5391 3111 5449 editione
3152 5388 3291 5444 libro
3338 5388 3500 5441 tertio

1877 5570 1880 5573 _
1908 5502 2267 5576 penultimum
2298 5501 2473 5554 locum
2501 5495 2705 5550 obtinet
2734 5489 2898 5561 (unde
2923 5484 3164 5542 codicem
3205 5498 3234 5535 a
3260 5480 3499 5538 Guarino

1909 5574 1963 5653 in
1994 5594 2252 5665 episcopii
2283 5588 2607 5647 Veronensis
2638 5582 2960 5640 bibliotheca
2988 5580 3262 5634 inventum
3290 5574 3502 5629 duobus

1908 5689 2014 5744 illis
2048 5687 2375 5757 persimilem
2419 5677 2785 5753 agnoscimus)
2825 5674 3123 5729 maximum
3171 5666 3501 5750 desiderium

1894 5766 2211 5837 incessaret
2259 5773 2511 5839 videndi,
2562 5782 2739 5827 utrum
2788 5767 2892 5824 illis
2943 5767 2996 5820 in
3038 5760 3318 5819 codicibus
3359 5758 3499 5814 idem
