3826 6226
205 227 224 260 Α.
309 277 312 280 ρ
381 209 482 265 -19
641 187 645 191 ’
1024 190 1027 193 ’
1784 141 2002 267 ruont:

2131 172 2313 257 IENA.
2622 233 2628 240 .
2921 155 2927 160 ’
3246 234 3249 236 .
3419 235 3427 243 _
3507 167 3516 187 ⁵
3614 179 3699 233 se

415 331 733 380 tractatuum
767 320 1102 386 ordo'esset,
1131 333 1200 373 an
1230 317 1508 383 diversus,
1539 329 1601 370 ac
1629 313 1683 369 in
1712 312 2186 373 codicihtts‘Atat.
2229 308 2301 385 32
2345 309 2396 363 in
2445 309 2567 362 c‘um
2635 311 2919 360 tractatum
2967 281 3205 372 pluribus
3245 299 3694 356 observabimus.-
3746 338 3749 340 .

411 415 652 486 reliquis,
682 412 837 484 idque
865 424 1193 482 cognoscere
1237 409 1303 464 ad
1341 399 1764 464 Controversiam
1805 405 1906 460 hac
1934 404 1989 460 in
2035 415 2038 417 ’

413 524 474 589 re
520 506 850 585 potissimam
878 519 1005 578 .non
1060 515 1260 583 temere
1308 500 1658 563 decidendam
1703 499 1993 572 plurimum

415 599 734 672 pertinebat.
761 598 1086 663 Vaticanus,
1140 612 1299 668 quem
1341 594 1541 651 saeculo
1591 608 1685 657 xui
1731 591 1993 662 scriptum

415 701 602 747 censet
619 690 780 744 etiam
795 687 856 744 P.
875 675 1139 758 Joseph'ns
1160 686 1523 753 Blanehinius,
1551 683 1996 745 membranaceus

415 789 520 851 est,
547 790 611 841 et
636 781 839 837 Veneto
867 781 954 836 illo
974 764 1078 836 PP.
1105 780 1422 836 clericorum
1449 776 1772 847 regularium
1799 774 1994 830 Tolen-

421 877 646 954 tinstum
673 877 841 932 multo
857 873 1209 937 emendatior,
1232 873 1321 942 qui
1339 881 1515 926 tamen
1532 884 1652 926 cum
1667 883 1759 924 eas
1769 872 1999 938 quatuor

421 951 639 1042 paginas
659 971 710 1024 in
722 981 1026 1026 sermonem
1048 967 1112 1023 de
1135 965 1395 1021 Patientia
1419 978 1695 1036 perperam
1725 961 1996 1034 trajectus,

361 1108 366 1113 .
429 1064 781 1133 cuntdemque
817 1061 1139 1118 Basilianum
1189 1068 1469 1115 tractatum
1503 1061 1554 1114 in
1581 1058 1716 1120 duos
1745 1056 2000 1127 disperti-

376 1217 383 1222 ,
421 1165 532 1213 tum
573 1156 822 1212 similiter
844 1155 1059 1218 referat.
1089 1169 1156 1210 ex
1188 1153 1379 1209 eodem
1414 1151 1600 1208 Veneti
1628 1150 1770 1206 illius
1795 1150 1999 1206 codicis

420 1251 569 1308 fonte
596 1251 864 1322 profectus
884 1259 1126 1320 apparet.
1157 1244 1622 1317 idetn-Cteleroqtti
1645 1245 1696 1299 in
1722 1244 1844 1310 hoc,
1875 1258 1999 1313 per-

350 1416 354 1421 ,
387 1343 544 1421 (inde
564 1343 643 1398 'ac
669 1345 722 1398 in
754 1341 974 1413 reliquis
1007 1356 1135 1396 mss.
1167 1339 1376 1406 exsistit
1411 1346 1733 1392 tractatuum
1760 1335 1915 1401 ordo,
1946 1342 2004 1391 et

417 1436 593 1495 solum
624 1437 933 1492 tractatibus
963 1434 1210 1490 undecim
1243 1433 1294 1488 in
1323 1431 1574 1498 Remettsi
1599 1430 1699 1486 alia
1719 1445 1877 1488 manu
1901 1430 2001 1485 sub

417 1531 577 1597 linem
606 1529 909 1599 descriptis,
939 1537 994 1585 et
1024 1513 1272 1596 tractatui
1296 1527 1359 1580 de
1385 1527 1532 1596 signa
1565 1524 1750 1580 Crucis
1775 1523 1994 1593 subjici-

417 1608 520 1693 tur,
553 1611 673 1694 pag.
721 1622 848 1688 197,
879 1629 1205 1699 memoratus
1231 1607 1411 1688 scrmo
1455 1616 1515 1673 S.
1551 1615 1829 1672 Gaudentii
1860 1614 2003 1670 Bris-

2098 400 2256 487 Hisce
2281 398 2488 455 duobus
2514 395 2768 452 Romanis
2795 394 3071 477 codicibus
3097 391 3373 448 addendus
3395 395 3499 446 ms.
3531 391 3698 447 Basi-

2099 484 2213 550 licas
2235 493 2292 549 S.
2319 491 2461 547 Petri
2485 492 2535 546 in
2562 489 2816 562 Vaticano
2838 487 3068 566 scriptus
3089 487 3304 542 ineunte
3328 499 3428 539 xm
3456 484 3694 553 sarculo,

2097 587 2183 643 vel
2237 587 2454 652 ineunte
2493 599 2600 656 xiv,
2648 584 2886 652 signatus
2926 579 3100 635 littera
3132 577 3196 632 F.
3226 577 3316 642 55,
3339 589 3518 645 quem
3557 587 3696 629 cum

2102 687 2458 758 prostremttm
2510 673 2663 730 nobis
2714 671 3042 744 suggesserit
3088 668 3475 725 humanissime
3527 665 3696 722 lose-

2091 773 2236 843 ‘phus
2268 768 2632 834 Blanchinius,
2659 781 2759 822 nec
2797 763 3120 836 procedente
3142 761 3253 832 jam
3292 759 3550 826 editione,
3598 769 3695 814 to-

2102 865 2207 920 tius
2227 863 2405 935 operis
2427 860 3097 928 eollationcmexspeetare
3116 869 3210 924 per
3235 862 3448 924 tempus
3474 852 3698 915 liceret,

2100 955 2308 1026 aliquot
2354 954 2525 1009 solum
2576 959 2894 1006 tractatuum
2938 957 2994 1004 et
3032 946 3395 1002 difliciliorum
3444 945 3701 1000 locorum

2102 1038 2372 1102 variantes
2411 1044 2670 1100 lectiones
2694 1039 3078 1113 postulavimtts
3101 1047 3156 1093 et
3181 1036 3532 1105 obtinuimus.
3574 1035 3706 1111 Car-

2105 1147 2276 1193 terum
2316 1137 2456 1204 idem
2488 1135 2540 1190 in
2581 1135 2681 1192 hoc
2723 1146 2936 1205 quoque
2972 1123 3158 1209 codice
3187 1135 3507 1195 tractatuum
3554 1127 3706 1184 ordo

2103 1231 2378 1294 cernitur,
2409 1223 2922 1296 eademAppeudix
2979 1233 3043 1278 ac
3083 1221 3144 1277 in
3199 1220 3488 1287 Remensi;
3551 1221 3704 1277 tituli

2102 1329 2279 1376 autem
2305 1319 2404 1374 soli
2425 1317 2618 1374 alicubi
2647 1297 2985 1393 discrepant:
3007 1315 3085 1370 De
3111 1327 3242 1369 mss.
3271 1313 3512 1370 externis
3533 1315 3697 1369 satis.

2172 1413 2265 1470 lii.
2304 1414 2376 1469 De
2404 1399 2810 1469 Veronensibus
2837 1419 3014 1465 autem
3045 1418 3105 1464 ut
3132 1407 3390 1464 nonnulla
3415 1407 3699 1478 dicamus,

2106 1508 2245 1562 inter
2283 1521 2414 1561 mss.
2459 1503 2764 1579 monasterii
2793 1501 2850 1560 S.
2895 1501 3129 1557 Zenonis
3167 1501 3258 1556 ille
3304 1502 3551 1554 inventus
3583 1514 3698 1553 non

2104 1605 2206 1661 est.
2234 1593 2392 1670 quem
2423 1583 2614 1654 Fetrus
2641 1596 2772 1652 Caio
2799 1595 3000 1652 ordinis
3029 1592 3446 1650 Prazdicatorum
3470 1583 3701 1648 ineunte

417 1684 569 1770 εεαίιί
593 1684 658 1790 4;
695 1684 854 1788 pem,
897 1724 941 1769 οι
970 1711 1163 1778 paulo.
1192 1690 1305 1766 ὶυη,
1339 1685 1459 1781 pag.
1495 1709 1616 1773 .93.
1651 1710 1753 1765 alia
1795 1709 1997 1764 δίωξιίο
2029 1705 2078 1771 Β
2100 1689 2300 1744 szeculo
2340 1703 2428 1743 xiv
2457 1703 2515 1744 se
2541 1687 2735 1743 ibidem
2764 1686 2962 1742 vidisse
2991 1686 3044 1740 itt
3077 1699 3208 1740 mss.
3233 1684 3598 1740 Collectaneis
3623 1684 3699 1739 ab

322 1839 326 1844 ·
415 1807 494 1862 sic
519 1825 530 1861 :
563 1804 757 1876 Incipit
788 1806 848 1869 Si.
889 1803 1062 1876 Vigilii
1086 1804 1314 1876 episcopi
1334 1804 1397 1859 de
1417 1801 1659 1858 laudibus
1685 1801 2002 1858 beatissimo-

414 1916 531 1954 rum
560 1891 846 1971 martyrum
888 1896 1129 1960 Sisinnii,
1177 1895 1460 1951 Alexandri
1499 1903 1546 1950 et
1576 1885 1835 1966 Martyrii,
1869 1910 2000 1964 quo-

419 2011 532 2050 rum
579 1979 808 2064 reliquiae
847 2005 938 2062 per
975 1988 1226 2045 Jacobam
1267 1990 1445 2044 virum
1477 1988 1741 2044 Illustrem
1775 1987 1842 2041 ad
1872 1984 2004 2058 Epi-

415 2067 884 2158 sc0pumloannent
895 2082 1031 2137 urbis
1048 2069 1625 2152 Constantinopolitanw
1646 2091 1999 2158 peruenerunt.

420 2151 548 2234 asc
571 2160 627 2232 s.
665 2175 846 2246 Vigilii'
867 2174 1101 2248 episcopi
1133 2151 1428 2229 Tridentini
1460 2151 1688 2243 epistola
1713 2151 1802 2228 illa
1831 2181 1915 2230 est
1936 2172 2004 2228 ad

417 2271 478 2328 S.
517 2260 776 2341 Joannem
816 2264 1258 2340 Chrysostomum
1308 2264 1540 2335 scripta,
1586 2279 1745 2336 quam
1788 2257 2003 2319 Bollan-

418 2354 576 2419 distae
601 2376 666 2429 ex
706 2359 810 2416 alio
841 2359 1096 2416 Vaticano
1124 2358 1310 2415 codice
1345 2355 1486 2415 5374
1511 2357 1817 2434 ediderunt.
1851 2357 2001 2412 Vati-

375 2444 541 2509 "catti
593 2451 761 2527 nostri
807 2451 1015 2527 initium
1055 2453 1156 2506 hoc
1202 2458 1317 2506 est:
1349 2449 1618 2504 Tractatus
1666 2449 1732 2506 S.
1782 2447 2007 2508 Zenonis

421 2543 750 2599 nobilissima:
794 2558 856 2597 ac
896 2541 1184 2615 magni/icta
1227 2541 1446 2596 civitatis
1498 2541 1653 2612 hujus
1689 2538 2008 2595 'Veronensis

425 2634 670 2712 Episcopi
701 2644 745 2689 et
774 2632 1012 2710 Pastoris
1052 2633 1394 2699 sanctissimi;
1425 2649 1493 2688 ex
1533 2632 1728 2704 quibus
1757 2634 1812 2687 is
1837 2633 2008 2688 codex

428 2734 518 2779 aut
579 2723 934 2787 Veronensis,
988 2718 1080 2779 aut
1120 2738 1152 2778 e
1199 2720 1499 2778 Veronensi
1540 2712 1843 2801 antiquiore
1878 2723 2016 2790 olim,

425 2819 723 2889 descriptus
765 2818 1093 2886 agnoscitur.
1242 2827 1244 2830 '
1309 2831 1312 2834 λ
1549 2856 1556 2864 κ
1658 2822 1668 2827 ·
1996 2806 1999 2808 ’

494 2910 627 2966 Vlll.
659 2909 1050 2979 Manuscriptus
1082 2906 1215 2964 liber
1233 2907 1463 2966 Urbinas
1501 2909 1732 2978 150,ηυὶ
1751 2907 2010 2963 Vaticano

366 2999 368 3003 ⁷
429 3002 687 3056 hactenus
716 3000 985 3071 descripto
1017 2988 1281 3073 posteriOr
1305 3000 1597 3070 aliquanto,
1641 3010 1695 3055 et
1741 2998 1880 3070 forte
1916 3013 2009 3054 sre-

425 3095 550 3151 culo
591 3109 679 3148 xiv
723 3103 972 3148 exaratus
1021 3093 1082 3148 P.
1126 3092 1362 3163 Josepho
1406 3093 1721 3150 Blanchinio
1772 3093 2002 3159 videtur,
2035 3091 2082 3155 C

433 3176 868 3244 memht'anaceus
887 3183 1012 3238 item
1029 3193 1132 3250 est,
1151 3199 1215 3238 ac
1244 3185 1428 3255 incipit
1449 3185 1527 3240 sic
1554 3203 1568 3239 :
1600 3184 1819 3253 Zenonis
1851 3176 2011 3239 Vero-

428 3279 597 3332 nensis
632 3276 871 3348 Episwpi
911 3273 1016 3328 Viri
1028 3277 1493 3346 sanctissintialque
1507 3277 1785 3346 doctissimi
1801 3292 2009 3347 seruiat

431 3371 499 3437 tle
555 3367 831 3422 Pudicitia.
894 3366 1098 3421 AliCttbi
1159 3369 1362 3436 paginas
1407 3367 2012 3438 qumdatttidesideran-

431 3472 547 3527 tur,
590 3469 643 3514 at
683 3459 824 3515 ident
873 3471 1095 3530 prorsus
1127 3447 1447 3529 tractatuum
1475 3458 1638 3524 ordo,
1677 3473 1776 3515 nec
1811 3458 2012 3512 adtlitio

431 3547 655 3620 habetur
695 3549 887 3623 llytnni
923 3533 1192 3624 designo
1219 3545 1426 3614 Crucis,
1476 3548 1570 3604 sed
1611 3547 1710 3604 lite
1738 3534 2014 3624 ρςιεζιϐδ

431 3653 578 3715 tergo
606 3622 784 3699 sermo
825 3641 1005 3699 Sancti
1035 3622 1337 3705 Caudetttii,
1372 3649 1423 3696 et
1459 3655 1580 3711 pag.
1609 3638 1713 3696 148
1742 3639 1799 3696 S.
1838 3622 2015 3709 Vigilii

432 3722 731 3792 Tridéntini
758 3735 980 3805 epistola
1023 3733 1209 3790 iisdem
1241 3747 1366 3789 cum
1399 3731 1589 3798 titulis,
1619 3747 1752 3803 quos
1779 3730 1842 3788 cx'
1875 3732 2013 3788 Vati.

433 3843 568 3884 cano
607 3814 1008 3898 descripsimus,
1040 3834 1094 3882 et
1119 3834 1378 3904 prieterea
1408 3826 1642 3896 quinque
1665 3810 1920 3896 opuscula
1952 3824 2010 3881 S.

437 3921 743 3996 llieronymi
789 3921 1006 3978 nomine
1050 3919 1328 3991 inscripta,
1374 3933 1495 3990 quae
1553 3919 1745 3990 partim
1799 3917 2015 3989 genuini

433 4013 551 4085 ejus
574 4021 699 4070 sunt
723 4011 881 4077 fetus,
918 4013 1107 4100 partim
1143 4011 1471 4082 supposititii
1500 4029 1518 4066 ι
1559 4022 1669 4067 ιυιη
1710 4011 1826 4066 haec
1870 4011 2019 4083 clau-
2068 4063 2071 4065 .

435 4105 551 4162 sala
581 4104 632 4158 in
667 4104 772 4158 line
808 4102 929 4178 libri
963 4103 1204 4172 apposita
1233 4118 1248 4156 :
1295 4101 1444 4157 Finis
1474 4100 1657 4172 Operi:
1687 4101 1749 4158 S.
1791 4101 2019 4157 Zenonis
2048 4167 2051 4170 _

435 4194 685 4270 Episcopi
726 4203 774 4249 et
822 4193 1155 4263 quarumdam
1184 4192 1406 4246 aliarum
1458 4209 1652 4248 rerum.
1693 4193 1823 4250 Duae
1860 4194 2053 4277 hujus

435 4287 638 4344 codicis
667 4281 895 4340 rubrica:
920 4283 1130 4339 duobus
1157 4283 1216 4338 S.
1251 4282 1485 4339 Zenonis
1525 4285 1842 4340 tractatibus
1883 4301 2022 4356 prat-

435 4375 1058 4450 ﬁxte'prmtermittendae
1089 4388 1197 4428 non
1237 4382 1380 4428 sunt.
1424 4373 1601 4430 Prima
1638 4376 1690 4430 in
1731 4381 2018 4432 tractatum

2108 1781 2447 1839 Henscheuio
2479 1781 2709 1835 laudatis
2739 1788 2984 1845 testatur.
3020 1777 3194 1834 Unum
3222 1785 3399 1850 tamen
3430 1776 3700 1846 posterio-

2107 1891 2218 1932 rem
2242 1859 2516 1945 aliquanto
2536 1888 2602 1929 ex
2618 1870 2943 1928 membranis
2954 1871 3315 1939 compactum,
3337 1879 3391 1924 et
3405 1867 3700 1938 scriptum,

2107 1976 2166 2022 ut
2186 1966 2416 2032 videtur,
2440 1965 2640 2020 saeculo
2665 1980 2757 2028 .xv,
2793 1965 2845 2018 in
2882 1961 3122 2034 ejusdem
3151 1960 3464 2017 monasterii
3501 1959 3703 2016 biblio-

2109 2058 2264 2114 theca
2284 2057 2602 2127 reperitnus,
2633 2065 2685 2111 et
2708 2054 2849 2111 idem
2872 2053 2964 2123 ﬂle
3000 2061 3105 2120 est,
3136 2067 3298 2124 quem
3320 2054 3556 2109 editores
3586 2051 3697 2109 Vc.

2107 2162 2365 2204 ronenses
2391 2139 2643 2201 vetustum
2687 2144 3000 2216 appellant,
3027 2155 3086 2200 ut
3129 2129 3231 2198 hac
3275 2143 3327 2199 in
3375 2143 3702 2215 praefatione

2109 2242 2268 2313 paulo
2306 2247 2433 2295 ante
2477 2215 2850 2294 indicavimus.
2901 2237 3047 2294 Idem
3089 2238 3150 2292 in
3187 2236 3298 2293 hoc"
3334 2236 3522 2293 codice
3545 2252 3611 2293 ac
3641 2239 3701 2292 in
3741 2243 3744 2247 ’
3824 2215 3826 2218 ’

2109 2322 2321 2388 caeteris
2337 2331 2492 2397 ordo,
2522 2331 2659 2385 idem
2684 2339 2849 2384 tracta
2859 2339 3006 2384 tuum
3028 2330 3333 2386 additurum
3360 2346 3618 2387 numerus
3635 2345 3708 2388 ac

2072 2467 2076 2470 .
2111 2425 2164 2480 in
2195 2422 2468 2487 Remensi,
2500 2429 2556 2477 et
2581 2423 2753 2476 solum
2785 2422 3068 2486 tituli,.seu
3096 2422 3471 2492 inscriptiones
3496 2416 3704 2479 tracta-

2111 2527 2258 2572 tuum
2285 2514 2479 2571 alicubi
2509 2514 2692 2579 variat,
2723 2512 3026 2585 cuiusmodi
3067 2513 3247 2583 plures
3283 2514 3334 2568 itt
3372 2517 3542 2584 prima
3575 2515 3704 2572 edi-

2113 2609 2276 2674 tione,
2307 2621 2412 2661 non
2441 2612 2619 2660 autem
2647 2603 2701 2660 in
2733 2617 2862 2659 mss.
2894 2605 3204 2658 memoratis
3233 2603 3498 2674 leguntur.
3526 2605 3703 2661 Trac-

2113 2707 2253 2754 tatus
2273 2698 2473 2768 excipit
2498 2697 2555 2753 S.
2576 2695 2810 2752 Zenonis
2831 2695 2943 2751 Vita
2963 2702 3019 2751 et
3039 2694 3424 2750 Translationis
3448 2695 3698 2765 historia,

2111 2787 2269 2864 quam
2321 2790 2663 2846 Zenoniattus
2711 2778 3006 2843 monachus
3060 2788 3329 2852 exaravit;
3385 2784 3582 2843 deinde
3633 2803 3702 2844 ea

2112 2883 2374 2951 clausula,
2422 2870 2632 2952 qualem
2661 2881 2740 2973 ip
2781 2878 2897 2935 line.
2929 2877 3130 2941 codicis
3162 2877 3351 2937 Veneti
3390 2879 3700 2946 innuimus;

2113 2991 2175 3030 ac
2200 2975 2413 3030 tandem
2437 2973 2609 3028 aliena
2635 2969 2793 3026 tna'nu
2836 2972 3191 3042 fragmentum
3231 2973 3518 3041 apponitur
3551 2969 3705 3044 Rhy-

2112 3068 2244 3123 tltmi
2271 3067 2334 3122 de
2365 3066 2580 3136 lfcrotnc
2609 3066 2866 3130 laudibus,
2912 3081 3069 3136 quem
3095 3081 3125 3120 a
3156 3055 3705 3138 quodamAnonytno

2114 3162 2372 3230 scriptum
2402 3160 2574 3229 Pipini
2605 3152 2932 3226 temporibus
2961 3159 3086 3213 alibi
3111 3158 3375 3221 dicemus.
3407 3161 3466 3214 Ρ.
3497 3161 3708 3217 Vares—

2115 3267 2210 3306 cus
2227 3250 2467 3320 ejusdem
2492 3250 2722 3306 emnobii
2742 3247 3142 3310 monachuseta
3162 3234 3480 3307 bibliotheca
3496 3239 3706 3308 codicis

2115 3345 2324 3409 copiam
2353 3341 2500 3422 fecit,
2543 3342 2824 3411 eidemque
2850 3342 3178 3397 conferendo
3215 3359 3372 3412 Opem
3411 3342 3696 3414 impendit.

2192 3435 2257 3490 Χ.
2307 3435 2456 3490 Alius
2503 3436 2672 3488 codex
2711 3434 3026 3490 chartaceus
3071 3436 3170 3490 sub
3207 3435 3367 3497 linem
3405 3451 3475 3490 xv
3515 3439 3710 3496 sa-cttli

2121 3528 2352 3597 pessimo
2380 3525 2690 3580 charactere
2709 3532 3000 3593 exaratos,
3055 3529 3401 3584 miscellanea
3452 3533 3700 3600 quaedam

2122 3620 2392 3674 variorum
2432 3603 2711 3672 auctorum
2739 3619 3040 3685 continens,
3071 3628 3278 3690 septem
3318 3637 3594 3679 sermones
3633 3640 3701 3678 rx

2121 3710 2300 3780 aliquo
2325 3709 2510 3764 codice
2538 3708 2846 3765 Zenoniano
2873 3718 3155 3783 excerptas
3191 3715 3366 3784 primo
3401 3715 3520 3771 loco
3547 3709 3702 3772 exiti;
3739 3737 3746 3741 ·

2122 3801 2232 3869 bet,
2262 3817 2323 3856 ex
2355 3794 2548 3871 quibus
2568 3816 2661 3856 sex
2691 3801 2960 3862 Zenonem
2994 3803 3189 3860 habent
3221 3814 3523 3874 auctorem,
3564 3810 3704 3864 alios

2121 3904 2300 3949 autem
2340 3908 2404 3950 ex
2444 3893 2754 3966 Appendice
2797 3883 3039 3965 sumptus
3072 3880 3215 3962 iuit:
3263 3897 3316 3952 hi
3353 3907 3530 3954 autem
3577 3908 3706 3956 sunt

2124 3985 2225 4040 hoc
2259 3986 2451 4041 ordine
2496 3985 2684 4056 scripti
2721 4001 2748 4067 _:
2797 3985 2876 4040 De
2895 3988 3122 4067 Adtende
3142 3989 3250 4055 tibi,
3271 4004 3337 4047 ex
3356 3992 3700 4062 Appendicc;

2121 4108 2193 4120 -—
2214 4076 2276 4132 de
2303 4076 2597 4146 Pudicitia;
2621 4109 2693 4121 —
2721 4064 2792 4133 tle
2840 4064 3194 4150 Continctttia;
3220 4113 3291 4126 —-
3319 4082 3383 4140 dc
3423 4083 3706 4144 Nativitate

2123 4168 2456 4249 Domini;-—-
2483 4170 2548 4224 de
2576 4170 2914 4239 Humilitate;
2939 4201 3012 4214 —
3050 4172 3114 4229 de
3150 4173 3290 4230 Jona
3333 4179 3579 4250 propheta
3596 4197 3705 4248 ;—

2122 4267 2187 4322 de
2212 4267 2617 4324 Resurrectione.
3357 4273 3359 4275 ’

2195 4359 2285 4416 XI.
2331 4360 2722 4436 Manuscriptus
2747 4360 2903 4427 liber,
2934 4377 3097 4432 quem.
3122 4361 3568 4433 Sparaverianum
3608 4383 3704 4440 ap-

437 4471 508 4531 M
537 4442 630 4526 lib.
659 4485 697 4525 ιι
728 4486 743 4523 :
775 4458 1044 4521 Doininica
1071 4481 1128 4520 ut
1154 4467 1208 4519 in
1231 4464 1656 4537 Quadragesinta,
1682 4466 1850 4523 Lectio
1888 4485 1924 4536 ι,
1957 4452 2008 4539 tt,

2131 4453 2458 4524 pellabimus,
2491 4453 2646 4508 nobis
2673 4453 2956 4524 inspectus
2977 4469 3082 4509 non
3115 4453 3235 4522 fuit,
3264 4457 3359 4512 sed
3379 4442 3546 4514 illum
3580 4477 3703 4532 per-

433 4550 502 4622 nt
554 4554 822 4636 Tractatus
865 4560 926 4614 de
961 4557 1122 4614 Juda.
1165 4560 1345 4614 Altera
1389 4560 1441 4613 itt
1473 4568 1628 4614 tract.
1677 4561 1745 4616 15
1774 4561 2018 4628 ejusdem

435 4659 530 4715 lib.
562 4673 633 4714 tt:
669 4649 935 4711 Tractatus
957 4653 1020 4706 de
1042 4652 1141 4707 Job
1169 4650 1342 4706 Lectio
1368 4651 1440 4708 Β..
1456 4649 1676 4708 Zenonis
1698 4653 1850 4722 huius
1867 4654 2019 4710 Sedis

435 4742 866 4825 Episcopi.'Cum
895 4757 1025 4798 vero
1053 4758 1121 4799 ex
1152 4742 1252 4798 hac
1286 4751 1555 4812 postrema
1578 4743 1786 4799 rubrica
1815 4743 2016 4815 liquet,

437 4841 815 4912 huncquoque
839 4835 1076 4890 codicem
1097 4834 1164 4889 ad
1190 4835 1551 4911 Veronensem
1577 4833 1871 4890 Ecclesiam
1898 4852 2020 4906 per-
2045 4865 2049 4868 -

425 4933 679 4999 ‘tinuisse,
709 4930 793 4985 vel
826 4927 1000 4999 potius
1026 4918 1353 4996 exscriptum
1382 4942 1448 4981 ex
1474 4917 1653 4997 aliquo
1689 4927 1980 4982 vetustiore
1999 4966 2016 4993 ,

377 5085 391 5094 _
435 5026 526 5096 qui
549 5024 721 5080 eidem
754 5020 1010 5077 Ecclesia:
1035 5015 1154 5072 usui
1178 5029 1317 5072 esset
1343 5034 1356 5070 :
1391 5027 1500 5072 tum
1531 5031 1662 5072 vero
1689 5031 1754 5072 ex
1779 5017 2020 5087 utrisque

439 5112 605 5172 titulis
634 5116 804 5196 palam
834 5116 957 5179 est,
1005 5103 1108 5165 hos
1145 5101 1421 5166 sermones
1474 5111 1614 5166 inter
1649 5114 1802 5166 sacra
1842 5109 2020 5164 omcia

439 5196 601 5281 fitisse
629 5202 917 5289 aliquando
938 5206 989 5289 in
1018 5203 1119 5259 hac
1147 5202 1380 5257 Ecclesia
1404 5197 1621 5271 publice
1644 5201 1836 5266 lectas,
1861 5199 2021 5271 idque

446 5285 1045 5378 posteriusrittvecttim,
1075 5305 1235 5378 quam
1264 5294 1473 5351 scilicet
1502 5294 1782 5372 Remensis
1821 5293 2023 5350 codicis

442 5387 694 5472 rubricae,
735 5374 852 5462 q'ttte
891 5374 1034 5468 inter
1076 5377 1256 5460 plures
1297 5378 1352 5444 id
1401 5390 1615 5459 generis
1650 5382 2024 5441 adnotationes

443 5475 574 5566 nihil
604 5476 1155 5566 ejusmttdirelerunt,
1183 5478 1544 5538 exsoleverint
1577 5499 1590 5536 :
1632 5490 1686 5537 et
1731 5479 1855 5536 hinc
1883 5478 2024 5566 forte

442 5560 730 5653 Ratlterius
757 5560 1400 5656 hujusisedis'episcopus
1426 5588 1494 5628 ex
1513 5568 1763 5628 sermone
1789 5571 1855 5653 ds
1880 5565 2022 5626 Juda

430 5658 522 5755 toi-
547 5659 819 5766 q'uo'ddam
835 5663 1087 5746 'Zenonis
1111 5659 1471 5752 testimonium
1497 5657 1743 5763 sumpsit,
1770 5679 1826 5746 ut
1855 5658 2020 5735 adito;

2122 4546 2338 4601 celeber
2377 4555 2432 4616 et
2463 4545 2657 4600 nobilis
2697 4543 2779 4598 vir
2823 4543 3142 4602 Franciscus
3180 4546 3532 4617 Sparaverius
3571 4554 3702 4609 olim

2123 4651 2244 4692 cum
2272 4636 2432 4691 editis
2459 4637 2704 4703 contulit,
2728 4630 3100 4706 variantesque
3127 4638 3243 4709 ejus
3273 4632 3530 4698 lectiones
3551 4624 3703 4700 nota-

2129 4729 2204 4782 vit
2247 4727 2301 4815 in
2349 4728 2813 4786 observationibus
2846 4729 2912 4784 ad
2955 4728 3186 4786 Zenonis
3228 4747 3529 4803 sermones,
3570 4753 3703 4807 quas

2121 4832 2244 4874 cum
2283 4833 2480 4875 novam
2509 4819 2667 4888 hujus
2693 4823 2968 4892 scriptoris
2997 4816 3289 4879 editionem
3332 4827 3700 4895 itteditaretur.

2100 4913 2224 4968 sub
2262 4914 2384 4968 vita:
2422 4914 2625 4967 exitum
2667 4913 2994 4983 lucubravit,
3041 4907 3487 4988 imperfectasque
3529 4903 3701 4978 morie

2124 5000 2455 5074 interceptus
2485 5004 2716 5070 reliquit.
2743 5003 2907 5074 Cujus
2946 5008 3034 5063 ille
3072 5009 3242 5064 codex
3291 4996 3479 5078 fuerit,
3517 5025 3572 5068 et
3613 5015 3701 5069 ubi

2126 5107 2269 5147 nunc
2307 5098 2404 5160 sit,
2449 5093 2787 5163 ignoramus;
2817 5095 2918 5150 nisi
2945 5096 3082 5153 forte
3111 5100 3252 5168 idem
3279 5101 3370 5156 ille
3399 5104 3580 5159 haberi
3609 5105 3701 5161 de-

2123 5184 2398 5253 beat,'qui
2424 5185 2478 5238 in
2516 5183 2816 5239 Sebastiani
2858 5187 3036 5240 Pisani
3067 5190 3332 5260 jun‘ioris,
3384 5193 3703 5252 Veronensis

2126 5275 2386 5346 epise0pi,
2416 5287 2470 5331 et
2498 5274 2815 5346 Sparaverio
2841 5278 3011 5332 cetevi
3043 5279 3194 5335 libris
3216 5272 3489 5340 exstitisse
3520 5287 3699 5356 prodi-

2132 5382 2216 5426 tus
2243 5383 2348 5433 εει,
2378 5385 2477 5425 nec
2505 5381 2821 5441 tamenquo
2853 5377 2973 5440 post
3012 5370 3386 5441 ejusmortem
3433 5380 3700 5435 transierit

2131 5460 2568 5519 inveniretlicuit.
2595 5461 2899 5532 Sparaverii
2922 5472 3099 5517 autem
3129 5462 3302 5518 codex
3326 5465 3563 5534 ejusdem
3589 5467 3701 5527 fere

2082 5608 2084 5611 ,
2125 5554 2341 5622 generis
2369 5551 2533 5608 fuisse
2560 5554 2790 5622 videtur,
2829 5554 3359 5610 aetttentbranaceus
3397 5549 3701 5618 monasterii

2126 5651 2182 5710 S.
2208 5646 2458 5728 Zenonis,-
2485 5664 2608 5724 cum
2635 5655 2850 5726 easdem
2881 5643 3023 5736 saepe
3052 5636 3367 5738 tractatuum
3402 5641 3692 5731 inscriptio:
