3826 6226
115 267 167 318 il
793 273 795 276 ’
1251 272 1799 345 ΒΑΙᾸιΕΒΙΝΙΟΒυΜ
1847 278 2228 339 ΡΒᾸΕΈΑΤΙΟ.
3299 301 3363 348 22

116 395 201 434 nes
238 379 504 451 praferat.
536 380 674 436 Cum
715 391 887 439 tamen
921 385 968 438 iu
998 384 1261 455 aliquibus
1300 386 1592 456 discrepet,
1623 400 1678 445 et
1704 395 1757 452 Α
1779 393 1864 446 ent
1891 393 2055 449 dubio
2083 396 2301 451 codices
2335 398 2570 470 integros
2618 413 2670 458 et
2721 403 2978 460 Remensi
3013 407 3359 478 antiquiores,

113 473 334 526 diversas
355 469 618 526 lectiones
653 489 758 528 non
784 474 960 529 nullibi
981 475 1251 542 exhibeat,
1285 488 1338 529 ut
1369 478 1420 530 in
1449 479 1674 533 adnota-

116 565 326 620 tionibus
357 577 457 618 suo
488 563 610 621 loco
636 566 967 635 apponendis
996 567 1351 635 monebimus,
1387 585 1418 624 e
1461 570 1677 627 diverso

113 655 342 725 exemplo
369 655 677 724 descriptus
702 658 834 712 satis
863 658 1118 727 proditur.
1141 659 1319 729 Hujus
1345 672 1525 717 autem
1568 665 1677 720 lec-

115 749 270 802 tiones
321 746 590 802 variantes
630 747 951 820 Sparaverio
996 751 1287 819 debe'mus,
1340 753 1564 824 ejusque
1608 771 1676 810 ex

111 841 558 895 observationibus
588 841 640 894 in
685 841 792 897 fine
821 843 1097 912 praesentis
1129 844 1413 900 voluminis
1439 845 1678 903 referen-

111 933 182 986 dis
210 932 326 986 illas
351 934 742 1003 excerpsimus.

171 1024 273 1078 XII.
307 1025 543 1080 Tandem
577 1025 892 1081 recentioris
918 1027 1130 1097 quidem
1159 1031 1352 1097 artatis,
1397 1032 1489 1086 sed
1520 1047 1676 1088 accn-

109 1115 303 1171 ratioris
334 1116 540 1171 librarii
567 1117 810 1174 codicem
835 1121 1192 1190 suppeditavit
1216 1121 1411 1177 Comes
1442 1122 1675 1178 Alexan-

108 1214 189 1266 der
217 1211 533 1280 Pompeius,
574 1221 628 1264 iit
662 1212 883 1280 proinde
923 1213 1280 1283 Pompeianus
1320 1215 1675 1284 appellandus

106 1305 338 1372 deinceps
365 1304 458 1357 sit.
494 1304 570 1358 Ex
606 1303 922 1375 Pellcgrinte
967 1306 1203 1360 Familia:
1234 1315 1460 1362 stemate
1488 1349 1501 1372 ,
1529 1308 1674 1378 quod

107 1397 150 1448 in
178 1395 341 1450 fronte
366 1396 638 1465 depictum
669 1396 869 1452 aﬂabre
907 1399 1146 1454 cernitur
1169 1414 1289 1454 cum
1323 1401 1674 1471 inscriptione

107 1485 350 1556 Peregrini
383 1485 691 1561 Peregrinir',
721 1491 786 1544 ad
829 1506 949 1546 eum
981 1492 1136 1561 hujus
1169 1492 1384 1546 familia:
1411 1493 1673 1549 illustrem

105 1582 257 1632 virum
275 1579 399 1632 olim
424 1581 754 1655 pertinuisse
780 1584 1148 1653 cognoscitur,
1175 1587 1265 1654 qui
1289 1595 1410 1655 post
1438 1587 1670 1643 medium

107 1685 163 1720 xv
192 1672 437 1724 saeculum
467 1671 669 1738 ﬂoruit,
699 1685 752 1728 et
783 1676 882 1729 sub
917 1675 1057 1730 idem
1101 1688 1309 1746 tempus
1345 1678 1512 1733 codex
1542 1695 1670 1733 eitu-

1780 497 1844 536 ex
1894 484 2086 553 quibus
2142 489 2248 543 illic
2298 493 2678 562 supplerentur
2721 499 3036 562 sententiae,
3090 500 3158 554 ab
3187 501 3364 570 aliquo

1780 572 1970 628 saltem
2001 578 2222 648 antiquo
2248 585 2562 640 amauuensi
2587 587 2856 642 adhibitos
2880 590 3050 657 palam
3081 600 3193 656 est;
3225 594 3364 661 quod

1779 675 2037 732 quantum
2066 669 2310 726 conferat
2332 683 2444 728 tum
2473 677 2536 730 ad
2585 677 2920 733 colIeCIionis
2951 679 3106 750 hujus
3134 682 3366 752 antiqui-

1782 766 1944 811 tatem
1999 761 2360 831 probaudam,
2419 777 2528 822 tum
2581 770 2645 824 ad
2697 772 3086 828 ostendendum
3118 785 3362 832 veterum

1780 852 2164 920 exemplarium
2199 871 2504 926 numerum,
2535 876 2693 916 nemo
2720 871 2802 917 est
2836 864 2925 932 qui
2953 880 3056 919 non
3090 867 3285 922 videat.

1850 939 1990 995 XIV.
2034 943 2184 1011 Quod
2229 948 2274 1000 si
2317 949 2385 1003 dc
2431 951 2544 1021 ipsa
2577 953 2911 1009 cullectionis
2952 959 3157 1028 origine
3200 960 3357 1015 valde

1777 1033 2128 1101 probabiliter
2153 1040 2420 1109 conjicere
2449 1044 2628 1108 liceat,
2653 1047 2794 1115 quod
2834 1049 2900 1103 ad
2934 1051 3095 1104 ninlta
3127 1051 3254 1108 niile
3281 1054 3359 1106 fti-

1778 1128 1956 1178 turum
1985 1138 2090 1191 est,
2124 1144 2241 1183 eam
2273 1135 2433 1201 paulo
2463 1147 2583 1204 post
2605 1137 2662 1192 8.
2695 1138 2943 1209 Episcopi
2963 1149 3213 1208 mortem,
3244 1144 3360 1214 ipso

1776 1224 1967 1284 quarto
1989 1220 2186 1274 swculo
2224 1236 2455 1280 exeunte
2477 1229 2557 1281 vel
2581 1228 2796 1285 ineunte
2820 1233 3024 1301 quinto,
3055 1250 3119 1287 ex
3149 1237 3360 1290 schedis

1776 1308 1892 1375 ejus
1921 1305 2149 1363 Veronae
2183 1313 2384 1368 relictis
2416 1318 2662 1373 eductam
2707 1331 2865 1391 atque
2906 1338 3214 1393 expressam
3245 1343 3362 1383 cre-

1776 1398 1975 1455 dimus.
2004 1404 2296 1459 Auctorem
2328 1407 2543 1476 quidem
2573 1425 2690 1465 eam
2725 1429 2823 1468 nec
2853 1429 3087 1483 parasse,
3117 1432 3214 1472 nec
3241 1420 3360 1473 edi-

1776 1490 1954 1555 disse,
2004 1507 2284 1550 sermones
2329 1497 2548 1566 quidam
2601 1503 2942 1571 imperfecti,
2996 1509 3241 1577 repetiti,
3299 1528 3360 1566 ac

1778 1583 1952 1637 inutili
1996 1599 2213 1654 prorsus
2257 1592 2502 1646 suadent.
2552 1592 2663 1648 Una
2697 1597 2946 1652 nimirum
2979 1603 3063 1654 vel
3095 1605 3358 1674 praecipua

1777 1677 1915 1744 apud
1937 1687 2149 1734 veteres
2177 1680 2434 1736 Ecclesiae
2459 1685 2647 1741 Patres
2668 1703 2796 1742 cura
2825 1688 2947 1758 fuit,
2980 1707 3144 1763 Opera
3178 1697 3357 1752 adver-

104 1772 233 1816 ratus
261 1771 500 1834 apparet.
528 1766 670 1819 Ordo
695 1782 1059 1836 numerusque
1089 1778 1410 1823 tractatuum
1441 1770 1582 1825 idem
1610 1787 1673 1826 ac
1705 1782 1751 1841 Β
1778 1783 1869 1824 sus
1897 1770 2116 1838 Gentes,
2149 1774 2231 1828 vel
2272 1774 2556 1832 haereticos
2578 1779 2880 1851 lucubrata,
2905 1785 3113 1859 aliaque
3139 1788 3358 1843 histori-

104 1856 146 1907 in
189 1855 451 1911 Remensi.
503 1857 732 1912 Additur
773 1859 1004 1930 hymnus
1051 1860 1116 1912 de
1151 1862 1297 1933 signa
1340 1861 1536 1928 Crucis,
1582 1866 1670 1932 qui

105 1958 258 2003 tamen
289 1952 403 2004 sine
431 1951 540 2004 ulla
570 1951 920 2021 inscriptione
941 1992 958 2019 ,
987 1968 1093 2008 uno
1118 1963 1374 2010 contextu
1396 1971 1516 2011 cum
1550 1972 1671 2026 pos-

104 2050 252 2095 tremo
281 2041 529 2094 addititio
576 2050 808 2096 tractatu
851 2046 1018 2114 prima
1065 2061 1226 2099 manu
1275 2046 1543 2115 scriptus,
1587 2063 1673 2102 se-

107 2131 248 2186 cunda
274 2148 430 2186 manu
459 2132 749 2188 distinctus
775 2135 1078 2190 exhibetur.
1110 2135 1379 2192 Praeterea
1408 2138 1582 2194 Vitam
1610 2156 1674 2196 ac

106 2224 507 2279 TranslatiOnem
552 2227 608 2280 8.
670 2226 901 2281 Zenonis
957 2245 986 2282 a
1043 2229 1309 2283 monacho
1365 2230 1672 2288 Zenoiiiano

108 2316 401 2380 Iu0ubratas,
436 2325 491 2369 et
521 2315 792 2386 Anonymi
822 2317 1084 2385 Pipiniiiiii
1115 2319 1495 2389 fragmentum,
1529 2333 1585 2378 ut
1617 2326 1669 2379 in

108 2423 187 2458 ius.
215 2405 528 2460 monasterii
556 2407 612 2462 S.
642 2406 893 2475 Zenonis,
924 2419 1207 2478 postrema:
1238 2415 1449 2483 pagina:
1476 2431 1668 2485 sugge-

107 2507 225 2550 runt.
254 2497 438 2552 lirum
483 2499 654 2552 videri
685 2506 852 2568 possit
881 2504 932 2554 iii
965 2507 1409 2571 praestantissima
1451 2510 1670 2577 capituli

112 2589 396 2663 Veronensis
452 2591 798 2658 bibliotheca,
847 2592 901 2646 in
949 2608 1052 2663 qua
1099 2603 1181 2648 tot
1221 2600 1412 2652 vetusti
1454 2601 1670 2656 codices

105 2661 355 2753 diligenter
382 2696 691 2750 servantur,
727 2685 932 2739 nullum
965 2686 1020 2740 8.
1064 2686 1296 2743 Zenonis
1325 2692 1560 2759 potuisse
1591 2707 1669 2746 i'e-

108 2782 270 2848 periri;
317 2791 367 2835 at
417 2797 542 2836 cum
597 2782 688 2836 alii
743 2797 847 2837 non
897 2786 1070 2851 pauci,
1111 2800 1246 2854 quos
1287 2787 1415 2840 olim
1469 2787 1664 2841 ibidem

108 2874 343 2928 exstitisse
371 2876 652 2929 memoriae
684 2877 957 2944 proditum
986 2888 1085 2942 est,
1130 2877 1495 2932 vicissitudine
1528 2887 1662 2932 temo

108 2980 267 3032 porum
290 2967 644 3037 deperieriut,
671 2969 816 3024 inter
844 2970 941 3024 hos
972 2974 1334 3025 transVulasse
1368 2986 1471 3025 ms.
1503 2972 1666 3026 libros

106 3054 150 3110 S.
174 3056 382 3114 Zenonis
412 3060 544 3114 nihil
589 3062 930 3132 anibigimus.
978 3061 1165 3115 Fuisse
1202 3062 1417 3131 quidem
1466 3063 1660 3117 ibidem

1776 1875 1857 1926 ca,
1887 1863 2236 1933 catechetica,
2273 1869 2351 1921 vel
2373 1869 2491 1924 aliis
2521 1871 2821 1928 nominibus
2847 1876 2994 1928 utilia
3021 1893 3086 1931 ac
3111 1894 3359 1935 necessa-

1777 1961 1854 2011 ria
1884 1958 2075 2013 litteris
2101 1962 2356 2016 mandare
2395 1974 2447 2017 et
2473 1964 2667 2029 edere;
2693 1966 2760 2021 de
2785 1971 3125 2025 sermonibus
3152 1983 3353 2036 autem,

1775 2049 1864 2118 qui
1895 2064 1922 2101 a
1947 2051 2135 2118 quovis
2165 2052 2428 2124 Episcopo
2465 2055 2531 2108 ad
2561 2057 2811 2125 pupulum
2842 2059 3172 2115 familiariter
3195 2063 3357 2117 habe-

1777 2139 1987 2208 bantur,
2013 2156 2116 2195 non
2161 2153 2301 2196 tanta
2325 2144 2528 2198 exstitit
2552 2147 3032 2218 cogitatio,quippe
3051 2151 3358 2219 quosnullis

1775 2231 1970 2286 litteris
2005 2236 2349 2303 consignatos
2365 2238 2437 2289 illi
2462 2235 2572 2291 fere
2592 2239 2887 2292 recitabant
2903 2256 2964 2295 ex
2982 2243 3356 2311 tenipore,ve|,

1775 2322 1820 2377 si
1849 2326 2248 2380 committerent
2279 2328 2492 2394 litteris,
2527 2344 2631 2382 nun
2660 2338 2811 2385 tanto
2837 2332 3011 2386 studio
3037 2333 3320 2388 edolabant
3339 2376 3352 2398 ,

1775 2426 1832 2468 ut
1862 2416 1913 2468 in
1933 2417 2204 2484 publicum
2229 2421 2548 2475 emittendus
2572 2433 2874 2476 censerent.
2911 2423 3044 2477 Hinc
3077 2427 3212 2478 inter
3235 2425 3357 2478 infi~

1774 2508 1914 2561 nitus
1936 2512 2316 2578 propemodum
2349 2513 2746 2585 episcoporum,
2777 2531 2910 2585 quos
2927 2517 3216 2587 antiquitas
3248 2524 3357 2574 clo-

1772 2597 2004 2667 quentiae
2025 2600 2184 2652 etiam
2211 2602 2370 2655 laude
2395 2606 2754 2669 commendat,
2774 2620 3071 2672 sermones,
3092 2609 3243 2678 pauci
3263 2612 3356 2662 iid-

1771 2691 1988 2742 modum
2021 2690 2209 2759 scripti
2250 2693 2314 2743 ad
2355 2705 2454 2744 nos
2484 2708 2802 2761 pervenere,
2845 2705 2899 2750 et
2923 2713 2990 2751 ex
3021 2698 3086 2751 iis
3111 2713 3217 2751 non
3241 2715 3357 2753 oui-

1773 2795 1867 2834 nes
1891 2779 1957 2833 ab
1997 2781 2127 2848 ipsis
2155 2783 2464 2836 auctoribus
2488 2784 2700 2836 collecti
2725 2795 2779 2838 et
2813 2786 2976 2850 editi;
3010 2789 3102 2842 sed
3141 2791 3355 2857 quidam

1771 2873 1823 2925 in
1853 2874 2068 2926 schedis
2097 2873 2293 2937 relicti,
2349 2875 2484 2928 alios
2518 2876 2782 2943 habuere,
2814 2879 2904 2946 qui
2935 2877 3054 2931 illos
3082 2890 3202 2949 post
3229 2897 3355 2937 auc-

1770 2973 1942 3017 torum
1967 2976 2194 3019 mortem
2223 2967 2552 3035 colligendos
2575 2978 2627 3021 et
2654 2969 2889 3023 edendos
2912 2981 3188 3025 curarunt.
3222 2971 3354 3027 Illud

1769 3070 1947 3113 autem
1993 3059 2132 3114 inter
2162 3074 2446 3115 sermones
2494 3061 2750 3116 collectus
2790 3072 2845 3117 et
2889 3063 3062 3118 editos
3111 3065 3176 3120 ul)
3223 3067 3355 3134 ipsis

109 3149 304 3218 aliquem
331 3151 380 3205 id
411 3153 632 3222 generis
676 3151 917 3207 codicem
949 3167 1056 3206 non
1099 3158 1301 3206 tantum
1345 3153 1538 3221 conjici
1569 3169 1662 3222 pu-
1688 3155 1732 3216 ρ
1767 3151 2099 3216 auctoribus,
2126 3161 2210 3203 aut
2237 3149 2305 3204 ab
2327 3151 2446 3205 aliis
2474 3150 2701 3206 interest
2725 3194 2741 3220 ,
2775 3155 2933 3222 quod.
2958 3156 3112 3224 primi
3141 3157 3352 3224 generis

111 3250 192 3293 test
230 3258 287 3296 ex
324 3243 530 3300 Joanne
583 3245 934 3315 presbytero,
985 3245 1346 3298 mansiunario
1402 3244 1661 3300 Ecclesia:

110 3333 414 3405 Veronensis,
444 3353 609 3409 quem
644 3339 726 3407 (ut
758 3338 999 3407 pluribus
1036 3337 1416 3392 adnotabimus
1453 3339 1657 3394 disser.

110 3432 296 3496 tatioiie,
327 3436 495 3501 prima
538 3447 590 3486 c.
631 3431 683 3495 5,
722 3429 748 3501 ἐ
778 3431 815 3501 i)
847 3447 952 3484 non
999 3431 1124 3484 alibi
1153 3431 1386 3486 Zenonis
1418 3435 1661 3490 codicem

110 3520 272 3576 vidisse
287 3535 337 3578 et
357 3524 550 3594 legisse
579 3527 711 3578 satis
743 3524 1016 3603 probabile
1041 3534 1154 3587 est;
1186 3526 1279 3579 sed
1304 3527 1478 3595 palam
1499 3528 1660 3582 etiam

111 3611 200 3664 ﬁeri
239 3614 439 3670 ridetur
483 3630 554 3670 ex
603 3617 838 3670 editione
883 3614 1084 3669 Veneta
1137 3616 1195 3671 8.
1247 3617 1501 3685 Zenonis,
1542 3637 1663 3689 quae

110 3718 203 3757 cuin
240 3709 426 3762 codicis
475 3707 789 3762 meminerit
843 3722 870 3759 a
904 3705 1144 3763 Guariiio
1185 3709 1389 3766 inventi
1435 3714 1488 3765 in
1529 3712 1659 3782 Ερὶέ

108 3797 237 3865 “apii
263 3795 560 3853 Veronensis
593 3798 1023 3864 bibliothecamee
1049 3799 1154 3853 alia
1179 3801 1436 3871 episeopii
1467 3804 1662 3858 biblio-

110 3886 232 3943 theca
260 3890 442 3945 tradita
472 3893 570 3954 sit,
607 3904 764 3960 quam
791 3892 1010 3959 capituli
1036 3892 1362 3948 cathedralis
1391 3896 1657 3961 ecclesiae,

109 3978 147 4029 in
174 3983 257 4034 hac
297 3983 480 4050 procul
521 3981 689 4037 dubio
727 3983 968 4038 codicem
1011 3985 1160 4039 illum
1193 3987 1466 4042 inventum
1496 3992 1664 4045 exsti-

109 4069 210 4125 tisse
229 4072 561 4128 arbitramur.
1557 4074 1570 4085 ’

163 4163 279 4220 XIII.
316 4166 517 4223 Novem
569 4169 750 4239 itaque
799 4177 926 4224 sunt
973 4171 1213 4239 codices,
1267 4188 1403 4243 quos
1457 4175 1661 4231 habere

109 4258 310 4330 contigit,
339 4270 392 4313 et
421 4275 487 4314 eo
518 4259 772 4316 utiliores
799 4264 966 4329 luere,
1000 4265 1144 4334 quod
1189 4267 1257 4335 (si
1285 4265 1656 4322 Zenoniauum

111 4347 404 4406 cbartaceum
425 4351 711 4425 excipias)
740 4369 927 4410 omnes
971 4356 1028 4412 8.
1081 4357 1316 4413 Zenonis
1370 4373 1654 4413 sermones

112 4439 265 4510 singuli
289 4446 621 4514 contineant,
651 4450 834 4517 siCque
859 4463 1138 4504 sermones
1171 4465 1359 4504 omnes
1387 4465 1505 4504 cum
1533 4457 1656 4503 octo

1769 3255 2047 3295 sermones
2078 3243 2289 3312 integri,
2322 3244 2577 3312 aequales,
2603 3243 2884 3308 elaborati,
2912 3257 2964 3300 et
2991 3248 3241 3315 perpoliti
3269 3248 3352 3301 in-

1767 3333 2230 3401 veniuntur;cuin
2260 3351 2418 3389 nemo
2467 3335 2600 3389 nihil
2658 3336 2758 3390 nisi
2805 3336 3096 3406 perfectum
3135 3348 3184 3391 et
3222 3353 3354 3392 enu-

1767 3428 1988 3481 cleatius
2020 3429 2354 3483 lucubratum
2386 3429 2632 3484 emittere
2660 3430 2830 3483 soleat
2859 3447 2871 3480 :
2905 3439 2958 3481 at
3004 3430 3217 3483 alterius
3259 3444 3352 3499 ge-

1769 3522 1915 3576 neris
1959 3524 2234 3579 0i-ati0nes
2275 3539 2419 3594 saepe
2466 3525 2646 3588 rudes,
2697 3538 3092 3592 nonnumquam
3147 3525 3372 3578 niutiltc'

1768 3613 2200 3686 imperfectieque
2239 3626 2555 3670 cernuntur.
2611 3614 2790 3682 Itaque
2815 3614 2914 3667 etsi
2961 3614 3017 3667 8.
3067 3612 3211 3668 Zeno
3241 3617 3347 3684 pri-

1768 3724 1887 3764 mus
1926 3711 1996 3762 sit
2023 3709 2331 3762 Latinorum
2378 3709 2594 3762 Patrum
2626 3707 2778 3775 cojus
2809 3719 3084 3775 sermones
3130 3709 3345 3776 prodie-

1767 3817 1913 3868 runt,
1944 3811 2000 3855 ut
2044 3803 2097 3856 in
2129 3801 2387 3871 prummiu
2428 3801 2493 3852 ad
2536 3802 2752 3853 dissert.
2783 3797 2817 3850 2
2858 3798 3192 3864 ostendetur,
3237 3804 3350 3869 ipse

1768 3904 1945 3947 tamen
1981 3895 2118 3946 hanc
2150 3893 2523 3946 collectionem
2577 3889 2714 3941 haud
2759 3903 2978 3956 parasse
3023 3902 3076 3942 et
3111 3892 3347 3945 edidisse

1766 3983 2070 4038 credendus
2098 3991 2212 4044 est;
2242 3981 2338 4034 sed
2387 3995 2507 4047 qua:
2540 3979 2590 4030 iii
2622 3993 2775 4032 usuni
2807 3993 3119 4048 serinonuni
3145 4020 3159 4044 ,
3215 3996 3350 4047 quos

1765 4076 1830 4130 ad
1858 4078 2111 4144 populum
2141 4070 2606 4142 frequentissimus
2639 4071 2843 4135 habuit,
2892 4085 3010 4136 post
3035 4083 3264 4128 mortem
3298 4077 3349 4128 in

1764 4167 1979 4222 schedis
2021 4165 2267 4236 reliquit,
2301 4179 2365 4220 ea
2420 4164 2488 4218 ab
2517 4163 2639 4219 aliis
2695 4166 2910 4229 inventa
2937 4207 2951 4230 ,
3003 4167 3071 4219 ob
3098 4166 3350 4223 eximiam
3439 4213 3442 4218 .

1766 4259 1947 4314 Sancti
1999 4257 2100 4310 viri
2146 4256 2599 4311 existimationem
2652 4257 2953 4326 colligenda
2991 4256 3197 4311 naviter
3225 4261 3342 4314 visa

1762 4359 1909 4418 sunt,
1942 4352 2102 4419 idque
2134 4359 2278 4402 tanta
2308 4353 2506 4404 factum
2536 4349 2834 4418 diligentia,
2883 4358 2939 4402 ut
2966 4349 3222 4419 quidquid
3255 4365 3343 4405 re-

1764 4446 1922 4514 periri
1973 4445 2168 4513 potuit,
2214 4445 2329 4498 sive
2375 4445 2692 4512 perfectum,
2745 4444 2859 4496 sive
2891 4443 3100 4508 minus,
3155 4454 3346 4512 totum,

113 4532 340 4591 codicibus
362 4540 614 4594 conferre
661 4540 828 4605 licuit,
883 4555 1080 4612 praeter
1114 4551 1374 4596 tractatus
1427 4543 1651 4610 aliquot,
1683 4539 1733 4595 D
1763 4538 2084 4592 collectione
2111 4548 2166 4592 et
2194 4537 2428 4592 editione
2460 4536 2676 4605 dignum
2711 4535 3012 4603 judicatuui
3063 4539 3152 4601 sit,
3206 4537 3348 4607 frag-

116 4636 299 4689 quorum
325 4633 597 4686 variantes
626 4647 724 4687 nec
748 4633 988 4687 Basilicae
1019 4633 1287 4687 Vaticana:
1327 4633 1497 4686 codex
1529 4648 1654 4686 seru

118 4714 353 4790 indicatus,
376 4741 475 4782 nec
502 4727 861 4797 Sparaverius
885 4767 899 4790 ,
931 4726 1300 4796 imperfectum
1332 4741 1462 4794 upus
1493 4726 1656 4780 relin-

117 4845 269 4899 quens,
297 4837 726 4908 suppeditarunt.
756 4830 868 4883 Etsi
896 4839 1072 4885 autem
1112 4831 1163 4898 hi
1193 4845 1378 4886 omnes
1407 4837 1642 4901 codices,

119 4941 198 4981 non
233 4933 378 4990 modo
402 4936 695 4999 eumdem,
748 4933 838 5002 qui
895 4933 947 4985 in
976 4931 1353 5001 antiquissimo
1399 4931 1654 4986 Renicnsi

117 5023 328 5094 cemitur,
377 5040 694 5096 sermonum
753 5023 995 5093 ordinem
1051 5035 1363 5095 sequantur,
1407 5025 1500 5080 sed
1552 5039 1657 5080 uno

117 5115 242 5170 etiam
261 5117 564 5173 charactere
581 5117 935 5188 transcriptos
949 5118 1237 5187 praeferant
1260 5125 1536 5185 tractatus,
1568 5121 1657 5189 qui

117 5203 275 5276 duplici
308 5225 475 5284 manu
527 5212 582 5283 in
637 5209 891 5264 Remensi
940 5212 1143 5267 exarati
1177 5213 1461 5284 leguntur:
1496 5229 1655 5268 nemo

122 5305 262 5378 laniari
305 5315 364 5354 ex
409 5300 512 5359 hoc
545 5301 799 5356 Remensi
843 5311 1109 5372 tamquam
1153 5320 1220 5360 ex
1257 5306 1401 5361 fonte
1431 5314 1656 5361 Caeteros

122 5386 385 5466 l-mlluxisse
435 5393 640 5448 idcirco
697 5396 988 5450 existimet.
1079 5397 1190 5452 Iino
1266 5415 1392 5453 vero
1440 5415 1558 5452 cum
1602 5398 1653 5453 in

122 5472 328 5536 Rernensi
352 5493 540 5554 praeter
564 5485 839 5540 variantes
872 5485 1134 5542 lectiones
1155 5489 1416 5544 et-titulos
1445 5491 1656 5543 varian-

124 5576 202 5633 ωε,
226 5574 406 5645 aliquot
450 5577 765 5633 idemtidem
805 5579 1105 5632 sententias
1145 5595 1244 5635 suo
1276 5596 1514 5652 quasque
1543 5568 1659 5638 loco

125 5663 338 5740 “modo!
370 5665 622 5726 librarius
667 5683 769 5740 per
805 5671 998 5723 saltum
1027 5672 1366 5740 praeterierit,
1424 5687 1556 5742 quas
1605 5673 1657 5727 in

129 5753 221 5832 aliis
242 5764 595 5844 mppcﬁptis
623 5762 910 5843 suppletas
960 5764 1104 5843 nacti
1129 5779 1345 5837 sumus;
1373 5764 1507 5819 alios
1537 5779 1659 5839 pro-

1764 4622 2004 4686 nientuni
2058 4631 2183 4685 licet
2219 4630 2476 4698 exiguum
2521 4640 2686 4692 esset,
2737 4629 2817 4681 vel
2871 4629 3232 4696 exordioluni,
3267 4633 3349 4684 vel

1767 4710 2116 4781 uiiica'etiam
2147 4725 2420 4794 periodus.
2461 4723 2589 4789 Quae
2620 4721 3019 4778 animadversio
3044 4733 3346 4783 necessaria

1763 4837 1983 4891 omnino
2023 4835 2122 4890 fuit
2148 4836 2212 4891 ad
2239 4835 2560 4890 vindicanda
2593 4851 2697 4891 non
2723 4848 2912 4908 pauca,
2942 4848 3062 4903 quae
3091 4833 3141 4885 in
3174 4837 3343 4892 Zeno-

1764 4929 1848 4982 nis
1880 4929 2193 4983 traetatibns
2237 4927 2573 4998 imperfecta,
2625 4933 2705 4985 vel
2759 4933 2942 5002 paucis
2984 4931 3201 4995 additis,
3250 4946 3347 4984 seu

1763 5025 1978 5077 mutatis
2005 5065 2018 5088 ,
2077 5024 2296 5078 totidem
2329 5024 2506 5078 verbis
2561 5028 2785 5093 repetita
2816 5025 3190 5080 meminimus:
3224 5039 3343 5092 quae

1762 5116 1804 5168 si
1837 5116 2063 5185 ipsemet
2093 5115 2296 5170 Auctor
2327 5116 2531 5171 edenda
2561 5119 2874 5189 cogitasset,
2907 5115 3034 5168 nihil
3066 5114 3211 5168 dubii
3241 5121 3344 5176 est,

1740 5201 1887 5276 'quiu
1920 5210 2308 5279 suppressisset
2334 5211 2583 5281 repetita,
2607 5220 2798 5264 caetera
2827 5215 3002 5261 autem
3038 5206 3102 5260 ad
3135 5205 3347 5260 umbili-

1763 5314 1883 5354 cum
1912 5301 2254 5371 perduxisset
2293 5302 2739 5372 perpolissetque.
2776 5299 2910 5352 Hinc
2931 5299 3089 5353 etiam
3117 5297 3183 5351 de
3223 5311 3344 5350 cor-

1764 5393 1935 5463 ruptis
1964 5409 2070 5448 non
2113 5395 2272 5449 nullis
2304 5397 2434 5448 locis
2457 5437 2469 5456 .
2509 5396 2703 5464 quibus
2750 5393 2883 5447 nulli
2930 5390 3142 5446 codices
3175 5405 3345 5462 reme-

1764 5485 1909 5539 dium
1938 5484 2150 5539 adferre
2191 5493 2498 5552 potuerunt,
2529 5483 2846 5553 conjectatio
2871 5483 3132 5546 exoritur,
3162 5482 3210 5535 id
3239 5495 3343 5536 non

1764 5577 1998 5629 omnium
2031 5577 2435 5630 alllallut‘llSllllll
2493 5577 2545 5628 in
2577 5576 2823 5628 eumdem
2864 5590 3103 5628 errorem
3132 5576 3343 5642 conspi-

1765 5669 1991 5721 rantiuni
2027 5668 2155 5721 vitio
2185 5667 2453 5731 evenisse,
2481 5669 2574 5721 sed
2617 5667 2843 5735 quadam
2878 5668 3030 5734 primi
3065 5667 3198 5720 forte
3224 5666 3343 5720 Col-

1765 5759 1982 5821 lectoris
2023 5759 2363 5822 necessitate,
2416 5759 2503 5832 qui
2537 5771 2657 5814 cum
2687 5757 2864 5810 omnia
2897 5757 3161 5824 Zenonis,
3200 5773 3359 5838 qua».
