3826 6226
372 324 442 376 ίὶῗῖ
1752 314 2119 368 ΡΙῖυιλσῖιὲυΜ
2132 313 2282 369 ENA.
3608 313 3677 366 τὶς

369 453 603 510 cumque
653 446 858 499 essent,
917 436 1079 498 etiam
1139 432 1436 501 fragmenta
1464 470 1478 493 ,
1511 427 1816 499 colligenda
1867 427 1967 480 sibi
2001 430 2043 486 Λ
2079 427 2144 480 tis
2178 429 2458 481 universos
2489 442 2769 483 sermones
2811 426 3175 483 tliviilcremus
3220 426 3271 482 in
3316 427 3482 482 libros
3510 430 3681 482 duos.

377 531 723 603 sumpsisset,
756 530 916 597 idque
943 543 1009 582 ex
1037 523 1254 580 scliedis
1274 537 1378 578 non
1412 520 1603 577 mtllibi
1636 519 1854 586 deletis,
1889 521 1970 574 vel

372 627 427 683 in
453 626 651 698 quibus
674 622 1015 694 superducra:
1036 662 1049 684 ,
1083 629 1139 674 ut
1169 616 1429 689 in‘primo
1455 615 1707 685 exemplo
1738 613 1851 669 fieri
1882 628 1973 669 so-

371 718 471 783 let,
521 726 708 773 essent
750 728 908 770 voces
935 756 947 776 ,
982 722 1074 767 aut
1122 712 1310 776 lineae;
1363 709 1563 764 alicubi
1620 723 1843 763 necesse
1880 707 1978 761 fuit

373 809 701 870 exscribere.
735 822 855 878 quae
905 821 1011 859 non
1042 805 1179 858 bene
1229 803 1560 872 legerentur,
1596 800 1677 854 vel
1709 798 1977 867 inquibus

296 916 303 921 ’
374 904 589 960 deesset
618 901 756 956 forte
784 898 986 968 aliquid
1015 916 1027 949 :
1073 895 1271 967 quibus
1300 896 1367 950 de
1401 894 1565 949 rebus
1594 892 1794 949 alicubi
1826 906 1979 946 enm-

375 996 498 1051 dem
521 994 871 1049 collectorem
902 1006 1112 1056 errare,
1148 1003 1306 1043 unam
1335 1002 1525 1042 vocem
1561 1000 1657 1054 pro
1697 986 1801 1038 alia
1830 984 1976 1053 lege-

373 1106 454 1153 re,
488 1086 733 1142 mutilum
762 1085 924 1139 etiam
955 1097 1175 1137 sensum
1227 1079 1487 1134 exhibere
1541 1078 1814 1147 opmtuit,
1844 1092 1981 1146 quos

375 1184 620 1239 defectus
656 1179 746 1233 alii
795 1176 1128 1248 posteriores
1155 1174 1359 1228 librarii
1394 1183 1750 1241 exceperunt,
1775 1180 1982 1240 utspes

378 1277 523 1331 nulla
552 1276 622 1330 sit
653 1274 786 1339 fore,
820 1282 876 1326 ut
920 1271 1014 1323 ulli
1044 1269 1132 1323 alii
1181 1268 1420 1329 Codices,
1467 1267 1558 1336 qui
1603 1264 1742 1319 forte
1785 1263 1982 1318 alicubi

378 1380 614 1432 exstant,
644 1368 967 1439 quibusdam
1016 1368 1151 1421 locis
1180 1365 1520 1421 medeantur.
1577 1362 1760 1432 Itaque
1806 1361 1848 1415 si
1883 1359 1985 1413 hac

379 1467 433 1520 in
458 1466 698 1521 editione
753 1477 919 1533 pauca
950 1460 1197 1533 qucedatn
1231 1460 1343 1514 loca
1397 1458 1574 1511 minus
1611 1454 1981 1521 satisfaciant,

379 1575 543 1615 nemo
566 1559 616 1614 id
651 1572 825 1629 neque
855 1557 1080 1612 Auctori
1125 1556 1259 1608 vitio
1286 1554 1404 1619 det,
1432 1568 1495 1608 ac
1538 1554 1581 1607 si
1635 1567 1740 1607 non
1780 1552 1872 1605 ille
1915 1551 1985 1604 sit

381 1652 773 1709 disertissimus
824 1659 879 1705 et
923 1649 1242 1720 perspicuus
1268 1654 1479 1710 orator,
1508 1646 1723 1714 qualem
1766 1644 1887 1698 aliis
1918 1660 1981 1697 ex

384 1746 700 1803 tractatibus
747 1746 1161 1815 cognoscimus;
1215 1755 1315 1795 nec
1362 1739 1515 1794 nobis
1543 1781 1556 1805 ,
1599 1736 1689 1809 qui
1730 1737 1776 1791 si
1809 1737 1984 1791 minus

2080 520 2135 575 In
2168 521 2398 591 primum
2443 521 2715 591 longiores
2747 531 3007 595 tractatus
3058 507 3387 590 conjecimus
3435 522 3691 591 (quibus

2079 613 2124 667 si
2172 613 2705 668 inseruimue'aﬁuin
2739 614 3114 669 brevissimum
3148 615 3210 668 de
3257 604 3505 679 Avaritia,
3555 614 3691 670 ideo

2081 705 2428 773 inscruimus,
2462 708 2603 777 qttod
2634 708 2782 762 illum
2807 723 2834 760 a
2864 706 3074 761 duobus
3101 707 3344 777 ejusdem
3368 708 3690 779 argumenti

2080 800 2365 869 sejungere
2395 816 2606 870 mquam
2634 818 2739 855 non
2769 800 2903 873 fuit)
2937 812 2988 855 et
3021 801 3073 854 lii
3112 812 3235 855 sunt
3262 816 3448 855 omnes
3481 810 3693 857 tracta—

2081 886 2167 946 tus
2205 894 2271 947 tie
2307 895 2598 949 virtutibus
2622 906 2674 949 et
2699 895 2861 952 vitiis.
2907 910 3028 947 cum
3060 904 3288 963 quatuor
3318 893 3693 963 aliialongio-

2085 965 2253 1050 ribus,
2308 1000 2443 1055 quos
2489 985 2589 1040 sub
2636 986 2795 1041 linem
2827 985 3068 1055 ejusdem
3100 986 3249 1041 'libri
3295 986 3568 1040 dabimus.
3628 985 3690 1040 In

2086 1078 2324 1135 secundo
2351 1089 2529 1133 autem
2561 1078 2695 1133 libro
2727 1080 3003 1135 breviores
3051 1090 3311 1135 tractatus
3355 1078 3691 1134 describen-

2088 1183 2194 1238 tur,
2220 1173 2309 1241 qui
2351 1175 2451 1227 etsi
2485 1174 2666 1242 plures
2697 1189 2949 1238 numero,
2980 1174 3260 1229 brevitatis
3303 1184 3477 1229 tamen
3518 1189 3695 1228 causa

2086 1266 2419 1336 longioribus
2452 1267 2554 1322 illis
2585 1268 2726 1322 mole
2769 1271 3003 1339 tequales
3048 1268 3161 1325 fere
3198 1279 3324 1322 sunt
3357 1285 3371 1322 :
3420 1279 3477 1322 et
3504 1268 3695 1338 primo

2087 1360 2302 1430 quidem
2362 1370 2628 1430 ponentur
2673 1363 2763 1432 qui
2812 1365 2876 1416 ad
2909 1362 3179 1417 Christum
3223 1366 3386 1417 Deum
3418 1376 3465 1418 et
3505 1364 3695 1416 horni-

2090 1468 2210 1507 nem
2263 1453 2570 1523 pertinent,
2615 1466 2724 1509 tum
2765 1456 2839 1509 illi
2887 1456 2954 1510 de
3008 1457 3216 1511 Sanetis
3252 1455 3459 1512 Veteris
3490 1455 3699 1510 Testa—

2089 1546 2275 1610 menti,
2311 1560 2375 1600 ac
2402 1547 2616 1601 tandem
2641 1556 2899 1603 tractatus
2930 1547 2997 1603 de
3033 1549 3087 1604 S.
3120 1548 3355 1604 Arcadio
3377 1591 3391 1612 ,
3424 1550 3515 1619 qui
3548 1562 3697 1603 unus

2088 1654 2156 1693 ex
2196 1637 2330 1693 Novi
2377 1638 2715 1695 Testamenti
2780 1640 3102 1713 Martyribus
3149 1658 3177 1695 a
3226 1642 3282 1697 S.
3317 1642 3539 1697 Zenone
3570 1642 3699 1695 latt-

2087 1731 2245 1786 datus
2271 1731 2562 1788 invenitur.
2620 1734 3234 1800 Sequenturtractatus
3280 1751 3384 1790 non
3437 1736 3572 1791 nulli
3640 1736 3696 1789 in

383 1838 744 1902 correximus,
774 1836 1058 1891 codicibus
1088 1833 1216 1887 nihil
1267 1829 1692 1902 opitulantibus,
1741 1845 1804 1883 ex
1838 1829 1981 1883 arbi-
2011 1829 2058 1886 Β
2085 1824 2301 1894 aliquod
2334 1824 2631 1893 Scriptura:
2679 1827 3076 1889 testimonium;
3133 1842 3198 1882 ac
3245 1835 3518 1896 postremo
3546 1825 3691 1879 sub-

384 1934 491 1989 trio
522 1930 939 1985 manusinferre
962 1929 1011 1982 in
1043 1936 1245 1982 textum
1283 1938 1621 1995 nequaquam
1647 1922 1930 1978 debuimus
1966 1939 1979 1975 :

383 2025 481 2080 sed
509 2024 576 2078 ad
622 2022 963 2077 collectionis
1016 2022 1301 2081 rationem,
1352 2031 1511 2087 quam
1559 2015 1814 2079 diximus,
1870 2014 1985 2067 ani-

386 2131 532 2171 nnun
562 2121 806 2179 revocet,
853 2120 909 2166 et
936 2124 1150 2180 aequum
1178 2122 1301 2163 cum
1348 2105 1418 2161 de
1468 2108 1699 2159 Auctore
1727 2146 1742 2171 ,
1778 2112 1887 2157 tum
1917 2103 1985 2159 de

389 2211 565 2276 nobis,
618 2209 727 2262 imo
778 2206 940 2262 etiam
989 2204 1058 2259 de
1102 2202 1219 2273 ipso
1263 2200 1485 2271 antiquo
1510 2198 1809 2253 eollectore
1834 2196 1982 2266 judi-

388 2303 533 2359 cium
564 2301 721 2355 ferat.

461 2393 577 2448 XV.
620 2391 757 2447 Hine
800 2400 979 2445 autem
1022 2387 1254 2459 cognitis
1280 2400 1402 2457 qua:
1450 2383 1515 2437 ad
1568 2382 1787 2437 codices
1818 2381 1986 2451 perti-

388 2497 544 2551 nent,
571 2494 830 2556 quantum
864 2482 1219 2537 nihilominus
1247 2494 1311 2533 ex
1355 2477 1438 2532 his
1461 2474 1851 2547 profecerimus
1876 2483 1985 2527 tum

386 2576 456 2632 ad
484 2572 935 2631 internoscendos
964 2573 1230 2643 genuinos
1279 2569 1335 2625 S.
1384 2566 1617 2622 Zenonis
1646 2580 1928 2620 sermones
1959 2580 1987 2618 a

389 2666 773 2738 supposititiis,
801 2675 912 2719 tum
945 2664 1011 2719 ad
1042 2663 1209 2717 multa
1243 2661 1358 2715 loca
1384 2658 1744 2725 emendanda,
1773 2658 1990 2712 varian-

395 2771 587 2831 tesque
636 2758 899 2813 lectiones
941 2756 1268 2827 insigniores
1311 2754 1361 2809 in
1395 2752 1836 2807 adnotationibus
1882 2750 1995 2806 cui-

393 2867 501 2921 que
544 2850 794 2906 tractatui
824 2849 1096 2919 subjectis
1143 2845 1555 2911 describendas,
1612 2860 1677 2899 ex
1734 2843 1993 2899 disserta-

394 2942 636 2998 tionibus
664 2951 827 3011 atque
857 2937 1300 2994 aditetationibus
1341 2937 1474 3006 ipsis
1512 2935 1734 3006 patebit.
1764 2934 1916 2990 Nunc
1937 2943 1995 2988 ut

394 3035 465 3091 de
496 3036 660 3089 totius
710 3033 967 3089 editionis
997 3032 1283 3101 partitione
1328 3044 1390 3087 ac
1436 3029 1627 3084 ordine
1666 3021 1995 3098 deque’aliis

394 3142 496 3200 per
519 3141 619 3181 nos
651 3125 906 3195 praestitis
938 3124 1209 3189 dicamus,
1238 3123 1282 3176 si
1310 3121 1487 3192 primo
1517 3135 1694 3189 neque
1720 3120 1991 3186 codicum,

2083 1916 2342 1984 jicientur
2371 1917 2656 1971 Paschales
2698 1918 2849 1971 multi
2897 1930 2952 1972 et
2994 1919 3187 1973 breves
3218 1928 3476 1973 tractatus
3500 1960 3513 1983 ,
3546 1933 3700 1988 quos

2089 2010 2358 2081 praicipua
2390 2009 2761 2066 admonitione
2792 2012 3014 2065 onmino
3064 2010 3285 2081 legenda
3318 2011 3700 2080 pra'nimden-

2087 2105 2187 2159 dos
2234 2103 2564 2158 censuimus.
2618 2103 2692 2157 Ne
2739 2104 2858 2174 quis
2888 2119 3016 2159 vero
3045 2105 3286 2159 codicum
3329 2116 3384 2159 et
3430 2104 3699 2161 editionis

2094 2196 2439 2262 Veronensis,
2473 2212 2590 2267 qua:
2619 2197 2777 2267 vulgo
2804 2198 3090 2266 allegatur,
3116 2198 3360 2253 ordinem
3387 2198 3695 2259 desideret,

2089 2299 2381 2360 utrumque
2408 2304 2528 2345 cum
2561 2305 2699 2345 novo
2740 2290 2998 2345 collatum
3027 2290 3297 2347 distinctis
3339 2292 3533 2348 tabulis
3559 2304 3700 2347 ante

2092 2386 2238 2455 ipsos
2267 2398 2550 2439 sermones
2574 2384 2842 2439 dabimus.

2168 2475 2307 2531 XVI.
2352 2477 2495 2531 Duos
2542 2476 2707 2532 hosie
2758 2478 2948 2546 libros,
3007 2479 3095 2546 qui
3155 2480 3397 2535 sinceros
3450 2480 3702 2535 Zenonis

2082 2576 2355 2624 tractatus
2383 2570 2684 2636 continent,
2716 2570 2949 2641 excipiet
2980 2571 3283 2642 Appendix,
3316 2572 3366 2626 in
3390 2588 3552 2642 quam
3582 2589 3691 2627 ttn~

2093 2661 2268 2716 decim
2318 2671 2578 2716 tractatus
2618 2661 2718 2733 ipsi
2761 2677 3043 2733 perperam
3091 2664 3416 2734 adscriptos,
3463 2678 3527 2718 ac
3571 2665 3696 2719 suis

2094 2754 2409 2808 auctoribus
2438 2754 2719 2809 restitutos
2743 2798 2758 2821 ,
2807 2770 2946 2825 quos
2974 2771 3041 2810 ex
3078 2756 3334 2825 peculiari
3378 2757 3705 2827 praefatione

2094 2859 2417 2916 cognosces,
2447 2846 2754 2916 rejeeimus.
2785 2847 3117 2901 Tractatuum
3156 2850 3335 2917 patius
3375 2864 3533 2919 quam
3568 2864 3694 2905 ser-

2099 2950 2344 3003 monum,
2376 2948 2433 2991 ut
2472 2948 2590 2991 erat.
2618 2937 2670 2991 in
2703 2947 2859 2992 antea
2891 2938 3084 3004 editis,
3115 2954 3311 2994 nomen
3338 2940 3467 3009 ipsis
3491 2954 3705 2994 sermo-

2099 3034 2259 3089 nibus
2282 3036 2731 3105 praeseripsimus,
2758 3049 2879 3089 cum
2915 3050 3032 3090 eam
3067 3036 3473 3106 inscriptionem
3506 3048 3707 3091 omnes

2100 3129 2317 3183 Codices
2356 3137 2670 3183 constanter
2701 3127 3008 3196 praeferant,
3038 3143 3208 3197 eaque
3233 3127 3522 3197 appellatio
3558 3130 3709 3183 anti-

398 3234 577 3289 neque
616 3217 887 3273 editorum
933 3217 1253 3283 divisionem
1282 3230 1346 3270 ac
1395 3213 1638 3269 ordinem
1685 3212 1853 3267 secuti
1906 3228 1993 3266 su.

2139 3236 2221 3274 ua:
2258 3219 2642 3275 ecclesiasticae
2676 3219 2935 3273 loeutioni
2980 3220 3220 3287 propria,
3255 3234 3317 3273 ac
3362 3218 3707 3288 frequentius

398 3328 544 3378 mus,
572 3325 736 3365 nemo
766 3319 1099 3365 succenseat.
1141 3308 1427 3363 Editorum
1474 3306 1911 3362 distributionem
1945 3314 1998 3359 et

400 3403 657 3482 ordinem.
692 3402 738 3456 si
782 3416 1028 3457 essemus
1054 3402 1261 3465 secuti,
1311 3400 1494 3470 spuria
1522 3398 1771 3469 genuinis
1798 3399 1998 3451 inserta

400 3493 609 3551 edenda
660 3492 900 3560 fuerant;
950 3492 1161 3562 illisque
1212 3492 1503 3564 separatis,
1555 3492 1735 3546 minus
1778 3490 2001 3560 aequalis

400 3587 665 3642 libroruin
718 3585 892 3641 moles
943 3592 1061 3640 erat
1110 3586 1284 3639 futura
1327 3602 1340 3638 :
1384 3598 1445 3638 ac
1493 3594 1757 3653 przeterea
1800 3592 1998 3637 tracta.

398 3689 550 3735 lutttn
601 3678 983 3749 inscriptiones
1010 3719 1024 3743 ,
1056 3693 1177 3749 quae
1206 3678 1260 3732 in
1289 3676 1452 3733 editis
1493 3668 1712 3732 mutata!
1750 3675 1965 3732 fuerant.
1986 3719 1999 3742 ,

400 3784 605 3830 exactae
646 3772 713 3827 ad
743 3773 989 3827 codicum
1022 3772 1205 3837 ﬁdem,
1231 3772 1394 3827 alium
1427 3788 1533 3825 non
1558 3786 1847 3842 numquam
1877 3785 2001 3841 pos.

404 3869 579 3923 tulare
626 3867 871 3923 ordinem
923 3867 1267 3922 videbantur.
1314 3866 1571 3921 Codicum
1609 3882 1741 3921 vero
1781 3868 2002 3927 seriem,

405 3978 526 4033 qua:
560 3963 615 4016 in
646 3962 898 4018 omnibus
929 3961 1118 4016 eadem
1163 3972 1268 4023 est,
1319 3975 1388 4015 ne
1413 3971 1745 4023 teneremus,
1777 3975 1836 4013 ea
1861 3959 2007 4030 eogi-

408 4055 538 4107 tatio
581 4053 869 4115 deterruit,
915 4052 1058 4120 quod
1114 4052 1165 4105 in
1216 4066 1348 4105 mss.
1408 4066 1511 4105 non
1555 4059 1760 4105 tantum
1813 4050 2008 4105 breves

408 4156 669 4202 tractatus
696 4160 819 4200 cum
850 4145 1028 4213 longis
1079 4143 1294 4197 admisti
1342 4145 1484 4208 sint,
1518 4147 1658 4210 quod
1691 4158 1798 4197 non
1848 4144 2009 4197 initii-

413 4256 562 4295 mum
588 4238 878 4293 videbatur
903 4236 1209 4297 offendere;
1245 4237 1338 4291 sed
1371 4247 1627 4291 tractatus
1676 4239 1839 4291 etiam
1869 4239 2013 4307 ejus-

411 4333 536 4387 dem
568 4331 711 4385 tiluli
738 4345 800 4385 ac
827 4330 1132 4401 argumenti
1155 4370 1170 4393 ,
1194 4330 1283 4398 qui
1311 4346 1410 4383 una
1434 4330 1626 4385 edendi
1662 4330 1889 4396 fuerant,
1913 4329 2014 4385 hac

414 4425 540 4480 illac
565 4424 797 4493 disiu-rsi
838 4438 899 4477 ac
923 4407 1166 4489 separati
1205 4422 1573 4487 inveniantur,
1619 4434 1675 4476 ut
1703 4438 1768 4477 ne
1798 4439 1899 4492 qua
1932 4439 2014 4477 ra-

412 4520 491 4574 tio
514 4534 612 4574 cur
635 4518 689 4581 id
734 4517 931 4571 factum
968 4515 1128 4571 fuerit
1153 4516 1281 4570 satis
1304 4527 1573 4579 occurrat,
1605 4516 1703 4570 nisi
1732 4517 1872 4585 quod
1906 4518 2013 4586 pri~

2102 3321 2358 3382 usurpata
2402 3311 2727 3366 inveniatur.
2774 3310 2886 3365 Etsi
2928 3312 3071 3366 enim
3115 3322 3361 3365 tractatus
3386 3313 3512 3365 olitn
3539 3326 3709 3366 voca-

2102 3417 2291 3469 rentur
2324 3407 2711 3477 Episcoporum
2739 3406 3134 3462 collocutiones
3174 3408 3241 3464 de
3281 3409 3463 3480 aliquo
3508 3409 3710 3464 Eccle-

2103 3502 2197 3556 sia:
2226 3503 2443 3571 negotio
2468 3544 2481 3566 ,
2515 3511 2573 3555 ut
2617 3501 2786 3572 liquet
2831 3518 2895 3557 ex
2932 3502 3186 3575 Cypriani
3217 3503 3377 3574 epist.
3407 3506 3468 3560 51
3514 3516 3569 3560 et
3595 3507 3705 3571 52,

2104 3598 2243 3667 apud
2273 3598 2543 3652 Zenonem
2576 3608 2753 3652 autem
2797 3600 3042 3652 tractatus
3084 3614 3488 3669 nonnumquam
3516 3601 3712 3670 appel—

2107 3689 2285 3743 lentur
2326 3688 2720 3758 disputationes
2750 3689 2817 3745 de
2845 3690 2946 3744 fide
2991 3706 3084 3759 per
3111 3706 3169 3744 ea
3203 3701 3443 3761 tempora
3486 3693 3711 3760 scriptae

2107 3791 2161 3835 et
2190 3781 2369 3849 edit:e,
2402 3791 2456 3836 ut
2506 3782 2681 3852 palam
2714 3784 2890 3838 liet‘ex
2924 3782 3267 3839 adnotatione
3314 3784 3387 3838 26
3418 3784 3469 3837 in
3502 3792 3710 3839 tracta—

2113 3884 2219 3928 lttttl
2252 3876 2275 3929 l
2305 3874 2396 3929 lib.
2448 3892 2498 3938 t;
2533 3885 2707 3930 tamen
2736 3875 2891 3930 sicuti
2939 3886 3158 3930 tractare
3198 3876 3357 3948 (quod
3387 3885 3459 3930 est
3499 3876 3710 3943 episco-

2116 3983 2319 4035 porum,
2342 3976 2398 4020 ut
2418 3965 2647 4035 Optatus
2668 3976 2896 4021 testatur
2920 3967 3057 4022 libro
3087 3984 3156 4021 vn
3181 3967 3231 4021 in
3260 3966 3709 4037 Partnenianum)

2122 4072 2149 4111 a
2178 4056 2451 4126 Cypriano
2483 4058 2712 4126 primum
2746 4059 2904 4128 epist.
2953 4074 3055 4121 Lvt,
3090 4074 3154 4111 ac
3183 4058 3304 4112 dein
3337 4058 3405 4113 ab
3429 4058 3548 4112 aliis
3595 4058 3710 4113 fre—

2113 4158 2340 4217 quenter
2382 4150 2642 4217 accipitur
2675 4163 2771 4218 pro
2811 4149 3124 4204 concinnem
3157 4149 3355 4204 habere
3384 4149 3435 4203 in
3475 4150 3711 4218 publicis

2119 4240 2375 4296 Ecclesia:
2403 4242 2661 4309 cmtibus;
2716 4243 2783 4296 ita
2832 4252 3082 4296 tractatus
3134 4259 3231 4296 vox
3284 4258 3380 4311 pro
3411 4242 3711 4312 episcOpali

2119 4336 2382 4389 eoncione
2432 4334 2496 4388 ad
2532 4334 2781 4404 popttlutn
2831 4335 3058 4390 solemni
3088 4334 3313 4388 formula
3340 4334 3584 4399 invaluit,
3612 4350 3713 4388 (ξιιμ

2118 4427 2348 4497 denique
2378 4442 2538 4482 sensu
2569 4428 2764 4498 passim
2793 4430 3187 4499 quamplurium
3233 4430 3574 4498 antiquorum
3610 4428 3715 4482 Pa-

2122 4530 2259 4572 trum
2290 4520 2641 4575 concionibus
2674 4521 2984 4590 praetigitur,
3040 4530 3096 4575 ut
3132 4538 3195 4575 ex
3247 4520 3346 4578 SS.
3379 4520 3669 4577 Gaudentii
3698 4564 3710 4584 ,

416 4627 538 4666 mus
562 4610 846 4673 colleCIor,
878 4607 1133 4678 quidquid
1185 4622 1527 4676 quocumque
1557 4607 1747 4661 ordine
1788 4608 1931 4661 venit
1960 4612 2010 4661 in
2040 4601 2089 4659 Ι)
2119 4611 2423 4681 Augustini,
2455 4612 2650 4666 Leonis
2676 4613 2869 4682 Magni,
2893 4612 3021 4667 ξω..
3041 4613 3337 4678 codicibus,
3362 4623 3416 4669 et
3438 4614 3717 4668 nonnullis

417 4719 634 4766 manus,
660 4702 1025 4771 trans'cripsit,
1076 4701 1223 4755 nulla
1255 4702 1361 4754 alia
1409 4702 1460 4754 in
1490 4701 1777 4755 scribendo
1805 4702 2016 4755 ratione

415 4779 533 4851 sibi
554 4796 1057 4871 pnestituta,quam_
1086 4802 1144 4847 ut
1170 4795 1350 4846 omnia
1382 4792 1691 4870 Zenoniana
1723 4791 1772 4845 in
1802 4792 2017 4846 schedis

419 4891 649 4944 inventa
679 4890 904 4943 referret
948 4888 998 4941 in
1042 4886 1305 4961 codicem.
1345 4886 1629 4956 lgiturhai:
1661 4888 1711 4940 in
1747 4888 2013 4941 delibera—

421 4984 572 5036 tione
602 4981 864 5035 dubitatio
906 4996 1010 5034 non
1054 4981 1189 5034 levis
1218 4980 1307 5035 ditt
1359 4995 1455 5033 nos
1502 4980 1769 5051 ancipites
1819 4982 2016 5043 tenuit;

418 5087 543 5127 cum
572 5072 873 5143 pnesertitn
905 5071 1163 5141 quidquid
1211 5071 1370 5124 aliam
1401 5072 1451 5123 in
1506 5072 1768 5124 rationem
1815 5075 2018 5124 consti-

421 5163 679 5218 tuendum
713 5156 877 5218 menti
906 5164 1318 5227 obversabatur,
1366 5164 1738 5216 exorientibus
1777 5178 1898 5215 mox
1933 5178 2023 5213 va-

423 5257 519 5311 riis
544 5258 899 5327 undequaque
926 5255 1363 5319 difficultatibus,
1409 5255 1694 5323 displicere
1735 5254 2021 5320 inciperet,

428 5364 529 5402 nec
549 5350 677 5402 satis
707 5357 814 5401 tuta
843 5349 1148 5415 aperiretur
1178 5346 1481 5416 partitiOnis
1508 5356 1672 5416 atque
1707 5346 1911 5401 ordinis
1939 5361 2025 5400 ra-

434 5440 532 5501 tio,
562 5456 681 5509 quae
712 5441 857 5494 nullo
900 5456 963 5496 ex
996 5441 1174 5511 capite
1218 5439 1508 5495 laboraret.
1558 5439 1690 5492 Cum
1725 5452 1853 5493 vero
1877 5438 2026 5491 deci-

433 5531 668 5584 dendum
700 5533 895 5599 aliquid
927 5534 1106 5599 fuerit,
1141 5549 1202 5588 ea
1244 5534 1438 5587 minori
1472 5532 1882 5600 reprehensioni
1928 5534 2026 5587 ob-

436 5621 593 5671 noxia
639 5622 772 5689 ratio
801 5621 909 5675 visa
952 5632 1052 5686 est,
1086 5633 1142 5675 ut
1184 5624 1428 5690 repetitis
1476 5623 1591 5677 fere
1649 5623 1893 5676 codicum
1943 5625 2023 5677 in-

436 5711 852 5776 scriptionihus,
914 5730 1031 5780 qua-
1076 5717 1271 5782 cuique
1322 5718 1567 5768 tractatui
1622 5720 1974 5785 praefiguntur
2006 5759 2019 5781 ,

438 5800 783 5866 ejusdemque
812 5802 1176 5859 inseri-itionis
1204 5808 1517 5859 "aetatibus
1549 5808 1595 5859 in
1627 5823 1789 5862 unum
1820 5808 2013 5863 collees

2120 4703 2278 4756 etiam
2326 4706 2527 4757 exactis
2575 4703 2640 4757 ad
2692 4704 2848 4759 fidem
2891 4704 3137 4782 codicum
3186 4706 3508 4761 editionibus
3549 4705 3717 4761 disci-

2123 4810 2260 4848 mus.
2298 4795 2369 4848 De
2401 4795 2840 4850 adnotationibus
2872 4812 3067 4866 porro,
3117 4814 3252 4867 quas
3295 4797 3486 4867 cuique
3516 4806 3719 4853 tracta-

2123 4888 2199 4971 tuis
2227 4886 2575 4957 subjeciinus,
2618 4888 2747 4943 illud
2776 4890 3003 4945 lectores
3030 4906 3449 4961 praemonemus,
3483 4905 3582 4945 nos
3620 4909 3716 4947 no-

2126 4980 2322 5035 bismet
2369 4981 2507 5035 haud
2555 4983 2896 5051 proposuisse
2939 4984 3279 5038 solummodo
3308 4984 3393 5038 vel
3416 4984 3715 5040 correctio?

2130 5088 2255 5126 num
2284 5073 2548 5126 rationem
2578 5072 2791 5127 adferre
2811 5116 2824 5138 ,
2852 5074 2937 5127 vel
2973 5075 3201 5131 selectas
3235 5076 3499 5131 variantes
3526 5074 3719 5138 lectio-

2129 5178 2225 5217 nes
2255 5178 2545 5232 apponere,
2577 5165 2655 5216 vel
2683 5164 2982 5219 difficiliora
3010 5166 3121 5220 loca
3153 5168 3446 5235 evplicare,
3471 5167 3563 5221 sed
3593 5182 3719 5235 prn—

2129 5254 2370 5324 spexisse
2390 5244 2557 5309 etiam'
2587 5256 2685 5309 alia
2724 5257 2998 5323 nonnulla,
3024 5275 3142 5327 qua:
3171 5268 3280 5313 tum
3306 5259 3370 5312 ad
3390 5258 3720 5314 continuan-

2130 5347 2252 5401 dam
2280 5349 2513 5402 auctoris
2543 5357 2774 5409 aetatem,
2824 5364 2936 5402 tum
2963 5352 3029 5405 ad
3070 5352 3274 5406 Latina-
3304 5353 3590 5406 locutionis
3622 5368 3721 5423 pu-

2131 5441 2344 5494 ritatem
2397 5440 2765 5495 vindicandam
2813 5446 3113 5499 necessaria
3164 5444 3397 5500 fuerunt.
3457 5444 3621 5513 Igitur
3668 5447 3717 5499 in

2133 5533 2356 5599 gratiam
2408 5532 2815 5597 nonnullorum,
2858 5535 2947 5602 qui
2998 5535 3320 5604 pra-judiciis
3370 5537 3574 5604 aliquot
3604 5536 3717 5605 jam

2134 5621 2340 5675 iuolitis
2378 5622 2609 5678 devincti
2635 5634 2905 5687 tenentur,
2951 5626 3210 5692 Oportuit,
3265 5639 3419 5693 pares
3462 5627 3717 5692 quasdam

2134 5712 2357 5765 aliorum
2406 5730 2455 5765 tv
2490 5716 2568 5767 vel
2621 5714 2885 5780 sequioris
2925 5715 3085 5765 etiam
3122 5713 3302 5767 szeculi
3350 5712 3566 5767 Patrum
3596 5731 3717 5770 sen-

2136 5807 2328 5860 tentias
2356 5805 2549 5861 alicubi
2580 5805 2838 5871 recitare,
2868 5806 3062 5874 quibus
3090 5804 3296 5875 aliquas
3342 5804 3575 5861 Zenonis
3608 5807 3712 5860 for-
