3826 6226
138 354 214 403 :r.
908 358 1354 414 lttSSElt'l‘A'l‘lO
1399 358 1452 411 ι.
1506 357 1588 411 DE
1628 356 1686 409 s.
1733 362 1735 374 <

1846 359 1883 413 ὕ.
1930 360 2176 415 ΤΙῖΛ(ἰΤ.
2227 361 2309 417 ΙσῖΤ
2353 363 2628 419 ΛῦΤΛΤΙοΣ.
3142 318 3151 326 ἒ
3370 363 3440 419 26

134 467 355 531 inuitas,
390 483 489 523 seu
526 470 832 525 testimonia
863 485 966 523 non
997 471 1136 525 nulla
1161 513 1175 533 ,
1226 471 1545 540 antiquioris
1587 472 1754 525 multo
1781 478 1833 533 Α
1860 474 2021 529 nullis
2060 476 2128 530 de
2175 475 2363 532 horum
2397 487 2721 532 tractatuum
2760 478 2825 532 atl
2862 477 3111 546 dogmata
3143 478 3444 545 veterisque
3498 466 3501 469 ¹

132 564 326 616 aetatis
358 566 520 635 vulgo
584 566 929 628 existimata,
980 565 1031 618 in
1080 576 1330 635 quartum
1388 562 1633 636 quoque,
1668 564 1749 619 vel
1852 566 2145 635 disciplina:
2202 570 2467 640 prmcipua
2535 570 2778 641 quaedam
2830 572 3005 641 capita
3072 568 3447 640 cognoscenda

136 656 430 721 posterius
462 657 627 709 etiam
677 656 932 709 saeculum
962 656 1152 710 cadere
1183 656 1521 727 probaretur.
1556 656 1748 723 Voces,
1853 662 2083 715 utilitate
2114 672 2169 716 et
2193 667 2500 729 praestantia
2521 709 2535 733 ,
2574 662 2695 737 quae
2739 667 2837 721 nisi
2869 673 3233 735 opportunum
3268 664 3337 718 ibi
3369 665 3447 718 lo-

131 757 250 798 seu
298 746 563 813 κιιιυειιάί
612 747 847 799 “millies
876 747 1081 815 ειιίσιυοι
1123 748 1584 812 ιηίηιιε-υείιθιθε,
1632 763 1750 816 quae
1852 770 1972 809 cum
2006 766 2158 809 nacta
2203 758 2422 811 fuissent
2448 801 2461 821 ,
2494 760 2579 813 hic
2621 776 2725 814 non
2759 767 2914 815 erant
2955 759 3441 828 praetermittenda,

134 839 384 893 exotica:
417 839 504 893 vel
536 838 735 893 intima:
781 839 1056 894 latinitatis
1086 840 1260 896 videri
1291 853 1530 909 possent,
1558 841 1750 910 proba-
1855 845 1959 911 his,
1990 846 2202 917 inquam
2227 891 2240 912 ,
2286 850 2550 920 prtejactis
2577 851 2820 921 qumdam
2872 853 3124 907 Auctoris
3153 853 3313 923 paulo
3340 851 3441 905 du-

135 931 373 999 tiorum,
405 934 450 987 si
484 934 597 987 lieri
632 933 819 1001 potuit,
853 936 1176 1004 scriptorum
1211 934 1459 990 indicatis
1487 936 1750 1004 exemplis
1854 938 2027 994 riores
2082 940 2497 996 vindicabuntur
2547 946 2859 1007 sententia};
2909 945 3090 1015 ibique
3142 944 3440 1015 praesertim

132 1039 385 1094 purgare
439 1025 750 1079 studuimus
776 1068 791 1091 ,
839 1026 974 1081 adeo
1020 1038 1078 1081 ut
1125 1042 1409 1098 perpaucae
1440 1028 1549 1082 illa:
1573 1068 1586 1089 ,
1617 1043 1749 1097 quas
1851 1031 2066 1087 At‘intlm
2097 1033 2367 1089 barreseos
2397 1035 2597 1090 Zenoni
2628 1037 2833 1105 objecta
2866 1052 2894 1089 a
2927 1037 3150 1092 l‘etavio
3173 1036 3439 1107 suspicio.

130 1116 285 1187 apud
320 1120 602 1173 neminem
632 1120 956 1188 reperimus,
979 1122 1107 1175 Satis
1133 1136 1196 1178 ex
1227 1123 1441 1177 eteteris
1469 1121 1748 1178 vindicatae
1851 1126 2132 1192 explicatis
2179 1144 2314 1183 nova
2346 1129 2574 1199 quadam
2605 1131 3047 1199 interpretatione
3083 1131 3285 1202 aliquot
3326 1130 3441 1199 ejus

133 1222 435 1275 maneant,
471 1226 596 1265 eum
647 1213 945 1283 przesertim
1001 1204 1107 1269 non
1158 1229 1346 1270 omnes
1392 1213 1650 1269 Romana:
1695 1226 1750 1269 et
1850 1234 1955 1274 non
1992 1220 2127 1274 bene
2180 1220 2438 1275 hactenus
2487 1222 2775 1277 intellectis
2814 1222 3132 1276 testimoniis
3155 1222 3443 1287 ,.lucu|eu-

129 1303 389 1372 antiquae
442 1318 605 1358 roces
650 1305 701 1357 in
737 1305 887 1359 libris
915 1314 1157 1360 veterum
1201 1307 1560 1361 inveniantur.
1594 1306 1750 1373 Qum-
1853 1312 2058 1367 tissime
2084 1311 2320 1366 diluetur
2350 1322 2508 1383 atque
2562 1313 2879 1382 disjicietur.
2910 1314 3089 1369 Tertia
3117 1323 3292 1369 autem
3327 1314 3440 1368 dis-

130 1397 268 1450 dam
334 1408 600 1464 przeterea
651 1414 754 1452 non
805 1414 1093 1469 numquam
1126 1400 1426 1470 attigimus,
1479 1415 1597 1469 quae
1626 1415 1748 1455 cum
1812 1404 2109 1481 .sertatio,
2152 1405 2410 1474 quidquid
2461 1405 2525 1459 ad
2569 1407 3087 1469 \-itam,.morlem,.
3127 1407 3290 1461 cultu.
3344 1423 3365 1434 κ
3393 1422 3437 1457 'e

131 1489 340 1557 peritis
401 1500 530 1543 nota
588 1491 734 1553 sint,
787 1492 1157 1559 praztereuutla
1217 1491 1443 1546 fortasse
1482 1492 1749 1561 quis-piam
1851 1496 2173 1549 sanctissimi
2207 1496 2455 1567 Episcopi
2505 1497 2684 1567 aliquo
2727 1499 2777 1551 in
2809 1498 3014 1553 lumine
3062 1499 3433 1553 collocandum

130 1581 391 1637 duxerit.
446 1583 554 1637 Sed
624 1584 766 1637 hunc
793 1625 806 1647 ,
836 1583 1093 1653 quisquis.
1136 1593 1238 1661 est,
1300 1595 1543 1653 rogatum
1597 1584 1749 1637 volu-
1854 1586 2162 1656 pertinebit,
2210 1598 2438 1657 quatuor
2466 1589 2729 1657 capitibus
2760 1600 3044 1659 proponet.
3079 1590 3434 1656 Caeterornm,

129 1692 303 1742 mus,
368 1677 715 1740 consideret,
770 1692 865 1731 nos
914 1669 1088 1732 minus
1142 1677 1369 1733 eruditis
1421 1692 1671 1747 quoque,
1718 1693 1750 1732 a
1850 1696 1970 1751 qua:
2022 1679 2073 1733 in
2122 1680 2261 1733 hanc
2307 1679 2595 1735 editionem
2654 1680 3034 1751 perﬁciendam
3088 1680 3437 1746 contulimus,

128 1769 345 1839 quibus
392 1771 558 1826 etiam
612 1769 845 1824 Zenonis
876 1769 1043 1824 editio
1089 1770 1449 1836 desideratur,
1496 1769 1749 1826 debuisse
1852 1772 2114 1827 rationem
2144 1771 2287 1845 (cum
2320 1787 2385 1826 ex
2419 1773 2654 1839 ipsorum
2684 1772 2915 1829 lectione
2951 1774 3103 1827 obvia
3130 1772 3300 1827 futura
3325 1773 3438 1844 sit),

127 1863 463 1919 consulere.

206 1955 391 2010 XVII.
434 1956 619 2011 Trium
663 1972 825 2026 porro
865 1958 1302 2012 dissertationum
1327 1999 1340 2023 ,
1367 1972 1487 2028 qua)
1515 1957 1750 2027 prolego-

131 2065 290 2103 mena
344 2048 648 2103 Zenoniana
678 2050 970 2104 conﬁciunt
998 2092 1011 2115 ,
1045 2051 1179 2104 ratio
1211 2050 1326 2105 haec
1352 2062 1454 2105 est.
1490 2049 1546 2103 In
1578 2051 1746 2119 prima

132 2143 421 2210 separatis
446 2140 695 2210 genuinis
734 2140 981 2195 Auctoris
1007 2142 1325 2195 tractatibus
1352 2158 1379 2193 a
1407 2141 1625 2210 Spuriis,
1654 2155 1746 2209 ge—

132 2233 442 2287 nuinorum
489 2232 731 2286 defensio
775 2247 838 2286 ac
868 2231 1115 2286 vindicia:
1160 2240 1445 2302 suppetent
1487 2225 1745 2285 adversus

130 2339 195 2375 ea
253 2339 385 2394 qua!
433 2340 464 2376 a
505 2323 706 2379 criticis
757 2323 967 2392 objecta
1000 2323 1246 2384 luerunt,
1296 2324 1563 2391 simulque
1593 2332 1739 2378 certa

133 2419 401 2471 Auctoris
428 2430 591 2481 tetas,
648 2417 790 2471 unde
836 2416 1180 2471 difficultates
1230 2418 1468 2485 potiores
1498 2417 1742 2484 impacta:

129 2510 366 2562 {tierunt
389 2550 405 2575 ,
447 2508 584 2563 adeo
623 2508 941 2575 luculenter,
985 2520 1039 2563 ut
1071 2510 1224 2564 nobis
1254 2511 1470 2579 quidem
1504 2509 1739 2575 videtur,

130 2600 490 2669 probabitur,
514 2612 573 2653 ut
599 2615 761 2655 nemo
815 2602 917 2656 nisi
966 2616 1213 2656 morosus
1244 2601 1591 2670 nimisjudex
1637 2618 1741 2655 nou

128 2693 201 2747 sit
232 2709 590 2749 assensurus.
622 2692 689 2750 'In
720 2695 885 2751 altera
907 2697 1177 2766 pracjactis
1200 2697 1249 2751 in
1280 2696 1603 2767 prooemium
1634 2712 1740 2750 non

1778 1870 1825 1929 B
1854 1879 1919 1920 ne
1943 1865 2268 1919 murosiores
2309 1864 2495 1930 simus,
2542 1865 3019 1931 praetermittimus.
3076 1864 3248 1921 Unum
3296 1880 3440 1919 nunc
3504 1856 3507 1861 λ

1854 1966 2048 2021 restat,
2111 1966 2166 2011 ut
2212 1956 2472 2011 Joannem
2526 1956 2894 2026 Bragadenum
2950 1956 3272 2027 Episc0pum
3308 1971 3435 2010 uos-

1854 2058 1993 2103 trum
2031 2046 2456 2107 meritissimnm.
2491 2057 2545 2102 et
2573 2048 2836 2103 Joannem
2868 2048 3211 2104 Franciscum
3244 2047 3437 2102 Musei-

1851 2143 1978 2196 lium
2035 2141 2359 2196 cathedralis
2420 2142 2673 2196 Ecclesite
2727 2141 3292 2211 arcltiprcsbytertnn,
3346 2141 3432 2209 qui

1851 2234 1973 2288 huic
2002 2233 2222 2288 editioni
2256 2249 2412 2304 quam
2444 2235 2676 2289 maxime
2705 2233 2969 2298 faverunt,
3000 2221 3225 2305 eamque
3251 2251 3315 2288 ex
3340 2234 3437 2288 Se-

1852 2327 2450 2397 minariitypographia,
2490 2336 2840 2395 utrorumque
2871 2326 3098 2381 consilio
3135 2336 3305 2396 etope
3343 2342 3430 2380 re-

1851 2432 1979 2473 cens
2006 2418 2246 2472 instituta
2261 2429 2616 2483 etexStructa,
2640 2420 2924 2473 voluerunt
2948 2417 3186 2488 prodire,
3209 2418 3426 2471 honoris

1850 2524 2006 2564 causa
2053 2510 2429 2572 nominemus,
2463 2525 2597 2578 quos
2630 2521 2681 2562 ut
2708 2510 2848 2563 Deus
2890 2510 3132 2578 Optimus
3172 2510 3433 2563 Maximus

1853 2618 1954 2657 non
1988 2605 2163 2655 minus
2194 2602 2346 2670 hujus
2380 2602 2657 2667 Ecclesire,
2677 2618 2833 2672 quam
2866 2603 2960 2655 Rei
2984 2601 3258 2656 litterariae
3291 2601 3429 2655 hour)

1851 2695 1939 2749 ditt
1994 2694 2289 2748 incolumes
2329 2694 2669 2763 sospiteSque
2716 2703 3022 2759 eonservet,
3055 2693 3426 2764 adprecatnur.

2092 2847 2692 2871 Μ,

939 2965 2642 3120 DISSERTATIONES

239 3222 391 3292 DE
442 3219 526 3291 Ξ.
582 3214 1047 3297 ZENONIS
1110 3215 1666 3303 OPERIBUS,
1730 3278 1735 3286 .

1846 3212 2077 3309 3TIS,
2137 3212 2494 3283 CULTU
2552 3212 2693 3281 ET
2750 3210 3133 3281 ᾹΞΤΑΤΕ
3212 3226 3318 3299 (1).

1066 3398 1347 3408 φ--φ

1368 3397 1511 3409 .-

822 3500 1082 3576 [xxxm]

1523 3376 2531 3414 M

1181 3495 1944 3583 DISSERTATIO
1996 3492 2363 3576 PRIMA
2385 3557 2405 3577 .

458 3653 566 3722 DE
610 3660 983 3725 GENUINIS
1027 3656 1579 3721 TRACTATIBUS
1623 3655 1683 3715 S.
1733 3649 2066 3714 ZENONIS
2110 3649 2210 3708 ET
2255 3649 2357 3707 DE
2403 3646 2758 3708 EJUSDEM
2804 3644 3115 3704 ᾹΞΤΛΤΕ.
3157 3703 3183 3743 ρ
3222 3740 3231 3751 ἦ

1421 3795 2113 3822 ___________.___..

745 3885 1154 3970 tROOEMIUM.

134 4029 198 4083 In
227 4047 336 4097 quo
369 4029 538 4083 variis
567 4027 873 4082 Criticorum
903 4026 1130 4080 censuris
1158 4040 1217 4078 ac
1244 4020 1562 4092 diﬁicultatib

202 4122 425 4175 cernitis
444 4162 461 4186 ,
495 4135 557 4172 ac
586 4120 834 4190 separatis
879 4118 1087 4171 subinde
1107 4126 1244 4170 certo
1288 4116 1519 4168 codicum
1546 4113 1733 4166 iudicio

204 4214 564 4282 supposititiis
606 4211 925 4274 tractatibus,
957 4212 1042 4279 qui
1085 4210 1338 4280 potiorum
1379 4208 1733 4278 difﬁcultatum

204 4308 357 4375 origo
390 4309 628 4373 fuerunt,
658 4302 904 4372 quidquid
934 4304 997 4354 de
1034 4304 1225 4355 ueteris
1261 4300 1499 4373 genuinis
1540 4301 1635 4352 hac
1658 4300 1725 4350 Vin

205 4398 577 4450 dissertatione
604 4395 925 4448 statuendum
952 4405 1044 4461 cst,
1078 4394 1397 4464 praponitnr.

206 4532 527 4598 Antequam
564 4528 797 4597 genuina
841 4527 895 4583 S.
946 4527 1179 4580 Zenonis
1209 4542 1369 4595 opera
1404 4526 1735 4580 secernimus

136 4623 204 4677 ab
248 4622 341 4688 iis,
376 4636 501 4689 qua:
532 4622 633 4688 ipsi
686 4634 963 4688 perperam
996 4620 1187 4671 tributa
1239 4620 1473 4683 luerunt,
1508 4632 1736 4685 eumque

138 4720 351 4767 certum
389 4712 633 4781 ipsorum
666 4720 937 4763 auctorem
962 4710 1243 4762 statuimus
1267 4726 1279 4760 :
1303 4708 1424 4777 quid
1458 4708 1554 4761 hac
1576 4723 1737 4776 super

141 4819 199 4858 re
228 4802 433 4858 eruditi
484 4802 733 4856 bowines
765 4800 1056 4864 senserint,
1098 4815 1323 4869 qumque
1350 4815 1444 4853 eos
1475 4800 1737 4852 moverint

140 4905 497 4964 argutnenta,
551 4892 1153 4962 proponendum'nobis
1201 4906 1322 4946 esse
1370 4891 1733 4960 intelligimus.

140 4990 181 5040 Δ
211 4986 371 5040 Sixto
404 4988 657 5049 Senensi,
683 4988 769 5055 qui
795 4985 1137 5040 difﬁcultates
1163 5000 1268 5039 non
1293 4986 1511 5055 exiguas
1536 4987 1737 5053 primus

142 5076 383 5145 objecit,
432 5078 757 5145 caeterisque
803 5076 968 5130 facem
1019 5077 1276 5147 praetulit,
1327 5077 1735 5130 exordiendum.

143 5167 237 5223 Hic
266 5180 403 5236 ergo
432 5167 527 5219 lib.
562 5181 616 5218 IV
643 5167 990 5223 Bibliotheca:
1019 5163 1346 5222 enumeratis
1376 5167 1737 5229 sermonibus,

141 5261 229 5331 qui
261 5260 317 5315 in
351 5259 596 5313 editione
627 5257 829 5312 Veneta
852 5274 941 5312 an.
973 5252 1111 5314 1308
1139 5268 1508 5322 recensentur,
1543 5239 1737 5313 hocne

1849 3917 1975 3972 pene
2001 3900 2148 3952 annis
2178 3903 2317 3968 fuere
2346 3897 2682 3966 pastu-iores.
2721 3895 2886 3963 Hujus
2922 3903 3095 3948 autem
3124 3892 3303 3961 judicii
3338 3906 3420 3945 ra-

1572 4038 1628 4073 ,ιδ
1656 4035 1728 4073 γε,
1768 4012 1813 4072 C
1848 3996 2043 4047 tionem
2077 3991 2366 4057 subjiciens
2393 3992 2464 4042 ait
2498 4007 2508 4039 :
2538 3985 2674 4039 Nunt
2706 4002 2958 4038 sermones
2983 4025 2995 4045 ,
3024 3986 3110 4050 qui
3137 3985 3360 4054 psalmos
3392 3999 3421 4033 tt

1842 4086 1980 4139 nobis
2025 4096 2343 4138 enumeratos
2375 4081 2596 4151 (thttx,
2645 4095 2695 4143 c,
2722 4067 2878 4133 (ιιιιῖιί
2905 4119 2918 4141 ,
2947 4092 3151 4140 cum,
3194 4091 3419 4137 cxxvut,

1836 4193 2016 4238 Cxtttx,
2043 4174 2212 4245 cxxx)
2258 4184 2540 4244 exponunt,
2565 4173 2802 4239 descripti
2825 4183 2940 4223 sunt
2969 4186 3033 4223 ex
3047 4170 3421 4221 commentariis

1841 4268 2032 4324 Hilarii
2062 4283 2124 4318 ne
2161 4265 2309 4333 verbo
2339 4266 2543 4333 quidem
2575 4266 2885 4315 immutata;
2909 4277 3074 4314 sermo
3104 4261 3165 4311 de
3210 4260 3423 4311 Attende

1838 4363 1929 4413 tibi
1958 4377 2058 4414 una
2089 4376 2200 4411 cum
2226 4359 2330 4410 alia
2357 4358 2597 4411 concione
2625 4358 2687 4409 de
2717 4354 2898 4408 Livore
2921 4352 3205 4433 eginvidia,
3236 4365 3349 4418 qua!
3371 4351 3421 4400 in

1840 4454 2012 4507 eodem
2043 4450 2293 4503 volumine
2332 4449 2466 4501 [tunc
2510 4447 2844 4515 subsequitur,
2876 4442 3154 4495 Dﬂﬂns’ilii
3184 4452 3274 4493 est.
3306 4439 3417 4491 Cte-

1842 4546 1932 4596 teri
1959 4558 2071 4595 vero
2098 4556 2369 4603 sermones,
2403 4539 2504 4591 sive
2534 4541 2692 4609 magis
2714 4539 2996 4605 fragmenta
3020 4545 3322 4593 sermonum,
3353 4529 3413 4579 ob

1840 4638 1955 4707 styli
1978 4634 2322 4687 diversitatem
2346 4632 2515 4683 varios
2536 4639 2757 4699 arguunt
2779 4636 3024 4684 auctores.
3055 4623 3158 4675 Sed
3180 4632 3224 4673 et
3244 4630 3417 4671 auctor

1839 4730 2083 4784 sermonis
2112 4727 2174 4779 de
2203 4724 2538 4783 Continentia,
2574 4724 2658 4792 qni
2684 4722 2775 4773 hoc
2803 4734 2950 4788 opere
2999 4716 3297 4773 continetur,
3330 4713 3409 4779 af—

1841 4824 2011 4890 ﬁrmat
2036 4836 2088 4874 se
2127 4835 2159 4871 a
2187 4816 2374 4871 Christi
2404 4826 2517 4868 ortu
2546 4814 2771 4883 abfuisse
2794 4811 2946 4881 annis
2970 4803 3348 4877 quadringentis
3369 4810 3413 4852 ct

1842 4932 1899 4968 eo
1945 4914 2181 4984 amplius.
2215 4909 2357 4963 Idem
2402 4922 2560 4976 porro
2613 4904 2777 4958 fretus
2823 4900 3136 4954 auctoritate
3172 4894 3306 4949 Petri
3340 4892 3407 4944 de

1842 5005 2119 5059 Natalibus
2154 5000 2379 5069 Equilini
2424 4996 2682 5065 episcopi,
2712 4994 2798 5062 qni
2832 4994 2882 5045 in
2926 4988 3176 5053 Catalogo
3205 4990 3416 5035 sancto-

1845 5114 1961 5153 rum
2018 5095 2251 5149 Zenonis
2302 5093 2461 5146 vitam
2516 5089 2788 5148 describit,
2840 5078 3251 5146 nihiLamhigit,
3283 5077 3409 5144 quin

1846 5190 1983 5243 idem
2014 5188 2242 5243 Sanctus
2270 5184 2368 5237 sub
2411 5186 2731 5250 imperatore
2768 5176 3007 5231 Gallieno
3050 5167 3325 5230 timuerit;
3360 5174 3412 5217 et

1844 5281 2024 5333 hacin
2054 5274 2342 5347 bypothesi
2375 5280 2696 5327 memoratos
2725 5277 2996 5320 sermones
3028 5259 3274 5312 indicatis
3299 5258 3408 5324 jam

142 5353 333 5408 iisdem
360 5350 628 5419 judicium
656 5350 776 5401 tulit
800 5366 813 5401 :
838 5350 1047 5404 Constat
1077 5351 1168 5403 Itos
1191 5366 1446 5404 sermones
1470 5353 1654 5418 majori
1674 5366 1739 5403 ex
1764 5346 1815 5405 D
1844 5346 2143 5425 ra'ionibus
2174 5366 2243 5419 ab
2268 5364 2465 5420 eodem.
2488 5360 2864 5431 atqudu-andos
2893 5354 3235 5411 existimavit.

140 5454 281 5510 parte
309 5442 557 5495 collectos
583 5455 691 5492 esse
719 5453 781 5491 ex
810 5439 1018 5493 diversis
1045 5440 1358 5507 auctoribus,
1394 5442 1480 5509 qui
1507 5441 1737 5494 ducentis

205 5618 293 5691 (I)
324 5616 387 5672 In
418 5618 662 5672 editione
694 5613 1048 5691 Balleriniana
1078 5612 1386 5691 prmcedunt
1414 5614 1623 5691 indices
1653 5615 1737 5667 in-

141 5683 229 5743 tra'
260 5683 493 5759 paginas
540 5694 764 5759 xxtuet
799 5683 1250 5759 XXXIII-colligit“
1297 5685 1653 5759 consultoqne
1702 5701 1730 5739 a

333 5751 725 5825 praetermissi,
784 5765 841 5827 ut
891 5762 1011 5819 pote
1056 5751 1182 5807 nihil
1234 5751 1477 5806 utilitatis
1535 5751 1731 5809 nostra:

139 5828 361 5887 editioni
388 5828 757 5886 conferentes.
808 5825 939 5880 Enn.
1028 5833 1037 5841 ‘

1914 5456 2041 5511 Post
2064 5454 2268 5509 Sixtum
2296 5453 2476 5506 (lt-sar
2500 5452 2778 5511 Baronius,
2806 5458 2984 5515 postea
3016 5442 3326 5506 cardinalis,
3358 5440 3411 5492 in

1842 5550 2011 5619 prima
2038 5542 2400 5613 Martyrologii
2429 5541 2652 5595 Romani
2691 5539 2924 5594 editione
2962 5534 3148 5588 eadem
3193 5546 3413 5601 persna-

1841 5642 1991 5696 sione
2016 5643 2326 5704 occupatus,
2359 5633 2494 5686 adeo
2535 5640 2590 5684 ut
2635 5638 2848 5684 secutus
2889 5624 3145 5680 Galesinii
3197 5632 3410 5675 senten-

1838 5733 1986 5793 tium,
2019 5729 2293 5783 Zenonem
2342 5725 2687 5795 martyribus,
2719 5723 2804 5790 qui
2836 5719 2933 5773 sub
2978 5717 3222 5772 Gallieno
3271 5714 3410 5782 passi

1832 5833 1975 5889 sunt,
2007 5822 2060 5877 in
2087 5819 2278 5877 eodem
2309 5816 2682 5888 Martyrologio
2716 5808 3108 5869 accensendum
3141 5806 3273 5861 nihil
3306 5803 3409 5857 du-
