3826 6226
363 277 460 353 ei
1011 250 1013 253 ’
1762 256 2304 344 puoctzcuum.’
2848 306 2849 311 γ
3506 306 3514 313 .
3587 280 3657 329 ;8

391 391 661 462 bitarerit,
694 405 799 445 non
840 390 980 445 hunc
999 432 1014 456 ,
1061 391 1154 446 sed
1183 390 1454 446 Zenonem
1481 390 1642 445 alium
1671 388 1967 446 Veroneusi
1997 395 2043 454 Α
2073 387 2305 442 Zenonis
2334 388 2494 441 vitam
2518 386 2745 442 subinde
2774 386 2972 453 editam
3000 401 3089 442 an.
3120 387 3256 461 1597
3284 386 3532 459 suffragia
3563 389 3662 441 ad-

393 480 680 555 Ecclesiae,
728 491 786 535 ιιι
846 482 1093 554 putabat,
1134 477 1447 555 cognitum,
1492 484 1585 556 qui
1635 483 1795 555 paulo
1839 493 1968 538 ante

394 574 452 649 δ.
482 572 825 638 Ambrosium
851 571 1045 649 vixerit
1074 574 1183 643 (ut.
1201 560 1289 630 ex“
1312 576 1471 646 hujus
1498 575 1746 646 epistolis
1792 574 1975 644 colligi

392 664 491 721 sibi
523 664 843 735 videbatur)
873 680 1059 722 eorum
1090 680 1397 722 sermonum
1427 676 1707 723 auctorem
1738 666 1972 730 censuit,

392 770 513 811 cum
566 757 867 825 praesertim
907 770 1071 812 serm.
1103 756 1136 811 5
1168 757 1259 814 lib.
1305 772 1384 822 tu,
1436 772 1504 811 es
1552 757 1726 827 prima
1773 755 1975 813 Veneta

392 846 650 912 editione,
682 863 822 921 nunc
845 856 1027 919 autem
1068 860 1223 903 tract.
1269 848 1302 903 7
1344 847 1437 904 lib.
1490 864 1551 918 ιι,
1594 849 1703 927 Arii
1750 833 1974 904 haeresis

391 946 575 1009 aperte
598 947 832 1006 notetur,
860 937 911 992 id
939 940 1082 1010 quod
1107 952 1381 997 auctorem
1403 940 1603 998 saeculo
1625 955 1676 996 tv
1701 938 1860 997 citius
1880 942 1975 997 ad-

390 1018 730 1088 scribendum
760 1024 1015 1088 ostendit.

459 1126 587 1184 Haec
612 1142 732 1182 cum
777 1126 847 1181 ita
892 1141 952 1182 se
999 1125 1285 1194 haberent,
1333 1124 1374 1184 S
1426 1126 1656 1183 Zenonis
1693 1142 1974 1183 sermones

389 1219 618 1274 Verona:
633 1219 858 1289 jpheute
878 1214 1135 1275 cardinali
1169 1221 1468 1289 Augustino
1488 1208 1706 1275 valeria
1728 1220 1975 1291 Raphae—

368 1308 457 1364 ‘lis
500 1310 711 1381 Bagataz
741 1319 794 1365 et
833 1311 1084 1380 Baptista:
1138 1310 1333 1366 Peretti
1389 1312 1567 1367 studio
1611 1312 1801 1366 iterum
1847 1325 1974 1381 pro-

395 1401 562 1467 dcunt
591 1419 607 1466 ;
660 1400 713 1475 bi
758 1410 934 1477 autem
991 1385 1368 1473 iutelligenles‘
1402 1401 1706 1458 Veronensis
1735 1401 1978 1458 Ecclesia:
2009 1445 2025 1461 .

391 1503 635 1564 perpetrm
677 1494 954 1547 traditione
1000 1494 1204 1547 nullum
1236 1494 1401 1548 alium
1448 1494 1717 1549 Zenonem
1761 1496 1972 1564 cpisco-

390 1598 512 1659 pum
544 1587 591 1641 ei
622 1589 894 1658 cognitum
929 1603 1159 1657 unquam
1194 1591 1359 1644 fuisse
1383 1599 1568 1661 prwter
1593 1588 1847 1644 Zenonem
1868 1593 1975 1662 epi—

388 1698 595 1754 scopum
624 1690 671 1737 et
698 1691 993 1752 martyrem,
1025 1691 1082 1735 ut
1113 1682 1276 1747 hunc,
1306 1684 1395 1752 qui
1427 1683 1528 1739 sub
1555 1682 1802 1740 Gallieno
1826 1700 1971 1738 utar-

2073 478 2208 538 d'tdit
2235 478 2510 536 Guillelmi
2558 479 2836 552 Pastrengi
2874 490 2930 537 et
2976 479 3250 535 Michaelis
3287 478 3522 547 Fossati,
3568 482 3661 551 qtti

2074 586 2264 629 omnes
2291 583 2415 627 aute
2460 571 2706 643 eamdem
2751 557 3042 629 editionem
3082 573 3317 641 Zenonis
3346 589 3661 631 sermonum

2076 664 2405 719 mentionem
2431 663 2689 720 fecerant.
2728 659 2750 676 ”’
3632 730 3635 733 λ

2149 754 2296 810 Hanc
2328 755 2694 822 prmlationem
2726 771 2848 812 cum
2883 758 3104 828 legisset
3133 758 3431 826 Batonius,
3459 759 3661 815 intelli-

2073 853 2207 916 gc‘ns
2254 862 2281 901 a
2328 846 2631 904 Veronensi
2684 848 2928 906 Ecclesia
2972 867 3136 906 unum
3188 858 3396 907 tantum
3439 853 3660 924 agnosci

2074 939 2345 996 Zenonem
2369 941 2702 1012 episcopum.
2729 945 3089 1015 eamdemque
3108 960 3230 1000 esse
3253 945 3430 1013 illum,
3448 949 3535 1018 qtti
3559 947 3667 1003 sub

2075 1030 2323 1088 Gallieno
2355 1043 2557 1106 martyr
2579 1036 2797 1102 colitur,
2825 1024 3244 1108 sermonumque
3279 1048 3468 1093 auctor
3497 1038 3668 1095 habe-
3693 1098 3697 1101 τ

2076 1132 2186 1207 tur,
2208 1126 2441 1207 priorem
2468 1126 2768 1194 repudiavit
2792 1128 3139 1194 sententiam,
3160 1128 3505 1200 decrevitque
3525 1128 3669 1185 Mar-

2044 1205 2326 1286 _tyrnlogii
2381 1205 2689 1273 optationes
2739 1234 2802 1274 ea
2851 1218 2903 1273 in
2952 1232 3103 1290 parte
3132 1220 3444 1286 emendare,
3497 1214 3663 1292 idque

2076 1308 2251 1377 ipsum
2274 1323 2333 1363 se
2365 1309 2628 1384 facturum
2663 1312 2919 1367 cardiuali
2950 1303 3169 1369 Valerio
3200 1314 3384 1371 Romae
3417 1323 3528 1369 tum
3568 1314 3671 1370 dr-

2075 1400 2226 1470 geuti
2253 1402 2480 1468 recepit,
2513 1412 2570 1456 ut
2599 1403 2763 1472 liquet
2790 1420 2856 1460 ex
2888 1404 3044 1475 hujus
3071 1406 3298 1475 epistola
3326 1406 3391 1461 ad
3422 1407 3669 1463 editores

2077 1492 2422 1563 Veronenses
2440 1492 2559 1549 data
2589 1494 2678 1550 die
2710 1496 2772 1550 17
2792 1497 3023 1567 jauuarii
3042 1513 3132 1552 an.
3166 1480 3322 1566 1387,
3349 1498 3501 1570 cujus
3525 1496 3672 1568 frag-

2079 1586 2604 1643 mestlum'Perettus'
2622 1589 2672 1644 in
2698 1589 2915 1645 scholiis
2938 1591 3007 1647 ad
3031 1592 3189 1647 vitam
3218 1592 3451 1648 Zenonis
3471 1592 3665 1648 edidit.

2089 1679 2376 1733 Enimvero
2409 1679 2485 1747 id,
2534 1681 2672 1750 quod
2703 1682 2971 1751 pollicitus
2994 1695 3098 1751 est,
3132 1685 3379 1755 pra-sntit
3411 1678 3461 1739 in
3506 1684 3666 1741 addi-

391 1775 587 1847 tyrium
612 1774 815 1830 obiisse
847 1773 1175 1840 tradebatur,
1209 1790 1520 1830 sermonum
1547 1786 1820 1832 auctorem
1851 1792 1972 1834 esse
2000 1777 2049 1838 B
2076 1772 2308 1828 tionibus
2355 1775 2421 1828 ad
2472 1774 2832 1848 Martyrologii
2882 1782 3209 1847 notatioucs,
3255 1795 3375 1850 quae
3406 1779 3669 1835 secunda:

388 1865 774 1931 defenderent,
808 1864 943 1921 Sixti
990 1864 1247 1921 Senensis
1284 1877 1488 1936 aperte,
1538 1867 1749 1921 Baronii
1790 1877 1971 1923 autem

389 1971 679 2027 suppresso
706 1956 923 2012 nomine
962 1955 1272 2028 argumenta
1312 1958 1515 2015 diluere
1547 1960 1598 2015 itt
1649 1960 1964 2030 prmfatione

388 2049 563 2104 conati
594 2036 739 2103 sunt.
774 2047 853 2103 Ad
888 2047 936 2102 id
966 2049 1141 2119 igitur,
1168 2049 1310 2121 quod
1334 2067 1396 2105 ex
1423 2037 1971 2122 Atnbrosii‘epistolis

391 2141 652 2194 Baronins
675 2139 892 2209 objecit,
919 2152 1271 2211 reposuerunt
1298 2141 1429 2197 nihil
1456 2158 1597 2210 esse,
1622 2144 1761 2213 quod
1792 2144 1965 2200 Zeno-

390 2247 509 2287 nem
533 2232 730 2301 ibidem
755 2243 1107 2286 memoratum
1150 2230 1353 2305 [xxxiv]
1373 2233 1737 2291 Veronensem
1759 2239 1971 2305 cpisco-

393 2340 516 2394 pum
530 2338 647 2379 esse
657 2324 1255 2381 convincat.Arianismi
1272 2341 1432 2396 porro
1446 2341 1663 2384 errores
1679 2330 1810 2383 satis
1823 2330 1973 2385 aiunt

390 2415 629 2487 potuisse
658 2432 685 2468 a
718 2416 1247 2487 Zenoneimpuguari
1275 2408 1540 2475 adversus
1556 2419 1971 2493 0rigenem,qni
2004 2433 2008 2437 ‘

389 2524 454 2564 ex
487 2508 786 2577 Epiphanio
806 2508 918 2563 Arii
950 2520 1098 2581 pater
1126 2508 1245 2565 fuit.
1270 2509 1423 2577 Quod
1450 2522 1626 2566 autem
1658 2526 1721 2566 ex
1751 2513 1970 2583 quadri-

388 2610 671 2670 gcutorum
699 2614 959 2654 annorum
1001 2601 1276 2657 notatione
1306 2602 1369 2657 in
1418 2612 1572 2657 tract.
1618 2603 1651 2657 5
1694 2604 1761 2659 de
1789 2602 1976 2660 Conti-

392 2687 784 2749 nentia‘Sixtus
815 2693 1072 2750 Senensis
1103 2694 1323 2766 collegit
1351 2714 1364 2748 :
1396 2698 1647 2751 mendum
1690 2684 1974 2767 irrepsisse

392 2787 444 2840 in
480 2774 759 2843 numerum
791 2787 921 2842 nihil
946 2786 1214 2853 dubitant,
1244 2803 1306 2842 ac
1329 2788 1556 2860 proinde
1574 2804 1639 2845 eo
1666 2789 1717 2844 in
1746 2799 1973 2845 tractatu

388 2883 629 2937 ducentos
680 2896 776 2952 pro
798 2881 1193 2952 quadringentos
1233 2896 1586 2953 supposuere.
1624 2883 1719 2945 De;
1744 2893 1975 2956 quatuor

395 2988 523 3030 vero
548 2973 915 3039 sermonibus,
940 2972 1033 3045 qui
1058 2974 1196 3029 inter
1220 2973 1278 3030 S.
1301 2974 1482 3029 Basilii
1510 2962 1976 3031 homilias-Gracce

390 3068 573 3137 scripti
632 3066 997 3138 reperiuntur,
1046 3075 1356 3134 argumenta
1387 3066 1487 3120 sibi
1533 3081 1639 3121 non
1668 3065 1859 3121 deesse
1890 3065 1973 3119 in-

2077 1866 2301 1922 editioiii
2330 1867 2548 1924 iusertre
2591 1879 2736 1936 sunt,
2772 1871 2859 1927 ubi
2902 1871 3105 1928 Zenoni
3149 1872 3371 1943 martyri
3413 1872 3514 1928 sub
3539 1870 3672 1928 Gal-

2076 1958 2221 2014 lieno
2269 1970 2527 2016 tractatns
2576 1976 2768 2020 omnes
2814 1966 3053 2034 ejusdem
3090 1964 3323 2020 nomine
3372 1964 3667 2033 inscriptos

2074 2055 2348 2111 vindicare
2378 2072 2482 2111 non
2514 2057 2756 2127 atnbigit,
2789 2058 2857 2112 iis
2888 2045 3258 2113 tantummodo
3282 2057 3547 2127 exceptis,
3573 2057 3671 2128 qui

2072 2156 2256 2201 contra
2303 2145 2534 2203 Arianos
2583 2149 2860 2218 exitlorate
2903 2150 3195 2217 disserunt,
3226 2153 3407 2211 ethos
3442 2155 3666 2226 quidem

2073 2239 2215 2293 inter
2242 2238 2583 2295 Zenonianos
2608 2242 2676 2297 ab
2703 2233 3115 2297 amanuensibus
3157 2258 3435 2314 perperam
3476 2249 3651 2301 intru-

2073 2347 2164 2387 sos
2185 2334 2458 2403 opinatur,
2487 2352 2601 2388 cum
2630 2352 2816 2390 nouum
2842 2353 2946 2391 non
2970 2339 3035 2391 sit
3055 2338 3108 2392 in
3134 2340 3367 2407 operibus
3394 2341 3544 2396 unius
3571 2357 3659 2396 ve—

2073 2425 2170 2479 teri
2211 2425 2474 2497 scriptoris
2511 2415 2706 2495 aliquid
2736 2428 2946 2481 alterius
2988 2428 3278 2494 admisceri.
3322 2430 3446 2486 Htcc
3472 2442 3655 2489 autem

2073 2516 2254 2589 Opinio
2279 2521 2350 2575 ita
2376 2516 2583 2589 [Samnii
2611 2516 2792 2572 animo
2818 2517 3051 2583 inhaasit,
3078 2528 3133 2571 ut
3152 2520 3451 2587 scripserit,
3472 2539 3653 2578 errare

2075 2618 2209 2662 certe
2248 2586 2490 2662 illos'sibi
2525 2608 2704 2674 uideri,
2728 2609 2813 2677 qui
2860 2626 3016 2664 unum
3057 2610 3341 2667 adserentes
3367 2610 3652 2681 Zenonem,

2075 2720 2188 2757 eum
2221 2702 2473 2775 Ambrosii
2500 2690 2809 2773 temporibus
2838 2703 3024 2758 vixisse
3046 2702 3242 2770 uolunt,
3274 2722 3429 2777 eaque
3454 2709 3664 2777 potissi-

2076 2812 2213 2849 mum
2239 2795 2454 2857 ratione,
2482 2794 2618 2864 quod
2658 2804 2837 2847 auctor
2862 2795 3091 2849 in-serm.
3125 2796 3189 2851 de
3222 2794 3484 2854 Pudicitia
3509 2799 3529 2871 (
3551 2815 3673 2855 me-

2078 2887 2181 2941 lius
2224 2886 2291 2941 de
2339 2883 2722 2956 Coutiuetttia)
2772 2888 2997 2941 nuinerel
3038 2887 3102 2940 ab
3135 2890 3356 2959 apostoli
3395 2889 3552 2945 Pauli
3599 2875 3670 2944 ad

2077 2975 2310 3033 Corinth.
2353 2978 2573 3041 primaut
2614 2976 2879 3033 scribentis
2905 2978 3184 3046 epistolam
3210 2990 3431 3053 tempore
3467 2999 3653 3049 annos,
3751 3012 3757 3018 -

2077 3079 2133 3122 ut
2167 3070 2260 3136 ait,
2293 3071 2453 3140 ferme
2481 3082 2610 3125 cccc
2636 3079 2764 3124 eteo
2790 3054 3031 3141 amplius:
3070 3071 3165 3126 Cui
3221 3064 3547 3142 oppositio'ni
3570 3089 3670 3129 are-

388 3160 597 3230 quiuut,
623 3158 804 3230 quibus
828 3160 1045 3231 probare
1070 3158 1240 3212 liceret
1282 3174 1366 3212 e08
1394 3172 1590 3227 quoque
1618 3155 1839 3212 ercos
1867 3172 1975 3217 ser-
2000 3151 2045 3213 C
2078 3176 2373 3229 sponsurus
2395 3150 2574 3217 addit:
2605 3160 2751 3218 Certe
2777 3163 2823 3217 si
2847 3164 2961 3231 quis
2986 3172 3213 3219 numeret
3238 3164 3669 3236 annosquadrin-

390 3268 561 3306 mones
587 3250 655 3303 ad
682 3248 743 3307 S.
774 3248 1028 3303 Zenonem
1054 3257 1280 3301 nostrum
1320 3249 1587 3316 pertinere,
1618 3260 1688 3302 ex
1732 3262 1796 3301 eo
1829 3246 1976 3300 scili-

389 3355 494 3411 cet,
520 3342 668 3415 quod
705 3342 847 3396 hunc
883 3341 1053 3395 multo
1090 3352 1214 3394 ante
1253 3339 1310 3397 S.
1358 3340 1610 3401 Basiliam
1660 3340 1709 3393 in
1755 3337 1975 3395 Oriente

390 3438 713 3511 praedicasse
763 3433 1090 3489 existiment.
1128 3432 1233 3489 Sed
1268 3432 1366 3487 hac
1395 3448 1454 3488 re
1491 3431 1787 3501 derelicta,
1828 3433 1970 3502 quod

389 3526 689 3583 contentiosi
715 3541 827 3579 esse
857 3524 1042 3591 nolint,
1074 3515 1351 3578 transeunt
1376 3523 1442 3578 ad
1487 3524 1726 3603 quinque
1770 3531 1972 3579 tracta-

392 3627 496 3681 tus,
532 3617 621 3686 qui
667 3616 720 3670 iit
763 3616 822 3671 S.
856 3616 1045 3671 Hilarii
1083 3615 1484 3672 commentariis
1530 3615 1752 3671 totidem
1795 3616 1972 3673 verbis

390 3717 770 3777 recensentur;
801 3722 1029 3777 cumque
1059 3720 1251 3776 praeter
1291 3707 1389 3763 hos
1409 3708 1644 3778 quinque
1676 3724 1808 3763 unus
1833 3708 1971 3763 alius

389 3807 565 3869 exstet
588 3800 643 3854 in
672 3799 925 3867 psalmum
955 3815 1093 3855 cxxx
1124 3799 1192 3854 ab
1228 3799 1357 3870 ipsis
1389 3800 1675 3875 inscriptus
1707 3801 1724 3871 (
1750 3816 1777 3853 a
1811 3801 1971 3867 nobis

390 3898 568 3949 autem
597 3905 661 3946 ex
690 3904 820 3951 mss.
853 3890 917 3945 de
935 3881 1256 3957 Humilitate,
1288 3900 1443 3946 tract.
1490 3893 1521 3945 7
1546 3890 1639 3947 lib.
1673 3891 1722 3962 t)
1752 3890 1839 3960 qui
1869 3891 1971 3946 du-

328 3996 339 4000 “
390 3982 478 4064 bip
502 3982 684 4056 procul
713 3982 1049 4069 Zenonianus
1070 3997 1171 4050 ρει,
1205 3982 1399 4055 quippe
1429 3985 1519 4056 qui
1546 3985 1600 4041 in
1628 3984 1816 4040 Hilarii
1841 4000 1973 4056 ope-

389 4078 538 4143 ribus
594 4092 699 4131 non
746 4076 969 4147 legitur:
999 4076 1364 4133 Zenonianum
1413 4093 1626 4149 quoque
1655 4089 1775 4142 esse
1807 4077 1969 4154 alium

391 4178 675 4229 tractatum
706 4168 936 4224 similem
971 4169 1023 4224 in
1054 4170 1302 4231 eumdem
1338 4170 1602 4239 psalmum
1631 4183 1970 4240 nequaquam

313 4272 319 4285 ί
387 4260 684 4331 ambigunt,
711 4256 991 4331 pr0pterea
1022 4260 1171 4331 quod
1190 4262 1407 4317 easdem
1432 4260 1728 4316 sententias
1758 4257 1975 4314 eadem-

388 4368 492 4425 que
532 4337 637 4408 non
671 4369 940 4425 nunquam
974 4354 1134 4410 verba
1164 4352 1353 4420 refert,
1383 4365 1437 4408 ct
1463 4345 1605 4410 sicut
1633 4351 1792 4431 hunc,
1825 4350 1898 4404 ita
1920 4357 1975 4404 et

387 4448 523 4513 alios
541 4436 769 4521 quatuor
790 4448 964 4523 cidem
988 4449 1191 4521 auctori
1221 4432 1537 4517 tribuendos
1558 4446 1975 4517 colligunt,omo

2076 3263 2253 3327 gentos
2276 3256 2339 3308 ab
2363 3273 2448 3309 an.
2482 3254 2687 3310 Domini
2713 3257 2781 3312 57
2811 3273 2911 3329 quo
2932 3258 3079 3312 illam
3121 3274 3231 3312 esse
3255 3275 3286 3312 a
3309 3256 3479 3313 Paulo
3502 3261 3683 3331 scripw

2076 3355 2180 3400 tant
2207 3346 2468 3417 epistolam
2505 3350 2557 3403 in
2579 3350 2870 3415 Annalibus
2900 3351 3351 3406 demonstrauimus
3378 3367 3399 3416 ,'
3424 3354 3657 3422 oportuit

2076 3451 2332 3494 auctorem
2381 3457 2495 3497 eum
2540 3432 2802 3516 scripsisse
2846 3459 2936 3499 an.
2971 3444 3101 3507 457.
3148 3453 3261 3513 post
3305 3444 3496 3498 obitum
3540 3460 3666 3499 vero

2078 3531 2352 3605 Ambrosii,
2381 3535 2487 3609 qui,
2521 3544 2575 3587 ut
2604 3533 2752 3588 habet
2774 3533 3106 3611 Marcellinus
3134 3535 3191 3609 in
3220 3532 3495 3609 Chronico,
3530 3534 3665 3589 obiit

2074 3643 2160 3680 an.
2194 3625 2402 3681 Domini
2410 3626 2549 3682 397.
2577 3627 2915 3698 Quamobrem
2933 3644 3048 3683 cum
3068 3626 3161 3683 illa
3181 3627 3379 3681 numeri
3397 3637 3517 3681 nota
3540 3645 3659 3694 nec,

2074 3732 2129 3772 ut
2156 3720 2348 3783 volunt,
2390 3719 2643 3774 Ambrosii
2683 3720 2994 3789 temporibus
3031 3721 3203 3789 aptari
3228 3716 3408 3789 possit,
3439 3718 3653 3772 mendo-

2074 3825 2196 3864 sum
2229 3827 2339 3864 esse
2382 3810 2631 3882 neminem
2674 3821 2799 3882 puto
2836 3814 3153 3884 jurevposse
3200 3826 3384 3882 negare
3424 3821 3529 3864 :ct
3592 3811 3664 3866 ita

2074 3916 2105 3957 ο
2128 3902 2504 3958 neudatiouem
2551 3903 2795 3958 ducentos
2823 3904 2891 3959 ab
2919 3902 3218 3959 editoribus
3256 3901 3668 3975 Veronensibus

2074 3978 2265 4047 factam
2298 3982 2507 4062 probat.
2537 3995 2806 4050 Zenonem
2834 4003 3009 4049 autem
3026 3994 3190 4059 tertii,
3222 4008 3325 4047 non
3350 3994 3525 4064 quarti
3555 4009 3668 4049 sa:-

2074 4077 2183 4137 culi
2230 4081 2546 4157 scriptorem
2576 4080 2743 4134 fuisse
2777 4078 2952 4134 tribus
2979 4078 3307 4149 argumentis
3341 4072 3669 4136 conﬁrmare

2076 4169 2285 4224 nititur.
2313 4169 2496 4223 Primo
2524 4170 2665 4240 quod
2693 4177 2887 4223 auctor
2915 4169 3198 4223 invehatur
3232 4167 3582 4225 vehementer
3608 4171 3667 4227 in
3754 4226 3757 4227 ν

2076 4263 2303 4317 leittinas
2341 4263 2627 4332 gentilibus
2671 4263 2957 4344 nubentes,
3021 4261 3391 4336 idolorumque
3459 4264 3660 4344 templa

2076 4364 2201 4409 tunc
2219 4354 2385 4410 fuisse
2405 4356 2663 4425 patentia,
2686 4354 3034 4426 victimasque
3055 4355 3321 4411 immolari
3338 4355 3524 4413 solitas
3541 4359 3669 4428 pro-

2074 4446 2186 4512 dat,
2211 4462 2330 4517 qua:
2356 4444 2687 4502 Constantini
2722 4458 2777 4503 et
2807 4445 3105 4506 Constantii
3137 4446 3344 4518 legibus
3374 4448 3538 4502 vetita
3557 4490 3573 4514 ,
3608 4459 3666 4505 et

389 4557 593 4617 nesque
624 4542 675 4599 itt
700 4541 885 4597 Hilarii
915 4541 1361 4611 commentarium
1392 4538 1459 4595 ab
1488 4539 1669 4607 aliquo
1700 4537 1863 4593 fuisse
1892 4537 1975 4591 in-‘
1999 4532 2054 4593 D
2082 4538 2346 4606 Ambrosii
2377 4538 2601 4607 proinde
2645 4553 2760 4593 a~vo
2796 4537 2969 4593 aliena
3009 4536 3269 4595 Barouius
3292 4546 3499 4593 censet.
3532 4538 3663 4596 Deiu

387 4639 565 4710 sertos
590 4622 943 4699 arbitrantur.
972 4632 1171 4687 Omnes
1202 4647 1330 4685 vero
1364 4641 1473 4699 tum
1506 4630 1711 4698 Basilii,
1744 4638 1851 4686 tum
1882 4629 1973 4684 Hi-

292 4714 336 4795 ρ
388 4725 525 4793 larii,
558 4725 632 4795 uti
660 4740 693 4779 ιι
722 4723 1043 4780 censoribus
1072 4714 1426 4791 vocabantur,
1457 4731 1737 4793 tractatus,
1770 4739 1890 4795 cum
1917 4723 1969 4780 in

388 4826 625 4882 vetusto,
650 4830 807 4887 quem
835 4815 1126 4887 appellant,
1155 4816 1341 4871 codice
1366 4832 1467 4870 una
1492 4832 1612 4883 cum
1645 4816 1971 4879 Zenonianis

389 4894 1373 4987 repererinl,defraudare,inquiunt,S
1382 4907 1653 4985 .Zenonem
1669 4910 1847 4985 debita:
1867 4924 1974 4965 sua:

391 4999 560 5079 laudis
583 5000 901 5074 possessione
918 5001 1032 5054 ausi
1052 5017 1150 5070 non
1171 5004 1521 5071 sumus.’Qu:c
1548 5016 1710 5074 porro
1736 5005 1971 5073 objectio

390 5105 455 5145 ex
482 5079 625 5161 style
650 5100 704 5146 et
728 5090 994 5148 brevitate
1014 5109 1041 5157 ξι
1066 5092 1219 5159 Sixto
1237 5104 1474 5166 urgetur,
1498 5096 1628 5151 satis
1650 5095 1785 5161 bene
1811 5096 1970 5152 dilui-

383 5190 498 5259 tur.
523 5181 760 5239 Tandem
790 5182 1160 5249 conﬁrmaturi
1199 5198 1443 5255 sanctum
1476 5186 1745 5243 Zenonem
1778 5204 1835 5243 ιιι
1861 5204 1965 5255 sa:-

394 5273 495 5328 culi
526 5284 795 5345 auctorem
825 5292 919 5332 eos
949 5293 1229 5347 sermones
1269 5282 1575 5351 scripsisse,
1613 5281 1857 5357 quaedam
1904 5299 1972 5339 ex

396 5363 581 5436 iisdem
611 5366 943 5438 antiquitatis
974 5371 1167 5429 indicia
1194 5372 1450 5443 colligere
1479 5373 1711 5443 student,
1745 5366 1973 5447 quorum

393 5463 716 5551 praecipuum
752 5466 1184 5536 persecutionum
1218 5482 1618 5542 martyrutnque
1647 5471 1974 5551 mentionem

390 5562 623 5625 spectat,
661 5550 911 5625 Petrtque
945 5557 1012 5623 de
1054 5558 1330 5618 Natalibns
1376 5561 1615 5630 episcopi
1657 5562 1885 5630 Equilini
1915 5550 1980 5633 at:

403 5642 566 5710 Flavii
594 5645 807 5715 Blondi,
835 5650 923 5725 qui
960 5638 1394 5731 primat‘cditjoni
1435 5636 1844 5729 praecesserunt,
1876 5646 1980 5731 tes-

2076 4628 2388 4684 idulolatriaa
2402 4631 2551 4701 signa
2578 4630 2798 4702 ipsaque
2821 4629 2963 4694 idola
2989 4631 3041 4687 in
3064 4630 3295 4685 nummis
3319 4630 3524 4699 sculpta
3552 4632 3667 4685 cnl—

2074 4705 2189 4792 ligit
2211 4736 2272 4776 ex
2306 4736 2473 4778 serm.
2510 4720 2640 4777 2‘de
2670 4722 2925 4786 Avaritia,
2956 4723 3043 4792 qui
3077 4737 3215 4776 nunc
3246 4732 3329 4777 est
3357 4729 3423 4775 tr.
3455 4720 3523 4776 l0
3554 4721 3590 4775 Ι.
3624 4739 3663 4791 ι,

2074 4812 2217 4885 quod
2245 4812 2311 4869 ad
2342 4821 2575 4879 (etatem,
2605 4817 2655 4868 in
2682 4829 2783 4883 qua
2812 4812 3012 4872 etbnici
3044 4799 3393 4884 imperatores
3418 4811 3697 4866 domina--

2077 4906 2622 4971 rentur,rel‘erenduttt
2643 4904 2859 4963 indubic
2877 4902 3060 4978 [xxsv]
3078 4903 3265 4977 statuit
3290 4922 3302 4959 :
3328 4918 3449 4958 nam
3472 4917 3499 4957 a
3523 4902 3665 4961 Cou-
3690 4950 3693 4955 .

2082 5007 2306 5060 stantino
2328 5004 2542 5076 Magno,
2566 5003 2760 5074 inquit,
2776 5005 2979 5075 jussum
2996 5019 3123 5069 esse,
3152 5010 3205 5057 ut
3220 5015 3459 5067 nummus
3481 4996 3666 5057 Cruci:

2083 5101 2229 5169 signo
2258 5099 2658 5165 imprimeretur,
2684 5106 2917 5165 testatur
2937 5096 3251 5161 Sosomenus
3270 5092 3360 5151 lib.
3392 5109 3430 5158 ι.
3459 5107 3575 5164 cap.
3604 5091 3663 5157 8.

2084 5190 2243 5263 idque
2261 5206 2322 5245 ex
2338 5189 2456 5247 aliis
2468 5189 2691 5246 aliorum
2712 5188 3040 5252 Constantini
3063 5199 3431 5244 successorum
3449 5183 3630 5238 uumis
3642 5214 3660 5225 -

2085 5283 2337 5350 ntatibns,
2369 5297 2489 5352 qute
2517 5290 2745 5347 exstant,
2769 5280 2942 5348 multo
2962 5280 3279 5346 luculentius
3300 5278 3663 5345 demonstrari

2080 5374 2330 5436 afﬁrmat.
2368 5373 2515 5430 Hanc
2557 5373 2772 5434 tandem
2804 5372 3325 5444 animadversionem
3354 5370 3514 5427 tertio
3544 5372 3666 5427 loco

2083 5474 2235 5538 urget
2266 5485 2278 5519 :
2313 5463 2453 5520 Cum‘
2470 5477 2650 5520 auctor
2676 5467 2731 5520 in
2766 5481 2998 5521 sermone
3026 5466 3089 5520 de
3132 5464 3338 5533 Spiritu
3383 5463 3663 5534 Ediﬁcat.

2085 5558 2263 5611 domus
2294 5558 2389 5614 Dei
2418 5558 2568 5627 plane
2611 5558 2948 5621 demonstret,
2984 5573 3042 5612 eo
3070 5566 3299 5625 tempore
3311 5555 3511 5625 nullum
3541 5564 3670 5609 tem-

2095 5648 2266 5720 plum,
2316 5659 2405 5705 aut
2443 5663 2705 5721 perrarum
2750 5647 2904 5725 fuisse
2955 5634 3177 5711 erectum
3203 5684 3220 5712 ,
3293 5645 3430 5714 quod
3500 5655 3671 5717 posset

419 5733 638 5810 linit)le
661 5734 913 5819 allegant.
943 5740 1189 5811 Perottus
1212 5726 1338 5823 veio
1360 5744 1415 5805 in
1442 5742 1648 5823 Latinis
1676 5727 1894 5810 scholiis
1917 5726 1983 5819 ad
2048 5762 2065 5811 ς
2090 5742 2379 5823 comparari
2410 5726 2756 5809 cum'wdibus
2794 5737 3082 5814 idolorum,
3136 5755 3347 5820 prorsus
3390 5739 3667 5825 significat,
