3826 6226
137 226 193 280 2i
876 222 879 223 ⁷
922 220 1373 279 DlSSERTATIO
1413 221 1453 291 Ι,
1497 222 1583 287 DE
1623 223 1681 285 S.

1799 221 1878 277 2N.
1920 219 2166 280 TBACT.
2212 184 2570 277 ornatus.

3297 206 3367 277 50
3384 212 3386 215 .

137 360 178 397 s:
231 349 336 393 ante
401 338 733 394 Constantini
793 348 1015 408 tempora
1073 338 1340 404 claruisse,
1390 338 1537 410 cujus
1565 354 1685 404 ope-
1714 334 1992 407 Aseeuti,
2042 333 2173 389 nihil
2227 336 2353 389 novi
2398 334 2740 405 intulerunt),
2771 333 2872 388 etsi
2926 332 3231 398 pravitlerit
3274 346 3369 385 eos

135 451 184 486 rs
223 442 405 488 certum
457 442 532 486 est
601 443 703 485 tant
766 432 821 485 in
888 429 1157 485 Occidente
1188 473 1203 495 ,
1255 431 1535 500 praesertim
1579 446 1692 495 vero

138 522 303 599 Rome,
322 539 475 590 quam
496 524 550 577 in
574 521 802 591 Oriente,
830 531 883 577 ut
918 510 1625 601 Hierosolyntis,Antiocltitc,
1642 532 1694 578 et

136 617 566 687 Constantinopoli,
596 617 807 687 aliisque
830 616 884 670 in
909 615 1033 670 locis
1090 616 1476 688 angustissimas
1503 626 1693 671 erectas

136 724 225 764 esse
255 707 524 773 basilicus
560 705 837 783 Ejusmodi
868 716 947 762 est
979 716 1251 781 postrema
1278 706 1563 763 cardinalis
1594 707 1694 762 Ba-

135 802 250 858 ronii
268 797 639 873 sententia,ut
660 799 852 855 mirutn
872 798 943 854 sit
965 799 1215 867 maxime,
1242 799 1382 854 hunc
1404 813 1433 853 a
1459 798 1521 854 P.
1549 798 1690 854 Lab-

136 894 221 950 beo
242 893 373 947 inter
404 908 499 947 eos
536 891 833 957 accenseri,
874 896 964 962 qui
1010 891 1213 947 Zenoni
1246 891 1546 948 Veronensi
1595 891 1691 945 hos

135 999 384 1043 sermones
411 984 547 1040 falso
575 985 736 1039 tribui
775 986 975 1055 opinati
1021 998 1167 1040 sunt.
1210 985 1431 1041 Vossius
1473 984 1689 1055 quidem

136 1080 193 1135 de
218 1079 340 1134 liist.
370 1077 591 1134 Latiuit.
623 1077 717 1134 lib.
750 1094 829 1144 ttt,
865 1095 916 1147 p.
952 1080 1007 1145 4,
1036 1093 1152 1148 cap.
1182 1077 1238 1143 2,
1273 1077 1323 1132 id
1354 1078 1688 1148 exploratum

136 1172 343 1237 habens,
363 1170 465 1225 Hic
492 1170 753 1226 Baronius
772 1181 959 1235 tamen,
987 1170 1177 1239 inquit,
1206 1169 1488 1242 complures
1509 1169 1691 1225 saltem

141 1280 364 1319 sermones
391 1262 499 1319 esse
522 1263 768 1334 genuinos
797 1262 935 1317 haud
982 1262 1252 1334 difﬁtetur.

197 1356 255 1413 Ut
289 1357 634 1412 Possevinutn
688 1365 1068 1423 pnt'lercamus
1106 1356 1285 1411 omnia
1336 1356 1447 1412 fere
1485 1357 1688 1412 exscri-

138 1449 321 1504 bcutem
344 1466 411 1503 ex
433 1449 606 1511 Sixto,
634 1437 886 1503 venimus
913 1449 977 1503 ad
1006 1449 1411 1517 Bellarminum,
1435 1451 1523 1521 qni
1550 1467 1689 1522 pra:-

138 1542 273 1595 tnittit
315 1542 519 1596 nullam
560 1541 628 1596 de
670 1540 890 1595 Z‘enonc
936 1540 1049 1597 ﬁeri
1091 1542 1418 1597 mentionem
1466 1541 1584 1613 sive
1622 1543 1689 1599 ab

138 1634 343 1691 Eusebio
373 1635 426 1689 in
457 1635 726 1701 Historia,
771 1635 884 1689 sive
910 1635 975 1692 ab
1004 1635 1328 1712 Hieronymo
1370 1636 1421 1691 in
1455 1635 1593 1692 libro
1622 1638 1688 1691 de

1799 436 2059 482 tractatus
2084 443 2114 480 a
2142 426 2445 495 quibusdam
2475 426 2636 480 doctis
2666 424 2871 493 Zenoni
2902 422 3195 493 Veronensi
3222 421 3372 493 adju-

1767 521 1983 587 ‘dicari,
2031 518 2201 575 nihilo
2231 508 2406 591 tamen
2456 502 2631 573 minus
2684 533 2745 572 ea
2777 517 3030 588 opinione
3062 517 3366 584 impeditus,

1794 629 1898 686 qua
1924 614 2171 670 Gallieno
2200 610 2519 684 imperante,
2568 612 2712 667 Zeno
2758 611 2953 666 vixisse
2985 610 3227 677 traditur,
3258 610 3372 665 edi-

1793 717 1942 764 tores
1971 707 2309 763 Veronenses
2355 706 2407 761 in
2455 704 2770 761 adserendis
2816 702 2989 758 eidem
3035 701 3373 767 sermonibus

1794 803 1961 857 oleum
1991 815 2295 872 operamque
2318 799 2457 870 apud
2485 798 2692 852 idoneos
2709 796 2914 870 judices
2940 794 3241 867 perdidisse,
3273 808 3374 855 nec

1794 894 1861 949 ad
1904 909 2091 949 eorum
2144 893 2466 965 sententiam
2521 906 2581 945 se
2613 904 2768 960 posse
2810 887 3066 942 accedere
3094 880 3372 948 confessus

1794 995 1895 1043 est.
1929 985 2227 1059 Nonaginta
2271 983 2490 1039 eosdem
2522 995 2799 1036 sermones
2840 994 2961 1033 esse
2989 978 3083 1043 ait,
3111 964 3231 1032 cuin
3263 977 3374 1031 sint

1793 1079 1959 1134 multo
1983 1078 2182 1149 plures,
2206 1077 2539 1144 aliorumque
2565 1073 2878 1128 criticorum‘
2899 1087 3153 1127 censuras
3176 1069 3373 1140 repetit

1792 1183 1847 1228 et
1871 1171 2075 1235 statuit,
2125 1186 2189 1225 eo
2220 1169 2552 1238 potissimum
2586 1154 2894 1239 praeiudicio
2926 1167 3142 1222 innixus
3163 1208 3178 1233 ,
3229 1158 3368 1235 quod

1792 1266 1939 1324 Zeno
1982 1266 2177 1323 obicrit
2221 1250 2423 1337 martyr
2463 1265 2660 1320 smculo
2701 1279 2781 1319 ιιι.
2817 1262 2966 1318 ‘Dein
2998 1262 3265 1326 observat,
3313 1270 3367 1316 et

1792 1373 1939 1419 recte
1959 1360 2195 1431 quidem,
2219 1361 2486 1415 Zenonem
2512 1360 2817 1428 episc0putn
2834 1357 3196 1413 Veronensem
3222 1356 3369 1410 illum

1794 1454 1997 1518 videri,
2026 1454 2113 1525 qui
2155 1452 2209 1507 in
2256 1451 2520 1524 Ambrosii
2560 1450 2785 1519 epistola
2815 1450 3140 1512 nominatur,
3164 1446 3368 1519 quique

1794 1545 1991 1601 idcirco
2011 1545 2076 1601 ad
2101 1532 2313 1601 tertium
2340 1543 2592 1599 smculum
2622 1542 2775 1598 evehi
2799 1559 2901 1597 non
2929 1550 3103 1613 potest
3143 1541 3371 1613 (ithuotl

1778 1636 2040 1707 probavit
2093 1637 2252 1692 etiam
2310 1651 2432 1707 cum
2488 1634 2881 1691 recentioribus
2940 1649 3074 1704 pene
3127 1632 3387 1699 otitnibus‘

138 1728 474 1800 Scriptoribus
523 1728 947 1794 Ecciesiasticis;
1000 1739 1107 1782 tum
1156 1744 1283 1784 vero
1326 1729 1505 1783 llilarii
1539 1711 1855 1791 Bassi-BP.
1887 1729 2253 1791 lienschenius
2273 1728 2337 1783 ad
2361 1728 2501 1784 diem
2531 1728 2598 1784 12
2623 1727 2869 1799 Aprilis);
2896 1736 2949 1783 at
2974 1728 3226 1783 hocsatis
3250 1742 3373 1798 pro-

138 1820 275 1889 liique
298 1821 635 1875 snrmonibus
658 1820 874 1884 notatis,
909 1820 976 1874 de
1006 1819 1223 1889 reliquis
1253 1819 1378 1889 quid
1408 1819 1570 1886 dicat,
1606 1821 1687 1874 ni-

137 1911 196 1965 bil
225 1912 413 1967 habere
439 1927 496 1968 se
521 1912 625 1981 ait,
679 1921 874 1981 prmter
898 1912 1125 1967 aliorum
1157 1912 1496 1989 brevitatem,
1524 1921 1578 1968 et
1608 1928 1691 1968 re-

136 2004 423 2073 petitionem
470 2003 696 2059 aliorum
730 2020 791 2058 ac
841 2004 1245 2081 obseuritatem.
1302 2004 1432 2060 Illud
1475 2005 1688 2059 tandem

136 2112 277 2167 penes
300 2105 358 2152 se
383 2098 621 2171 omnium
646 2096 876 2153 maxime
898 2087 1074 2154 valere
1109 2107 1357 2165 testatur,
1386 2099 1448 2153 de
1474 2098 1554 2153 Itis
1579 2100 1695 2153 ser;

139 2186 340 2244 itionibus
370 2191 567 2243 nullam
592 2201 793 2246 exstare
821 2191 959 2262 apud
985 2201 1168 2247 veteres
1196 2194 1530 2256 mentionem‘,
1578 2207 1627 2263 pi
1645 2193 1690 2247 i-

139 2295 381 2359 nmmqne,
408 2282 495 2351 qui
514 2281 634 2336 illos
655 2282 939 2349 invenerit,
964 2298 1084 2339 esse
1106 2280 1397 2339 Guarinum
1421 2273 1689 2351 oratorem

142 2371 521 2445 Veronenscm.'

198 2464 431 2523 Barthius
452 2509 466 2533 ,
494 2469 582 2539 qui
613 2466 1157 2524 Zeuonis'sermones
1180 2468 1417 2539 legerat,
1451 2470 1693 2539 eosdem-

136 2571 224 2626 que
259 2558 465 2641 plurimi
504 2558 753 2625 faciebat,
779 2560 1006 2631 censuit.
1046 2558 1143 2615 lib.
1176 2546 1284 2617 ιιιιι
1334 2556 1450 2635 cap.
1487 2562 1553 2617 l3
1580 2563 1689 2618 Atl-

138 2662 341 2716 versar.,
381 2661 573 2706 tantam
614 2669 721 2707 esse
755 2669 1041 2718 sermonum
1082 2653 1296 2711 illorum
1330 2654 1688 2719 diversitatem,

138 2749 184 2793 ut
209 2744 385 2797 multos
414 2744 573 2799 inesse
603 2747 745 2812 operi
765 2746 843 2822 illi
873 2762 975 2800 non
994 2745 1158 2801 solum
1184 2762 1284 2801 non
1313 2747 1423 2816 ejus
1454 2748 1692 2813 cloquen—

136 2831 295 2886 tissimi
321 2836 570 2891 Antislitis
605 2821 887 2903 existimet,
915 2838 1005 2892 sed
1030 2838 1187 2893 etiam
1215 2836 1366 2910 longe
1386 2839 1691 2911 recentiores
1728 2824 1729 2827 η

135 2939 266 2991 quam
279 2925 484 2995 quilibet
500 2926 565 2981 de
584 2912 735 2999 grege
760 2938 1059 2995 cwterarum
1086 2930 1410 3001 concionnm.

172 3084 175 3085 ν
198 3020 384 3086 August
397 3032 456 3073 us
472 3003 805 3086 Buchnerus,
828 3020 918 3090 qui
937 3018 1213 3093 Zenonem
1237 3021 1361 3091 item
1385 3020 1535 3090 legit,
1558 3018 1690 3075 diss.

1787 1823 2055 1895 habilibus
2097 1825 2427 1895 argumentis
2468 1833 2663 1893 printer
2710 1838 2820 1877 rem
2851 1839 3003 1882 suam
3053 1822 3366 1889 constituto,

1790 1916 2047 1991 propositi
2072 1913 2280 1987 [mm]
2314 1916 2513 1984 proprii
2538 1914 2686 1969 velut
2710 1910 2931 1979 Oblitus,
2963 1915 3214 1969 intactam
3240 1914 3365 1968 reli-

1786 2009 1900 2081 quit
1924 2008 2371 2076 controversiam,
2410 2016 2588 2073 utrum
2616 2007 2739 2068 huic
2764 2022 3043 2063 sermones
3073 2006 3368 2078 adjudicari

1789 2099 2018 2172 possint,
2039 2114 2101 2154 ac
2122 2084 2353 2171 debeant
2379 2114 2478 2175 nec
2506 2115 2591 2156 ne.

1859 2191 2067 2246 Caveus
2091 2191 2360 2245 Labbeum
2390 2174 2441 2245 in
2467 2190 2718 2249 omnibus
2739 2190 2993 2259 sequitur.
3023 2189 3204 2254 Solum
3230 2174 3373 2260 post-

1790 2299 1950 2355 quam
1989 2298 2109 2354 cum
2140 2297 2205 2341 eo
2232 2284 2443 2355 scripsit
2473 2301 2485 2336 :
2521 2282 2630 2337 Nec
2655 2284 2717 2338 de
2740 2284 2818 2343 [tis
2848 2299 3090 2347 unt-tuam
3112 2283 3187 2337 vel
3229 2283 3377 2337 levis-
3426 2306 3429 2307 ν

1791 2376 1921 2445 sima
1960 2376 2147 2445 mentio
2174 2374 2349 2429 ltubila
2386 2384 2480 2441 est,
2515 2385 2786 2444 antequam
2821 2391 2906 2428 eos
2942 2375 3138 2444 primus
3163 2362 3377 2433 ediderit

1794 2467 2073 2531 Guarinus,
2108 2466 2223 2522 hare
2261 2466 2458 2536 adjecit
2481 2466 2549 2522 de
2576 2481 2672 2521 suo
2696 2454 3060 2538 ENuperrime
3101 2483 3215 2520 vero
3259 2482 3372 2520 mo-

1793 2541 1940 2613 nente
1989 2556 2057 2612 D.
2114 2558 2297 2633 Aliccio
2326 2557 2485 2611 didici
2526 2556 2747 2613 Zenonis
2785 2555 3085 2613 Veronensis
3130 2557 3379 2624 Episcopi

1792 2665 2072 2706 sermonem
2104 2648 2304 2702 laudari
2346 2666 2377 2702 a
2418 2634 2662 2703 Ratlterio
2694 2646 2972 2702 Veronensi
2993 2648 3173 2702 decimi
3198 2646 3374 2703 stecnli
3408 2652 3411 2653 ⁷

1791 2744 2037 2811 scriptore
2060 2740 2200 2815 apud
2223 2741 2290 2796 ι).
2320 2740 2591 2795 Aclterium
2619 2733 2862 2813 Spicileg.
2906 2750 3030 2794 tom.
3065 2756 3121 2794 ιι.
3150 2740 3219 2796 At
3244 2742 3377 2796 sub.

1792 2833 1918 2905 inde
1964 2832 2258 2889 indecisut‘n
2279 2833 2514 2903 reliquit,
2536 2848 2612 2887 an
2636 2832 2723 2888 hic
2747 2849 2808 2887 ex
2825 2832 3035 2887 illorum
3063 2849 3273 2889 numero
3307 2836 3373 2889 sit

1793 2928 1879 2997 qui
1905 2926 1997 2980 sub
2027 2925 2139 2998 ejus
2160 2927 2361 2979 nomine
2388 2926 2537 2980 hodie
2566 2925 3015 2995 circumferuntur.

1868 3019 2119 3076 Ludovici
2166 3008 2329 3076 Ellies
2368 3020 2580 3091 Dupinii
2610 3036 2834 3076 censura
2862 3020 3098 3076 onmium
3138 3022 3378 3077 acerbis—

138 3105 259 3172 383,
292 3096 412 3178 pag.
441 3108 544 3164 257
564 3150 580 3175 ,
615 3124 720 3163 non
752 3109 912 3164 modo
940 3118 1199 3186 tractatus
1226 3110 1345 3180 ejus
1368 3112 1569 3185 laudat,
1600 3110 1692 3167 sed
1721 3100 1767 3165 C
1798 3114 1931 3168 sima
1976 3108 2194 3168 tetidem
2228 3114 2403 3167 verbis
2450 3113 2800 3168 exscribenda
2829 3098 2912 3168 est
2936 3129 3001 3168 ex
3048 3108 3370 3185 interpreta-

138 3199 463 3281 vindicandos
488 3202 649 3256 etiam
681 3202 929 3273 pluribus
965 3203 1282 3268 centendit,
1326 3202 1569 3280 adductis
1614 3205 1693 3269 in-

140 3301 209 3347 tcr
226 3302 412 3350 caetera
445 3296 767 3375 testimoniis
808 3288 913 3349 non
937 3297 1110 3375 solum
1153 3296 1364 3367 Bagatae
1395 3281 1451 3352 et
1493 3297 1695 3353 Percui

137 3394 276 3452 atque
300 3387 585 3442 eardinalis
617 3372 829 3441 Baronii
853 3429 867 3450 ,
894 3389 983 3443 sed
1010 3372 1173 3459 ipsius
1201 3388 1491 3443 Casauboni
1517 3392 1692 3462 etiam,

137 3478 209 3544 qui
232 3479 360 3531 hunc
409 3478 663 3545 Zenonem
692 3475 1082 3554 vetustissimum
1128 3480 1342 3536 Patrem
1366 3484 1617 3548 nominat,
1651 3492 1695 3553 et

140 3568 384 3624 Deciorum
409 3584 626 3643 tempore
653 3574 919 3645 scripsisse
947 3575 1131 3628 diserte
1152 3576 1333 3630 tradit.
1358 3586 1364 3593 '
1646 3564 1652 3571 ’

196 3662 445 3719 ilobertus
487 3666 660 3720 Cocus
680 3708 698 3734 ,
729 3666 1088 3736 heteroduxu's
1119 3668 1443 3738 Anglicanus
1476 3669 1527 3723 in
1559 3669 1713 3724 libro

138 3752 341 3810 Lﬂlldini
368 3758 510 3812 edito
529 3774 621 3813 an.
649 3758 808 3821 1625,
834 3760 921 3815 cui
944 3759 1131 3815 titulus
1155 3778 1168 3814 :
1202 3748 1429 3816 Censura
1448 3778 1697 3831 quartou-

140 3847 240 3899 dam
262 3850 576 3921 scriptorum,
604 3867 718 3921 qua!
738 3851 831 3905 sub
853 3832 1137 3926 nominibus
1162 3862 1455 3907 sanctorum
1476 3852 1696 3907 Palmm

138 3950 177 3993 et
202 3938 414 3996 ceterum
458 3956 718 3999 auctorum
760 3945 908 3999 citari
937 3944 1118 4010 solent,
1179 3959 1232 4017 p.
1265 3943 1366 4010 84,
1412 3945 1695 4000 dictatorio

143 4047 272 4088 more
299 4035 412 4092 ha-c
447 4036 515 4091 de
543 4036 775 4092 Zenonis
806 4038 1143 4115 sermonibus
1174 4037 1479 4108 pronuntiat
1514 4057 1527 4093 :
1555 4038 1696 4094 Zeno

148 4122 431 4181 Veronensis
461 4138 534 4183 est
551 4128 907 4201 supposititius
930 4114 955 4183 ἐν
969 4137 1025 4184 et
1044 4128 1205 4197 Sixti,
1232 4129 1464 4197 Baronii,
1493 4114 1695 4207 Bellar-

141 4216 355 4287 tninique
380 4214 727 4277 dilticultates
756 4221 1003 4276 inculcat.
1074 4210 1077 4213 ’

197 4311 429 4383 andreas
469 4312 692 4369 Rivetus
720 4318 920 4385 pariter
963 4314 1323 4391 beterodoxus
1352 4315 1445 4390 lib.
1477 4331 1529 4370 tv
1579 4314 1695 4386 Cri:

141 4405 213 4459 tici
232 4408 361 4461 sacri
389 4421 508 4462 cum
537 4407 672 4464 Slel
700 4394 959 4488 Senensis
986 4416 1220 4481 mentem
1250 4423 1353 4487 non
1382 4408 1520 4464 bene
1546 4396 1695 4488 asse:

1796 3205 1941 3271 tione
1970 3205 2154 3265 Latina
2182 3222 2194 3259 :
2236 3205 2437 3262 Certant
2467 3214 2539 3259 est
2567 3207 2830 3260 conciones
2850 3248 2863 3270 ,
2905 3222 3018 3276 qum
3046 3206 3136 3260 sub
3181 3209 3381 3264 nomine

1795 3296 2016 3369 Zenonis
2036 3306 2235 3353 exstant
2252 3314 2353 3367 non
2381 3314 2528 3368 posse
2552 3296 3006 3370 esseillius,'quem
3031 3299 3124 3353 sub
3148 3298 3403 3355 Gallieno

1787 3393 2039 3462 martyrio
2069 3392 2225 3463 {uisse
2251 3392 2491 3461 affectum
2517 3406 2808 3464 supponunt
2832 3411 2850 3449 :
2875 3410 3052 3449 earum
3083 3396 3213 3450 enim
3243 3395 3379 3449 Aucv

1797 3496 1876 3541 tor
1902 3488 1951 3540 in
1975 3488 2214 3545 concione
2233 3473 2409 3558 quinta
2431 3490 2595 3559 (hanc
2614 3486 2872 3558 allegasse
2893 3472 3102 3543 videtur
3122 3505 3186 3544 ex
3217 3488 3379 3543 Baro-

1799 3585 1906 3649 nio,
1933 3600 2050 3654 qua:
2076 3598 2218 3649 nunc
2245 3594 2327 3644 est
2358 3592 2509 3639 tract.
2528 3584 2558 3638 7
2579 3583 2669 3648 lib.
2696 3582 2755 3654 ιι)
2783 3567 3004 3653 loquitur
3024 3583 3087 3635 dc
3103 3572 3378 3637 Divinitate

1797 3671 1985 3729 Christi
2015 3682 2255 3730 adversus
2284 3675 2544 3729 Itwreticos
2563 3715 2577 3737 ,
2605 3674 2690 3741 qui
2725 3672 2935 3727 Verbum
2964 3689 3069 3726 esse
3099 3671 3263 3726 Deum
3294 3677 3374 3742 {a-

1797 3776 1986 3835 tenles,
2023 3773 2122 3821 non
2149 3768 2415 3822 credebant
2442 3765 2593 3821 Patri
2621 3783 2724 3821 esse
2748 3775 3072 3832 contentum,
3107 3768 3376 3833 putabant-

1796 3876 1894 3930 que
1920 3869 2115 3937 tempus
2144 3859 2302 3928 fuisse
2321 3900 2336 3925 ,
2367 3875 2466 3929 quo
2495 3874 2595 3911 non
2625 3858 2903 3916 exstiterat,
2937 3856 3072 3923 quod
3094 3867 3266 3927 aperte
3295 3874 3375 3911 os-

1767 3953 1955 4012 .tendit
2002 3943 2313 4029 Arianorum
2359 3951 2593 4005 Itwresim
2628 3953 2737 4023 ejus
2782 3951 3085 4022 temporibus
3115 3953 3230 4023 jam
3269 3960 3374 4003 tum

1799 4042 2090 4107 obtinuisse.
2138 4040 2237 4097 Hae
2266 4043 2531 4097 conciones
2574 4059 2635 4121 ne
2665 4042 2865 4109 quidem
2895 4059 3002 4097 esse
3037 4054 3248 4115 possunt
3274 4030 3373 4097 Zei

1798 4140 1943 4193 nonis
1982 4137 2315 4207 Veronensis,
2348 4138 2432 4209 qui
2459 4136 2552 4191 sub
2592 4136 2890 4206 Constantio
2910 4145 2962 4192 et
2985 4133 3203 4198 ,Juliano
3231 4137 3373 4197 vixit,

1796 4235 1915 4305 quia
1942 4236 2225 4305 fragmenta
2253 4241 2368 4288 sunt
2395 4246 2459 4285 ea:
2487 4230 2661 4284 ntultis
2712 4228 3003 4305 auctoribus
3049 4228 3369 4301 deprompta.

1802 4311 2034 4395 Quatuor
2057 4342 2120 4379 ea:
2142 4325 2245 4385 illis
2284 4325 2497 4396 integra'
2524 4321 2707 4376 Basilii
2736 4329 2873 4375 sunt.
2925 4319 3110 4374 Omnes
3152 4318 3378 4373 Itontilite

1798 4420 1850 4472 in
1887 4417 2119 4487 Psalmos
2163 4397 2232 4469 ad
2270 4412 2481 4485 verbum
2528 4429 2592 4469 ea:
2620 4411 3006 4468 Commentariis
3050 4409 3244 4464 Hilarii
3288 4410 3376 4464 de-
3420 4420 3423 4423 ‘

138 4506 275 4553 cutus
317 4510 491 4563 esset,
543 4502 645 4555 hoc
675 4516 838 4554 unum
875 4481 943 4555 de
988 4484 1329 4570 suoladjecit,
1371 4499 1512 4570 quod
1542 4481 1693 4570 neque

1802 4481 2053 4581 prompta?
2079 4481 2195 4573 sum
2220 4525 2238 4563 :
2270 4481 2327 4562 id
2340 4505 2480 4577 quod
2497 4505 2769 4575 explicans
2791 4504 2844 4558 in
2875 4501 3129 4572 subjectis
3143 4500 3372 4556 adnota-

141 4591 235 4659 cjtts
256 4588 474 4645 Zenonis
493 4593 796 4662 scriptorum
822 4592 1018 4673 aliquid
1036 4582 1263 4646 exstabat
1284 4602 1399 4665 ante
1418 4608 1508 4645 an.
1537 4590 1692 4657 1508,

140 4696 221 4745 quo
257 4694 478 4753 ternpore
522 4686 613 4739 sub
651 4689 763 4759 ejus
789 4686 990 4739 nomine
1019 4685 1141 4757 editi
1163 4693 1280 4738 sunt
1322 4700 1574 4756 sermones
1597 4700 1698 4738 non

141 4777 269 4842 pauci
310 4794 341 4829 a
390 4776 615 4832 Guarino
668 4775 947 4831 Veroneusi
995 4776 1210 4830 Oratore
1262 4775 1480 4831 Venetiis
1510 4793 1527 4831 :
1560 4792 1620 4830 ac
1653 4776 1698 4850 si

141 4864 386 4949 Gmripus
430 4885 492 4924 eo
532 4884 674 4923 anno
714 4868 899 4922 vivens
928 4883 1235 4949 sermonum
1281 4868 1542 4943 ejusmodi
1573 4849 1699 4949 auc;

141 4964 211 5011 tor
226 4944 468 5016 eteditor
493 4960 670 5029 fuerit,
702 4952 861 5032 quant
889 4944 1206 5043 sententiam
1228 4961 1331 5043 alii,
1350 4962 1577 5034 subinde
1604 4944 1698 5043 ett-

140 5050 404 5121 scripsere.
786 5052 795 5061 “
1084 5040 1088 5043 ’
1328 5040 1331 5044 ⁴

196 5142 486 5216 Ugbellins,
537 5159 668 5204 tom.
724 5165 755 5203 v
798 5149 963 5221 Italiae
994 5163 1162 5219 sacrae
1210 5150 1260 5205 in
1293 5148 1697 5223 Veronensibus

140 5236 381 5325 episcopis
402 5245 669 5314 antiquam
698 5242 911 5317 Baronii
935 5244 1241 5317 opinionem
1270 5254 1541 5321 repetens,
1563 5244 1698 5300 duos

140 5322 365 5417 Zenones
389 5322 678 5401 recensuit,
711 5352 940 5415 quorum
972 5338 1106 5417 alter
1134 5336 1233 5411 sub
1258 5334 1525 5413 Gallieno,
1560 5337 1697 5410 alter

138 5430 252 5475 vero
268 5419 531 5479 Ambrosii
556 5442 672 5480 aevo
698 5424 970 5503 ﬂoruerit;
993 5435 1047 5497 et
1068 5426 1206 5505 hunc
1229 5439 1554 5500 postremum
1583 5438 1703 5497 ser:

141 5526 343 5599 mettum
364 5527 637 5599 auctorem
665 5500 786 5572 esse
814 5517 1066 5593 opinatus
1092 5500 1193 5589 est.

199 5588 524 5689 Ρτββιῖὸυε
573 5608 653 5681 (ιιι
674 5599 678 5601 ’
702 5596 979 5685 mittamus
1008 5588 1265 5689 reliquos
1294 5606 1658 5685 'iotermedios
1675 5604 1703 5689 θ’

140 5695 227 5781 qui
252 5696 563 5783 plerumque
600 5701 845 5800 δίκαιαι,
886 5705 1175 5783 ﬂorentium
1200 5721 1261 5775 ac
1309 5703 1711 5798 Bellsrtniuum'

1802 4589 2052 4670 tionibus,
2087 4594 2385 4665 Conciones,
2412 4596 2605 4668 inquit,
2630 4598 2679 4648 in
2712 4595 2930 4664 psalmos
2960 4588 3140 4659 cxxvt,
3173 4608 3374 4659 cxxvtt,

1801 4707 2027 4759 cxxvtti,
2078 4692 2242 4755 chIs
2266 4731 2277 4753 ,
2305 4707 2307 4709 ί
2332 4700 2376 4743 et
2406 4704 2573 4754 cxxx,
2614 4697 2733 4742 sunt
2781 4685 2990 4742 Hilarii.
3022 4685 3298 4740 Canciones
3324 4687 3377 4740 in

1802 4788 2204 4858 psalmosxut,
2234 4800 2393 4849 Litth
2420 4826 2432 4848 ,
2470 4793 2523 4839 et
2572 4799 2625 4849 ο,
2654 4783 2795 4848 illius
2835 4787 2986 4837 etiam
3006 4797 3110 4835 esse
3146 4788 3377 4851 possunt,

1803 4882 1923 4952 quia
1962 4882 2117 4955 hujus
2144 4879 2317 4935 Patris
2351 4878 2725 4933 Commentario
2762 4877 2815 4930 in
2845 4876 2935 4930 bos
2966 4874 3187 4947 psalmos
3216 4874 3376 4942 peric-

1798 4985 1935 5029 runt.
1969 4973 2101 5043 Tum
2132 4972 2373 5043 sequitur
2403 4972 2453 5025 iu
2483 4980 2629 5025 textu
2658 4987 2670 5022 :
2698 4968 2846 5024 Unde
2875 4968 3023 5041 liquet
3055 4968 3149 5021 has
3174 4966 3378 5022 concio-

1776 5122 1779 5125 .
1796 5082 1883 5120 nes
1903 5062 2095 5119 Zenoni
2134 5062 2408 5118 V‘eronensi
2429 5062 2733 5135 adscriptas,
2765 5061 3107 5116 collectionem
3127 5075 3236 5131 esse.
3256 5074 3379 5112 con—

1798 5160 1997 5215 cionum
2020 5140 2355 5227 plurimorum
2378 5163 2643 5210 auctorum
2669 5153 2995 5227 incomposite
3013 5151 3217 5220 factam.
3253 5150 3382 5211 Alite

1798 5260 1912 5305 sunt
1938 5230 2263 5316 brevissintaz,
2296 5237 2415 5313 alite
2440 5262 2555 5301 vero
2584 5247 2773 5314 longae;
2804 5242 3038 5313 qutednm
3068 5242 3198 5312 ston
3229 5240 3380 5309 pleno

1802 5334 1848 5418 et
1873 5340 2129 5407 accurato,
2154 5357 2253 5411 pou
2278 5339 2433 5407 nulla:
2457 5338 2676 5400 demisso
2692 5345 2736 5397 et
2759 5336 3010 5403 incompta
3030 5334 3382 5402 scriptcesunt;

1806 5433 1921 5493 alite
1946 5440 2061 5489 sunt
2097 5431 2273 5493 clarae,
2300 5428 2418 5498 alia:
2447 5424 2710 5489 obscurat;
2757 5423 2970 5493 denique
2997 5423 3126 5485 niltil
3154 5422 3402 5491 insequar

1736 5526 1739 5529 ’
1806 5522 1928 5578 lius.
1966 5521 2033 5600 lu
2063 5518 2305 5595 concione
2331 5520 2393 5570 de
2432 5514 2753 5581 Continentia
2784 5518 2950 5585 plures
2980 5528 3132 5581 quam
3163 5514 3265 5576 illi)
3294 5529 3387 5591 om

1808 5632 1897 5669 nos
1921 5622 2191 5686 numerat,
2210 5628 2273 5673 ea:
2297 5626 2394 5683 quo
2432 5608 2629 5687 Paulus
2652 5605 2914 5687 epistolam
2942 5620 3083 5663 suam
3114 5606 3182 5665 ad
3209 5603 3389 5679 Carius

1805 5710 1936 5784 tblos
1964 5694 2261 5791 scripserat,
2307 5719 2354 5772 et
2380 5688 2542 5789 tamen
2570 5705 2623 5770 in
2663 5703 2779 5771 aliis
2811 5701 3030 5785 Itamiliis
3056 5701 3120 5788 de
3156 5692 3371 5788 templis,
