3826 6226
378 299 392 353 ς
422 300 441 356 ί
1242 325 1249 329 ,
1412 292 1413 295 ‘
1736 258 1889 323 PRO]

2163 264 2270 320 NA.
2876 300 2879 303 -
3376 296 3377 299 η
3603 250 3674 307 5?.

402 413 691 485 uarlyribus
738 407 834 480 (sic
874 400 1236 465 reddendum,
1281 409 1387 451 non
1431 398 1609 447 autem
1649 387 1710 440 de
1751 381 1949 450 templis
1977 383 2030 441 Α
2056 381 2207 485 irrito
2230 391 2425 438 conatu
2459 381 2797 467 laboraturus
2840 392 3053 450 semper
3078 374 3168 443 sit,
3217 385 3324 433 nan
3356 378 3534 436 minus
3564 391 3658 446 qut

385 473 540 563 utar'v
585 520 689 566 unt,
736 473 791 554 ut
821 499 870 551 itt
903 489 1341 561 interpretatione
1370 478 1660 540 Parisiensi
1692 478 1761 532 ob
1783 473 1965 531 defec—

2067 471 2268 527 Zeuoni
2296 470 2517 542 eripere
2537 481 2763 528 conetur
2782 463 2972 535 omnes
2995 475 3272 535 tractatus,
3292 481 3453 537 quam
3478 466 3570 533 qui
3594 466 3676 521 ei-

389 609 501 655 tum
530 555 746 664 virgula:
785 586 1035 645 editionis
1064 581 1283 638 Gallica;
1334 577 1545 649 legitur,
1586 569 1730 643 quod
1766 570 1822 623 in
1851 578 1965 621 rem
2069 566 2191 622 dem
2223 555 2415 635 omnes
2439 567 2565 623 velit
2590 561 2865 623 adserere.
2899 565 3117 621 Interim
3149 580 3279 620 vero
3313 578 3377 619 ex
3410 570 3490 617 tot
3510 562 3672 617 criti-

386 659 704 761 praesentem
733 681 856 750 quid
908 680 1011 742 sit,
1049 689 1205 730 nemo
1230 669 1451 741 divinet)
1506 666 1567 722 et'
1598 659 1987 720 catecltumenis

388 756 689 835 mentionem
716 773 836 844 facit
861 773 945 843 (ac
968 769 1013 823 si
1042 764 1412 823 catechumeni
1434 777 1539 816 non
1570 759 1709 815 ultra
1739 772 1789 810 tv
1812 756 1969 810 etiam

388 870 636 926 szcculum
663 852 1063 936 processerint).
1099 859 1182 915 Ea:
1209 859 1288 913 his
1316 854 1551 912 omnibus
1570 860 1710 925 patet
1734 844 1826 904 has
1849 863 1972 902 con-

396 966 595 1027 ciones,
624 959 714 1021 toti
743 956 1031 1026 antiquitati
1059 954 1279 1027 ignotas,
1322 951 1627 1019 indigestam
1651 960 1761 1000 esse
1786 940 1973 997 colleco

315 1040 321 1052 ί
393 1058 579 1113 tionem
600 1053 899 1108 concionum
923 1065 984 1103 ea:
1005 1046 1237 1117 pluribus
1254 1042 1544 1099 auctoribus
1565 1040 1820 1094 uariorum
1849 1043 1976 1088 teut-

406 1165 583 1221 porum
602 1156 648 1202 et
670 1144 926 1215 regionum
954 1141 1337 1210 desumptarum
1365 1135 1428 1190 ub
1449 1134 1622 1204 aliquo
1645 1118 1882 1209 imperito
1908 1124 1975 1179 li-

398 1215 563 1298 brario
600 1241 806 1310 factum.
854 1234 967 1289 Hic
996 1242 1176 1288 autem
1217 1230 1269 1284 in
1310 1226 1571 1296 subjectis
1614 1215 1975 1277 adnotationi-

396 1335 500 1391 bus
528 1330 675 1385 addit
696 1373 710 1394 ,
744 1328 1029 1383 conciones
1060 1340 1164 1379 non
1195 1323 1367 1377 nullas
1390 1363 1402 1385 ,
1432 1332 1551 1390 qua:
1580 1311 1798 1386 prolixae
1831 1318 1977 1375 sunt,

396 1441 461 1481 ea:
486 1422 775 1478 auctoribus
806 1419 995 1475 Grazcis
1025 1417 1332 1486 desumptas,
1367 1413 1498 1466 alias
1524 1425 1638 1463 vero
1660 1398 1979 1488 bt'evissimas

397 1535 462 1575 ea:
498 1518 788 1572 auctoribus
818 1512 1015 1567 Latinis
1042 1518 1089 1565 et
1125 1508 1454 1563 homiliarum
1481 1499 1799 1575 fragmentis.

471 1609 531 1664 P.
551 1608 881 1669 Coutantius,
906 1600 1198 1659 monachus
1222 1590 1619 1656 Benedictinus,
1635 1590 1809 1647 editor
1834 1585 1980 1643 [lila-

338 1688 347 1696 ’
401 1699 469 1757 rii
498 1714 717 1769 operum
744 1694 992 1760 celebris,
1023 1693 1073 1747 in
1107 1688 1511 1750 Admonitione,
1532 1697 1691 1755 quam
1725 1676 2004 1757 prmtnisit.

2072 674 2255 715 corum
2279 661 2523 716 censuris
2570 661 2762 730 injecta
2810 658 3072 715 dubitatio
3127 658 3306 727 pltt'res
3359 654 3548 719 movit,
3608 663 3669 709 ut

2041 765 2193 806 «cum
2216 765 2372 806 veros
2399 758 2660 807 tractatus
2683 767 2711 806 a
2731 750 2928 821 spuriis
2955 750 3327 806 internoscere
3354 762 3461 803 non
3491 732 3679 812 liceat,

2074 845 2142 901 de
2179 840 2403 916 singulis
2452 845 2745 912 antbigant.
2796 841 2904 903 Cur
2958 855 3136 899 autem
3179 841 3398 915 genuini
3444 841 3685 898 Zenonis

2076 943 2215 1007 fetus
2240 952 2269 991 a
2294 937 2663 1007 supposititiis
2687 937 2967 1008 dijudicari
2998 952 3098 994 nec
3120 937 3411 1008 potuerint,
3437 950 3539 992 nec
3553 949 3687 1007 pos-

2080 1029 2208 1094 sint,
2234 1027 2501 1083 editorum
2527 1029 2686 1098 (utin
2717 1027 3031 1099 przel‘atione
3052 1029 3379 1098 monuimus)
3399 1018 3544 1084 ivitio
3570 1026 3687 1084 fac—

2082 1129 2191 1207 tum
2220 1127 2323 1185 est,
2350 1118 2440 1189 qui
2458 1120 2827 1200 supposititios
2841 1120 3170 1178 Zenouianis
3192 1122 3464 1191 subjectos
3492 1120 3545 1176 itt
3580 1119 3690 1177 line

2080 1210 2521 1285 codic‘um‘,'ltaud
2562 1213 2853 1282 separatim
2893 1212 3093 1269 dedere
3127 1255 3142 1279 ,
3200 1214 3310 1268 imo
3353 1229 3454 1269 nec
3481 1214 3535 1268 in
3568 1228 3692 1267 ma—

2082 1303 2482 1375 nuscriptorum
2516 1302 2630 1375 line
2650 1306 2854 1375 positos
2903 1313 3233 1361 monuerunt
3280 1300 3495 1377 quidem
3545 1305 3694 1377 (qua:

2079 1395 2326 1458 monitio,
2342 1395 2407 1449 ad
2454 1410 2669 1453 omnem
2715 1396 2862 1451 litem
2892 1397 3251 1453 dirimendam
3294 1397 3525 1453 eruditis
3556 1396 3695 1452 satis

2082 1484 2317 1556 fuisset),
2349 1481 2444 1545 sed
2481 1503 2577 1544 eos
2617 1505 2738 1544 cum
2782 1491 3032 1561 genuinis
3086 1491 3395 1562 permistos.
3428 1490 3691 1561 nullaque

2084 1579 2370 1635 distinctos
2422 1582 2700 1637 notatione
2744 1582 3063 1647 exhibuere,
3114 1599 3180 1638 ac
3227 1584 3316 1636 uti.
3348 1582 3699 1638 Zenonianos

2086 1672 2388 1743 promiscue
2410 1674 2787 1740 venditarunt;
2818 1676 2961 1746 iique
2982 1691 3102 1731 cum
3124 1676 3698 1731 Zenonem'auctorent

408 1759 644 1864 quinque
692 1759 1002 1845 tractatibus
1050 1781 1337 1840 Hilarianis
1376 1780 1515 1835 inter
1544 1774 1774 1832 Zcuonis
1814 1784 1976 1852 opera
2009 1762 2054 1822 Β
2083 1765 2285 1822 habere
2316 1775 2610 1837 nequeant,
2652 1783 2841 1824 omnes
2879 1759 3096 1839 quoque
3136 1768 3477 1823 Zenoniauos
3503 1767 3557 1822 itt
3586 1766 3691 1823 du-

403 1859 708 1953 e-ditis'pag.
736 1879 844 1935 465
870 1872 1019 1943 tom.
1051 1894 1067 1931 ι
1120 1875 1248 1930 edit.
1293 1870 1518 1935 Veron.,
1541 1867 1812 1937 antiquam
1842 1859 1984 1953 haud

382 1980 523 2033 ‘css'e
565 1992 670 2031 non
716 1972 981 2029 inliciatur
1008 1968 1378 2025 collectionem
1426 1969 1747 2017 tractatuum
1773 1956 1861 2027 qui
1887 1952 1987 2009 Ze-

409 2070 535 2126 noni
579 2067 918 2129 tt-ibuuntur,
962 2072 1015 2117 at
1045 2059 1228 2116 Hilarii
1265 2069 1442 2113 tamen
1484 2066 1600 2107 ωνο
1633 2049 1987 2123 posteriorem

405 2160 655 2225 affirmat,
674 2155 982 2220 autsaltem,
997 2154 1040 2208 si
1060 2152 1192 2224 quis,
1220 2148 1407 2219 inquit,
1433 2144 1694 2202 contendet
1715 2140 1859 2196 illam
1879 2140 1991 2211 ejus

407 2251 626 2305 Zenonis
645 2264 776 2313 esse,
802 2245 886 2317 qui
909 2242 1142 2299 Gallieno
1173 2241 1455 2310 imperante
1489 2232 1688 2295 uixerit.
1718 2239 1849 2285 certe
1867 2244 1990 2282 con-

407 2346 562 2400 cedat
576 2358 772 2398 necesse
788 2351 880 2405 est,
906 2354 1016 2393 eam
1037 2333 1357 2409 postmodum
1377 2330 1559 2409 alienis
1580 2325 1848 2398 opusculis
1868 2332 1991 2377 auc-

409 2451 533 2501 tam.
561 2453 675 2490 cum
714 2452 815 2489 non
845 2430 1038 2486 Hilarii
1076 2428 1248 2492 modo,
1271 2425 1361 2480 sed
1390 2431 1455 2489 et
1484 2420 1666 2477 Basilii
1694 2414 1993 2473 tractatibus

408 2531 602 2599 aliquot
629 2538 857 2582 constare
886 2523 1110 2599 prudens
1138 2522 1351 2592 quisque
1373 2533 1475 2572 non
1497 2522 1774 2586 negaturus
1797 2512 1884 2566 sit.
1938 2503 1948 2509 ’

480 2596 708 2692 Agnovit
758 2596 1133 2673 Tillemon'tius
1186 2610 1599 2689 Protestantium
1652 2604 1996 2662 doctissimos

406 2715 628 2774 maximi
675 2712 868 2769 fecisse
906 2711 1068 2765 hosce
1086 2704 1357 2763 tractatus
1384 2703 1454 2760 ob
1483 2695 1719 2758 auctoris
1742 2699 1993 2769 pietatem

355 2854 362 2863 .
408 2818 461 2865 et
491 2808 837 2877 elegantiam,
884 2802 1187 2871 iisdemque
1217 2807 1400 2869 aperta
1446 2797 1622 2860 inesse
1664 2789 1997 2877 antiquitatis

360 2897 363 2900 ⁴
408 2901 639 2966 indicia;
672 2907 727 2954 at
751 2900 820 2954 ob
871 2909 1183 2960 sermones,
1221 2890 1312 2962 qui
1342 2888 1603 2945 Hilarium
1635 2874 1998 2954 Basiliumque

409 3007 586 3053 certos
607 2994 804 3050 habent
826 3001 1096 3053 auctores,
1120 2988 1187 3042 de
1207 2982 1427 3042 auctore
1452 2995 1773 3039 eaeterornnt
1796 2980 1999 3051 pariter

411 3089 650 3153 ambigit,
703 3100 801 3141 nec
839 3082 1128 3155 quidquam
1159 3095 1279 3135 esse
1307 3079 1400 3144 ait,
1432 3074 1574 3148 quod
1594 3075 1774 3139 ullum
1804 3081 2000 3127 tracta-
2026 3095 2032 3101 -

2091 1860 2404 1918 bitationetn
2420 1862 2722 1939 con-jecere.
2749 1860 2860 1917 Hoc
2873 1861 3058 1915 vitium
3075 1876 3173 1916 nos
3191 1870 3248 1915 ut
3264 1861 3693 1926 declinaremus,

2086 1952 2619 2025 'przccideremusque
2661 1952 2851 2008 eodem
2892 1959 3138 2023 tempore
3164 1940 3543 2023 praeiudicium
3575 1965 3706 2020 gra-

2094 2048 2417 2113 vissimum.
2447 2046 2791 2102 Zenonianos
2833 2045 3242 2112 codicesocto,
3291 2051 3561 2115 quotquot
3588 2052 3708 2105 tum

2046 2165 2053 2169 >
2092 2142 2149 2197 in
2172 2140 2327 2215 Italia
2367 2148 2479 2194 tum
2529 2141 2578 2193 in
2612 2139 2787 2195 Gallia
2828 2140 3067 2210 reperire
3116 2140 3410 2208 potuimus,
3442 2139 3535 2192 vix
3565 2152 3705 2193 con-

2094 2218 2290 2287 sulturi
2332 2230 2619 2299 atlivimus,
2653 2232 2889 2288 occurrit
2932 2232 3139 2299 statim,
3170 2247 3276 2286 non
3304 2231 3544 2301 quinque
3575 2230 3709 2285 illos

2095 2324 2270 2379 solum
2296 2318 2557 2379 tractatus
2598 2323 2688 2394 qui
2749 2323 2984 2391 Hilario,
3026 2333 3082 2379 et
3105 2312 3334 2394 quatuor
3385 2323 3474 2393 qui
3504 2322 3712 2377 Basilio

2084 2410 2408 2473 vindicandi
2439 2412 2755 2483 creduntur,
2784 2415 2880 2470 sed
2912 2425 2966 2471 et
2993 2416 3129 2470 duos
3158 2423 3417 2486 praeterea
3446 2413 3594 2469 alios
3625 2415 3713 2469 in-

2099 2498 2181 2566 ter
2213 2509 2401 2594 ililarii
2427 2517 2483 2565 et
2510 2508 2688 2563 Basilii
2722 2508 2927 2563 medios
2955 2508 3006 2561 itt
3045 2507 3152 2563 ﬁne
3176 2507 3415 2563 omnitim
3442 2506 3705 2562 codicum

2098 2613 2411 2661 constanter
2437 2605 2539 2675 legi
2590 2596 2860 2673 subjectos
2905 2604 3142 2669 caeteris,
3187 2617 3323 2673 quos
3349 2601 3702 2656 Zenoniattos

2086 2699 2322 2756 ‘indubie
2348 2698 2637 2755 credimus.
2664 2696 2815 2766 Quod
2845 2697 2945 2751 etsi
2971 2696 3101 2750 satis
3131 2709 3252 2751 esse
3296 2703 3474 2764 potest
3496 2693 3563 2769 ad
3596 2693 3699 2747 ad-

2101 2794 2361 2850 ditionem
2414 2790 2706 2864 posteriori
2754 2805 2916 2844 manu
2963 2788 3157 2842 factam
3212 2786 3713 2856 manuscriptorum

2104 2886 2290 2958 peritis
2321 2872 2769 2955 persuadendum,
2803 2896 2926 2936 cum
2958 2881 3210 2950 frequens
3241 2877 3361 2933 aliis
3406 2872 3623 2947 quoqbe
3655 2879 3713 2931 in

2103 2979 2378 3036 codicibus
2406 2975 2686 3044 acciderit,
2743 2984 2799 3029 ut
2842 2974 2890 3029 si
2922 2972 3199 3044 qurclolia
3226 2979 3347 3041 post
3380 2969 3716 3039 descriptum

2105 3072 2339 3143 aliquem
2367 3075 2646 3124 auctorem
2677 3073 2954 3131 vacarent,
2989 3063 3180 3119 alienis
3219 3062 3493 3133 opusculis
3535 3063 3721 3132 reple-

413 3192 522 3237 ttnn
555 3180 755 3235 Zenoni
801 3153 1096 3233 verttttensi
1149 3174 1427 3244 explorate
1464 3168 1844 3229 vindicandum
1870 3182 1994 3238 per-
2022 3155 2068 3219 C
2110 3169 2339 3226 rentur;
2373 3172 2550 3215 tamen
2585 3175 2653 3215 ne
2678 3158 2805 3230 quid
2828 3155 3174 3212 dubitationis
3204 3155 3306 3211 bac
3332 3154 3397 3210 de
3436 3153 3721 3209 additione

411 3274 653 3331 suadeat.
691 3271 782 3329 Sic
819 3271 905 3325 ille
932 3269 983 3324 in
1018 3266 1400 3323 Persecutione
1435 3262 1536 3318 sub
1565 3260 1869 3325 Valeriano,
1893 3265 1997 3313 art.

411 3367 465 3431 7,
497 3379 628 3419 tom.
664 3380 732 3428 tv,
792 3377 912 3432 pag.
943 3360 1029 3423 i6.
1078 3352 1143 3414 in
1169 3355 1621 3418 adnotationibus
1650 3368 1835 3424 porro,
1878 3368 1998 3423 pag.

410 3457 536 3525 587,
566 3450 748 3524 adnut.
786 3456 842 3521 6,
879 3452 1055 3508 allatis
1080 3441 1197 3507 fuse
1230 3449 1466 3515 Baronii,
1498 3446 1831 3509 Bellarntini.
1860 3444 2000 3500 Lab-

410 3550 517 3612 bei,
568 3547 815 3618 Sixtique
852 3543 1155 3608 sententiis,
1207 3543 1433 3616 miratur
1470 3540 1521 3594 in
1568 3538 1808 3594 editiOoe
1842 3536 2007 3593 Vero-

408 3645 561 3699 nensi
612 3644 854 3695 ducentos
902 3639 1050 3695 nullo
1080 3638 1270 3694 codice
1307 3635 1636 3706 sull'ragante
1663 3630 2006 3687 emendatum

411 3750 508 3807 pro
536 3733 954 3805 quadringentos,
983 3732 1311 3801 Baroniique
1336 3731 1711 3799 argumentum
1739 3740 1805 3779 cx
1838 3722 2010 3791 publi,-

409 3816 843 3883 cis'eihnicorunt
872 3823 1150 3880 sacriﬁciis
1174 3836 1269 3892 pro
1292 3820 1392 3877 hac
1416 3818 1753 3875 correctione
1774 3823 1984 3871 statuen

410 3920 475 3975 da
513 3920 730 3975 allatum
761 3921 1063 3974 luculenter
1092 3916 1313 3973 refellit.
1344 3916 1413 3970 At
1440 3912 1719 3977 concludit
1744 3911 1846 3966 hos
1893 3924 2012 3965 ser-

413 4027 600 4068 mones
632 4011 1005 4065 collectionem
1034 4024 1155 4063 esse
1172 4025 1233 4062 ex
1267 4007 1494 4067 diversis
1512 4003 1822 4059 auctoribus
1842 4018 1895 4057 tv
1912 4012 1968 4055 et
1984 4017 2014 4054 v

364 4165 374 4173 ,
420 4103 633 4167 saeculi,
662 4117 727 4157 es
763 4101 961 4172 quibus
988 4100 1152 4169 aliqui
1187 4098 1423 4153 Zenonis
1452 4112 1573 4150 esse
1601 4103 1849 4165 possunt,
1878 4108 2015 4162 quos

413 4208 596 4256 tamen
622 4196 992 4250 internoscere
1023 4200 1078 4246 et
1109 4192 1391 4262 designare
1423 4207 1527 4244 non
1559 4191 1703 4248 licet.

488 4286 723 4362 [xxxvtt]
753 4286 992 4341 Tandem
1044 4297 1343 4354 postremus
1369 4284 1612 4340 omnium
1643 4285 1731 4340 ιο.
1764 4285 2019 4342 Albertus

415 4382 699 4438 Fabricius
726 4389 859 4435 tom.
891 4395 946 4433 ιιι
975 4378 1113 4433 Bibl.
1140 4378 1363 4441 Latiare,
1397 4378 1492 4435 lib.
1526 4395 1600 4447 tv,
1625 4394 1673 4434 c.
1705 4380 1769 4447 5,
1805 4396 1859 4450 p.
1890 4378 2019 4445 420,

416 4475 521 4531 etsi
554 4482 849 4544 pugnantes
874 4472 1182 4526 criticorum
1226 4473 1522 4527 sententias
1554 4473 1735 4543 paucis
1776 4472 2020 4527 subindi-

2106 3258 2157 3312 itt
2186 3254 2511 3310 Zenonianis
2560 3268 2689 3311 mss,
2721 3258 3047 3322 superesset,
3078 3247 3249 3304 codex
3308 3246 3590 3302 Remensis
3620 3261 3723 3300 an-

2106 3349 2438 3420 tiquissimus
2464 3362 2582 3402 eam
2606 3346 2713 3399 alio
2733 3342 3013 3415 posteriori
3042 3340 3354 3397 charactere
3384 3338 3721 3409 descriptam

2106 3438 2368 3506 eitbibuit,
2393 3451 2451 3497 ut
2473 3456 2536 3496 ex
2567 3440 2943 3494 cltaracterum
2984 3437 3280 3508 spccimioe
3321 3425 3376 3490 in
3403 3436 3723 3506 praefatione

2112 3538 2341 3601 inserto,
2374 3534 2464 3603 qui
2507 3531 2778 3586 Basiliani
2804 3537 3058 3585 tractatus
3101 3528 3309 3583 initium
3342 3528 3577 3597 praefert,
3608 3526 3728 3581 cui-

2111 3646 2217 3702 que
2262 3630 2603 3701 perspicuum
2634 3625 2746 3681 lict.
2783 3627 2839 3680 In
2874 3625 3130 3679 Vaticano
3163 3638 3323 3694 porro
3367 3632 3423 3676 et
3460 3619 3727 3675 Urbinate

2113 3740 2245 3780 mss.
2278 3732 2403 3795 post
2425 3732 2843 3778 memoratarum
2871 3718 3199 3775 additionem
3224 3724 3549 3772 tractatuum
3582 3716 3727 3769 alius

2115 3798 2295 3873 Sermo
2327 3817 2522 3886 legitur
2552 3815 2606 3871 S.
2654 3808 2940 3870 Gaudentii
2981 3812 3239 3878 Brixiani,
3287 3811 3374 3881 qui
3409 3809 3636 3879 proittde
3668 3810 3724 3864 in

2116 3908 2320 3965 Veneta
2351 3892 2582 3962 Zenonis
2628 3906 2863 3962 editione
2913 3904 3053 3959 inter
3097 3902 3437 3957 Zenonianos
3485 3901 3725 3955 insertus

2124 4003 2424 4071 reperitur,
2455 3995 2664 4069 aliaque
2705 3996 2932 4053 subinde
2958 3997 3185 4049 aliorum
3230 4002 3506 4047 auctorum
3554 4004 3726 4061 opus-

2119 4099 2237 4153 cula
2281 4098 2332 4150 itt
2368 4098 2605 4165 utrisque
2635 4096 2736 4150 sub
2766 4094 2925 4148 liuent
2966 4090 3148 4146 addita
3178 4089 3547 4151 inveniuntur,
3581 4093 3640 4140 ut
3667 4086 3725 4140 in

2120 4189 2443 4262 praefatione
2481 4188 2810 4250 monuimus,
2838 4186 2926 4240 ubi
2957 4183 3289 4239 additiOuem
3316 4179 3475 4234 aliam
3501 4178 3733 4256 alterius

2120 4292 2403 4344 tractatus,
2435 4281 2517 4335 vel
2548 4280 2731 4351 hymni
2758 4279 2821 4332 de
2841 4278 2985 4349 signo
3017 4273 3197 4331 Crucis
3242 4273 3410 4330 tribus
3436 4272 3488 4327 iu
3517 4270 3729 4327 codici-

2126 4376 2226 4432 bus
2250 4377 2521 4430 inventam
2554 4346 2753 4444 pariter
2786 4370 3057 4425 innuimus
3084 4388 3095 4423 :
3125 4368 3261 4425 adeo
3280 4378 3488 4423 certum
3520 4374 3606 4422 est
3626 4364 3733 4420 Ze-

2128 4469 2393 4523 nonianos
2420 4466 2635 4521 codices
2659 4467 2728 4523 ab
2768 4463 3129 4520 additionibus
3156 4458 3420 4531 ejusmodi
3461 4460 3733 4514 immunes

414 4581 522 4633 cet,
549 4568 679 4623 etin
703 4568 836 4624 Sixti
860 4565 1114 4623 Senensis
1140 4566 1460 4621 statuendam
1491 4565 1732 4642 inclinet,
1768 4564 2019 4621 nimirum
2052 4541 2100 4598 Ῑ)
2129 4577 2233 4616 non
2277 4560 2465 4615 fuisse.
2501 4559 2623 4614 illos
2664 4568 2845 4613 autem
2869 4559 3136 4612 variorum
3162 4564 3439 4611 auctorum
3474 4561 3734 4608 tractatus
3824 4604 3826 4607 ,

420 4664 512 4717 Itos
538 4677 795 4715 sermones
825 4660 1013 4729 majori
1041 4675 1104 4713 ea:
1149 4669 1293 4727 parte
1338 4660 1576 4714 collectos
1618 4676 1727 4714 esse
1774 4675 1837 4714 ea:
1865 4660 2023 4713 variis

424 4752 719 4807 auctoribus
740 4768 757 4816 ;
780 4751 1052 4806 afﬁrmare
1082 4738 1258 4804 tamen
1289 4765 1393 4804 non
1422 4750 1629 4805 dubitat
1654 4768 1667 4803 :
1702 4750 1841 4805 Sane
1868 4766 2023 4821 quos-

421 4845 537 4898 dam
565 4844 705 4897 illius
729 4842 950 4897 Zenonis
976 4857 1083 4896 esse
1107 4843 1253 4894 ualde
1280 4842 1481 4896 videtur
1501 4842 1765 4895 credibile.

493 4937 677 5007 Itaque
705 4936 848 4991 inter
874 4945 948 4990 tot
979 4947 1031 4991 et
1064 4946 1168 4989 tam
1200 4950 1414 4990 severas
1435 4934 1503 4991 de
1523 4934 1846 4990 Zenoniauis
1877 4946 2015 4989 trac-

423 5033 623 5087 tatibus
662 5029 1056 5100 perceleln-ium
1102 5030 1408 5084 criticorum
1475 5043 1773 5093 censuras,
1828 5037 2026 5097 praeter

424 5136 695 5181 extremas
736 5124 990 5195 utrinque
1037 5133 1091 5177 et
1134 5131 1557 5193 compugnantcs
1605 5124 1746 5187 illas,
1777 5138 1896 5193 qua:
1928 5118 2055 5177 Ze-~

427 5222 554 5275 noni
587 5234 862 5275 sermones
894 5234 1105 5281 omnes,
1149 5218 1231 5272 vel
1265 5217 1441 5273 nullos
1468 5218 1778 5280 tribuendos
1806 5227 2030 5271 conten-

425 5321 578 5386 dtInt,
611 5318 815 5389 mqnior
844 5318 1012 5373 multo
1042 5326 1096 5372 ct
1116 5318 1443 5387 probabilior
1468 5316 1554 5370 illa
1580 5316 1790 5371 videtur
1815 5329 2025 5381 eorum,

427 5413 518 5482 qui
562 5413 633 5465 ita
676 5425 770 5466 eos
820 5398 1079 5468 tractatus
1122 5408 1507 5465 collectionem
1535 5423 1658 5464 esse
1683 5418 1914 5464 censent
1961 5423 2030 5463 ex

426 5504 591 5560 Variis
636 5504 942 5560 auctoribus
986 5513 1344 5574 compactam,
1378 5512 1441 5558 ut
1480 5518 1547 5559 ne
1596 5511 1775 5557 tamen
1828 5501 2031 5561 idcirco

428 5596 700 5653 Zenonem
727 5598 1077 5666 quorumdam
1106 5599 1295 5653 saltem
1324 5607 1601 5653 auctorem
1630 5612 1749 5652 esse
1784 5595 2031 5651 inlicien-

355 5686 357 5693 ⁴
428 5699 535 5746 tur.
572 5690 624 5744 ltl
648 5690 906 5759 judicium
938 5707 1068 5748 sane
1096 5696 1353 5761 quantum
1387 5690 1451 5744 ad
1484 5690 1763 5743 veritatem
1788 5703 2029 5745 accesse-

430 5786 519 5854 rit,
545 5800 621 5847 εκ,
649 5784 889 5842 dicendis
921 5784 1017 5842 hac
1045 5786 1096 5842 in
1124 5785 1507 5841 dissertatione.
1534 5782 1740 5854 patebit
1761 5797 1782 5843 ι
1805 5783 1942 5841 adeo
1972 5792 2030 5838 ιιι

2128 4655 2183 4710 in
2217 4654 2319 4708 line
2358 4652 2886 4719 codicum‘omnium
2919 4650 3148 4717 additos,
3183 4650 3271 4721 qui
3304 4661 3528 4702 numero
3556 4644 3733 4701 unde-
3824 4710 3826 4731 Ι

2128 4748 2233 4803 cim
2258 4756 2402 4811 sunt,
2425 4746 2475 4799 in
2509 4750 2542 4797 Α
2555 4743 2868 4814 ppendicem
2891 4743 3199 4812 rejecitnus,
3223 4734 3522 4808 eorumque
3544 4749 3735 4795 aucto-
3824 4770 3826 4773 -

2129 4854 2217 4894 res
2263 4838 2314 4893 in
2372 4836 2708 4907 prml‘atione,
2749 4852 2908 4907 quam
2960 4834 3156 4890 ibidem
3186 4833 3596 4904 prtemittemus,
3640 4832 3736 4887 de-
3824 4840 3826 4869 ί

2131 4933 2523 5003 signabuntur,
2577 4946 2641 4985 ac
2695 4929 3117 4985 luculentissime
3163 4918 3485 4982 statuentur.
3552 4924 3736 4996 Itaque
3824 4920 3826 4993 ᾗ

2132 5041 2295 5092 nunc,
2325 5041 2447 5080 cum
2478 5028 2543 5080 de
2561 5024 2809 5095 genuinis
2832 5021 3066 5078 Zenonis
3092 5020 3408 5076 tractatibus
3434 5032 3614 5073 sermo
3643 5020 3733 5081 sit.

2132 5119 2423 5174 dillicultas
2447 5117 2516 5172 de
2544 5115 2627 5171 his
2658 5133 2705 5170 χι
2738 5130 2873 5186 quos
2903 5116 2969 5170 ab
3001 5113 3090 5167 illo
3120 5112 3200 5167 vel
3229 5110 3563 5180 ex'ipsorum
3597 5110 3735 5164 indi.

2132 5213 2217 5268 cio
2240 5209 2487 5266 codicum
2518 5199 2667 5266 ultro
2694 5208 3025 5279 ablegamus,
3060 5205 3202 5261 nulla
3245 5205 3475 5273 amplius
3505 5212 3609 5259 est.
3662 5203 3733 5255 De

2079 5311 2083 5316 ’
2134 5306 2359 5377 reliquis
2396 5316 2600 5359 tantum
2642 5302 3013 5359 controversia
3052 5313 3337 5371 superesse
3370 5306 3567 5366 potest.
3625 5295 3733 5350 llos

2134 5411 2315 5456 autem
2343 5408 2401 5454 ut
2444 5397 2785 5455 Zenonianos
2828 5396 2982 5464 plane
3005 5403 3009 5407 '
3033 5408 3155 5449 esse
3192 5403 3493 5447 statuamus
3520 5399 3577 5446 et
3604 5404 3732 5445 con-

2134 5498 2413 5551 vincamus
2438 5537 2452 5561 ,
2483 5510 2604 5549 cum
2634 5492 2701 5547 ad
2743 5492 2841 5548 tria
2882 5490 3056 5561 capita
3090 5488 3332 5553 redeant,
3383 5500 3735 5556 quascumque

2132 5590 2399 5644 adversus
2425 5589 2545 5643 illos
2570 5586 2781 5657 objecta
2811 5591 2956 5648 sunt,
2984 5594 3036 5637 et
3061 5582 3223 5650 objici
3258 5588 3501 5648 possunt,
3530 5578 3739 5633 scilicet

2132 5700 2259 5740 num
2293 5685 2450 5738 unius
2470 5697 2661 5739 omnes
2694 5680 2932 5735 auctoris
2957 5676 3094 5741 sint;
3122 5675 3207 5731 cui
3234 5672 3401 5739 aetati,
3432 5672 3514 5728 vel
3540 5671 3736 5728 saeculo

2134 5784 2463 5852 cengruant;
2511 5794 2571 5832 ac
2600 5774 2813 5830 tandem
2846 5787 2970 5827 num
3002 5778 3190 5825 auctor
3218 5765 3404 5838 ltujus,
3440 5766 3736 5838 quodcum—
