3826 6226
147 250 210 304 53
910 244 1359 304 DlSSEll'l‘ATlO
1400 243 1440 309 l,
1486 242 1571 298 DE
1602 243 1657 299 S.
1702 239 1737 299 Ζ

1898 243 2143 302 'l'liAC'l'.
2188 246 2276 303 ΕΤ
2304 242 2512 305 [ΕἸἈΤ
2521 249 2583 305 Ε.
3365 258 3434 315 Ill

148 385 239 435 ιιιιιε
272 349 424 421 fuerit
446 408 460 430 ,
492 366 699 433 smcnli,
750 368 821 422 sit
850 367 907 422 S.
951 366 1095 419 'I.eno
1142 365 1426 434 episcopus
1462 362 1734 417 Verouctt-
1761 364 1810 424 Α
1839 363 1936 418 mis
1966 367 2277 420 tractatibus
2308 368 2615 423 immediate
2649 371 3017 439 praefiguntur,
3051 371 3271 440 repetita
3308 374 3437 445 legi-

148 462 214 513 sis
244 479 253 511 :
286 466 382 513 tria
426 460 541 515 ba-e
572 459 747 514 tribus
798 456 1062 512 distinctis
1118 456 1382 525 capitibus
1429 455 1736 525 plenissime

148 551 415 607 statuenda
444 551 786 623 aggredimur
827 567 841 607 :
876 550 1046 619 primo
1088 563 1278 603 omnes
1312 557 1565 602 tractatus
1608 562 1737 607 xcm

147 646 225 717 qui
255 656 451 718 prmter
480 645 728 701 undecim
774 646 823 698 in
856 642 1218 713 Appendicem
1246 641 1474 712 rcjectos
1501 642 1626 696 sunt
1652 658 1735 701 re,-

150 740 288 809 liqui,
345 740 506 795 unius
558 754 679 796 esse
724 738 1030 809 scriptoris;
1065 735 1186 791 dein
1237 735 1379 795 bunc
1419 750 1487 789 ex
1545 732 1734 788 iisdem

149 835 450 891 tractatibus
471 832 827 888 demonstrari
860 831 1178 902 scriptorem
1209 827 1393 883 saeculi
1423 843 1492 893 tv;
1517 826 1733 881 demum

149 930 276 984 hunc
298 928 617 999 scriptorem
645 925 824 981 sazculi
856 923 1030 994 quarti
1048 938 1237 979 eorum
1263 921 1501 974 omnium
1535 926 1733 973 tracta-

150 1032 283 1076 tuum
307 1029 581 1075 auetoretn
613 1036 716 1073 non
752 1019 914 1073 alium
940 1032 1080 1081 esse,
1110 1015 1269 1087 quam
1293 1023 1533 1069 sanetum
1558 1012 1734 1066 Zeno-

148 1130 259 1170 nem
296 1114 605 1185 episcopum
636 1111 1023 1167 Veroneosetn.
1074 1109 1199 1164 Haec
1227 1107 1329 1162 tria
1365 1107 1409 1161 si
1451 1105 1736 1163 evidenter

148 1209 478 1267 docuerimus
519 1208 753 1276 rejectis,
796 1220 1147 1275 qumcumque
1184 1199 1431 1277 [xxxvm]
1478 1200 1736 1254 adversus

150 1280 341 1372 singula
370 1300 545 1371 capita
579 1315 609 1352 a
636 1298 849 1353 Criticis
878 1298 1089 1367 objecta
1132 1301 1293 1361 sunt,
1317 1294 1384 1349 ad
1414 1291 1730 1347 vindicanda

149 1398 201 1453 S.
219 1396 444 1451 Zenonis
465 1394 664 1462 scripta
688 1390 844 1458 nihil,
862 1400 921 1445 ut
941 1390 1170 1453 videtur,
1189 1387 1481 1444 desiderari
1506 1385 1734 1454 amplius

150 1492 369 1561 poterit;
402 1487 671 1557 simulque
696 1486 959 1554 dirempta
986 1481 1214 1547 eritilla,
1246 1498 1362 1551 qua:
1391 1478 1457 1535 de
1478 1478 1534 1533 S.
1563 1476 1737 1533 Zeno-

149 1583 222 1636 nis
246 1588 410 1635 tetate-
423 1578 647 1634 vertitur
686 1574 936 1646 qtuestio,
968 1586 1198 1649 qumque
1228 1571 1341 1625 fere
1380 1570 1642 1637 dirempta
1670 1582 1736 1621 ex

148 1675 400 1733 contrario
438 1672 753 1742 volgarique
781 1684 949 1725 sensu
971 1667 1302 1723 Veronensis
1340 1662 1620 1726 Ecclesize,
1655 1661 1734 1713 uti

1840 466 1944 523 tur,
1980 474 2083 512 tton
2114 460 2162 513 in
2192 476 2291 515 ms.
2322 464 2491 514 solum
2528 462 2800 527 Rentctni,
2821 463 2914 518 sed
2948 464 2996 516 in
3020 463 3140 518 aliis
3169 466 3436 532 similiter;

1840 564 1938 604 nec
1969 565 2028 606 ea
2061 554 2288 621 amplius
2336 554 2570 608 oecurrit
2602 554 2653 608 iu
2701 556 2947 610 undecim
3008 542 3325 612 tractatibus
3355 573 3441 613 se-

1840 642 2122 710 quentibus
2145 645 2247 713 (sic
2277 647 2417 699 enim
2443 646 2811 702 inscribuntur
2844 666 2857 702 :
2890 647 3256 721 lntcrprctatio
3288 649 3440 705 Psal-

1837 733 2121 797 micxxvt,
2170 736 2231 790 dc
2282 735 2492 791 Psalnto
2543 754 2752 806 cxxvu,
2801 749 2854 794 et
2883 741 3136 797 similiter
3191 743 3435 814 reliqui),

1839 825 1981 897 quod
2010 827 2139 881 satis
2172 828 2372 883 indicio
2398 838 2511 895 est,
2540 829 2636 884 bos
2663 831 2902 901 ejusdem
2937 836 3171 889 auctoris
3193 833 3260 888 ab
3287 849 3437 889 arua-

1841 920 2133 973 nuensibus
2162 936 2265 976 non
2294 920 2457 978 fuisse
2487 925 2720 995 agnitos,
2750 926 2821 979 uti
2840 929 3034 997 cogniti
3064 928 3280 984 fuerunt
3303 946 3438 999 prm—

1839 1012 2113 1079 eedentes,
2162 1013 2252 1084 qui
2287 1014 2510 1085 proinde
2545 1032 2573 1069 a
2620 1017 2792 1087 primo
2836 1020 3050 1074 librario
3097 1022 3317 1077 relative
3349 1023 3435 1077 illa

1841 1103 2064 1160 formula
2098 1108 2263 1162 notati
2313 1118 2365 1164 et
2409 1110 2460 1162 in
2504 1111 2692 1189 titulis,
2741 1122 2796 1167 et
2850 1112 2900 1167 itt
2936 1104 3222 1169 titulorum
3258 1115 3435 1171 tabtt‘a

1840 1198 2067 1255 fuerant.
2092 1201 2228 1268 Quid
2258 1202 2396 1271 quod
2424 1219 2603 1259 sermo
2650 1221 2760 1260 xxx
2796 1198 2889 1262 lib.
2922 1224 2957 1263 ιι
2976 1250 2991 1274 ,
3020 1224 3175 1278 quem
3196 1212 3433 1265 omnium

1794 1300 1798 1305 '
1841 1302 2173 1361 postremum
2212 1308 2333 1350 esse
2362 1306 2487 1351 ante
2518 1296 2792 1353 addititios
2839 1315 2977 1355 nunc
3017 1318 3185 1370 nuper
3231 1304 3439 1358 notavi-

1841 1398 1981 1447 mus,
2009 1383 2062 1437 in
2094 1384 2342 1441 Remensi
2371 1389 2756 1457 manuScripto,
2785 1404 2977 1459 praeter
3002 1402 3348 1449 memoratam
3371 1395 3435 1449 ti-

1843 1474 1937 1528 tuli
1963 1477 2186 1530 formam
2219 1476 2280 1530 de
2306 1475 2490 1533 Genesi
2535 1484 2682 1553 cujus
2720 1499 2898 1549 supra,
2934 1482 3031 1537 bac
3055 1484 3157 1538 alia
3188 1486 3344 1554 plane
3365 1488 3435 1540 si-

1809 1569 1954 1631 ,ιιιὶΙί
1986 1569 2276 1637 clauditur,
2316 1570 2545 1641 Ea‘plicit
2573 1575 2636 1628 de
2678 1574 2857 1630 Genesi
2886 1578 3039 1649 cujus
3057 1595 3213 1649 supra
3254 1577 3436 1651 (supra

1841 1672 2018 1716 autem
2047 1662 2168 1716 aliis
2201 1665 2516 1720 tractatibus
2563 1666 2676 1722 ba-c
2704 1667 2891 1723 eadem
2944 1670 3183 1725 clausula
3224 1672 3435 1738 signato

150 1769 320 1831 fertur,
356 1764 626 1820 traditioni
659 1761 1171 1827 innixo,maximutu
1200 1760 1250 1812 in
1278 1759 1415 1811 hanc
1442 1771 1554 1810 rem
1586 1769 1721 1824 [lI‘tII-
1751 1763 1798 1822 Β
1827 1756 2149 1825 aliquotiens
2177 1759 2292 1825 ipso
2322 1760 2558 1815 auctoris
2581 1761 2797 1816 nomine
2820 1762 3123 1831 subjicitur,
3159 1775 3214 1818 ιιι
3247 1781 3312 1820 ex
3346 1766 3439 1819 ad-

145 1861 387 1931 judicium
417 1859 551 1930 apud
584 1857 828 1913 eruditos
859 1863 1155 1911 creaverat.

773 1991 1002 2048 CAPUT
1042 1990 1083 2045 1.

153 2128 278 2169 υΧῑΙΙ
346 2127 470 2168 ESSE
540 2124 827 2166 Αυετοιιειί
891 2120 1248 2163 τιιΑοτΛτιιωι
1306 2120 1430 2160 XCIII
1485 2117 1615 2168 QUOS
1665 2118 1729 2157 ΔΒ

213 2220 434 2262 ῠιευεςιιι
480 2216 767 2259 Αυυιτιτιιε
852 2212 1261 2262 SEPARAVIIIJS,
1339 2210 1528 2250 MULTIS
1600 2209 1728 2248 STA-

212 2313 423 2353 τυιτυιι.

212 2413 237 2483 §
263 2410 749 2479 l.—Proponuntur
778 2414 1078 2477 argumenta
1107 2419 1171 2458 ex
1200 2402 1456 2457 codicibus
1482 2401 1658 2471 petita.

220 2526 493 2582 Tractatus
538 2541 694 2591 scut,
728 2524 815 2593 qni
841 2522 894 2576 in
925 2521 1059 2576 duos
1087 2520 1255 2574 libros
1280 2516 1529 2573 omnibus
1560 2517 1610 2570 in
1644 2529 1733 2568 eo-

154 2620 345 2675 dit-ihus
396 2619 686 2684 distributi,
748 2630 887 2670 unus
945 2619 1065 2684 post
1108 2612 1270 2666 alium
1317 2610 1731 2669 describuntur,

163 2714 306 2768 unius
324 2712 559 2767 auctoris
586 2725 731 2775 esse,
764 2709 911 2778 plura
936 2707 987 2761 in
1018 2705 1205 2761 iisdem
1235 2702 1512 2759 codicibus
1540 2698 1733 2772 indicia

156 2806 386 2860 suadent.
417 2803 642 2859 Exstant
669 2802 920 2857 nimirum
943 2799 1074 2853 tituli
1101 2798 1401 2867 quibusque
1422 2794 1737 2849 tractatibus

159 2898 341 2967 υνδείίιί
372 2912 489 2951 cum
535 2893 856 2965 quibusdam
912 2891 1186 2954 clausulis,
1240 2896 1292 2943 et
1311 2887 1525 2944 ,tabnlm
1576 2886 1735 2939 etiam

160 2992 468 3062 singulorum
500 2996 821 3043 tractatuum
855 2987 911 3040 iu
935 2983 1305 3055 antiquissimo
1331 2995 1428 3035 ms.
1465 2979 1735 3041 Retucnsi,

162 3101 220 3138 ex
248 3085 434 3154 quibus
465 3084 514 3138 id
546 3084 719 3153 palam
746 3081 1048 3136 conficitur.
1082 3079 1137 3132 lu
1172 3077 1341 3130 titulis
1385 3074 1527 3129 enim
1571 3080 1624 3126 ct
1661 3079 1740 3123 ta-

168 3178 309 3245 bulis,
336 3180 387 3232 iu
418 3177 605 3245 quibus
628 3176 959 3246 singulorum
989 3182 1102 3227 trac

166 3283 256 3333 tur.
286 3275 513 3343 quinque
543 3269 799 3340 postremi
827 3275 1080 3321 tractatus
1106 3264 1227 3319 libri
1257 3260 1501 3326 secundi,
1536 3258 1623 3329 qtti
1646 3257 1742 3310 ad-

166 3364 353 3420 dititios
385 3364 623 3434 proxime
649 3362 977 3417 antecedunt
997 3401 1009 3425 ,
1040 3355 1347 3412 alternatim
1376 3353 1739 3408 inscribuntur

167 3460 233 3513 sic
262 3477 275 3512 :
303 3458 567 3513 Tractatus
590 3458 737 3528 cujus
758 3471 936 3525 supra.

228 3552 302 3606 En
336 3552 445 3622 ipsa
481 3551 677 3605 tabula:
698 3548 889 3603 verba.

229 3661 360 3699 xxvt.
406 3644 535 3698 Item
581 3643 851 3697 Tractalus
902 3638 1122 3693 Pascha:
1165 3638 1314 3706 cujus
1366 3651 1558 3704 supra,
1607 3645 1746 3686 nunc

167 3748 236 3792 est
260 3746 405 3792 tract.
445 3752 531 3792 LIV
581 3736 672 3790 lib.
703 3751 758 3788 ιι.

229 3847 380 3885 xxvtt.
423 3828 693 3884 Tractatus
727 3826 972 3881 ‘Duniclis
1014 3825 1064 3879 iu
1111 3821 1346 3889 Pascha,
1393 3837 1532 3876 nunc
1585 3828 1740 3873 tract.

171 3940 296 3978 ιιιιι.

230 4031 401 4071 xxmt.
464 4013 707 4071 Invitatio
756 4012 911 4084 fontis
957 4014 1106 4085 cujus
1161 4024 1351 4080 supra,
1396 4021 1536 4063 nunc
1583 4015 1739 4061 tract.

170 4123 304 4163 uxr.
708 4167 717 4176 ,

232 4215 367 4255 uix.
406 4200 672 4255 Tractatus
704 4196 1007 4260 Paschalis,
1039 4208 1178 4249 nunc
1210 4200 1367 4248 tract.
1401 4210 1529 4248 xui.

231 4307 349 4345 xxx.
390 4289 466 4345 De
490 4290 669 4345 Genesi
695 4291 844 4360 cujus
870 4304 1047 4356 supra,
1080 4301 1220 4341 nunc
1246 4293 1399 4339 tract.
1436 4301 1527 4339 xx.

234 4384 471 4441 Formula
501 4387 643 4456 cujus
667 4401 826 4453 supra
854 4389 1039 4452 aperte
1060 4380 1262 4435 indicat
1285 4395 1389 4432 non
1418 4379 1517 4434 hos
1546 4379 1741 4446 solum,

174 4477 253 4531 sed
284 4478 620 4534 intermedios
668 4492 879 4547 quoque
927 4482 1203 4537 tractatus,
1237 4474 1379 4528 nulla
1433 4472 1558 4527 licet
1601 4472 1744 4541 ejus-

1835 1848 2197 1902 notationibus
2226 1850 2279 1903 in
2327 1859 2583 1906 tractatus
2609 1853 2846 1924 singulos
2878 1870 2977 1910 suo
3020 1855 3137 1910 loco
3183 1857 3432 1911 monebi-

1836 1940 2124 2011 mus),quae
2150 1942 2386 1997 clausula
2410 1945 2655 2001 eumdem
2688 1958 2960 2004 auctorem
2993 1950 3217 2007 mirifice
3239 1955 3438 2022 contir-

1833 2048 2005 2096 tnans,
2026 2034 2077 2087 in
2093 2035 2441 2102 sequentibus
2465 2052 2566 2091 non
2589 2035 2799 2111 [χχχιιι]
2828 2043 3077 2110 apparet;
3099 2044 3431 2099 concludun-

1837 2124 2074 2177 turenitn
2109 2124 2190 2179 bis
2221 2127 2426 2181 verbis:
2458 2126 2596 2180 Finit
2626 2129 2863 2183 Psalmus
2882 2131 3259 2198 cxxvugl’init
3288 2134 3439 2189 Psal-

1831 2230 1946 2269 mus
1962 2231 2119 2270 cxxrx
2131 2260 2142 2276 .
2154 2216 2295 2270 Finit
2315 2206 2553 2274 Psalnms
2568 2235 2730 2279 cxxx.
2749 2224 2982 2291 feliciter,
2999 2239 3220 2293 quarum
3236 2225 3439 2281 clausu-

1835 2306 2004 2359 larum
2066 2307 2238 2361 nullas
2267 2309 2317 2361 in
2359 2312 2784 2376 prmccdeutibus
2813 2323 3022 2369 notatas
3050 2319 3281 2385 reperire
3312 2317 3441 2373 lice-

1834 2398 1929 2453 bit.
1964 2398 2368 2455 Observandum
2417 2402 2629 2481 tandem
2670 2405 2979 2476 estaliquid
3014 2409 3339 2477 praecipuum
3385 2410 3437 2464 in

1834 2491 2162 2560 Pompeiano
2190 2493 2396 2561 codice,
2418 2484 2614 2566 quippe
2646 2497 2695 2550 in
2725 2498 2879 2552 titulo
2902 2507 3158 2555 tractatus
3179 2516 3313 2567 xxx,
3349 2501 3439 2570 qtti

1836 2596 1918 2640 est
1944 2594 2246 2655 postremus
2269 2586 2388 2641 libri
2438 2604 2506 2655 tt,
2538 2598 2661 2644 aute
2702 2590 3023 2657 additiones,
3060 2592 3156 2646 bac
3185 2593 3438 2663 singulari

1836 2685 1891 2733 et
1911 2676 2115 2733 insueta
2145 2678 2274 2732 abas
2291 2678 2514 2735 formula
2545 2682 2710 2737 utitur
2736 2701 2749 2738 :
2778 2682 2839 2739 S.
2872 2682 3013 2737 Zeno
3051 2683 3349 2741 Veronensis
3374 2687 3436 2739 dc

1840 2771 2054 2836 Genesi;
2084 2786 2185 2842 qua
2224 2787 2444 2828 monere
2465 2774 2713 2829 librarius
2738 2776 2971 2831 voluisse
3004 2776 3232 2841 videtur,
3248 2792 3441 2833 omnes

1840 2873 2092 2920 tractatus
2122 2868 2224 2921 huc
2255 2882 2425 2937 usque
2453 2868 2752 2935 descriptos
2779 2869 2844 2923 ad
2889 2870 3135 2925 eumdem
3168 2881 3441 2925 auctorem

1827 2941 1989 3011 initio
2036 2957 2369 3013 nominatum
2404 2960 2693 3028 pertinere.
2728 2961 2982 3031 Equidem
3029 2962 3167 3017 inter
3193 2964 3440 3018 undecim

1841 3038 2127 3120 sequentes
2155 3060 2430 3114 tractatus,
2454 3068 2589 3123 quos
2609 3054 2763 3107 triuut
2798 3070 2917 3109 esse
2945 3066 3219 3109 auctormn
3238 3057 3286 3109 in
3307 3071 3441 3123 prac-

1110 3180 1310 3225 muum
1343 3168 1481 3221 ιίιηιί
1512 3166 1741 3220 recita“.
1769 3152 1814 3214 ί]
1847 3142 2837 3212 fationeadAppendicemvidebimus,
2865 3147 3112 3200 nimirum
3134 3146 3271 3223 duos
3285 3147 3444 3202 Pota-

1850 3234 1972 3300 mii,
2015 3233 2251 3305 quinque
2275 3250 2339 3289 ex
2371 3234 2593 3299 Hilario,
2644 3253 2707 3291 ex
2753 3237 2949 3291 Basilio
2979 3246 3228 3307 quatuor,
3255 3255 3443 3296 omnes

1847 3327 2107 3397 cujusque
2147 3329 2379 3383 auctoris
2410 3328 2568 3383 simul
2599 3330 2921 3400 descriptos,
2958 3348 3062 3387 non
3091 3342 3270 3388 autem
3304 3334 3439 3388 alios

1846 3419 1967 3473 aliis
1996 3420 2225 3475 inserlos
2248 3422 2596 3490 manuscripti
2626 3422 2915 3490 praeferunt
2940 3441 2950 3451 ·
2982 3424 3121 3494 quod
3155 3425 3198 3478 si
3226 3425 3278 3480 in
3313 3425 3443 3493 ipsis

1848 3513 2211 3569 additionibos
2254 3524 2562 3569 constanter
2603 3524 2875 3571 servatum
2905 3526 3006 3582 est,
3040 3526 3267 3572 crcteros
3310 3532 3442 3588 quo-

1848 3623 1951 3677 que
1978 3606 2185 3663 duobus
2230 3608 2380 3663 libris
2412 3608 2694 3663 distinctos
2724 3610 2920 3679 unique
2960 3610 3164 3685 auctori
3194 3610 3437 3676 tributos,

1853 3700 2096 3754 eamdem
2126 3701 2175 3755 in
2209 3702 2471 3755 rationem
2500 3701 2751 3757 continue
2773 3703 3000 3773 scriptos
3022 3703 3185 3760 multo
3206 3712 3288 3760 est
3317 3719 3441 3774 pro-

1851 3791 2098 3845 babilius.
2153 3797 2164 3807 '

1850 3914 1878 3986 §
1942 3913 2003 3967 ll.
2036 3945 2107 3954 --
2149 3914 2369 3987 Urgetur
2418 3926 2770 3987 argumentum
2806 3933 2866 3971 ex
2906 3919 3054 3988 stylo.
3102 3917 3442 3989 Proferuntur

1918 4007 2147 4073 exempla
2187 4024 2247 4060 ea:
2276 4008 2340 4060 iis
2370 4010 2649 4077 prrcsertim
2682 4010 2979 4063 tractatibus
3004 4052 3016 4073 ,
3055 4027 3180 4079 quos
3207 4010 3435 4065 Coutan-

1917 4100 2017 4153 tius
2047 4100 2311 4172 adjudicat
2340 4098 2560 4155 Hilario.
2598 4100 2746 4154 Ilunc
2779 4100 2967 4156 Auctor
2996 4104 3187 4156 alicubi
3210 4104 3440 4157 imitatus

1918 4191 2217 4245 ostenditur.
2254 4190 2546 4263 Insigniunt
2575 4194 2883 4260 scriptorum
2914 4197 3165 4266 exernpla,
3198 4196 3283 4265 qui
3310 4196 3441 4250 alios

1918 4284 2124 4349 imitati,
2151 4283 2356 4337 totidem
2380 4284 2684 4355 quandoque
2700 4286 2847 4337 verba
2877 4286 3207 4356 rescripsere.

3288 4346 3312 4353 ρ·

1920 4383 2043 4438 Hzec
2067 4383 2242 4437 omnia
2267 4399 2329 4438 ex
2353 4384 2477 4454 styli
2507 4384 2875 4451 similitudine,
2900 4402 3022 4457 qua:
3040 4386 3175 4440 inter
3204 4386 3300 4440 hos
3324 4385 3440 4441 uni-

1843 4491 2031 4531 .vcrsos
2060 4476 2380 4543 intercedit,
2422 4478 2578 4546 plane
2605 4477 3009 4533 confirmantur.
3051 4478 3152 4546 Qui
3192 4479 3333 4534 enim
3371 4478 3437 4535 ad

175 4568 300 4623 modi
329 4569 551 4624 formula
573 4570 838 4640 signatos,
858 4566 1097 4637 ejusdem
1116 4566 1373 4619 auctoris
1403 4579 1521 4620 esse
1551 4604 1566 4627 .
1598 4568 1744 4637 cujus
1770 4538 1823 4598 D
1850 4569 2027 4624 varios
2057 4570 2378 4625 assereodos
2408 4580 2656 4625 auctores
2682 4572 2806 4642 Styli
2838 4571 3119 4625 discrimen
3150 4570 3397 4641 objecere
3419 4613 3433 4639 ,

177 4677 337 4733 supra,
375 4663 423 4717 id
451 4674 530 4717 est
558 4662 709 4732 cujus
730 4660 817 4716 vel
847 4660 996 4714 initio
1019 4660 1298 4731 librorum,
1343 4659 1424 4714 vel
1454 4659 1504 4712 in
1534 4660 1745 4714 clausu-

177 4755 249 4821 lis,
272 4757 337 4811 de
359 4759 546 4826 quibus
589 4771 713 4811 mox
757 4756 1021 4820 dicemus,
1054 4768 1313 4824 expressa
1357 4753 1558 4807 mentio
1604 4752 1741 4807 facta

177 4856 263 4914 est,
294 4866 354 4903 ac
385 4849 600 4920 proinde
630 4864 819 4903 omnes
860 4848 1072 4903 unicmn
1096 4847 1453 4917 eutudemque
1475 4844 1743 4902 auctorem

178 4934 375 4993 habere.
408 4940 591 4994 Mirum
616 4939 861 4995 fortassis
888 4938 987 4994 erit
1008 4981 1023 5005 ,
1058 4936 1186 5008 quid
1215 4938 1328 4992 haec
1364 4937 1587 4992 formula
1634 4938 1747 4992 istis

178 5033 437 5098 postremis
464 5035 632 5088 solum
655 5034 896 5103 apposita
928 5032 1021 5096 sit,
1052 5042 1105 5084 et
1146 5032 1198 5085 in
1253 5031 1403 5085 nullo
1432 5047 1496 5086 ex
1544 5047 1747 5101 prmce~

183 5118 405 5177 dentibus
430 5139 666 5179 Lxsxvnt
706 5134 973 5179 occurrat.
1010 5124 1077 5178 At
1105 5123 1153 5177 id
1180 5140 1207 5177 a
1240 5125 1411 5192 primo
1437 5125 1747 5179 amauuensi

183 5229 279 5271 non
303 5232 443 5282 casu,
467 5218 556 5271 sed
595 5219 843 5272 consulto
874 5218 1067 5271 factum
1096 5218 1330 5284 videtur,
1359 5233 1480 5273 cum
1517 5217 1635 5271 linis
1661 5232 1745 5271 esv

183 5314 255 5360 set
277 5314 570 5363 tractatuum
594 5307 839 5377 ejusdem
867 5308 1123 5363 auctoris.
1168 5308 1243 5363 Ne
1269 5309 1476 5363 scilicet
1503 5309 1750 5363 dubitare

184 5393 233 5447 in
257 5409 318 5450 eo
357 5399 607 5468 quiSpiam
635 5397 923 5466 aliquando
953 5410 1163 5464 posset,
1195 5400 1435 5466 ejusdem
1469 5415 1534 5453 ne
1564 5414 1751 5453 OlltnCS

185 5496 348 5540 αειιι
370 5491 608 5552 auctoris,
652 5503 721 5542 an
765 5502 893 5541 vero
940 5486 1192 5555 quidam,
1224 5490 1297 5541 ιιιί
1330 5490 1498 5551 solet,
1530 5506 1594 5542 ex
1624 5490 1744 5543 aliis

188 5578 466 5635 auctoribus
488 5581 648 5637 additi
677 5586 895 5643 essent;
925 5578 1024 5633 hos
1070 5588 1371 5648 postremos
1399 5597 1458 5635 ea
1490 5582 1713 5636 formula
1733 5624 1747 5645 ,

188 5683 296 5738 qua
337 5672 541 5741 dubium
594 5690 756 5731 omne
810 5673 1147 5744 prmeideret,
1209 5673 1471 5726 notandos
1515 5677 1745 5729 censuit.

194 5761 341 5822 Porro
368 5768 471 5827 ltrec
491 5770 676 5828 eadem
707 5768 936 5823 formula
967 5768 1018 5822 in
1053 5766 1178 5838 ipsis
1204 5765 1392 5832 titulis,
1423 5768 1510 5837 qui
1541 5778 1749 5837 postre-

126 5864 129 5869 -
198 5854 213 5877 ε

1849 4663 1883 4718 ii
1904 4673 2049 4718 recte
2072 4664 2310 4734 quidem,
2339 4674 2390 4718 et
2408 4664 2527 4732 jure
2554 4664 2654 4719 hoc
2676 4673 3048 4736 argumentum
3073 4665 3431 4737 intenderunt,

1846 4756 2099 4826 quamdiu
2121 4756 2449 4826 Appendicis
2468 4771 2683 4827 quoque
2708 4766 2969 4811 tractatus
2993 4759 3081 4812 uni
3112 4758 3313 4811 auctori
3337 4756 3435 4811 ad-

1847 4850 2116 4903 seribendi
2161 4851 2513 4917 putabantur,
2554 4866 2777 4920 quorum
2818 4850 3063 4906 undecim
3106 4860 3423 4906 tractatuum

1848 4956 2015 5008 genus
2058 4940 2324 4995 scribendi
2370 4957 2476 4995 non
2517 4951 2622 4996 tam
2654 4943 2884 4997 alienum
2917 4944 3082 4998 multo
3111 4952 3193 4998 est
3232 4958 3261 4996 a
3294 4945 3438 5015 stylo

1853 5041 2169 5087 ceterorum
2208 5048 2353 5099 xcut,
2392 5049 2551 5103 quam
2584 5036 2786 5089 varium
2815 5036 2865 5089 in
2901 5036 3027 5102 ipsis
3057 5051 3270 5106 quoque
3297 5036 3438 5092 inter

1853 5140 1911 5180 se
1932 5140 2051 5181 esse
2082 5125 2236 5180 facile
2260 5126 2696 5196 deprehenditur.
2730 5127 3010 5181 Enimvero
3035 5126 3087 5179 hi
3120 5143 3223 5180 non
3254 5130 3434 5195 unius,

1852 5215 1944 5269 sed
1991 5214 2149 5268 trium
2195 5224 2472 5269 auctorum
2498 5227 2619 5270 sunt
2659 5215 2796 5270 fetus
2822 5256 2835 5279 ,
2874 5230 3099 5284 quorum
3127 5218 3260 5272 alter
3294 5220 3438 5274 llila-

1851 5308 1962 5360 rius
1995 5306 2152 5372 plano
2181 5305 2428 5374 facilique
2457 5308 2595 5377 ston
2619 5306 3013 5370 delectabatur;
3044 5307 3265 5363 Rufinus
3287 5326 3433 5378 vero,

1853 5398 1941 5466 qui
1965 5398 2231 5465 interpres
2256 5406 2482 5465 quatuor
2509 5397 2691 5451 Basilii
2722 5396 3060 5453 homiliarntn
3083 5415 3110 5453 a
3136 5402 3292 5458 nobis
3313 5420 3438 5471 pro-

1855 5490 2082 5554 babitur,
2132 5490 2455 5557 dibgentiori
2504 5489 2849 5561 liberioriun
2894 5492 3103 5546 calamo
3147 5511 3275 5551 usus
3313 5508 3436 5553 est:

1853 5582 2123 5636 Potamius
2169 5580 2378 5635 tandem
2422 5580 2648 5635 duorum
2700 5593 3019 5639 tractatuum
3069 5600 3256 5643 auctor
3297 5590 3439 5659 stle

1855 5675 2007 5743 plane
2034 5673 2253 5737 inculto,
2281 5670 2507 5727 obscuro
2537 5672 2847 5747 difficilique
2893 5678 3120 5744 laborat,
3144 5682 3354 5751 qualem
3388 5684 3436 5736 in

1852 5767 2075 5838 cpistola
2098 5766 2166 5821 ab
2186 5766 2415 5823 Acberio
2443 5766 2603 5837 edita,
2631 5779 2687 5826 et
2713 5770 2764 5826 in
2793 5771 3100 5844 Appendiec
3126 5774 3427 5833 recudcnda

3398 5879 3433 5889 κ.
