3826 6226
450 232 520 285 ῧῖ

1805 214 2338 302 casuscasus.
2376 224 2383 228 ‘
2796 263 2800 267 -
3070 208 3073 211 ’
3640 249 3707 305 se

442 346 768 433 cognoscere
809 367 953 423 licet.
987 367 1166 438 Itaque
1192 383 1312 423 cum
1349 367 1443 422 hos
1470 382 1659 425 omnes
1702 380 1809 426 tam
1850 371 1997 427 divcr

2125 354 2407 427 attingant,
2432 354 2572 425 quad
2601 354 2652 410 in
2686 344 2871 410 Hilarii
2899 355 3287 413 commentario
3313 356 3541 429 legitur;
3569 360 3703 413 haud

394 518 397 519 γ
440 473 624 513 surum
653 461 973 531 scriptorum
1008 469 1263 517 tractatus
1307 463 1396 516 uni
1434 464 1640 518 auctori
1688 463 2020 520 tribuereret

440 563 686 607 asserere
711 567 777 607 ex
799 553 1061 608 editorum
1091 553 1271 609 forma’
1291 554 1508 625 quidam
1526 564 1885 624 conarentur;
1904 557 2023 628 jus-

442 651 491 693 ta
519 640 587 696 de
611 642 732 713 styli
764 643 1072 700 diser-imine
1101 643 1331 715 objectio
1363 646 1564 716 ingesta
1596 655 1701 713 est,
1741 640 1899 717 quam
1924 648 2023 703 mi-

440 749 621 788 ramur
654 734 914 805 quosdam
964 736 1154 792 fecisse
1193 738 1397 791 minimi
1435 778 1449 802 ,
1491 744 1583 792 aut
1624 738 1911 794 levissimis
1952 738 2022 796 de

431 828 604 880 causis
631 826 945 899 eludendam
980 840 1213 898 putasse.
1262 829 1333 884 At
1370 829 1415 884 si
1450 829 1712 887 undecim
1738 833 2021 888 memorati

431 925 685 973 tractatus
708 931 1078 986 secernuntur,
1120 931 1178 975 ut
1218 935 1317 977 nos
1345 921 1444 977 hac
1474 922 1527 977 in
1554 922 1790 979 editione
1805 925 1916 992 jam
1945 923 2047 998 leg

427 1011 597 1066 cimus
624 1029 639 1075 ;
686 1012 811 1083 quid
855 1013 1215 1080 objiciendum
1247 1016 1482 1083 supersit
1516 1014 1585 1070 de
1617 1015 1756 1086 stylo
1787 1026 2013 1072 cietero-

429 1119 565 1169 rum,
601 1104 756 1181 plane
786 1107 914 1161 nihil
944 1117 1043 1163 est.
1079 1105 1132 1163 Si
1157 1107 1276 1176 quis
1305 1123 1435 1162 sane
1466 1108 1518 1161 in
1553 1108 1619 1163 iis
1648 1109 1927 1164 volvendis
1952 1123 2015 1164 ac

428 1198 767 1254 revolvendis
795 1213 853 1254 se
882 1214 941 1254 sc
969 1200 1282 1277 aliquandiu
1320 1210 1606 1265 exerceat,
1658 1208 1716 1255 ut
1757 1200 2011 1261 Auctoris

425 1289 697 1360 ingenium
737 1291 1145 1362 scriptionisqne
1173 1306 1342 1362 genus
1372 1291 1589 1361 incipiat
1614 1294 1905 1362 degustare
1933 1304 2017 1349 at-

421 1397 526 1451 que
555 1381 887 1452 distinguere
912 1400 924 1436 :
956 1383 999 1437 is
1024 1380 1264 1451 profecto
1286 1382 1417 1436 nihil
1440 1382 1694 1448 inveniet,
1719 1381 1862 1451 quod
1888 1383 2005 1440 sive

423 1472 476 1543 in
511 1474 921 1539 sententiarum,
950 1475 1062 1528 sive
1090 1474 1141 1528 in
1173 1474 1478 1539 verborum,
1511 1483 1603 1527 aut
1623 1482 1910 1544 syntaxeos
1931 1490 2033 1529 ra-.

425 1567 570 1619 tione
592 1580 753 1619 unum
775 1565 1132 1638 eutndemque
1155 1575 1426 1620 auctorem
1451 1566 1647 1636 ubique
1670 1581 1775 1621 non
1793 1565 2033 1623 referat;

496 1655 842 1712 Proferamns
866 1672 954 1712 ex.
982 1673 1067 1728 gr.
1100 1668 1355 1714 tractatus
1378 1658 1511 1713 duos
1530 1698 1546 1722 ,
1569 1659 1697 1714 olim
1737 1661 1797 1729 iu,
1816 1661 2008 1729 psalm.

2126 445 2475 527 probabiliter
2505 444 2693 501 haberi
2737 456 2936 515 queunt
2978 440 3234 504 tractatus
3258 437 3543 519 ejusmodi,
3574 468 3705 523 qua-
3759 502 3765 509 .

2124 537 2302 609 lesab
2335 537 2537 625 Hilario
2555 538 2621 593 ad
2648 539 2912 611 populum
2936 538 3359 609 primo‘habitos
3379 586 3393 609 ,
3422 544 3703 625 dein‘vero

2123 625 2175 680 in
2206 622 2662 683 Commentarium
2696 628 2893 685 relatos
2920 625 3239 687 Coutantius
3266 622 3573 702 suspicatus
3594 644 3698 690 est.

2054 726 2057 727 '
2123 717 2381 773 Similiter
2401 718 2615 788 quidem
2658 724 2885 790 quatuor
2927 721 3061 776 alios
3109 718 3277 778 nostri
3315 724 3567 803 Auctoris
3596 720 3703 780 tra-

2120 809 2293 863 ct'atus
2323 800 2755 875 observavimus,
2787 803 3033 867 nimirum
3074 821 3334 870 tractatus
3373 800 3428 882 3,
3466 790 3531 871 t9.
3557 814 3614 872 et
3640 817 3703 871 16

2120 898 2213 954 lib.
2240 915 2277 966 ι,
2307 915 2370 956 ac
2399 909 2552 956 tract.
2586 891 2621 956 2
2646 902 2739 958 lib.
2774 919 2834 970 ιι,
2865 903 2919 958 in
2939 892 3130 974 quibus
3152 900 3354 978 aliquot
3381 922 3444 962 ex
3470 906 3701 963 Lactan-

2121 991 2198 1059 tio
2227 1000 2546 1060 sententias,
2586 980 2919 1067 totidemque
2961 982 3158 1053 alicubi
3200 998 3362 1053 verba
3398 999 3701 1069 expressit,

2123 1092 2178 1138 ut
2200 1102 2265 1140 ne
2292 1095 2471 1143 tamen
2499 1087 2598 1143 bos
2626 1089 2696 1144 ab
2726 1088 2842 1160 ipso
2879 1089 3171 1167 Lactantiq
3181 1091 3409 1162 Scriptus
3438 1090 3700 1163 quispiam

2121 1174 2352 1243 dixerit,
2406 1177 2515 1231 imo
2549 1196 2618 1236 ne
2653 1180 2938 1236 somniarit
2966 1178 3204 1252 quidem.
3234 1176 3395 1249 Quod
3436 1178 3482 1239 Si
3511 1199 3577 1240 ex
3604 1185 3703 1240 hoc

2119 1267 2251 1322 satis
2281 1270 2606 1339 perSpicitur
2631 1271 2883 1344 Auctoris
2909 1260 3118 1328 indoles
3146 1268 3497 1333 imitatiOnem
3529 1274 3580 1330 id
3598 1290 3699 1346 gge-

2122 1361 2270 1413 neris
2296 1359 2438 1415 haud
2463 1377 2729 1433 quaqttam
2760 1353 3108 1434 refugientis;
3140 1365 3261 1436 quis
3295 1364 3361 1419 de
3393 1361 3555 1420 simili
3585 1366 3703 1421 imi-

2122 1461 2322 1533 talione
2347 1470 2409 1510 ex
2443 1454 2628 1510 Hilarii
2652 1457 3041 1512 commentario
3060 1458 3290 1528 amplius
3317 1446 3597 1530 ambigat?

2191 1545 2267 1602 Ne
2291 1562 2418 1602 vero
2441 1548 2511 1604 de
2540 1565 2645 1604 uno
2673 1534 2970 1621 eodemque
2990 1552 3231 1607 omnium
3252 1545 3468 1608 auctore
3490 1548 3703 1609 dubite-

2120 1647 2203 1692 tur
2223 1640 2657 1713 atnplius,stylus
2678 1641 2823 1698 idem
2845 1645 2897 1702 in
2919 1643 3168 1700 omnibus
3190 1645 3428 1715 locuples
3453 1647 3701 1719 testimo-

421 1764 451 1805 c
479 1758 732 1815 etcxxs,
775 1766 917 1805 nunc
955 1726 1134 1805 autem
1180 1759 1332 1807 tract.
1362 1749 1429 1806 21
1460 1751 1555 1806 lib.
1602 1768 1640 1807 tt
1666 1765 1720 1808 et
1773 1726 1926 1809 tract.
1980 1756 1997 1809 ἲ

2121 1731 2261 1785 nium
2286 1744 2541 1803 pratstat;
2585 1734 2653 1792 de
2689 1737 2794 1807 qua
2813 1752 2885 1792 -re
2912 1737 3072 1817 hujus
3097 1739 3289 1821 capitis
3318 1736 3550 1796 maxime
3580 1756 3705 1821 μου
3742 1815 3745 1818 ν

420 1840 517 1895 lib.
550 1857 589 1905 t,
616 1856 752 1912 quos
783 1841 843 1896 P.
876 1840 1192 1896 Cout'antius
1225 1843 1277 1897 in
1311 1842 1688 1899 Admonitione
1723 1846 1787 1899 ad
1821 1846 2009 1901 Hilarii

418 1932 875 1992 Commentarium
898 1934 950 1988 in
977 1936 1235 2005 psalmos,
1260 1937 1513 2002 num.25,
1532 1936 1654 1992 lmic
1681 1938 2007 1995 Pictaviensi
2062 2000 2067 2005 ν

417 2025 671 2094 episcopo
694 2022 1040 2080 vindicandos
1072 2028 1371 2096 suspicatus
1405 2036 1513 2095 est,
1542 2040 1828 2099 promerea
1857 2030 2001 2099 quod

420 2115 638 2171 easdem
662 2114 1002 2187 quandoque,
1030 2131 1092 2171 ac
1116 2117 1340 2172 totidem
1366 2134 1471 2173 non
1505 2134 1795 2187 numquam
1827 2120 2004 2176 verbis

320 2266 324 2270 ,
417 2220 705 2277 expressas
738 2207 929 2262 Hilarii
968 2207 1262 2265 sententias
1304 2210 1602 2276 continent,
1646 2226 1766 2281 quae
1796 2213 1847 2265 in
1885 2212 2004 2281 ejus

414 2297 897 2356 Coutmentario'in
936 2300 1152 2357 eosdem
1195 2302 1431 2371 psalmos
1474 2302 1760 2372 leguntur;
1804 2317 1866 2359 ex
1902 2321 2002 2376 quo

415 2392 724 2468 dijudicare,
747 2394 939 2464 inquit,
968 2393 1107 2456 licet,
1131 2392 1306 2466 quales
1325 2394 1434 2457 ille,
1462 2393 1512 2448 id
1539 2404 1623 2449 est
1658 2394 1911 2457 Hilarius.
1933 2397 2003 2450 ad

411 2486 605 2558 plebem
632 2501 780 2541 suam
799 2494 1045 2540 tractatus
1075 2485 1281 2551 dixerit,
1322 2484 1559 2556 qualesve
1589 2489 1918 2556 postmodum
1944 2488 2001 2541 in

408 2578 826 2632 cuiitntentarium
856 2580 1125 2649 redegerit.
1169 2576 1301 2633 Cum
1332 2579 1583 2633 nimirum
1616 2579 1670 2633 in
1698 2566 1997 2634 Veronensi

352 2731 359 2735 λ
409 2669 643 2723 editione
661 2668 767 2723 duo
787 2658 1048 2723 tractatus
1060 2679 1469 2724 recenserentur
1484 2668 1536 2722 in
1560 2670 1818 2738 psalmum
1838 2684 1995 2733 cxxx,

378 2796 379 2799 η
414 2776 639 2830 quorum
681 2761 909 2815 alterum
950 2760 1139 2815 iisdem
1172 2759 1383 2821 verbis,
1412 2774 1476 2813 ac
1513 2760 1565 2813 in
1601 2757 1998 2815 Commentario

410 2854 592 2909 Hilarii
619 2855 925 2910 continetur
951 2896 964 2919 ,
995 2868 1346 2923 expressum,
1378 2853 1428 2906 in
1466 2860 1878 2923 nostrorumque
1906 2857 1998 2907 eo-

406 2948 582 3002 dicum
616 2948 719 3001 line
747 2962 849 3001 una
885 2962 1005 3000 cum
1035 2945 1154 3000 aliis
1184 2944 1468 3017 Hilarianis
1493 2938 1819 3015 descriptum
1841 2984 1857 3009 ,
1896 2961 1996 3000 suo

404 3037 612 3092 auctori
636 3037 900 3103 redditum
923 3035 976 3090 in
1002 3034 1374 3106 Appendicem
1402 3034 1710 3105 r‘ejecimus,
1735 3036 1988 3102 alterum,

404 3143 615 3200 quoque
644 3128 839 3183 similia
876 3126 1239 3183 continentem
1277 3127 1450 3182 eidem
1485 3130 1687 3184 auctori
1716 3130 1991 3185 vindican-

365 3199 371 3208 ’
406 3199 538 3274 dum
558 3217 877 3274 Coutantius
899 3217 1245 3284 existimavit,
1267 3218 1317 3273 id
1338 3219 1654 3288 conjiciens,
1681 3210 1821 3277 hunc
1842 3224 1987 3291 prius

404 3300 662 3378 scriptum
683 3308 751 3364 ab
779 3308 1002 3374 Hilario,
1037 3318 1094 3363 ut
1121 3324 1185 3365 eo
1208 3313 1452 3364 sermonis
1472 3311 1524 3365 in
1546 3313 1827 3367 morem'ad
1852 3313 1987 3369 Fra-

386 3406 507 3456 ‘tres
532 3412 773 3457 uteretur
790 3442 806 3468 ,
849 3386 1073 3457 alterum
1104 3417 1230 3458 vero
1255 3416 1376 3457 esse
1401 3403 1540 3458 hunc
1567 3406 1813 3461 eumdem
1837 3449 1853 3474 ,
1887 3408 1982 3464 sed

407 3482 699 3565 auctiorem
730 3496 926 3551 factum
959 3496 1024 3550 ab
1051 3495 1242 3552 eodem
1268 3485 1637 3576 H'ilario,_cum
1667 3501 1841 3556 varios
1876 3512 1984 3556 tra-

304 3617 314 3624 -
410 3594 584 3641 ctatus
609 3587 675 3642 ad
689 3586 946 3657 populum
965 3586 1175 3643 habitos
1195 3603 1353 3658 super
1368 3589 1621 3659 psalmos,
1638 3591 1689 3645 in
1713 3607 1980 3649 commen-

402 3680 522 3734 tarii
546 3678 657 3753 [se]
684 3696 880 3751 corpus
907 3667 1144 3751 digessit.
1180 3681 1236 3737 ld
1269 3683 1440 3753 ipsum
1467 3700 1597 3765 ergo
1622 3686 1709 3739 alii
1733 3689 1978 3743 tractatui

396 3771 453 3826 in
480 3773 739 3841 psalmum
760 3789 790 3829 c
811 3773 1091 3841 accidisse,
1116 3774 1300 3845 opinio
1322 3776 1439 3846 ejus
1457 3785 1561 3833 est.
1586 3777 1657 3832 At
1686 3779 1825 3847 quod
1856 3794 1980 3850 per-

399 3864 533 3919 tinet
560 3865 627 3919 ad
656 3867 977 3921 sententiam
1010 3867 1362 3937 verborumtie
1387 3869 1826 3935 sitttilitttdiiietit,
1856 3886 1976 3941 quae

394 3958 537 4014 inter
578 3958 762 4014 Hilarii
795 3964 1237 4017 commentarium
1267 3972 1323 4018 et
1360 3965 1528 4020 noStri
1573 3964 1822 4021 Auctoris
1864 3972 1976 4019 tra—

2112 1826 2228 1894 pria
2256 1840 2397 1882 nunc
2426 1825 2593 1883 fusius
2630 1828 2918 1886 dicendum
2960 1840 3065 1887 est.
3105 1817 3167 1887 Ρ.
3213 1831 3527 1889 Coutantius
3554 1817 3703 1890 Hila-

2111 1918 2246 1971 rium
2275 1918 2662 1988 vindicaturus,
2714 1918 2871 1993 qu'em
2893 1940 2963 1980 ex
2990 1924 3221 1997 Origene
3246 1943 3350 1983 non
3379 1928 3521 1985 nulla
3554 1929 3704 1986 deri-

2109 2024 2263 2091 vasse
2293 2012 2344 2066 in
2374 2010 2831 2072 Commentarium
2867 2016 3202 2074 Psalmorum
3233 2031 3414 2076 notum
3442 2032 3563 2089 est,
3602 2023 3703 2080 hac

2107 2104 2452 2161 excusatione
2480 2106 2647 2163 utitur
2679 2125 2758 2178 ps.
2797 2124 2977 2165 cum
3020 2111 3420 2171 Admonitionis
3454 2114 3509 2169 in
3552 2115 3699 2172 idem

2103 2195 2567 2256 Commentarium
2585 2218 2734 2258 num.
2761 2204 2827 2259 15
2848 2220 2862 2256 :
2884 2204 3046 2258 Aliud
3071 2205 3201 2259 enim
3216 2217 3286 2261 est
3305 2208 3519 2272 imitari,
3547 2208 3702 2263 aliud

2103 2287 2446 2357 interpretari,
2474 2303 2564 2345 aut
2590 2295 2874 2349 exscribere
2897 2310 2915 2349 :
2946 2311 3036 2350 nec
3057 2297 3349 2367 interpretis
3378 2300 3555 2371 ofﬁcio
3579 2304 3702 2373 [un-

2101 2380 2263 2451 gitur,
2292 2383 2378 2451 qui
2408 2382 2513 2437 alia
2535 2384 2704 2447 addit,
2736 2396 2930 2440 resecat
2962 2386 3090 2453 alia,
3132 2397 3179 2441 et
3209 2398 3393 2443 uetera
3424 2388 3700 2461 proprium

2103 2472 2156 2525 in
2176 2475 2364 2544 stylum
2394 2477 2654 2530 conuertit.
2696 2475 2856 2546 Notat
2882 2481 3142 2547 praeterea
3169 2475 3555 2552 Hieronymum
3597 2486 3699 2540 hac

2103 2566 2216 2635 ipsa
2246 2566 2454 2621 ratione
2480 2567 2730 2623 eumdem
2761 2568 2829 2623 ab
2864 2584 2927 2624 ea
2962 2572 3189 2626 censura
3218 2575 3504 2645 purgasse,
3544 2577 3695 2647 quod

2101 2660 2306 2740 scilicet
2335 2660 2571 2733 Origenis
2598 2662 2754 2717 libros
2786 2663 2859 2717 ita
2884 2668 3193 2733 exposuerit,
3232 2676 3285 2721 ut
3322 2666 3377 2722 in
3406 2666 3546 2740 style
3569 2687 3696 2742 pro-

2100 2750 2214 2821 prio
2244 2736 2471 2823 placens,
2508 2750 2654 2824 pater
2673 2753 2808 2809 verbi
2826 2757 2904 2819 sit
2934 2758 3127 2828 potius,
3157 2751 3307 2829 quam
3332 2736 3601 2832 interpres.
3640 2763 3694 2818 ld

2103 2844 2275 2912 ipsum
2309 2853 2532 2915 prorsus
2558 2846 2752 2904 fecisse
2794 2853 2997 2905 Auctor
3032 2859 3216 2909 noster
3244 2847 3692 2924 deprehenditur,

2103 2950 2224 2989 cum
2254 2951 2318 2992 ex
2347 2936 2571 3009 Hilario,
2602 2942 2683 2997 vel
2708 2940 2985 2999 Lactantio
3012 2940 3251 3014 quaedam
3280 2944 3520 3017 protulit.
3551 2949 3694 3008 Aliis

2097 3028 2312 3095 additis.
2346 3035 2602 3089 resecatis
2629 3035 2771 3100 aliis,
2802 3037 3044 3107 quaedam
3076 3039 3249 3095 solum
3277 3050 3332 3096 et
3362 3043 3527 3112 pauca
3553 3059 3685 3115 pro-

2093 3122 2266 3188 prium
2296 3122 2347 3176 in
2368 3125 2561 3197 stylum
2585 3126 2869 3194 convertit,
2894 3135 2951 3183 ut
2968 3125 3020 3184 in
3040 3119 3180 3202 stylo
3203 3133 3418 3203 proprio
3440 3135 3687 3205 placens,

2088 3221 2239 3283 pater
2291 3215 2436 3271 verbi
2504 3217 2575 3273 sit
2618 3218 2838 3290 potius,
2890 3237 3049 3292 quam
3094 3217 3306 3281 servilis
3352 3227 3684 3300 exs‘ci‘iptor.

2086 3306 2240 3375 Quod
2270 3309 2337 3367 de
2353 3304 2558 3366 additis.
2575 3323 2629 3368 et
2656 3314 2911 3369 resecatis
2929 3315 3184 3384 diximus,
3213 3336 3278 3375 ex
3301 3314 3595 3379 collatione
3617 3332 3673 3380 et

2084 3398 2518 3458 adnotationibus
2551 3405 2749 3458 nostris
2790 3406 2922 3461 satis
2959 3408 3178 3477 patebit.
3218 3406 3429 3482 Stylu‘iu
3462 3400 3678 3481 autent,

2084 3492 2173 3563 qui
2202 3492 2354 3547 lectis
2376 3492 2499 3547 hinc
2520 3492 2706 3549 Hilarii
2735 3495 3130 3553 Commentario
3151 3499 3241 3569 (de
3268 3501 3369 3556 hoc
3389 3498 3537 3557 enim
3561 3512 3674 3559 uno

2092 3592 2337 3638 uteretur
2358 3583 2691 3658 dillicultas),
2710 3586 2835 3644 hinc
2856 3588 3109 3646 Auctoris
3131 3593 3301 3647 nostri
3332 3592 3679 3666 tractatibus,

2084 3691 2188 3730 non
2219 3677 2399 3730 statim
2427 3677 2749 3756 distinguat,
2780 3683 2825 3736 is
2854 3683 2997 3737 omni
3027 3671 3231 3737 Latinas
3255 3685 3544 3740 locutionis
3578 3701 3679 3758 pa-

2080 3767 2186 3823 lito
2213 3783 2433 3837 prorsus
2470 3766 2637 3826 caret.
2671 3771 2857 3828 Hilarii
2902 3774 3074 3845 Stylus
3105 3777 3330 3844 planus,
3375 3775 3569 3843 facilis,
3616 3790 3677 3836 et

2078 3860 2189 3916 fere
2237 3862 2519 3929 concisus;
2571 3858 2747 3941 nostri
2797 3876 2976 3921 autem
3017 3866 3263 3922 sublimis
3308 3868 3671 3941 quandoque,

2076 3953 2396 4022 quandoque
2416 3934 2639 4008 ﬂoridus
2665 3963 2719 4009 ct
2745 3957 2982 4011 numeris
3003 3956 3171 4013 certis
3196 3958 3415 4027 cadens,
3449 3960 3513 4016 ac
3528 3962 3679 4020 alle-

2054 4046 2271 4113 ,gortcis
2317 4044 2641 4105 dictionibus
2677 4046 2919 4102 “libenter
2954 4041 3274 4119 indulgens,
3317 4052 3671 4120 potissimum

392 4144 737 4200 ostendemus
785 4145 1083 4203 luculenter
1102 4182 1123 4215 ,-
1160 4159 1403 4203 nostrum
1439 4146 1726 4203 Auctorem
1771 4148 1970 4202 vixisse

2121 4146 2253 4191 Lttem
2277 4136 2486 4207 syntaxi
2518 4138 2747 4217 quadam
2779 4140 3038 4210 singulari
3065 4142 3341 4212 praeditus,
3369 4136 3671 4214 quar‘ti'nnn

388 4237 661 4307 aliquanto
691 4249 808 4307 post
838 4238 1096 4293 Hilarium
1133 4228 1329 4294 sacculo
1352 4254 1447 4303 IV;
1494 4238 1636 4308 quod
1672 4233 1791 4293 cum
1823 4237 1968 4291 Cum-
2072 4228 2125 4316 in
2157 4224 2365 4322 Hilario
2391 4229 2591 4296 solum,
2619 4230 2712 4325 sed
2747 4248 2815 4286 ne
2837 4233 2887 4287 in
2920 4230 3261 4324 alioquidem
3290 4240 3555 4309 scriptore
3580 4243 3667 4297 la-

393 4332 590 4385 mmius
622 4346 689 4385 ne
705 4331 1020 4401 cogitaverit
1040 4329 1278 4399 quidem,
1301 4345 1365 4384 εχ
1387 4345 1450 4383 eo
1473 4330 1801 4398 ρτωίυιιίυία,
1826 4328 1965 4397 (μιοά
1987 4347 2000 4356 -
2048 4366 2051 4369 λ
2076 4313 2189 4371 tino
2220 4313 2475 4405 hactenus
2501 4313 2977 4393 deprehendimus.
3000 4323 3083 4382 Ad
3119 4320 3405 4385 veiborum
3434 4328 3666 4390 senten-

388 4422 454 4477 de
492 4420 728 4477 Zenonis
754 4420 1069 4491 antiquitate
1102 4411 1412 4485 ferebatur,
1441 4419 1553 4487 jam
1593 4409 1887 4488 praevidere
1914 4425 1969 4472 et
2000 4452 2045 4503 η
2074 4410 2371 4503 ιῖηιῄυωτιυβ
2400 4409 2870 4501 exprimenda?!“
2898 4417 3081 4484 Πονθεν
3109 4413 3412 4491 θιῐοεοτίθε.
3441 4420 3664 4484 υἷιοῗιίι-

386 4516 645 4586 suspicari
702 4531 805 4568 non
862 4504 1075 4582 potuit,
1121 4506 1370 4566 eumdem
1410 4500 1648 4564 nostrum
1695 4521 1967 4564 auctorem
1997 4500 2040 4514 υ
2076 4500 2288 4572 lenique
2322 4504 2533 4560 dicendi
2564 4507 2728 4563 ιηυΙιο
2764 4507 3165 4577 ΐθουηάἱονθηι.
3207 4514 3347 4590 quOd
3378 4517 3656 4587 pertinet,

386 4621 496 4675 pra:
517 4606 686 4660 oculis
719 4603 915 4657 habere
942 4601 1178 4669 potuisse
1217 4592 1400 4653 Hilarii
1435 4593 1871 4681 commentarium
1912 4599 1967 4653 in
2034 4670 2042 4676 .
2074 4593 2217 4647 nulla
2254 4592 2443 4651 melior
2480 4598 2560 4651 via
2605 4599 2669 4653 ad
2718 4600 2769 4654 id
2805 4593 3235 4671 cng't'tosccndum
3282 4610 3446 4676 patet,
3488 4627 3659 4681 quam

385 4695 661 4758 Psalmos,
708 4707 776 4747 ex
820 4691 1154 4760 eoque‘non
1206 4688 1340 4743 nihil
1383 4678 1705 4758 proiecisse,
1758 4689 1817 4743 ut
1858 4690 1964 4744 non
2073 4686 2349 4757 utriusque
2376 4686 2801 4747 lucubrationum
2830 4690 3044 4749 collatio
3069 4737 3085 4763 ,
3116 4696 3183 4751 de
3208 4688 3391 4769 quain
3422 4678 3660 4761 adnota-

385 4785 685 4843 sententias
740 4783 912 4837 solum
970 4782 1177 4851 aliquas
1202 4823 1219 4843 ,
1280 4780 1374 4835 Sed
1419 4780 1607 4863 eadem
1644 4776 1963 4852 quandoque
2069 4777 2301 4834 tionibus
2326 4773 2446 4849 ipso
2468 4774 2717 4854 Auctoris
2749 4787 2912 4841 textui
2940 4787 3198 4856 subjectis
3218 4791 3349 4847 satis
3376 4785 3657 4856 indicasse

392 4879 555 4934 verba
585 4877 637 4931 in
687 4877 798 4931 suis
836 4867 1161 4928 tractatibus
1209 4872 1558 4940 expresserit.
1620 4872 1774 4927 Enim
1834 4890 1959 4930 vero
2040 4868 2219 4929 ’nobis
2251 4872 2508 4931 videmur.
2543 4874 2614 4932 De
2643 4881 2853 4948 syntaxi
2883 4880 3011 4937 vero
3032 4883 3237 4954 aliquot
3258 4878 3499 4959 membra
3556 4890 3657 4951 hic

387 4986 497 5025 non
546 4969 596 5023 in
634 4962 870 5020 laudatis
918 4963 1091 5017 solum
1143 4960 1453 5049 tractatibus
1491 4961 1525 5015 7
1569 4961 1662 5016 lib.
1716 4978 1734 5016 ι
1778 4973 1832 5019 et
1885 4962 1951 5019 21
2065 4982 2413 5039 apponemus,
2445 4963 2564 5041 quae
2596 4974 2919 5042 praecipuam
2956 4972 3202 5034 Auctaris
3226 4961 3492 5053 syntaxim
3519 4974 3654 5043 ειῑίέ

389 5064 462 5117 lib
484 5078 521 5116 ιι
549 5056 752 5115 Auctor
783 5050 1039 5111 Hilarium
1071 5056 1123 5109 in
1152 5047 1280 5110 ea'r'n'
1304 5044 1566 5109 rationein
1598 5052 1832 5110 imitatus
1874 5057 1955 5112 in-
2062 5056 2112 5115 in
2141 5055 2451 5118 tractatibus
2482 5063 2815 5129 frequentem
2844 5069 3118 5127 exhibent.
3152 5044 3402 5143 Tract.7,
3424 5072 3493 5132 de
3524 5077 3651 5133 Hu-

388 5155 619 5218 venitur,
643 5150 735 5206 sed
767 5149 975 5205 duobus
998 5141 1158 5203 etiam
1184 5141 1237 5201 in
1278 5145 1420 5213 aliis,
1452 5145 1698 5201 nimirum
1728 5145 1882 5203 tract.
1917 5149 1951 5204 8
2044 5147 2298 5223 'militate,
2338 5155 2428 5209 lib.
2466 5172 2505 5221 ι,
2552 5158 2641 5228 qui
2664 5158 2787 5213 olim
2828 5171 2944 5217 erat
2982 5178 3161 5221 sermo
3204 5166 3257 5222 in
3299 5141 3429 5236 ps'al.
3471 5158 3644 5240 cixx,

386 5247 477 5302 lib.
506 5262 546 5312 ι,
578 5244 662 5299 cui
694 5242 879 5297 titulus
923 5242 986 5296 de
1013 5239 1239 5302 Timore.
1269 5232 1323 5294 et
1355 5234 1509 5295 tract.
1552 5241 1615 5295 17
1646 5238 1740 5295 lib.
1766 5242 1828 5309 η,
1858 5236 1949 5313 qui
2057 5260 2205 5299 nttm.
2233 5239 2296 5301 l':
2332 5246 2406 5303 De
2441 5249 2619 5320 quibus
2654 5249 2924 5323 Scriptura
2953 5255 3122 5310 divina
3161 5232 3643 5333 quid-pronuntiet);

386 5337 449 5391 de
474 5335 613 5390 Jona
641 5333 946 5389 inscribitur
974 5330 1056 5406 (ut
1076 5333 1126 5387 in
1146 5328 1578 5387 adnotationibus
1608 5331 1818 5403 utrique
1844 5343 1951 5420 tra-
2055 5338 2344 5406 audiamus,
2376 5344 2523 5415 cujus
2548 5343 2649 5397 ista
2667 5336 2785 5400 sunt
2816 5344 3164 5404 verba.Num.
3191 5346 3257 5405 2:
3290 5348 3358 5406 Ut
3379 5328 3644 5420 possimus

382 5430 547 5486 ctatui
577 5428 848 5497 subjectis.
884 5427 969 5481 ubi
1004 5426 1187 5481 Hilarii
1214 5425 1376 5518 verba
1408 5422 1822 5513 descripsimus,
1852 5418 1948 5496 pa.
2052 5433 2225 5486 merito
2247 5428 2452 5518 mereri,
2473 5432 2891 5510 Scripturaquod
2905 5439 3027 5494 dicit
3055 5458 3189 5511 :pro
3212 5443 3357 5513 quod
3380 5418 3637 5518 Scripta-

384 5525 487 5580 lam
516 5520 651 5592 lict),
674 5536 806 5592 quos
835 5535 967 5576 sane
996 5520 1252 5598 tractatus
1279 5508 1591 5572 Hilarianos"
1624 5517 1746 5571 esse
1790 5515 1950 5570 nemo
2053 5538 2112 5574 ra
2139 5515 2527 5582 dicit.Rursum
2551 5546 2564 5581 :
2588 5508 2845 5585 Dominus
2874 5531 2983 5598 ipse
3007 5508 3102 5582 vos
3120 5508 3215 5600 pro
3227 5508 3476 5599 promisso
3503 5508 3643 5601 quid

387 5621 633 5685 umquam
682 5598 933 5683 epinatus’
963 5616 1041 5666 es'l
1065 5628 1080 5676 ;
1127 5599 1357 5685 eumque
1402 5604 1843 5663 Commentariun:
1893 5608 1948 5660 in
2054 5612 2282 5669 hortetur
2299 5612 2528 5685 accipite.
2556 5617 2622 5669 Et
2643 5611 2773 5671 item
2794 5616 2953 5685 paulo
2978 5598 3130 5685 posti
3159 5598 3431 5687 De'quibus
3457 5598 3636 5680 Joan-

389 5695 634 5753 l’salmns
656 5714 763 5753 non
794 5697 1047 5767 t‘eierant,
1076 5694 1171 5756 sed
1196 5696 1396 5779 aliquid
1425 5713 1491 5754 ex
1524 5688 1747 5755 Psalmis
1775 5694 1948 5754 Obiter
2058 5697 2147 5757 nes~
2171 5696 2441 5779 discipulis
2459 5697 2581 5770 quid
2607 5705 2845 5773 praedicet
2870 5745 2887 5769 ,
2924 5706 3263 5782 omnibusqe'st
3300 5709 3350 5760 iu
3379 5702 3491 5763 usu.
3526 5712 3634 5769 llla‘i

392 4062 565 4106 ctatus
594 4053 644 4106 in
674 4053 862 4122 psalm.
890 4069 921 4109 c
950 4064 1005 4110 et
1028 4069 1168 4111 cxx:
1202 4042 1505 4121 intercedit,
1529 4057 1703 4125 capite
1720 4060 1966 4125 sequenti
