3826 6226
120 274 186 329 57
901 285 1345 347 DlSSEltTATlO
1375 294 1416 358 ι,
1461 292 1547 348 ne
1586 290 1642 349 s.
1687 276 1838 351 ΖΕΝ.
1879 288 2126 354 ΤηΑοτ.
2171 298 2260 356 E'I‘
2299 302 2575 362 IETATE.
3309 319 3377 373 ss

105 403 236 443 vero
260 388 518 458 pra'cipue
545 394 942 453 consideranda
966 416 1113 456 num.
1145 402 1212 458 5:
1245 403 1452 460 Intonat
1482 407 1680 478 lingua.
1713 407 1763 469 A
1792 410 1954 464 multa
2001 412 2065 466 ad
2122 415 2342 470 verbum
2398 420 2737 480 transtulisse
2790 424 2990 478 notavit
3041 425 3373 500 Porphyrius

118 485 246 530 caret
280 488 383 547 qua":
421 480 696 550 numquam
727 494 1221 559 veneno‘serpentis:
1249 496 1334 551 tibi
1361 513 1474 566 qua:
1501 499 1684 552 relati-

128 582 242 622 vum
266 581 368 638 post
400 574 662 640 Verbum,
715 580 858 649 quod
888 582 1055 653 regit,
1092 586 1338 655 ponitur,
1381 589 1520 644 sicut
1559 591 1686 646 alibi

129 659 350 731 frequens
387 674 504 752 post
536 668 701 724 aliam
729 687 912 730 vocem
955 674 1272 735 collocatur.
1315 682 1402 737 Sic
1446 692 1599 739 tract.
1629 686 1704 752 5,.

133 751 264 804 num.
287 754 350 808 Ως
379 743 611 828 Utraque
636 767 787 835 cujus
813 783 1127 840 exaggerare
1152 773 1464 842 opulentiam
1494 775 1686 831 veloci-

130 855 224 902 tate
243 850 355 903 mira
377 855 698 921 contendunt,
723 874 821 928 pro
837 863 983 933 cujus
1002 864 1315 932 opulentiam
1330 878 1549 936 utrteqtte
1563 886 1685 924 con-

130 939 446 1021 tendunt,etc.
477 943 607 1017 [xu]
637 947 728 1004 Sic
757 950 974 1016 tract.4,
1001 969 1128 1009 num
1156 956 1189 1012 6
1213 975 1226 1010 :
1256 946 1444 1025 Quavis
1465 963 1685 1015 versutia

128 1029 206 1097 qui
232 1017 413 1105 fallitur
437 1057 732 1110 numquam.
757 1037 1017 1112 Tract.'5,
1055 1065 1202 1103 num.
1242 1052 1308 1105 λίς
1345 1053 1686 1110 Observantur

126 1143 217 1194 qua
243 1133 521 1197 perfectione
557 1133 653 1187 Dei
688 1136 853 1191 cultus
887 1140 1063 1194 debeat
1090 1143 1351 1220 custodiri.
1383 1144 1563 1200 Tract.
1594 1147 1680 1210 12,

126 1237 261 1275 num.
300 1223 328 1278 6
376 1242 388 1277 :
427 1225 740 1300 Martemque
775 1231 942 1300 ipsum
969 1276 983 1300 ,
1017 1239 1252 1306 perennis
1296 1239 1378 1297 cui
1424 1239 1683 1295 beatitudo

125 1315 353 1369 succedat.
399 1317 573 1374 Tract.
619 1322 650 1375 'i
680 1323 752 1377 lib
797 1340 855 1391 ιι,
906 1342 1051 1381 num.
1081 1329 1154 1383 4:
1192 1328 1302 1384 Nec
1332 1339 1501 1386 tamen
1537 1333 1684 1387 desiit

124 1422 241 1470 esse,
265 1418 367 1462 ante
382 1412 511 1479 quod
531 1418 699 1482 fuerat
720 1434 738 1471 :
760 1421 842 1472 cui
872 1420 1048 1476 simile
1072 1421 1388 1479 illud-tract.
1416 1427 1480 1481 16
1511 1416 1603 1481 lib.
1634 1444 1676 1493 1,

125 1515 258 1553 num.
305 1504 366 1556 l:
414 1504 533 1558 Odit
557 1511 674 1578 jam
710 1511 820 1564 sine
857 1528 1040 1578 causa,
1082 1525 1196 1569 ante
1223 1518 1362 1586 quod
1398 1519 1677 1574 amaverat.

125 1591 285 1648 Tract.
311 1594 373 1649 62
419 1597 508 1651 lib.
545 1616 610 1654 tt:
644 1600 864 1672 Propter
884 1621 969 1658 vos
995 1599 1081 1675 qui
1101 1617 1173 1661 est
1198 1609 1415 1663 occisus.
1454 1610 1679 1681 Reliqua

123 1688 374 1744 mittimus.
403 1692 528 1750 \‘ide
557 1711 720 1765 porro
762 1700 950 1755 eodem
982 1711 1137 1758 tract.
1186 1706 1216 1758 7
1248 1706 1342 1760 lib.
1384 1723 1422 1772 ι,
1466 1710 1544 1780 ἀει⁶
1575 1726 1680 1778 quo

1789 503 1925 569 apud
1956 504 2242 561 Eusebium
2273 509 2363 562 lib.
2398 526 2454 576 x,
2475 527 2590 580 cap.
2616 513 2670 575 5,
2691 512 2758 569 de
2781 515 3179 584 Prteparatione
3195 521 3372 575 Evan-

1785 593 1976 662 gelica.
2024 597 2278 652 Mittimus
2319 601 2468 669 plura
2513 619 2542 655 e
2569 603 2794 669 Grazcis,
2829 608 3008 664 tacitis
3050 628 3236 665 eorum
3269 628 3369 668 no-

1789 686 2053 752 minibus,
2086 689 2350 756 traducta,
2381 692 2598 763 suisque
2629 697 2887 766 operibus
2916 701 3140 755 totidem
3188 704 3369 759 verbis

1789 774 1989 831 inserta
2021 792 2049 831 a
2073 778 2431 847 Tertulliano,
2463 784 2814 856 Hieronymo,
2839 782 3148 858 Ambrosio,
3175 804 3228 847 et
3249 794 3370 849 aliis

1787 866 2028 934 Latinis,
2081 887 2199 937 quae
2232 873 2282 926 in
2330 876 2597 931 accuratis
2631 876 2824 933 horum
2866 879 3195 938 editionibus
3225 884 3369 939 desi—

1786 973 2036 1025 quantum
2071 961 2138 1017 Ut
2171 973 2354 1018 autem
2392 965 2635 1044 dicamus
2665 969 2732 1024 de
2761 961 2985 1037 Latinis,
3020 976 3107 1043 qui
3147 991 3212 1031 ex
3243 967 3364 1031 aliis

1786 1050 1912 1105 item
1944 1051 2150 1108 Latinis
2178 1057 2492 1111 auctoribus
2533 1059 2783 1116 similiter
2824 1063 3197 1133 profecerunt,
3229 1068 3367 1121 auti-

1785 1158 1922 1210 quas
1971 1156 2159 1200 auctor
2192 1147 2449 1203 librorum
2507 1150 2570 1205 de
2612 1152 2962 1210 Sacratttentt's
2989 1173 3054 1212 ex
3091 1156 3365 1216 Ambrosii

1785 1234 1921 1287 libro
1953 1235 2015 1288 de
2043 1237 2300 1307 Mysteriis
2330 1255 2435 1295 non
2461 1251 2564 1296 tam
2589 1248 2904 1313 sententias,
2929 1249 3020 1301 sed
3054 1251 3369 1322 plerumque

1785 1328 1945 1380 etiam
1979 1328 2139 1382 verba
2163 1329 2440 1400 delibnvit,
2464 1345 2520 1388 ut
2543 1335 2924 1395 Beucdictinus
2953 1341 3126 1396 editor
3153 1345 3202 1397 in
3237 1359 3370 1413 pra:-

1785 1416 1948 1472 missa
2004 1417 2364 1476 Admonitionc
2435 1424 2760 1482 observavit.
2827 1431 3082 1486 Sanctum
3153 1450 3366 1502 queque

1782 1507 2071 1565 Maximum
2097 1512 2510 1583 'l‘aurinensem,
2541 1515 2660 1573 cum
2687 1521 2887 1577 laudati
2917 1525 3184 1581 Ambrosii
3208 1543 3370 1598 opera

1782 1601 1973 1655 sedqu
2003 1605 2308 1666 evolveret.
2352 1623 2540 1679 magna
2583 1611 2878 1682 fragmenta
2920 1632 2984 1670 ex
3038 1618 3226 1672 iisdem
3257 1661 3270 1681 ,
3305 1635 3368 1674 ac

1784 1695 2121 1766 potissimum
2155 1716 2218 1752 ex
2235 1698 2636 1760 Commentario
2665 1707 2715 1760 in
2739 1707 2934 1762 Lucam
2956 1725 3228 1780 excerpta,
3254 1713 3367 1767 suis
3443 1749 3447 1752 -

123 1796 250 1835 ,ηιηε
295 1784 568 1853 loquimur;
623 1790 951 1846 rarissimam
1001 1798 1270 1864 εγηιπχίηι
1321 1800 1421 1854 sub
1466 1774 1669 1866 ῃηέιίιι,
1703 1774 2120 1843 Bsermonibus
2148 1783 2466 1860 inseruisse,
2500 1795 2638 1849 idem
2679 1797 3059 1854 Beuedictinus
3095 1802 3365 1859 Ambrosii

121 1889 262 1942 quam
296 1877 343 1928 in
371 1878 802 1935 adnotationibus
834 1884 989 1950 plane
1018 1885 1388 1943 Zeuoniauam
1419 1892 1673 1946 Ostende-

124 1981 243 2020 mus.
265 1965 456 2020 Similia
478 1968 678 2037 aliquot
707 1970 1081 2038 deprehendes
1112 1987 1267 2032 tract.
1301 1980 1362 2032 21
1402 1980 1493 2034 lib.
1519 1997 1577 2048 ιι,
1608 1983 1669 2037 de

124 2054 313 2111 Psalmo
337 2061 614 2126 centesimo,
645 2062 720 2116 uti
756 2063 883 2118 illud
916 2069 1095 2121 statim
1131 2081 1251 2138 pust
1282 2073 1524 2142 initium:
1559 2075 1668 2146 lgi-

122 2157 192 2199 tnr
214 2149 259 2200 in
281 2152 505 2217 presenti
533 2153 727 2220 psalmo
753 2159 1003 2224 propheta
1032 2177 1145 2212 cum
1171 2163 1330 2228 dicat,
1352 2181 1414 2218 ac
1443 2181 1670 2234 prmser-

120 2242 198 2292 tim
229 2241 274 2293 in
305 2251 450 2296 tract.
477 2243 509 2299 8
532 2245 622 2300 lib.
653 2262 692 2311 ι,
722 2247 786 2301 de
813 2247 1033 2314 Timore,
1060 2264 1114 2308 et
1140 2259 1370 2311 tract."
1401 2259 1494 2315 lib.
1520 2277 1576 2326 ιι,
1607 2263 1670 2316 de

121 2329 258 2395 Iona,
285 2333 365 2385 ubi
388 2333 521 2389 idem
548 2346 838 2417 synta‘xeos
857 2356 1050 2411 genus,
1076 2345 1217 2401 idem
1245 2349 1489 2404 Auctoris
1520 2354 1668 2423 inge-

121 2423 244 2476 nium
271 2425 456 2496 ubique
481 2430 688 2485 visitur.
715 2430 928 2499 Quodsi
956 2433 1078 2490 huic
1107 2448 1212 2491 tam
1239 2442 1520 2510 praecipua:
1542 2459 1668 2514 syn-

119 2516 209 2567 taxi
250 2516 405 2571 addas
438 2530 660 2575 catteras
690 2522 1020 2580 locutionum
1046 2570 1059 2589 ,
1109 2530 1517 2600 allegoriarum,
1550 2551 1668 2590 sen-

119 2607 476 2680 tentiarumque
505 2615 862 2682 proprietates
900 2618 967 2671 ab
997 2618 1282 2676 Hilariauis
1317 2625 1472 2690 plane
1500 2626 1662 2681 dissi-

118 2699 269 2766 miles,
301 2718 466 2758 nonne
493 2708 672 2760 statim
703 2708 866 2764 alium
890 2711 958 2765 ab
981 2712 1258 2769 llilariano
1285 2717 1511 2771 istormn
1544 2730 1658 2772 tra-

117 2801 322 2847 ctatuum
345 2797 536 2866 stylum
565 2808 947 2872 auctoremque
969 2818 1284 2874 coguOSces,
1309 2812 1663 2880 eamdemque

117 2894 244 2946 sane,
271 2900 329 2939 ac
355 2896 433 2941 est
468 2890 637 2962 stylus
667 2903 721 2947 et
747 2903 935 2950 auctor
967 2905 1282 2955 tractatuum
1310 2902 1656 2972 reliquorum,

118 2973 355 3042 inquibus
381 2980 560 3036 eadem
594 2983 821 3050 indoles,
853 2985 1071 3056 locutio,
1106 3000 1159 3045 et
1199 2995 1440 3062 syntaxis
1465 3010 1656 3065 perpe-

117 3072 191 3116 tuo
209 3067 486 3124 elucescit?

174 3157 289 3216 Hinc
331 3161 437 3244 jam
483 3169 758 3224 evanescit
796 3169 1037 3241 profecto
1075 3173 1248 3229 audax
1298 3176 1386 3232 illa
1433 3179 1648 3249 Dupinii
1683 3153 1728 3216 C

116 3255 338 3321 opinatio,
383 3259 465 3325 qui
507 3263 777 3316 conciones
803 3264 853 3317 in
888 3267 1114 3336 psalmos
1141 3285 1291 3335 χιιι,
1323 3286 1486 3327 1.xth
1516 3283 1570 3328 et
1596 3290 1653 3340 c,

119 3342 278 3402 Hilarii
304 3366 405 3404 esse
424 3369 571 3422 posse
599 3353 921 3423 affirmavit,
953 3360 1073 3427 quia
1108 3362 1263 3435 hujus
1303 3363 1476 3419 Patris
1519 3383 1657 3421 com-

116 3442 326 3495 mentaria
350 3443 398 3496 in
423 3445 512 3500 hos
551 3447 775 3515 psalmos
803 3452 1080 3521 perierunt.
1110 3454 1239 3509 Nam
1270 3469 1468 3525 prieter
1495 3476 1653 3529 quam

114 3532 228 3597 quod
257 3536 400 3603 primi
427 3539 533 3593 duo
563 3550 844 3608 tractatus,
877 3546 1004 3599 olim
1031 3547 1081 3600 iu
1111 3565 1189 3618 ps.
1223 3567 1344 3605 χιιι
1378 3562 1429 3607 ct
1460 3571 1650 3622 Lxxtx,

117 3637 229 3678 nunc
253 3637 422 3682 autem
448 3630 513 3686 15
544 3631 640 3685 lib.
670 3647 708 3699 ι,
745 3643 800 3688 et
827 3634 897 3688 ‘27
930 3636 1026 3691 lib.
1054 3654 1113 3701 ll,
1147 3639 1198 3694 in
1237 3657 1366 3695 mss.
1399 3646 1652 3701 omnibus

116 3728 198 3767 non
219 3717 565 3776 inscribuntur
598 3726 660 3778 de
687 3727 904 3792 psalmo,
939 3730 1023 3782 cui
1058 3729 1393 3801 inscriptioni
1442 3736 1653 3805 Dupinii

115 3820 441 3874 argumentum
471 3814 745 3882 innititur;
771 3819 979 3873 etiamsi
1008 3821 1278 3887 daremus,
1305 3825 1363 3880 S.
1391 3824 1646 3882 Hilarium

115 3897 155 3947 nt
177 3911 341 3955 omnes
367 3905 596 3972 psalmos
637 3905 1034 3962 Commentaria
1065 3912 1368 3980 scripsisse,
1411 3930 1528 3982 quae
1560 3918 1646 3972 in-

111 3986 219 4052 juria
256 4001 541 4063 temporum
586 3997 989 4064 interciderint,
1018 4009 1075 4054 ut
1114 4002 1247 4056 satis
1282 4003 1646 4072 probabilibus

114 4079 394 4148 coniecturis
426 4086 744 4141 Coutantius
783 4091 1001 4143 statuit:
1035 4090 1216 4146 adhuc
1248 4101 1424 4149 tamen
1455 4111 1644 4152 omnes

116 4179 326 4230 tractatus
347 4180 621 4232 memorati
645 4179 801 4233 aliam
826 4180 1150 4237 elocutionis
1174 4187 1437 4242 rationem
1466 4190 1645 4243 aliam-

113 4277 194 4329 que
220 4269 464 4335 syntaxim
496 4269 635 4324 adeo
669 4271 946 4340 esplorate
985 4274 1262 4340 exhibent,
1299 4291 1354 4332 ut
1384 4290 1642 4348 quantum

113 4356 163 4407 ab
187 4357 425 4416 llilariana
450 4364 649 4430 absint,
675 4366 718 4431 s_i
752 4367 872 4436 quis
901 4383 1004 4422 non
1034 4382 1290 4440 agnoscat
1319 4413 1332 4438 ,
1364 4374 1642 4445 utriusque

113 4450 301 4504 auctoris
323 4467 481 4521 Opera
512 4454 666 4523 plane
697 4472 799 4512 non
822 4459 1033 4529 legerit.

162 4540 247 4596 Sed
287 4546 366 4601 hic
406 4547 631 4603 fortasse
678 4550 939 4619 quispiam
978 4570 1082 4607 nou
1124 4553 1193 4610 de
1242 4559 1633 4615 sententiarmu
1662 4529 1713 4589 D

114 4630 357 4696 imitatione
378 4640 516 4708 apud
542 4643 676 4697 alios
706 4655 956 4700 auctores
977 4648 1263 4717 frequenti,
1285 4650 1379 4704 sed
1405 4650 1471 4705 de
1492 4663 1638 4706 tran-

114 4727 351 4796 scriptione
381 4735 692 4790 earumdem
723 4738 1034 4804 verborum,
1066 4756 1185 4809 qum
1214 4758 1279 4796 ex
1306 4743 1508 4798 llilario
1537 4762 1632 4800 ex-

113 4827 252 4883 cerpta
277 4821 462 4880 alicubi
511 4812 844 4892 noscuntur,
894 4828 1266 4885 difficultatem
1296 4835 1554 4899 movebit,
1587 4838 1634 4890 si

116 4921 193 4963 non
211 4921 258 4966 ut
278 4929 427 4970 unum
450 4922 690 4973 omnium
714 4920 976 4990 ejusmodi
1005 4933 1327 4980 tractatuum
1355 4937 1628 4983 auctorem

114 5007 264 5058 statuat
288 5005 536 5064 Hilarium
569 5012 684 5081 (ubi
712 5013 855 5067 enim
896 5015 1065 5085 stylus
1097 5017 1253 5071 nimis
1275 5026 1469 5086 aperte
1515 5021 1628 5073 dis-

114 5104 274 5164 crepat,
299 5105 490 5170 quaevis
531 5103 759 5158 imitatio
789 5106 1182 5178 verbormnque
1225 5110 1522 5178 descriptio
1559 5112 1627 5165 ad

115 5197 235 5243 lmum
261 5203 514 5249 auctorem
549 5197 898 5251 asserendum
931 5199 1123 5254 frustra
1161 5201 1480 5272 confertur),
1515 5205 1628 5258 sal-

116 5284 191 5332 han
212 5287 333 5352 quod
353 5299 534 5342 nostro
567 5287 620 5341 id
654 5289 888 5349 Auctore
917 5292 1090 5346 minus
1117 5293 1332 5363 dignum
1363 5310 1427 5348 ac
1459 5295 1622 5350 deco-

114 5381 200 5422 nua
221 5374 488 5431 existimet.
520 5380 590 5431 At
632 5378 722 5447 qui
766 5376 819 5430 in
855 5379 1200 5448 antiquorum
1235 5384 1467 5439 lectione
1501 5401 1626 5458 ver-

113 5464 187 5514 sati
209 5475 330 5531 sut,
359 5468 407 5523 id
430 5471 654 5524 minime
685 5481 907 5534 novum,
950 5485 1048 5525 nec
1075 5485 1103 5523 a
1133 5472 1378 5541 gravium
1410 5488 1624 5543 quoque

1776 1875 1952 1931 editor
1967 1881 2016 1932 in
2045 1882 2424 1940 Admonitione
2445 1887 2510 1940 ad
2525 1903 2806 1945 sermones
2827 1892 2948 1946 huic
2971 1889 3112 1948 Patri
3127 1895 3367 1965 adscrip-

1776 1972 1859 2021 tos
1884 1971 2281 2038 animadvertit.
2308 1973 2445 2041 Quid
2477 1968 2664 2042 plura?
2696 1979 2752 2034 S.
2797 1979 3100 2053 Cyprianus
3132 1986 3256 2041 licet
3283 1986 3365 2041 di-

1773 2070 1948 2116 sertus
1974 2075 2025 2116 et
2049 2064 2260 2131 doctus,
2287 2084 2463 2124 nonne
2487 2069 2538 2124 in
2565 2075 2860 2141 opusculis,
2885 2092 3002 2144 qua:
3015 2088 3199 2133 contra
3221 2079 3363 2136 Gen-

1773 2162 1853 2206 tes
1882 2153 2207 2218 lucubravit,
2241 2173 2304 2212 ex
2332 2157 2547 2216 Minucii
2579 2163 2774 2221 Felicis
2815 2167 2994 2222 libello
3023 2171 3268 2240 quietiam
3297 2173 3363 2226 ad

1772 2245 1992 2314 verbum
2046 2249 2354 2318 exscripsit,
2398 2255 2478 2331 ,ιιιί
2530 2257 2821 2323 propositis
2854 2269 3207 2331 utrorumque
3232 2279 3360 2317 sen-

1774 2339 1955 2392 tentiis
1984 2339 2056 2393 ob
2083 2341 2268 2396 oculos
2306 2347 2522 2413 ponitur
2563 2357 2694 2404 tom.
2747 2366 2782 2404 ιι
2824 2353 3126 2421 Apparatus
3176 2354 3240 2409 ad
3273 2355 3360 2410 Bi-

1769 2429 2097 2485 bliotheetm
2149 2435 2434 2490 maximam
2468 2437 2684 2493 Patrum
2711 2456 2739 2493 a
2773 2456 2889 2512 pag.
2917 2442 3080 2498 54nd
3103 2461 3220 2516 pag.
3269 2449 3356 2502 57.

1769 2521 1900 2588 Quis
1945 2525 2386 2605 itaque'miretur
2415 2532 2645 2600 amplius
2671 2575 2685 2599 ,
2716 2530 2759 2588 Si
2794 2545 2978 2590 uoster
3020 2538 3358 2608 elegantissi-

1771 2628 1887 2666 unus
1921 2625 2129 2669 auctor
2185 2625 2353 2685 pauca
2400 2622 2644 2689 quaedam
2694 2615 2984 2694 aliquando
3034 2631 3352 2700 sumpsitex

1769 2705 1992 2772 llilario,
2026 2723 2088 2762 ex
2122 2709 2233 2774 illo,
2260 2709 2502 2781 inquatn,
2535 2731 2729 2786 magno
2754 2733 2816 2773 ac
2846 2720 3049 2776 celebri
3077 2725 3354 2796 episcopo,

1766 2798 1855 2865 qui
1884 2840 1896 2854 .
1949 2809 2004 2853 ut
2051 2798 2366 2872 Hieronymi
2424 2806 2608 2862 verbis
2660 2818 2871 2866 utaumr
2899 2829 2960 2868 ex
2992 2815 3155 2886 epist.
3189 2819 3258 2874 54
3289 2820 3355 2876 a‘d

1767 2889 2091 2956 Marcellam,
2121 2897 2429 2966 temporibus
2455 2899 2559 2953 suis
2587 2902 2976 2971 disertissimus,
3005 2919 3051 2963 et
3080 2912 3357 2982 confessio-

1765 2983 1845 3036 nis
1866 2985 2045 3039 merito
2072 2994 2120 3040 et
2141 2989 2256 3042 ultre
2278 2989 2537 3046 industria
2568 3003 2613 3047 et
2639 2995 2940 3065 eloquentiae
2960 2993 3213 3074 claritate,
3242 3004 3354 3062 ubi-

1765 3092 1981 3147 cumque
2009 3077 2302 3136 Romanum
2330 3099 2509 3138 nomen
2539 3095 2614 3141 est
2637 3128 2652 3155 ,
2683 3093 3101 3158 pradicabatur?

1922 3214 2122 3291 [xut]§
2163 3218 2250 3274 Ill.
2286 3250 2358 3262 —-
2387 3222 2519 3278 Alite
2549 3224 2854 3298 objectiones’
2880 3233 3124 3302 explosae.

1846 3356 1960 3409 Alia
2003 3356 2087 3411 hic
2113 3357 2350 3428 objectio
2389 3355 2640 3418 diluenda
2690 3375 2793 3432 est,
2826 3383 2944 3436 qua:
2971 3385 3091 3425 cum
3123 3374 3352 3429 varieta-

1760 3455 1868 3502 tem
1902 3452 2187 3518 quamdam
2228 3451 2507 3508 mirificam
2563 3446 2612 3510 in
2658 3459 2804 3514 hisce
2858 3477 2986 3517 xcnt
3033 3469 3350 3524 tractatibus

1758 3551 2069 3610 exaggeret,
2103 3543 2281 3600 varios
2317 3555 2571 3602 auctores
2599 3544 2825 3619 arguere
2854 3554 3084 3609 videtur.
3113 3558 3347 3622 Quibus-

1721 3633 1880 3687 ’da:u
1940 3637 2190 3690 nimirum
2219 3639 2435 3708 criticis
2490 3641 2658 3694 visum
2706 3653 2821 3708 est,
2856 3644 3004 3700 hisce
3037 3649 3347 3705 tractatibus

1757 3725 1888 3778 nihil
1920 3741 2040 3782 esse
2076 3727 2413 3796 inmqualius.
2439 3733 2542 3812 Alii
2577 3734 2742 3804 longi,
2785 3738 2879 3790 alii
2917 3730 3121 3804 breves,
3162 3741 3345 3812 plures

1756 3825 1989 3893 repetiti,
2019 3824 2104 3878 alii
2139 3825 2292 3888 clari,
2323 3811 2541 3882 obscuri
2570 3829 2690 3896 alii;
2715 3841 2766 3884 et
2793 3831 3048 3899 Du'pinius
3072 3838 3342 3907 longiores

1752 3927 1784 3965 e
1811 3912 2014 3968 Graecis
2049 3917 2361 3983 traductos,
2379 3921 2568 3975 breves
2594 3932 2770 3976 autem
2790 3938 2858 3977 ex
2879 3923 3093 3980 ‘Latinis
3115 3929 3342 3985 auctori-

1753 4001 1853 4054 bus
1887 4013 1941 4057 et
1980 4004 2324 4062 homiliarum
2361 4009 2676 4081 fragmentis
2705 4008 3026 4085 compactos
3056 4017 3335 4087 judicavit.

1751 4098 1820 4147 At
1844 4095 1910 4150 dc
1940 4097 2205 4154 brevitate
2229 4101 2481 4177 aliorum,
2523 4107 2610 4162 vel
2655 4109 2985 4180 longitudine
3025 4112 3067 4166 si
3094 4115 3214 4182 quis
3244 4112 3336 4170 ur-

1748 4197 1891 4264 geat,
1912 4194 2169 4262 numquid
2198 4196 2248 4249 id
2274 4196 2518 4256 diversos
2551 4215 2800 4258 auctores
2821 4209 3002 4262 statuit
3024 4209 3047 4260 ?
3067 4207 3254 4266 Nonne
3275 4213 3335 4268 S.

1749 4277 1896 4345 Leo,
1938 4285 2025 4352 qui
2059 4300 2342 4344 sermones
2387 4293 2517 4347 satis
2567 4297 2810 4365 prolixos
2861 4299 3045 4368 plures
3096 4303 3333 4373 scripsit,

1745 4372 1939 4430 breves
1961 4379 2147 4446 etiam,
2170 4390 2226 4436 et
2246 4387 2450 4440 auctori
2475 4399 2660 4446 neatro
2682 4385 2793 4447 fere
2816 4408 2970 4462 pares
2996 4397 3193 4452 habet?
3216 4400 3336 4456 vide

1746 4481 1909 4522 serm.
1942 4470 1995 4534 5,
2026 4470 2080 4534 6,
2115 4473 2146 4526 7
2174 4483 2229 4529 et
2261 4475 2346 4530 12.
2378 4477 2569 4555 Nonne
2598 4483 2788 4539 breves
2829 4486 2957 4541 item
3005 4488 3255 4558 leguntur
3282 4495 3332 4548 in

1743 4559 2067 4631 Augustino,
2119 4567 2208 4636 qui
2232 4573 2518 4641 caeteroqui
2553 4573 2743 4643 longos
2772 4577 3058 4650 plerosque
3082 4583 3335 4642 lucubra-

1707 4725 1716 4728 θ
1743 4656 1859 4708 vit?
1889 4657 2038 4712 Dicet
2085 4658 2317 4717 fortasse
2342 4665 2630 4736 quispiam,
2664 4668 2798 4724 adeo
2849 4670 3042 4729 breves
3062 4715 3077 4741 ,
3111 4675 3186 4731 uti
3213 4681 3332 4748 qui:

1739 4745 1861 4801 dam
1893 4768 1954 4804 rx
1991 4752 2192 4807 nostris
2219 4766 2345 4808 sunt
2366 4797 2380 4819 ,
2419 4758 2564 4812 nullo
2592 4760 2700 4814 alio
2735 4760 2984 4835 extemplo
3015 4769 3220 4837 uspiam
3245 4786 3329 4824 re-

1741 4843 1923 4909 periri.
1960 4843 2096 4911 Quid
2148 4847 2318 4916 ergo?
2366 4847 2562 4922 Hocsi'
2583 4851 2708 4919 quid
2741 4855 2950 4922 probat,
2987 4874 3094 4912 non
3139 4860 3328 4927 probat

1737 4933 1914 4986 Solum
1947 4933 2072 4988 illos
2101 4939 2270 4992 nostri
2301 4940 2536 4994 auctoris
2569 4957 2672 4994 non
2699 4958 2842 5010 esse,
2870 4946 2965 5001 sed
2994 4948 3120 5000 nulli
3161 4952 3329 5002 etiam

1741 5023 1961 5090 antiquo
1993 5025 2241 5095 scriptori
2276 5029 2627 5086 vindicandos
2650 5035 2874 5102 probat;
2919 5052 3025 5105 quo
3055 5030 3184 5090 nihil
3215 5039 3322 5094 dici

1739 5122 1917 5180 potest
1942 5115 2243 5170 absurdius.
2278 5118 2412 5184 Quis
2432 5120 2699 5184 crederet,
2731 5124 2786 5177 S.
2809 5122 3070 5178 Joannem
3105 5140 3323 5195 aposto-

1736 5204 1845 5258 lum
1883 5207 1992 5274 jam
2047 5222 2256 5274 senem,
2294 5211 2407 5278 ipso
2452 5215 2605 5266 senio
2651 5211 2998 5280 impeditum,
3030 5220 3321 5276 conciones

1737 5296 1987 5350 habuisse
2009 5308 2110 5351 tam
2140 5300 2354 5366 breves,
2384 5311 2440 5356 ut
2460 5304 2663 5357 diceret
2689 5303 2884 5369 solum,
2902 5303 3104 5371 Filioli,
3121 5306 3318 5384 diligite

1734 5386 2062 5446 alterutrum,
2113 5388 2361 5457 idemque
2413 5391 2610 5458 saepius
2672 5393 3029 5461 repetivisse,
3088 5399 3193 5454 nisi
3259 5387 3319 5457 id;

1737 5476 1792 5530 S.
1811 5476 2164 5545 Hieronymus
2180 5493 2241 5529 ex
2265 5479 2607 5547 antiquorum
2628 5477 2913 5539 traditione
2939 5485 3137 5544 litteris
3161 5495 3242 5546 m'a
3253 5494 3314 5548 n-

113 5552 782 5624 scriplorum'eonsuetudine
801 5547 1036 5633 alienum
1057 5573 1402 5630 cognoscent.
1436 5564 1627 5620 Dinos-

115 5640 233 5700 ritum
256 5647 380 5706 inter
401 5653 616 5708 (ἔτη-ωε
647 5667 713 5708 ex
741 5647 984 5706 oratione
1013 5651 1395 5708 Demosthenis
1434 5664 1624 5707 contra

113 5730 326 5797 ﬁctionem
351 5743 402 5799 in
438 5745 671 5815 priorem
712 5758 861 5798 suam
891 5745 1147 5800 adversus
1181 5741 1624 5800 Cleomedontcm

1729 5560 2162 5631 dasset?'Quidni
2211 5567 2299 5620 alii
2344 5568 2517 5639 aliqua
2573 5571 2640 5628 de
2685 5577 3137 5648 causaimpediti,
3173 5601 3308 5655 quo-

1729 5657 1906 5710 minus
1948 5655 2155 5725 longius
2181 5658 2654 5730 concionarentu’r,
2686 5665 2878 5726 brchs'
2916 5678 3196 5731 sermones
3243 5679 3307 5732 ad

1730 5737 1981 5815 populum
2015 5746 2213 5805 habere
2234 5754 2562 5819 potuerunt?
2595 5756 2683 5826 qui
2718 5758 2761 5813 si
2791 5761 2968 5820 minus
2991 5764 3202 5822 collecti
3228 5769 3306 5824 itt-
