3826 6226
532 168 578 222 ,ιδ
1880 150 2454 216 ιίιοιλΕΟΟιγὰΝΔι.
3596 115 3602 120 ι
3696 173 3747 223 to
3824 115 3826 131 :

505 282 790 337 veniuntur
816 322 828 344 ,
876 278 1250 332 nti'tractatus
1294 275 1458 329 nostri
1492 272 1794 341 scriptoris,

501 388 616 426 cant
654 373 834 425 habuit
873 384 1108 432 rttusattt,
1149 366 1285 435 quod
1319 366 1392 418 illi
1432 365 1563 416 nihil
1597 364 1701 416 tale
1734 364 2072 430 scripserim,

500 481 683 522 noster
708 480 835 521 vero
861 471 1048 516 auCtor
1081 460 1361 527 scripserit
1383 472 1597 527 quoque
1628 456 1748 519 hos,
1781 470 1916 526 quos
1947 470 2077 508 sane

498 559 657 614 rebus
692 554 1019 624 gravissimis
1047 551 1272 606 refertos
1296 562 1350 605 et
1382 551 1653 619 prazcipuo
1678 549 1858 603 studio
1890 549 2076 603 elabo-

495 661 638 705 ratus
674 650 936 711 videmus,
961 645 1184 714 ejusque
1215 644 1264 697 iu
1288 643 1504 699 schedis
1532 642 1730 711 reperti
1756 642 1824 695 ab
1853 642 2075 711 antiquo

492 744 781 800 collectore
811 739 950 807 digni
983 747 1107 790 sunt
1135 737 1320 800 habiti,
1363 749 1497 805 quos
1529 749 1633 788 una
1677 749 1800 788 cum
1832 734 1952 788 aliis
1990 748 2075 788 rc-

491 838 651 890 ferret
676 834 726 886 in
762 830 1028 894 codicem,
1072 828 1481 898 posteritatique
1512 828 1582 883 ob
1632 827 1914 898 scriptoris
1946 846 2075 897 pm.

491 926 695 988 sertim,
747 938 865 993 qua:
924 921 1233 986 obtinebat,
1269 920 1723 977 existimationem
1769 922 2071 979 mandaret.

484 1016 590 1071 Cur
625 1025 801 1069 autem
839 1016 1038 1068 Auctor
1088 1012 1407 1069 brevitatem
1451 1025 1556 1069 tam
1614 1031 1790 1069 raram
1827 1015 1975 1071 hisce
2022 1018 2072 1073 in

485 1107 799 1164 tractatibus
821 1117 1039 1162 secutus
1062 1108 1154 1171 sit,
1180 1109 1233 1161 in
1265 1106 1651 1164 Admonitionc
1679 1110 1744 1163 ad
1788 1118 2074 1167 tractatum

479 1216 581 1255 xxx
608 1201 700 1255 lib.
752 1217 809 1263 ιι,
835 1200 1004 1256 fusius
1034 1200 1298 1264 dicemus,
1344 1201 1433 1261 ubi
1471 1202 1523 1256 in
1565 1201 1704 1257 hanc
1740 1218 1855 1258 rem
1887 1204 2074 1274 conje-

476 1295 654 1356 cimus,
680 1292 855 1362 plura,
886 1292 1084 1362 quibus
1111 1294 1209 1346 bos
1242 1294 1540 1362 praesertim
1577 1304 1839 1350 tractatus
1882 1307 2076 1366 praeter

475 1397 703 1441 CiClBl‘OS
738 1385 972 1441 Zenonis
1010 1402 1130 1441 esse
1171 1404 1235 1442 ex
1269 1403 1369 1441 ms.
1404 1387 1687 1444 Remensis
1719 1389 2075 1446 adnotationi-

478 1480 577 1535 bus
606 1481 1092 1543 demoustrabitur.
1123 1483 1274 1538 Nunc
1300 1484 1352 1539 itl
1385 1501 1549 1539 unum
1584 1487 1636 1539 in
1669 1495 1911 1540 nostrmn
1946 1501 2072 1556 pro-

474 1575 709 1644 positum
737 1574 1054 1643 adjiciemus
1075 1618 1089 1639 ,
1114 1576 1256 1645 quod
1295 1592 1415 1631 eum
1446 1593 1534 1631 res
1564 1578 1714 1646 ipsae,
1744 1593 1864 1647 qua:
1889 1577 1975 1631 isti
2010 1576 2075 1631 li-

1856 271 1904 324 id
1938 270 2074 323 forte
2102 271 2157 330 A
2180 275 2341 344 gitur.
2373 272 2425 327 id
2453 282 2632 328 autem
2665 280 2833 329 totum
2855 288 2919 329 ex
2949 275 3271 346 argumenti,
3303 292 3407 331 non
3433 294 3497 335 ex
3526 279 3743 342 doctoris
3824 342 3826 357 I

2180 365 2490 447 discrimine
2540 367 2916 432 proﬁciscitur.
2960 369 3119 425 Aliud
3169 379 3250 424 est
3291 370 3358 426 de
3404 372 3675 434 virtutibus
3700 394 3743 436 et

2180 456 2325 511 vitiis
2346 497 2359 520 ,
2388 455 2615 526 aliisque
2642 473 2874 525 morum,
2907 462 2989 516 vel
3019 478 3188 518 saera:
3216 462 3458 519 historia:
3484 480 3741 537 argumen-

2180 548 2247 600 tis
2272 561 2455 618 agere,
2486 548 2572 603 ubi
2602 546 2772 605 fusior
2796 550 3011 608 dicendi
3031 555 3261 626 campus
3289 563 3457 624 patet,
3486 565 3537 611 et
3558 559 3745 617 uberior

2178 637 2387 693 calamo
2418 639 2635 694 licentia
2666 643 3012 699 conceditur:
3044 645 3189 699 aliud
3229 655 3408 701 autem
3450 658 3667 706 tractare
3691 652 3747 707 tle

2178 731 2473 802 mysteriis,
2508 750 2626 803 qua:
2658 750 2765 789 non
2798 736 3029 807 simplici
3063 738 3361 807 locutione,
3396 740 3488 796 sed
3519 758 3608 809 per
3633 744 3746 799 alle-
3824 798 3826 809 ,

2178 824 2355 895 gorias
2373 836 2426 880 et
2459 826 2854 897 Scripturartnn
2882 830 3082 899 ﬁguras
3108 847 3379 901 exponere
3398 833 3629 891 breviter
3654 838 3748 905 pla-

2177 917 2307 972 cuit.
2337 918 2393 972 ln
2426 920 2581 988 primi
2613 922 2827 990 generis
2855 924 3170 979 tractatibus
3202 927 3440 996 apertior
3464 936 3547 984 est
3578 931 3747 984 Aucto-

2178 1011 2254 1083 ris
2283 1028 2493 1077 sermo;
2529 1013 2581 1068 in
2613 1017 2853 1071 secundo
2875 1028 3054 1075 autem
3096 1035 3327 1090 genere,
3373 1023 3514 1092 quod
3544 1024 3750 1079 Pascha-

2176 1104 2304 1159 littm
2366 1103 2627 1162 festorum
2690 1109 2949 1165 lectiones
3013 1110 3455 1186 funetioncsque,
3515 1134 3610 1173 nec
3659 1135 3746 1173 non

2178 1197 2432 1252 Auctoris
2471 1198 2743 1267 ingenium
2780 1203 3078 1270 postulasse
3108 1204 3375 1273 videntur,
3412 1222 3478 1262 ne
3501 1207 3747 1263 auditores

2177 1290 2365 1346 eadem
2408 1294 2663 1363 mysterii
2712 1296 2959 1350 omnibtts
2988 1297 3100 1366 jam
3151 1310 3305 1363 nota,
3350 1300 3395 1355 si
3424 1301 3583 1369 plano
3609 1300 3748 1353 modo

2177 1384 2538 1449 traderentur,
2576 1385 2909 1454 fastitlirent,
2945 1389 3009 1443 ad
3040 1406 3223 1445 eorum
3251 1394 3461 1447 animos
3487 1395 3749 1447 contineno

2175 1475 2275 1530 dos
2304 1487 2356 1531 et
2387 1478 2737 1533 oblectandos
2758 1521 2772 1545 ,
2818 1496 2880 1533 ea
2921 1484 3176 1551 mysteria
3208 1484 3388 1554 ﬁguris
3417 1495 3465 1538 et
3497 1484 3748 1555 allegoriis

2176 1572 2524 1639 exprimenda
2560 1578 2761 1628 Auctor
2787 1575 3078 1644 judicavit;
3117 1593 3180 1631 ex
3213 1578 3408 1646 quibus
3434 1578 3603 1644 aliqua
3631 1577 3747 1630 sub-
3824 1614 3826 1627 ,

475 1674 561 1720 cet
586 1665 779 1721 breves
810 1674 1070 1723 tractatus
1101 1670 1402 1732 continent,
1434 1670 1712 1739 antiquum
1740 1669 2066 1740 Scriptorem
2101 1654 2147 1713 Β
2172 1660 2296 1716 inde
2327 1663 2629 1720 obscuritas
2657 1666 2981 1721 obtrudilur.
3015 1668 3147 1722 "inc
3175 1684 3303 1723 sane
3336 1670 3387 1723 in
3414 1671 3573 1724 rebus
3600 1668 3744 1735 ipsis.
3824 1676 3826 1699 ⁵

475 1756 790 1827 praeferant,
820 1758 948 1813 nihil
980 1760 1139 1830 plane
1165 1770 1270 1823 est,
1299 1776 1397 1815 cur
1419 1774 1514 1814 eos
1540 1776 1567 1813 a
1600 1770 1917 1815 cacterorum
1945 1777 2070 1816 auc-

477 1858 593 1904 tore
621 1850 938 1921 eripiamus,
964 1866 1083 1907 cum
1112 1851 1308 1922 stylum
1340 1851 1587 1906 eumdem
1611 1851 1953 1921 apertissime
1973 1868 2067 1907 ex-

477 1943 718 1998 ltibeattt.

544 2035 773 2102 Quidam
824 2036 1117 2108 fragmenta
1170 2052 1482 2092 sermonum
1530 2046 1677 2102 sunt,
1715 2053 1823 2092 non
1872 2045 2056 2091 autem

475 2142 756 2183 sermones
782 2146 794 2181 :
820 2127 1050 2184 fatemur
1078 2128 1239 2195 ultro,
1261 2138 1315 2185 et
1338 2128 1390 2183 in
1420 2129 1858 2184 adnotationibus
1876 2128 2063 2183 obser-

473 2230 655 2274 vatum
706 2229 807 2275 est.
848 2220 985 2287 Quid
1032 2223 1232 2291 porro?
1279 2222 1527 2277 Aliumue
1572 2222 1732 2293 igitur
1787 2231 2059 2277 auctorem

474 2313 711 2370 habent?
747 2314 883 2382 Quid
922 2330 1105 2387 qumso
1140 2317 1438 2387 argumenti
1491 2316 1633 2369 istud
1684 2314 1802 2369 est?
1830 2315 1973 2368 Inter
1999 2313 2055 2367 S.

474 2406 616 2460 Petri
648 2407 964 2479 Chrysologi
1016 2423 1181 2478 opera
1213 2408 1419 2476 aliquot
1458 2422 1736 2462 sermones
1769 2405 1939 2459 mtttili
1975 2406 2057 2459 itt-

470 2498 778 2564 veniuntur,
812 2514 946 2569 quos
988 2507 1165 2554 tamen
1212 2497 1611 2553 alteriauctori
1660 2497 1861 2552 ideirco
1907 2495 2059 2551 addi-

470 2593 669 2649 cendos
697 2595 999 2664 suspicatus
1024 2602 1106 2648 est
1126 2609 1305 2648 nemo.
1328 2592 1402 2648 De
1424 2592 1834 2664 repetitionibus
1853 2601 2054 2658 autem,

469 2704 587 2757 qure
620 2689 668 2741 itt
701 2687 939 2758 pluribus
981 2687 1029 2741 id
1076 2686 1293 2757 generis
1328 2686 1646 2740 tractatibus
1674 2685 2055 2750 observantur,

467 2779 598 2850 qutd
637 2779 935 2835 addamus?
980 2780 1137 2834 Plura
1171 2780 1423 2833 similium
1459 2779 1840 2848 repetitionum
1867 2792 2056 2832 exem-

470 2875 555 2945 pla
590 2876 641 2928 in
694 2875 813 2929 aliis
864 2889 1075 2945 quoque
1112 2873 1358 2928 Patribtts
1393 2880 1705 2942 suppetunt,
1729 2887 1848 2942 qua:
1877 2881 2055 2925 tamen

468 2984 626 3023 nemo
656 2969 719 3023 ad
746 2969 926 3023 varios
947 2979 1194 3023 auctores
1208 2966 1523 3021 statuendus
1554 2960 1810 3020 tradbxit.
1839 2964 1899 3021 S.
1927 2966 2055 3018 Am-

2173 1771 2281 1808 non
2315 1756 2365 1809 in
2405 1757 2584 1811 verbis
2616 1773 2712 1811 nec
2755 1759 2805 1811 in
2831 1760 2991 1828 style.
3023 1759 3109 1828 qui
3156 1759 3355 1829 ubique
3393 1769 3475 1813 cst
3510 1760 3746 1830 atqualis,

2171 1848 2476 1904 obscuritas
2519 1849 2685 1912 inest;
2729 1865 2792 1903 ex
2825 1850 2947 1921 styli
2988 1859 3198 1915 autem,
3242 1861 3295 1903 ut
3322 1866 3467 1917 smpe
3496 1851 3745 1914 diximus,
3824 1856 3826 1859 '

2170 1956 2275 1994 non
2303 1956 2368 1996 ex
2392 1956 2573 1995 rerum
2606 1941 2917 1995 discriminc
2944 1942 3175 1995 varietas
3199 1941 3491 2012 colligitur.
3523 1943 3745 1999 Tandem
3824 2012 3826 2015 ι

2167 2048 2233 2085 ex
2269 2031 2351 2085 his
2381 2032 2807 2097 obscurioribus,
2836 2047 2949 2096 seu,
2985 2042 3044 2087 ut
3076 2033 3323 2104 pr0prius
3351 2036 3654 2105 loquamur,
3680 2037 3750 2088 al-
3824 2066 3826 2069 -

2165 2124 2413 2194 legoricis
2441 2125 2757 2179 tractatibus
2789 2125 3027 2193 plerique
3057 2142 3123 2181 cx
3152 2127 3253 2181 illis
3281 2136 3425 2193 sunt,
3456 2142 3589 2197 quos
3609 2145 3749 2199 mque
3824 2158 3826 2175 ε

2160 2232 2224 2271 ac
2243 2218 2330 2271 alii
2362 2233 2425 2273 ex
2456 2217 2797 2273 nitidioribus
2818 2230 2979 2291 atque
3007 2222 3456 2289 accuratioribus,
3488 2233 3747 2295 tamquam

2160 2310 2403 2380 ejusdem
2449 2315 2719 2380 auctoris,
2769 2314 2820 2368 in
2867 2314 2967 2369 hac
2995 2315 3285 2371 Veronensi
3336 2317 3577 2375 Ecclesia
3618 2319 3749 2373 inter

2159 2418 2312 2459 sacra
2341 2404 2512 2460 ofﬁcia
2547 2414 2672 2460 ante
2714 2421 2912 2461 nouum
2957 2409 3214 2464 sa-culum
3258 2410 3431 2466 lectos
3473 2413 3523 2466 in
3571 2411 3748 2482 pra-fa-

2158 2498 2308 2553 tione
2333 2497 2830 2554 animadvertimus.

2235 2592 2399 2648 Unica
2425 2592 2533 2663 jam
2573 2593 2806 2662 objectio
2850 2604 3015 2651 restat
3042 2612 3105 2651 ex
3148 2596 3308 2651 rebus
3330 2637 3343 2658 .
3378 2613 3496 2666 quin
3526 2597 3576 2653 in
3608 2597 3749 2652 hisce

2162 2686 2477 2741 tractatibus
2498 2687 2868 2755 continentur,
2902 2689 3087 2758 petita,
3116 2705 3180 2745 ex
3205 2689 3398 2759 quibus
3419 2691 3613 2761 aliqua:
3635 2706 3749 2745 cum

2161 2794 2262 2834 nec
2294 2780 2383 2832 uni
2423 2779 2653 2843 sa‘culo,
2690 2780 2757 2834 ita
2790 2796 2887 2836 nec
2924 2781 3013 2835 uni
3042 2782 3290 2852 scriptori
3325 2783 3574 2837 videntur
3602 2798 3750 2852 posse

2160 2886 2478 2941 congruere.
2510 2870 2612 2927 Sed
2635 2871 2772 2927 hanc
2800 2872 3161 2943 objectionent
3194 2875 3457 2929 latissimo
3485 2885 3747 2947 patentem

2161 2963 2415 3019 dirimere
2438 2967 2713 3036 sequentis
2731 2967 2836 3021 erit
2856 2967 3069 3035 capitis,
3096 2966 3148 3021 in
3167 2984 3271 3037 quo
3301 2967 3491 3023 horum
3517 2970 3747 3024 omnium

469 3062 712 3117 brosium
741 3062 1066 3132 aliquotiens
1105 3060 1293 3115 eadem
1328 3060 1593 3130 ingerere,
1622 3058 1826 3127 jamdiu
1869 3056 2055 3113 obser—
2083 3031 2128 3095 Ο
2166 3066 2483 3111 tractatumn
2534 3066 2809 3113 auctorem
2833 3100 2847 3122 ,
2901 3073 3059 3128 quem
3116 3060 3373 3114 hactenus
3425 3060 3749 3117 assentimus
3824 3088 3826 3115 ;

466 3165 660 3210 varunt
687 3155 927 3210 editOres
954 3154 1285 3209 Benedictiui
1320 3168 1439 3223 pag.
1486 3150 1623 3207 iOiS
1678 3161 1809 3206 tom.
1837 3166 1895 3214 tt,
1923 3150 2057 3220 quod

465 3248 531 3313 ei,
578 3249 866 3317 inquiunt,
914 3246 1125 3303 subinde
1153 3246 1418 3301 usureuire
1469 3245 1958 3321 animadvertimus;
2007 3255 2060 3297 et

468 3355 585 3412 pag.
626 3341 780 3407 1043,
814 3322 1025 3395 totidem
1048 3358 1173 3411 pene
1201 3340 1360 3394 verbis
1392 3339 1579 3394 eadem
1609 3337 1804 3393 alicubi
1830 3337 2056 3407 repetita

464 3445 910 3491 commemorant.
933 3436 991 3491 S.
1010 3436 1117 3491 Leo
1137 3449 1360 3507 magnos
1383 3450 1560 3489 notme
1584 3434 1790 3504 integra
1810 3431 2056 3503 quaedam

462 3529 639 3599 capita
671 3530 859 3585 iisdem
889 3532 1068 3586 verbis
1089 3546 1155 3586 ex
1184 3545 1291 3585 uno
1336 3530 1387 3583 in
1413 3527 1554 3583 aliud
1587 3528 1909 3597 Opuseulum
1950 3542 2054 3581 non

464 3638 756 3693 numquam
800 3623 1185 3694 transcripsit?
1216 3622 1456 3693 Epistola
1487 3621 1719 3677 celebris
1746 3622 1812 3677 ad
1843 3622 2053 3676 Flavia-

464 3731 611 3780 num,
638 3731 757 3786 cap.
777 3717 811 3771 5
832 3724 887 3772 et
913 3718 963 3781 ὁ,
999 3716 1181 3786 plures
1209 3716 1505 3773 sententias
1527 3716 1790 3777 continet,
1825 3729 1959 3785 quas
1988 3730 2053 3769 ex

461 3808 623 3863 variis
653 3809 991 3864 sermonibus
1015 3809 1081 3864 de
1100 3808 1392 3863 Nativitate
1422 3808 1621 3863 Christi
1649 3808 1962 3878 desumptas
1987 3806 2054 3861 ad

460 3901 681 3955 verbum
733 3911 1035 3970 postremus
1074 3901 1251 3956 editor
1292 3902 1356 3956 ad
1389 3902 1688 3972 marginem
1716 3901 1944 3955 notavit.
1996 3900 2051 3954 In

461 3992 620 4061 epist.
652 3991 741 4056 97,
798 3994 862 4046 ad
899 3994 1194 4047 monachos
1221 3993 1545 4059 Palwstinze,
1579 4006 1786 4063 septem
1816 3994 2050 4063 capitula

460 4082 747 4149 habentur,
779 4101 899 4155 quae
941 4085 1162 4140 totidem
1188 4082 1389 4149 verbis,
1438 4088 1622 4154 paucis
1663 4088 1935 4155 exceptis,
1976 4087 2052 4142 le-

459 4186 660 4248 guntur
691 4178 749 4240 in,
775 4179 999 4248 cpistola
1037 4178 1157 4245 154,
1188 4178 1253 4232 ad
1285 4179 1519 4233 Leonem
1548 4181 1868 4248 Augustum,
1900 4188 1955 4234 et
1997 4180 2048 4234 in

460 4274 697 4341 tttrisqne
727 4269 810 4325 ltis
839 4270 1085 4340 epistolis
1111 4272 1299 4340 longus
1330 4272 1598 4325 invenitur
1622 4272 1772 4326 locus
1796 4288 1860 4327 ex
1883 4287 2045 4326 scrin.

457 4366 545 4430 (il,
572 4366 637 4420 de
665 4366 921 4421 Passione
957 4366 1188 4429 Domini,
1213 4364 1303 4435 qui
1334 4365 1439 4419 duo
1464 4365 1667 4435 integra
1696 4366 1870 4432 capita
1899 4380 2050 4419 com-

452 4461 721 4530 plectitur.
748 4459 1006 4524 Tandem,
1027 4460 1167 4528 qnod
1199 4460 1389 4513 mirum
1413 4459 1644 4513 maxime
1670 4458 1901 4525 accidet,
1925 4458 2046 4513 duae

453 4554 698 4622 epistolae
729 4552 794 4607 ad
826 4552 1188 4616 Pulchcriam,
1214 4551 1374 4620 epist.
1399 4551 1465 4604 27
1492 4561 1543 4605 et
1568 4551 1653 4612 50,
1682 4552 1937 4621 pleraque
1960 4568 2043 4606 re—

452 4649 616 4717 petita
644 4648 946 4714 continent,
980 4646 1433 4718 quemadmodum
1467 4654 1520 4701 et
1548 4646 1666 4699 duze
1697 4645 1761 4699 ad
1791 4645 2042 4701 Theodo-

449 4740 587 4792 sium
613 4742 773 4809 Ang.,
794 4756 881 4808 ep.
914 4741 983 4794 59
1007 4750 1059 4793 et
1082 4737 1172 4803 40,
1207 4738 1331 4793 licet
1367 4738 1571 4792 eisdem
1600 4737 1847 4807 personis
1864 4748 1918 4793 et
1938 4739 2045 4795 exi-

448 4848 552 4905 guo
577 4834 790 4903 quidem
818 4834 1105 4888 intervallo
1136 4833 1342 4887 tradita?
1375 4831 1594 4886 fuerint.
1640 4832 1789 4898 Quod
1814 4834 1857 4889 si
1884 4835 2043 4888 hasce

448 4931 516 4983 ob
548 4929 898 4998 rcpctitioues
929 4929 1093 4982 alium
1118 4928 1185 4981 ab
1207 4927 1516 4989 Ambrosio,
1540 4927 1966 4990 Leone,vola|iis
1990 4928 2041 4982 id

450 5022 657 5085 generi"
706 5038 839 5091 quos
875 5020 1051 5094 [sun]
1070 5021 1346 5075 brevitatis
1370 5020 1537 5089 gratia
1561 5021 2039 5091 pra-termittituus,

454 5116 797 5182 repetitarum
830 5116 1265 5169 lucubrationum
1292 5114 1581 5168 Auctorem
1607 5129 1765 5168 nemo
1792 5116 2042 5176 opinatus

448 5217 562 5270 est;
604 5224 760 5261 nemo
812 5209 937 5261 item
981 5217 1170 5278 urgeat
1212 5205 1587 5275 repetitionem
1622 5213 1673 5260 et
1723 5206 2036 5275 similitudi-

450 5315 569 5351 nem
598 5301 898 5370 aliqttcruru
927 5318 989 5355 ex
1021 5302 1276 5357 brevibus
1306 5300 1473 5353 nostri
1508 5297 1761 5352 Auctoris
1794 5300 2034 5353 tractati-

448 5390 567 5457 bus,
616 5395 680 5449 de
725 5412 825 5464 qua
869 5396 1090 5459 videsis,
1126 5412 1243 5462 qua:
1281 5394 1330 5445 itt
1364 5392 1746 5446 AtlutOnitiottc
1775 5392 1839 5445 ad
1875 5402 2028 5446 tract.

446 5484 516 5537 30
550 5484 639 5537 lib.
672 5502 727 5551 ιι,
755 5504 873 5557 pag.
893 5487 1021 5552 958,
1056 5496 1314 5556 praeterea
1344 5486 1714 5539 observamus.

516 5576 769 5631 Venimus
798 5579 904 5647 jam
931 5580 995 5633 ad
1033 5578 1324 5632 discrimen
1358 5576 1509 5641 illud,
1538 5576 1679 5645 quod
1707 5592 1771 5631 ex
1803 5577 2032 5631 aliorum

446 5672 820 5741 perspicuitate
853 5682 1168 5728 tractatuum
1197 5715 1211 5737 ,
1242 5670 1468 5727 aliorum
1500 5671 1827 5727 obscuritate
1874 5672 2032 5728 colli-

2074 4423 2127 4482 Ι,
2176 4444 2179 4445 ,

2165 3150 2412 3214 unicum,
2446 3151 2616 3219 quarti
2648 3150 2831 3205 sarcnli
2875 3150 3042 3207 fuisse
3085 3152 3464 3219 ostendemus;
3495 3153 3565 3207 ibi
3612 3154 3748 3207 enim
3824 3224 3826 3231 Ι

2162 3256 2513 3311 qurccnmqne
2540 3241 2684 3296 aliud
2719 3251 2927 3312 tempus
2966 3239 3277 3315 prospicere
3314 3261 3417 3298 non
3452 3245 3611 3301 nullis
3645 3245 3746 3299 visa
3824 3320 3826 3323 Ι

2161 3346 2316 3399 sunt,
2350 3345 2617 3405 quatenus
2649 3336 2700 3390 in
2736 3336 2876 3392 idem
2918 3338 3173 3393 saeculum
3215 3338 3500 3394 commode
3526 3339 3746 3417 cadant,
3824 3326 3826 3329 ’

2162 3432 2506 3488 statuendum
2536 3432 2658 3488 erit.

2791 3547 3019 3605 CAPUT
3059 3547 3123 3603 ll.

2163 3682 2587 3722 DEMONSTIMTUR
2617 3682 2895 3723 AUCTOREM
2947 3683 3235 3723 εειιιιιειδεις
3263 3684 3481 3732 QCARTO
3503 3683 3744 3746 ⁵εᾶἰεέυιυ,
3824 3682 3826 3691 ’

2232 3777 2499 3823 ΕΦΕΜοοΕ
2527 3778 2693 3817 ΟΜΝΙΑ
2722 3778 3065 3829 CONGHUEBE,
3100 3779 3217 3828 QU.E
3247 3780 3299 3819 IS
3329 3779 3558 3821 OMXIBUS
3580 3781 3746 3820 'l'ltAc-

2229 3869 2457 3909 rursus
2483 3842 2875 3911 οοκτικειιτύκ.

2159 3967 2185 4038 §
2218 3966 2256 4020 1.
2284 3998 2354 4030 τ-
2387 3967 2710 4036 Expenditur
2750 3970 2966 4040 insignis
3017 3971 3157 4024 locus
3180 4014 3193 4036 ,
3244 3972 3326 4025 ubi
3374 3973 3750 4045 quadringenti

2228 4060 2397 4117 ferme
2426 4063 2548 4116 anni
2579 4063 2640 4116 ab
2668 4062 2886 4117 Auctore
2910 4077 3252 4121 recensentur.
3285 4066 3567 4120 Arbitroria
3588 4070 3749 4123 edito-

2225 4173 2341 4210 rum
2378 4156 2744 4211 Veronensium
2766 4157 3050 4213 emendatio
3076 4170 3298 4214 notatur.
3330 4158 3625 4217 Cardinolis
3647 4162 3749 4216 Πα-
3824 4152 3826 4159 ’

2224 4251 2356 4303 ronii
2404 4250 2618 4323 objectio
2659 4250 2776 4304 aliis
2822 4252 3064 4319 exemplis
3105 4251 3322 4306 diluitur
3356 4270 3373 4307 :
3418 4272 3479 4308 ac
3520 4254 3581 4311 S.
3622 4255 3747 4308 I’In'o

2228 4344 2392 4397 lnstrii
2450 4344 2795 4398 testimonium
2847 4344 3114 4399 arbitrtu-ie
3160 4346 3281 4400 item
3331 4349 3651 4401 emendatum
3696 4352 3748 4400 in
3824 4346 3826 4417 ξ

2222 4438 2443 4492 editione
2492 4435 2764 4503 Fabricii,
2823 4454 2885 4491 ex
2934 4439 3036 4507 ﬁde
3090 4440 3321 4493 codicum
3378 4442 3748 4495 restituendum

2221 4531 2526 4584 ostenditur.
2560 4530 2677 4583 Alia
2721 4530 2955 4598 quendam
2992 4532 3219 4603 ejusdem
3264 4532 3366 4585 loci
3404 4534 3553 4587 verba
3581 4537 3751 4588 consi-

2222 4621 2485 4676 dematur.

2222 4735 2353 4814 Cum
2377 4736 2443 4791 de
2467 4737 2701 4791 auctoris
2722 4746 2879 4793 aetate
2907 4753 3013 4793 non
3040 4739 3260 4795 aliunde
3280 4728 3555 4811 cognosci,
3585 4757 3747 4813 quam

2149 4845 2212 4883 ex
2240 4829 2443 4900 aliquot
2468 4832 2703 4898 ipsorum
2728 4837 3050 4887 tractatuum
3078 4834 3398 4889 testimoniis
3428 4838 3617 4905 possit,
3648 4855 3749 4891 nee

2148 4938 2210 4978 ea
2238 4924 2338 4977 nisi
2367 4922 2678 4993 singillatim
2707 4924 2907 4987 afferri.
2940 4936 2993 4980 et
3021 4926 3355 4981 considerari
3383 4941 3616 4998 queant;
3655 4946 3750 4982 vc-

2145 5032 2350 5083 remur,
2369 5017 2596 5084 ne,dum
2620 5033 2684 5072 ex
2712 5018 2889 5087 aliquo
2919 5028 3149 5074 tractatu
3181 5034 3499 5090 argumenta
3522 5022 3750 5077 elicien-

2147 5121 2251 5177 tur,
2282 5128 2399 5181 quae
2430 5121 2678 5183 quartum
2709 5113 2961 5169 srcculunt
2992 5125 3180 5185 aperte
3210 5116 3461 5185 prodant,
3490 5118 3533 5172 si
3561 5133 3626 5172 ex
3662 5119 3749 5173 bis

2144 5205 2376 5259 subinde
2405 5208 2643 5259 omnium
2679 5216 2997 5263 tractatuum
3026 5219 3299 5263 auctorem
3336 5209 3511 5264 eidem
3544 5212 3750 5265 sarculo

2146 5296 2469 5368 alﬁgcndum
2502 5314 2805 5368 arguamus,
2838 5300 3136 5356 illationem
3170 5302 3402 5357 lectores
3432 5317 3535 5356 non
3568 5303 3754 5375 legiti-

2142 5407 2284 5446 mam
2319 5403 2585 5462 regerant.
2620 5392 2725 5448 Hos
2758 5394 2935 5463 itaque
2965 5401 3143 5451 statim
3180 5396 3279 5451 hoc
3320 5398 3474 5453 initio
3507 5415 3747 5467 prmum-

2145 5485 2284 5539 uitos
2313 5485 2581 5552 volumus,
2608 5487 2951 5542 meminerint
2985 5489 3180 5557 primo,
3215 5488 3440 5558 nosjam
3470 5493 3749 5561 superiori
3778 5558 3781 5563 η

2142 5578 2319 5649 capite
2345 5579 2746 5635 demonstrasse
2787 5597 2948 5635 unum
2980 5596 3100 5636 esse
3141 5582 3380 5637 omnium
3415 5592 3747 5641 tractatuum

2140 5684 2441 5741 auctorem,
2476 5673 2544 5727 ita
2577 5680 2634 5727 ut
2664 5672 2921 5743 quidquid
2947 5672 3016 5729 dc
3046 5673 3201 5731 unius
3229 5682 3487 5732 tractatus
3510 5687 3747 5735 auctore
