3826 6226
144 182 197 261 tt
822 202 1266 259 DlSSERTA'I‘IO
1306 203 1346 270 ι,
1391 202 1478 257 DE
1517 202 1574 257 s.
1618 199 1925 260 ZENUNIS.
1974 203 2220 259 'fttAC'I‘.
2266 205 2350 259 ET
2394 205 2668 261 :ETATE.
3208 280 3213 283 _
3329 166 3398 264 ita

148 304 393 398 probetur,
415 324 545 377 satis
570 320 821 392 probetur
841 320 905 373 de
928 328 1147 373 auctore
1171 318 1341 392 [xciv]
1358 320 1619 395 omnium;
1640 332 1702 370 ac
1729 320 1776 376 Α
1807 320 2076 390 imaginem
2099 338 2198 373 non
2228 332 2347 374 ante
2372 323 2561 376 sa’cula
2588 322 2744 390 fuisse
2770 322 3078 377 contendant
3099 362 3114 386 ,
3136 320 3228 376 sed
3256 340 3311 377 eo
3336 341 3397 377 ea:

146 418 313 475 deinde
338 416 541 469 consilii
573 410 743 465 nuStri
770 426 909 474 esse,
939 428 1043 463 non
1072 426 1137 463 ex
1172 413 1337 482 ιιιιίιιδ⁹
1356 420 1579 470 tantum,
1605 408 1697 462 sed

145 527 197 565 ex
243 510 455 579 plurium
489 504 718 559 invicem
749 502 1144 556 cancint-ntium
1179 512 1499 555 traeiatuum
1549 501 1697 553 testi.

144 602 331 665 moniis,
362 612 476 668 qua:
500 594 731 651 subinde
753 592 1039 648 sileremus
1060 592 1113 646 in
1145 592 1409 658 medium,
1441 594 1699 660 integrann

144 691 307 763 capitis
348 687 858 745 demonstrationem
912 684 1184 739 conﬁcere
1232 700 1245 735 :
1304 698 1463 753 quam
1523 694 1700 737 tamen

147 788 307 858 ipsam.
341 775 438 838 non
494 780 655 850 plane
704 777 1008 833 confectum
1062 776 1135 855 iri
1181 774 1545 835 intendimus,
1599 774 1701 828 nisi

144 887 455 948 posteaquam
500 870 809 927 testimonia
840 868 1068 940 aliquot,
1099 883 1219 938 qua:
1245 866 1300 921 in
1321 866 1462 921 aliud
1494 876 1703 935 tempus

144 970 473 1027 transferenda
503 978 774 1036 putantur,
800 967 977 1023 eidem
1003 967 1205 1022 sarculo
1245 965 1375 1020 nihil
1402 979 1704 1036 repugnare

144 1066 229 1117 sub
256 1065 398 1117 ﬁnem
428 1060 619 1126 capitis
646 1060 1010 1114 docuerimus.

206 1154 364 1219 itaque
417 1151 900 1222 quadringentorum
950 1154 1108 1221 ferme
1165 1165 1419 1204 annorum
1470 1148 1702 1209 nutatio,

144 1249 262 1317 quia
305 1245 484 1300 tradita
514 1244 826 1319 Corinthiis
872 1244 1108 1313 Epistula
1156 1244 1306 1297 Pauli
1348 1243 1413 1297 ad
1454 1236 1732 1296 Auctoris

144 1348 322 1394 :ctatent
365 1347 715 1392 recensentur
760 1344 917 1389 tract.
951 1335 1007 1399 5,
1054 1336 1146 1388 lib.
1178 1352 1231 1399 1,
1270 1334 1494 1389 evidens
1541 1348 1703 1400 argn-

144 1438 346 1484 mentam
374 1437 451 1481 est
479 1443 601 1481 cum
629 1427 830 1480 saeculo
862 1436 1053 1495 quarto
1079 1427 1364 1493 scripsisse
1394 1444 1407 1480 :
1442 1425 1522 1481 sic
1562 1425 1703 1479 enim

143 1521 200 1574 ibi
228 1520 431 1573 habetur
456 1537 467 1570 :
499 1518 562 1571 At
598 1533 715 1571 cum
744 1526 862 1569 ante
891 1533 1051 1569 annos
1084 1516 1243 1584 ferme
1270 1505 1670 1586 quadringentos
1688 1556 1703 1579 ,

141 1611 202 1664 vel
220 1626 271 1663 eo
294 1610 502 1676 tnnplius
526 1608 882 1679 Apostolicum
914 1610 1007 1661 hoc
1038 1619 1274 1679 aperetar
1318 1609 1535 1661 edictum
1559 1650 1570 1667 ,
1605 1625 1704 1675 quo

1806 420 2024 479 tempore
2062 429 2173 465 eum
2217 413 2471 467 Christum
2494 423 2539 465 rt
2573 412 2769 465 Filium
2803 413 2895 465 Dci
2932 416 3125 481 factum
3164 430 3304 479 esse,
3334 432 3396 467 ea;

1804 516 1904 564 quo
1932 513 2156 554 nostram
2184 521 2385 557 carnem
2411 523 2473 558 ca:
2506 505 2713 579 Virgine
2737 507 3032 575 assumpsit.
3059 504 3289 561 nontotis
3308 506 3397 559 ab-

1807 593 1925 644 hinc
1946 595 2329 664 quadringentis
2344 599 2512 650 annis.
2523 599 2785 655 Eusebius
2799 600 3143 654 Ccvsariensis
3156 599 3395 668 ejusdem

1806 684 1989 738 saeculi
2020 687 2272 754 scriptor.
2304 690 2393 756 qui
2435 689 2574 742 diem
2617 690 2750 748 obiit
2790 709 2878 746 an.
2923 694 3045 756 540,
3091 693 3170 748 sic
3205 692 3400 749 eﬂ‘atur

1806 775 1901 829 lib.
1946 791 1981 829 ιι
2009 787 2192 831 contra
2226 780 2531 833 Marcellum
2562 785 2923 853 Ancyranum,
2954 793 3117 854 cap.t
3148 806 3158 839 :
3194 786 3257 840 In
3288 790 3395 855 pri-

1809 868 1904 919 mis
1944 868 2263 936 paradoxum
2304 871 2436 923 illud
2474 882 2547 923 est
2588 876 2852 944 incaepisse
2889 878 2983 931 hoc
3022 878 3242 932 Verbum
3296 898 3396 935 non

1807 957 1870 1010 ab
1894 960 2040 1013 annis
2069 959 2185 1013 hinc
2210 970 2343 1014 retro
2372 962 2760 1034 quadringentis
2798 967 3039 1040 impletis.
3072 971 3399 1042 Psettdo‘sy-

1809 1049 1982 1103 nodus
2009 1051 2344 1106 Sardicensis
2392 1057 2441 1106 in
2473 1054 2691 1108 decreto
2716 1057 2856 1124 apud
2908 1060 3163 1115 Hilarium
3208 1066 3395 1133 fragm.

1809 1144 1863 1205 3,
1906 1161 2051 1198 num.
2089 1146 2152 1208 ἐξ,
2194 1155 2325 1198 tum.
2370 1161 2437 1209 ιι,
2466 1162 2582 1217 pag.
2606 1147 2735 1221 ¹618,
2763 1150 3013 1207 editionis
3050 1155 3394 1221 Verottensis,

1808 1234 2057 1289 eumdem
2103 1234 2409 1291 Marcellum
2467 1239 2809 1309 Ancyranum
2862 1236 3209 1312 reprehendit
3260 1249 3399 1302 inter

1809 1335 2027 1390 caetera,
2061 1338 2344 1396 propterea
2374 1330 2514 1397 quod
2546 1330 2746 1384 initium
2767 1373 2783 1399 ,
2812 1333 3002 1402 inquit,
3033 1341 3280 1407 regnandi
3305 1358 3396 1393 ac.

1810 1419 2002 1486 cepisse
2032 1417 2308 1474 Dominum
2330 1421 2466 1475 dicat
2495 1433 2613 1477 ante
2637 1426 3032 1497 quadringentos
3062 1427 3243 1485 annos.
3278 1417 3401 1489 Hmc

1810 1524 1988 1568 autem
2023 1516 2494 1588 pseudo-synodus
2538 1517 2721 1573 habita
2765 1532 2847 1574 cst
2891 1537 2979 1576 an.
3011 1522 3138 1580 547.
3171 1523 3229 1580 S.
3258 1525 3403 1580 Hila-

1811 1604 1922 1659 rius
2001 1606 2352 1663 Pictaviensis
2420 1610 2557 1665 libro
2620 1627 2658 1665 ιι
2715 1610 2975 1668 adversus
3026 1595 3403 1673 constantiam

143 1712 178 1755 et
216 1702 464 1754 vivaciores
514 1702 655 1771 fuere
686 1699 917 1753 homines
942 1741 954 1764 ,
1007 1708 1051 1751 et
1094 1699 1347 1751 rarissimi
1393 1699 1709 1761 Christiani;
1738 1698 1786 1757 B
1814 1697 2015 1766 scripto
2044 1698 2144 1753 sub
2168 1715 2256 1752 an.
2287 1700 2391 1755 555
2420 1704 2506 1753 vel
2532 1702 2634 1757 356
2661 1721 2674 1756 :
2710 1702 2835 1758 Post
2864 1705 3260 1776 quadringentos
3291 1720 3407 1764 καπ-

144 1811 219 1846 cur
241 1810 321 1864 ego
349 1793 625 1845 clrristiano
656 1784 777 1844 orbe
813 1791 923 1860 ipso
954 1805 1081 1861 pene
1096 1791 1210 1860 jam
1245 1800 1370 1854 toto,
1414 1788 1707 1841 hominum-

145 1906 221 1957 que
246 1889 491 1941 vivacitate
518 1886 709 1939 mundo
738 1898 1031 1939 senescente
1060 1886 1267 1951 detrita,
1303 1885 1578 1937 obtundam
1600 1901 1711 1938 ver-

147 1980 208 2032 bis
228 1978 531 2048 palpantibus
552 1979 715 2032 aciem
742 1978 990 2039 veritatis,
1016 1987 1123 2048 etc.
1153 1978 1283 2044 Qua‘
1309 1977 1525 2046 quidem
1554 1977 1714 2031 chro-

147 2072 243 2125 nica
272 2072 464 2124 notatio
494 2081 602 2123 tum
636 2071 686 2123 in
740 2084 869 2123 mss.
898 2068 1171 2131 omnibus,
1222 2077 1332 2120 tum
1380 2068 1431 2122 in
1475 2068 1713 2122 editione

150 2165 291 2232 prima
320 2162 510 2217 Veneta
543 2162 719 2232 palam
751 2177 813 2215 ac
841 2161 1094 2216 distincte
1129 2161 1303 2232 posita
1334 2170 1415 2216 est
1437 2201 1451 2225 ,
1486 2176 1586 2216 nec
1612 2163 1714 2216 nisi

150 2254 191 2307 in
227 2244 769 2323 posteriori-editione
799 2253 1125 2313 Vcronensi
1166 2269 1232 2307 ex
1278 2268 1383 2323 qua
1432 2254 1549 2307 alim
1591 2268 1718 2323 pro-

153 2345 281 2399 fecta
303 2357 439 2410 sunt,
471 2345 539 2398 ab
568 2345 868 2400 editoribus
898 2360 1246 2399 numerorum
1281 2346 1534 2399 mendum
1569 2346 1717 2399 incu-

150 2442 357 2494 santibns
384 2441 597 2509 proprio
622 2439 794 2494 Marte
816 2449 1018 2493 mutata
1043 2456 1108 2494 eo
1130 2455 1239 2495 uno
1267 2441 1583 2510 pratjudicio
1606 2458 1718 2495 mo-

151 2541 315 2597 vente,
344 2534 480 2602 quod
511 2532 805 2587 Auctorem
853 2534 1014 2588 tertio
1054 2535 1257 2588 smculo
1287 2533 1488 2589 vixisse
1526 2535 1717 2605 Opina-

154 2638 328 2681 rentnr.
358 2626 502 2693 Quod
532 2628 793 2695 objicitur,
826 2626 1090 2694 inquiunt,
1135 2642 1420 2681 sermonem
1450 2628 1515 2682 de
1541 2628 1713 2682 Conti-

155 2722 297 2774 nentia
322 2738 414 2773 non
437 2736 542 2774 esse
573 2720 635 2774 S.
666 2717 894 2773 Zenonis
926 2722 1189 2790 martyris,
1222 2737 1339 2773 cum
1366 2721 1417 2773 in
1439 2738 1498 2775 eo
1524 2721 1721 2792 legatur

157 2816 320 2869 Auctor
348 2815 569 2886 abfuisse
606 2832 639 2867 a
686 2813 749 2867 S.
791 2812 950 2867 Pauli
994 2813 1228 2868 doctrina
1273 2816 1534 2886 divulgata
1573 2815 1723 2868 annis

155 2909 505 2980 quadringentis
533 2917 581 2961 et
606 2922 667 2960 eo
688 2906 1031 2976 amplius.....
1069 2906 1288 2961 dicimus
1314 2917 1505 2961 textum
1522 2946 1539 2973 ,
1571 2908 1746 2981 sicuti.

157 3003 306 3055 multis
324 3004 369 3053 in
393 3000 515 3055 locis
535 3009 610 3055 est
638 2999 933 3064 mendosus,
956 2999 1057 3063 ira,
1084 3008 1139 3052 ut
1163 3015 1299 3071 sirpe
1317 3000 1375 3069 ﬁt
1399 3000 1454 3053 in
1477 2999 1719 3063 numeris,

1814 1809 1907 1846 nos
1927 1834 1939 1857 ,
1969 1793 2072 1859 ait,
2106 1808 2252 1847 num.
2284 1795 2337 1860 5,
2370 1810 2489 1865 pag.
2523 1795 2646 1860 557,
2673 1806 2944 1867 postquam
2972 1798 3072 1854 Dei
3107 1800 3407 1873 Unigenitas

1815 1885 1985 1954 generi
2013 1887 2240 1953 pereunti
2277 1886 2544 1942 subvenire
2568 1889 2808 1960 dignatus
2839 1902 3028 1946 est.....
3058 1895 3255 1948 novella
3275 1912 3408 1949 nunc

1815 1986 1863 2030 et
1893 1978 2148 2031 teterrima
2177 1978 2401 2033 lues.....
2434 1979 2629 2034 Ariona
2659 1980 2826 2048 effusa
2864 1991 2957 2037 est.
2995 1982 3054 2039 S.
3088 1984 3409 2048 Pliilastrius

1817 2069 2115 2139 Episcopus
2158 2071 2477 2137 Brixianus,
2527 2075 2617 2141 qui
2663 2075 2720 2129 S.
2770 2075 3055 2132 Ambrosio
3102 2086 3410 2135 coartanens

1818 2162 2030 2232 scripsit
2055 2172 2181 2219 ante
2206 2180 2294 2219 an.
2328 2165 2453 2232 59l,
2488 2166 2538 2219 in
2571 2156 2822 2221 omnibus
2864 2168 3024 2222 editis
3066 2180 3189 2226 ante
3214 2171 3409 2227 editio-

1819 2270 1941 2309 nem
1978 2255 2435 2326 Hamburgeusem
2465 2272 2494 2311 a
2525 2257 2608 2312 Jo.
2642 2257 2865 2314 Alberto
2894 2260 3141 2343 Fabricio
3172 2263 3417 2318 elabora-

1821 2356 1950 2412 tam,
1984 2346 2097 2401 IKI‘C
2121 2348 2281 2401 tradit
2306 2339 2424 2417 cap.
2451 2349 2485 2403 5
2516 2366 2527 2401 :
2566 2348 2630 2402 Et
2654 2350 2772 2404 inde
2797 2368 2829 2404 a
2860 2339 3079 2407 Domino
3104 2369 3262 2423 usque
3281 2371 3415 2409 nunc

1819 2440 1941 2492 anni
1967 2454 2202 2495 ccccxxx
2236 2440 2372 2507 plus.
2399 2440 2505 2496 Sed
2526 2440 2863 2508 P/titastrius,
2896 2443 3045 2499 addit
3069 2460 3193 2501 mox
3215 2446 3267 2500 in
3290 2446 3414 2502 sub.

1816 2531 1957 2601 jeeta
1988 2533 2337 2587 annotatione
2364 2532 2662 2597 Fabricius,
2692 2546 2808 2590 ante
2832 2536 2896 2592 Α.
2923 2535 2982 2590 C.
3016 2520 3117 2593 391
3151 2541 3418 2608 scripsisse

1820 2642 1874 2679 se
1904 2626 2212 2696 signiﬁcavit
2247 2644 2363 2693 cap.
2394 2628 2482 2689 85,
2535 2639 2688 2697 atque
2737 2632 2967 2700 interfuit
3008 2633 3227 2687 concilio
3259 2636 3415 2703 Aqui-

1825 2718 1999 2773 leiensi
2043 2719 2107 2772 A.
2138 2718 2196 2773 C.
2231 2719 2458 2779 587"...
2494 2719 2631 2775 Hinc
2680 2739 2947 2775 numerum
2990 2725 3259 2788 manifeste
3307 2744 3416 2780 cor-

1822 2824 2030 2883 ruptum
2072 2815 2145 2867 ita
2192 2814 2561 2869 restituendum
2593 2833 2699 2871 esse
2736 2816 2991 2891 judicavit
3037 2818 3254 2874 Latinus
3281 2819 3419 2873 Lati-

1826 2907 1940 2960 nius
1960 2948 1973 2968 ,
2004 2907 2085 2960 cui
2114 2905 2205 2959 alii
2250 2907 2345 2959 viri
2388 2908 2575 2961 eruditi
2619 2909 2968 2963 assentiuntur
2994 2926 3010 2963 :
3042 2923 3094 2965 et
3142 2912 3193 2965 iu
3237 2922 3384 2967 textu
3405 2954 3418 2977 ,

1827 3000 2051 3067 proinde
2088 2999 2509 3070 llamburgensis
2534 3000 2953 3075 editionis-[xcv]
2971 3003 3277 3057 emendavit
3299 3005 3375 3059 sic
3407 3022 3421 3059 :

158 3093 216 3147 ibi
237 3112 335 3149 esse
360 3096 709 3166 depravatum.
738 3091 911 3158 Quam
940 3091 1543 3162 eorrigeudi'rationetn
1578 3077 1725 3146 nullo
1750 3076 1796 3141 C
1832 3090 1897 3145 Et
1926 3092 2045 3146 inde
2065 3110 2095 3145 a
2119 3091 2337 3146 Domino
2356 3108 2517 3160 usque
2540 3109 2674 3147 nunc
2703 3094 2826 3146 anni
2858 3108 3097 3149 cccmxx
3126 3095 3265 3166 plus.
3299 3094 3425 3151 Haac

160 3184 319 3241 codice
346 3185 580 3241 innixam
600 3225 617 3251 ,
649 3185 781 3251 imo,
812 3194 1003 3239 contra
1036 3184 1194 3238 tidem
1222 3183 1467 3239 codicum
1501 3198 1727 3253 usurpa-

162 3287 248 3331 tam
279 3278 381 3350 (qui
422 3288 682 3355 premeres
726 3293 834 3331 non
867 3292 965 3347 per
1010 3269 1315 3332 nuinerales
1340 3276 1547 3331 litteras
1575 3290 1724 3343 cccc,

162 3371 239 3426 sed
272 3386 395 3428 voce
417 3372 818 3444 quadringentos
864 3386 1152 3425 numerum
1196 3370 1535 3440 exprimunt)
1566 3369 1728 3425 Tille-

94 3450 95 3453 i
164 3464 368 3520 manlius
403 3463 762 3520 considerans
800 3473 986 3521 annut.
1017 3464 1050 3518 6
1080 3465 1132 3517 in
1166 3465 1594 3534 persecutionem
1625 3444 1728 3518 Va;

166 3554 363 3621 lcriani,
393 3556 533 3611 illam
575 3557 707 3611 satis
738 3564 943 3612 certam
974 3568 1029 3610 et
1072 3566 1238 3610 tutam
1278 3570 1402 3611 esse
1430 3555 1532 3621 ait,
1572 3565 1629 3609 ut
1671 3570 1730 3611 se

166 3652 268 3721 quis
299 3668 326 3706 a
363 3653 693 3725 gravissimis
732 3652 1139 3709 difﬁcultatibus
1166 3653 1322 3709 facile
1356 3652 1617 3709 subduCat
1644 3663 1727 3708 at-

167 3764 253 3816 que
279 3750 537 3821 expediat.
594 3791 598 3799 .

228 3841 361 3897 Hanc
387 3842 772 3899 correctionem
809 3844 945 3899 adeo
970 3843 1312 3898 arliitrariam
1344 3853 1505 3913 atque
1536 3852 1728 3917 mttun-

170 3941 260 3988 tem
288 3948 339 3987 ut
362 3934 653 3991 sulfulciret
679 3944 1117 4005 sustentaretque
1145 3932 1449 3991 Cardinalis
1473 3935 1733 4000 Baronius

169 4028 393 4084 secundis
415 4030 465 4083 in
498 4026 940 4099 Martyrologium
964 4028 1108 4082 curis
1132 4027 1262 4082 illud
1288 4027 1557 4097 opposuit,
1590 4024 1731 4097 quod

169 4119 207 4174 si
224 4121 599 4194 quadringentos
622 4130 671 4175 et
692 4138 750 4175 eo
772 4121 994 4184 amplius
1014 4119 1353 4177 retinendum
1372 4108 1736 4195 Sit,Auctoris

169 4221 278 4267 :ctas
306 4230 404 4268 non
434 4214 496 4268 ad
523 4223 775 4284 quartum
805 4214 1004 4278 solum,
1035 4211 1130 4268 sed
1159 4211 1225 4267 ad
1253 4212 1490 4266 medium
1520 4212 1737 4267 circiter

168 4308 383 4377 quintum
412 4309 661 4363 smculum
694 4307 1031 4379 proroganda
1061 4307 1165 4362 erit
1192 4324 1206 4360 :
1240 4305 1506 4377 siquidem
1541 4304 1737 4360 Paulus

171 4401 373 4468 primam
409 4402 473 4457 ad
501 4401 820 4457 Corinthios
846 4401 1141 4469 Epistulam
1186 4400 1325 4469 circa
1356 4400 1590 4454 medium
1625 4398 1731 4469 pri-

1830 3190 2017 3237 tamen
2039 3198 2105 3238 ex
2146 3198 2252 3238 non
2298 3184 2429 3238 satis
2458 3182 2743 3239 observata
2774 3183 2889 3253 ejus
2928 3185 3110 3240 saeculi
3139 3195 3425 3241 consuetu-

1829 3275 1958 3331 dine
1990 3276 2040 3330 iu
2069 3276 2225 3330 anuis
2252 3276 2575 3335 annotandis
2605 3276 2861 3347 pendent.
2894 3278 3153 3349 Equidem
3183 3295 3307 3334 non
3327 3280 3427 3335 hoc

1833 3384 1939 3422 uno
1966 3370 2142 3439 capite
2173 3368 2358 3424 eadem
2401 3370 2678 3425 nutatione
2707 3370 3028 3426 Pliilastrius
3052 3387 3181 3427 usus
3208 3372 3422 3442 legitur,

1833 3461 2022 3527 sed,et
2057 3463 2233 3531 capite
2278 3462 2400 3527 106,
2435 3478 2558 3533 pag.
2606 3461 2743 3529 206,
2793 3462 2879 3518 ubi
2928 3460 3227 3520 scribitur:
3276 3465 3425 3532 Quod

1831 3557 2148 3610 contrarium
2194 3557 2472 3623 invenitur,
2520 3556 2563 3610 si
2591 3556 2662 3609 ita
2708 3558 2797 3626 qui
2836 3558 3081 3612 senserint
3110 3573 3127 3610 :
3156 3575 3272 3612 nam
3300 3576 3430 3627 qua-
3478 3560 3487 3567 ”

1834 3650 2147 3721 dringentos
2163 3649 2277 3720 jam
2333 3648 2448 3719 plus
2492 3664 2656 3702 annos
2700 3649 2941 3702 transisse
2989 3648 3316 3719 cognovimus
3364 3667 3428 3704 ea:

1832 3758 1932 3812 quo
1961 3740 2099 3795 venit
2136 3739 2387 3795 Dominus
2409 3782 2422 3804 ,
2463 3749 2613 3811 atque
2654 3740 2932 3810 completos
2964 3755 2982 3793 :
3015 3740 3105 3795 ubi
3145 3740 3431 3802 arbitrario

1836 3836 1996 3890 nimis
2024 3836 2305 3905 legendum
2340 3835 2842 3891 Fabricius-censet
2880 3833 3280 3909 quadringentos
3316 3836 3429 3907 jam

1837 3926 1954 3999 plus
1995 3928 2160 3980 minus
2186 3943 2376 4003 annos,
2408 3941 2529 3981 cum
2549 3966 2561 3989 ,
2608 3926 2651 3978 si
2695 3924 2813 3979 boc-
2838 3925 3143 3995 significare
3175 3926 3436 3981 voluisset

1837 4020 1893 4076 S.
1927 4021 2257 4089 Episcopus,
2291 4017 2431 4073 baud
2472 4016 2770 4073 addidisset
2797 4025 2950 4085 atque
2974 4018 3273 4088 completos.
3309 4018 3460 4092 Πίεοι

1836 4122 2031 4169 ειιιιειιι⁴
2056 4124 2161 4168 tam
2192 4126 2445 4182 expressa
2477 4110 2681 4166 additio
2711 4113 2945 4181 priorem
2974 4128 3189 4183 quoque
3215 4112 3435 4168 chroni-

1837 4224 1954 4264 cam
2002 4208 2331 4263 notationem
2375 4206 2516 4261 haud
2558 4204 2935 4276 corrigendam
2980 4207 3295 4272 confirmat,
3330 4208 3437 4263 imo

1838 4302 1969 4357 satis
2000 4302 2172 4355 innuit
2219 4315 2336 4354 eam
2378 4299 2690 4369 opinionem
2724 4297 2776 4353 id
2807 4298 3073 4368 temporis
3102 4293 3262 4369 vulgo
3300 4300 3438 4355 obti-

1843 4393 2043 4454 nuisse,
2075 4401 2134 4446 ιιι
2166 4390 2291 4445 anni
2338 4390 2716 4460 quadringenti
2749 4405 2778 4443 a
2823 4386 3041 4445 Christo
3084 4401 3210 4445 nato
3253 4390 3435 4456 ducti,

172 4509 293 4548 munt
322 4497 565 4552 saeculum
598 4496 836 4566 scripsit.
866 4495 987 4566 Ipsa
1024 4495 1241 4550 Barouii
1274 4496 1435 4549 Verba
1465 4495 1519 4549 in
1556 4509 1731 4561 prom-
1762 4469 1816 4529 Ῑ)
1841 4497 1963 4541 ante
2003 4501 2197 4541 annum
2224 4485 2310 4557 ,59
2354 4484 2612 4552 completi
2664 4492 3000 4554 putarentur.
3049 4483 3339 4540 Enimvero
3384 4487 3434 4539 in

176 4587 268 4642 mio
294 4590 562 4655 pra-sentis
583 4586 985 4642 dissertationis
1015 4589 1234 4643 recitata
1259 4588 1521 4642 invenies.
1550 4586 1618 4641 At
1646 4586 1735 4656 qui

174 4675 275 4735 huc
296 4696 406 4735 cum
448 4666 680 4736 thronio
717 4679 1017 4736 obtrudunt
1074 4695 1182 4735 non
1230 4684 1362 4754 satis
1401 4680 1737 4735 animadver-

174 4766 282 4825 tisse
307 4787 362 4827 se
384 4773 672 4829 Ostendtint
696 4772 816 4842 ejus
848 4773 1023 4843 quarti
1054 4772 1240 4828 stuettli
1270 4782 1617 4828 monumenta
1636 4812 1648 4831 .
1685 4771 1737 4826 in

174 4864 342 4929 quibus
382 4866 564 4921 eadem
616 4866 878 4921 chronica
922 4867 1125 4921 notatio
1174 4866 1225 4918 iu
1271 4867 1517 4919 eamdem
1571 4880 1675 4935 qua
1709 4879 1737 4917 a

176 4967 337 5010 nostra
360 4962 583 5015 Auctore
625 4960 891 5014 rationem
920 4968 1173 5026 usurpata
1200 4958 1413 5030 legitur.
1440 4957 1736 5023 Arnobius,

176 5049 270 5117 qui,
300 5048 620 5108 Diocletiano
647 5053 974 5120 imperante,
1007 5052 1058 5106 id
1086 5060 1169 5107 est.
1196 5052 1297 5105 sub
1323 5053 1532 5105 initium
1563 5050 1738 5120 quarti

179 5143 358 5207 saeculi,
381 5143 553 5199 ﬂoruit
575 5146 909 5217 Hieronymo
934 5128 1091 5212 teste,
1120 5160 1300 5199 nonne
1325 5145 1439 5200 tunc
1463 5146 1739 5198 etlmicum

178 5230 409 5290 adversus
434 5236 767 5291 Christianos
798 5238 1105 5307 loquentem
1138 5237 1350 5292 induxit
1387 5238 1461 5293 lib
1514 5253 1586 5300 ιι,
1618 5250 1735 5305 pag.

178 5321 268 5377 9b:
294 5325 418 5381 Ante
441 5318 834 5398 quadringentos
872 5345 1033 5383 annos
1071 5329 1285 5401 religio,
1332 5330 1528 5399 inquit,
1577 5337 1743 5381 vestra

178 5412 265 5470 utin
284 5419 414 5489 (ait?
439 5419 490 5475 ln
513 5420 745 5476 formula
774 5420 923 5485 ﬁdei,
949 5437 1107 5490 quam
1136 5422 1607 5494 pseudo-synodus
1631 5419 1743 5474 An-

181 5505 399 5564 tiocheua
424 5511 635 5582 scripsit
663 5526 752 5566 an.
796 5509 921 5575 545,
950 5522 1004 5566 et
1036 5513 1290 5568 recitatur
1330 5516 1397 5568 ab
1444 5512 1743 5568 Athanasio

181 5594 227 5653 in
250 5599 378 5657 libro
404 5602 465 5661 de
485 5605 739 5678 Synodis,
776 5605 891 5660 tunc
918 5605 987 5662 de
1018 5605 1419 5661 Paulinianisds
1449 5609 1701 5678 leguntur
1727 5624 1740 5659 :

184 5686 413 5753 Christum
434 5709 594 5756 autem
608 5701 783 5772 ipsum
808 5710 858 5755 et
880 5697 928 5753 F
932 5701 1076 5755 ilium
1093 5699 1211 5769 Dei,
1247 5711 1292 5755 et
1314 5701 1664 5771 mediatorem,
1698 5710 1748 5755 ct

681 5796 955 5857 Ps‘rnot.
1018 5793 1131 5857 XI.

1842 4579 2061 4647 antiquo
2077 4576 2392 4631 Corbeiensi
2421 4575 2608 4631 codice
2631 4618 2645 4642 ,
2677 4576 2831 4643 cujus
2855 4576 3135 4631 Vat-iantes
3153 4577 3432 4639 lectiones,

1841 4679 2088 4726 accurate
2152 4670 2471 4738 descriptae,
2501 4670 2555 4723 in
2622 4656 2783 4725 calce
2825 4669 3132 4724 novissima:
3183 4667 3438 4724 editionis

1842 4762 2108 4817 Brixianzc
2149 4763 2470 4828 recitantur,
2518 4774 2638 4831 pag.
2697 4759 2801 4815 165
2858 4760 3030 4831 palam
3082 4760 3326 4829 legitur:
3370 4759 3441 4824 Et

1842 4857 1963 4910 inde
1991 4872 2022 4907 a
2054 4852 2274 4909 Domino
2302 4871 2461 4926 usque
2488 4872 2623 4909 nunc
2659 4855 2783 4908 anni
2809 4869 3044 4910 ccccxxx
3087 4854 3201 4922 plus
3252 4847 3442 4908 minus.

1843 4946 1973 5013 Quae
2004 4947 2225 5001 formula
2265 4948 2381 5016 plus
2425 4949 2594 5001 minus
2623 4963 2743 5001 cum
2779 4946 3006 5001 Fabricii
3044 4947 3438 5001 correctionem

1846 5040 2132 5111 expungit.
2175 5050 2287 5097 tum
2316 5057 2447 5096 vero
2486 5046 2725 5095 nostram
2748 5041 3265 5109 interpretationi-ns
3289 5040 3442 5094 miri-

1848 5132 1947 5189 ﬁce
1975 5135 2182 5186 statuit.
2224 5134 2479 5189 Cedimus
2502 5135 2611 5202 jam
2638 5131 2779 5188 aliud
2816 5133 3177 5187 testimonium
3211 5149 3276 5188 ex
3319 5134 3446 5191 Hie-

1845 5224 2059 5295 ronymi
2115 5225 2338 5294 epistola
2371 5225 2492 5292 19.9,
2538 5226 2600 5279 ad
2651 5225 2974 5291 Dardanum,
3002 5239 3153 5280 num.
3181 5227 3212 5280 7
3240 5267 3252 5287 ,
3302 5228 3444 5297 quod

1849 5316 2060 5371 tametsi
2094 5317 2355 5386 pertineat
2393 5317 2457 5371 ad
2489 5334 2574 5371 an.
2608 5316 2735 5379 414,
2767 5331 2873 5385 quo
2899 5331 2959 5372 ea
2989 5317 3215 5387 epistula
3253 5312 3445 5374 tradita

1851 5409 1981 5471 fuit,
2028 5419 2204 5465 tamen
2234 5428 2355 5464 cum
2402 5412 2470 5466 ab
2500 5425 2638 5464 anno
2670 5418 2787 5477 post
2814 5409 3089 5464 Chrismm
3133 5422 3316 5464 natum
3357 5414 3444 5474 το.

1846 5508 2243 5577 quadringentos
2291 5522 2451 5560 annos
2498 5505 2650 5576 paulo
2703 5505 2869 5558 minus
2924 5516 3199 5571 numeret,
3257 5506 3446 5560 eodem

1848 5600 2038 5654 recidit
2086 5619 2099 5651 :
2144 5600 2269 5653 l’ost
2310 5600 2652 5663 eversionem,
2694 5598 2894 5667 inquit,
2948 5598 3125 5668 templi
3176 5598 3450 5666 (nimirum

1850 5692 1974 5752 Tito
2008 5694 2336 5765 imperante,
2366 5701 2482 5763 post
2525 5706 2612 5747 an.
2643 5690 2732 5761 70)
2775 5690 2930 5760 paulo
2969 5690 3138 5745 minus
3186 5707 3277 5761 per
3321 5707 3450 5761 qua-
