3826 6226
352 200 444 315 ιδ’
533 224 539 241 ’
1242 291 1253 299 .
1724 234 1959 293 PROLEt

2079 236 2254 297 lENA.
2453 219 2459 226 “
3076 290 3077 293 χ
3468 298 3472 301 Α
3564 236 3635 291 ts

296 378 299 379 ⁷
348 366 653 445 ιιι-ξηραντιοε
688 379 846 420 annos
894 369 941 416 et
988 357 1127 428 urbis
1149 364 1194 411 et
1237 353 1410 425 templi
1449 352 1599 406 ruina
1641 358 1951 423 permaneat.
1982 348 2035 410 Α
2060 353 2281 424 pingui,
2312 360 2372 408 ut
2400 353 2580 417 aiunt,
2627 351 2862 407 Minerva
2891 361 3062 404 annos
3089 346 3246 417 vulgo
3293 355 3636 416 computatos

428 441 506 517 Ei:
539 459 622 514 his
650 454 895 513 omnibus
918 450 1153 506 textibus
1181 446 1428 516 aliisque,
1463 459 1583 515 quae
1607 442 1659 498 in
1690 441 1933 497 eamdem

363 554 626 612 rationem
668 546 847 603 δῦθι·ιὶ
897 546 1116 614 pussent
1141 580 1155 605 ,
1212 537 1556 609 perspicuum
1585 534 1644 589 tit
1682 534 1947 604 quinqua-

366 650 509 721 ginta
541 643 696 698 annis
724 640 942 719 circiter
962 635 1101 690 hanc
1126 630 1641 703 quadringentorum
1682 639 1944 680 annorum

365 718 694 796 notationem
720 728 1002 788 excedere.
1058 724 1228 793 Quem
1275 718 1491 792 quidem
1529 730 1819 774 excessum
1838 729 1945 769 non

370 831 526 900 hujus
554 827 723 883 solum
750 822 920 894 quarti
952 816 1133 874 saeculi
1162 813 1435 885 proprium
1465 809 1944 880 deprehendimus,

367 924 464 981 sed
510 936 629 977 cum
679 917 796 971 aliis
847 904 1209 969 communem.
1270 904 1634 959 Tertullianus
1689 900 1946 956 adversus

366 1017 619 1074 Nationes
641 1011 733 1066 lib.
763 1025 778 1064 ι
806 1048 819 1074 ,
866 1018 1027 1077 quem
1069 1002 1288 1057 ineunte
1318 996 1533 1052 circiter
1566 992 1724 1049 tertio
1750 990 1948 1047 saeculo

368 1108 600 1176 scripsit,
632 1102 877 1156 tci‘centos
909 1095 1076 1151 le‘rme
1105 1104 1276 1146 annos
1308 1102 1406 1157 pro
1429 1085 1661 1139 ducentis
1691 1081 1950 1138 Christia-

371 1217 455 1257 na:
484 1196 721 1268 religioni
753 1191 985 1247 vindicat
1010 1201 1128 1256 cap;
1162 1186 1193 1239 7
1223 1201 1234 1236 :
1259 1181 1429 1253 Igitur
1449 1182 1586 1235 tutati
1608 1188 1796 1232 nostra:
1821 1192 1949 1231 non-

374 1294 495 1349 dum
541 1290 659 1345 anni
686 1301 782 1343 ccc
829 1283 949 1357 (sic
995 1276 1337 1357 scribendum
1382 1289 1446 1328 ex
1507 1271 1813 1327 testimonio
1864 1282 1952 1323 se—

375 1387 580 1456 quenti,
604 1398 699 1453 pro
721 1394 787 1434 eo
806 1350 945 1446 quod
978 1374 1028 1428 iu
1050 1350 1212 1427 editis
1240 1376 1325 1423 est
1347 1381 1467 1430 ccc,
1498 1372 1702 1418 mutato
1728 1377 1767 1417 α
1786 1361 1837 1414 in
1862 1359 1947 1430 L);

372 1452 426 1533 et
450 1492 568 1546 cap.
656 1490 668 1525 :
702 1471 767 1526 Ut
790 1466 1175 1538 supradia'imus
1203 1460 1341 1515 (elati
1367 1467 1557 1511 nostra?
1587 1454 1814 1509 nondum
1830 1452 1951 1506 anni

372 1543 598 1624 tercenti.
652 1563 708 1620 S.
742 1562 933 1616 Petrus
959 1553 1320 1625 Chrysologus
1344 1592 1358 1615 ,
1412 1549 1502 1616 qui
1530 1547 1669 1601 circa
1713 1543 1948 1600 medium

371 1633 613 1731 quintum
650 1652 903 1709 saeculum
933 1646 1134 1711 ﬂoruit,
1166 1657 1330 1698 serm.
1363 1640 1483 1706 145,
1508 1637 1575 1693 dc
1593 1634 1954 1693 Generatione

2048 448 2265 503 circiter
2291 455 2598 509 annotasse,
2625 459 2760 516 quos
2784 443 3177 516 quadringentos
3201 438 3417 512 quidem
3443 453 3636 511 ωιτη-ιο

2026 524 2249 603 saeculo
2292 554 2358 594 ex
2390 537 2595 610 vulgari
2625 532 2853 608 quadani
2876 533 3081 606 epocha
3116 547 3145 588 a
3165 531 3477 589 celebribus
3495 546 3631 603 quo.

2049 647 2152 703 que
2178 629 2533 702 scriptoribus
2553 637 2839 685 annotatos
2870 626 3127 683 vidimus.

2123 724 2203 779 Ab
2224 717 2332 779 hoc
2367 732 2544 778 autem
2568 722 2816 778 Auctoris
2845 728 2989 776 textu
3010 728 3294 790 antequam
3320 715 3635 784 transimus,

2049 818 2153 872 alia
2177 833 2283 873 non
2314 816 2540 872 minoris
2567 815 2821 871 momenti
2851 811 3153 870 observatio
3180 808 3515 883 subjicienda
3530 819 3636 877 est,

2050 924 2153 981 qua
2184 909 2371 966 eadem
2403 908 2569 979 ipsius
2611 912 2742 963 tetas
2776 905 3024 975 idemque
3056 902 3312 960 saeculum
3338 903 3635 962 conﬁrma-

2055 1013 2158 1060 tur.
2212 1000 2698 1058 Animadvertenda
2754 999 3007 1054 nimirum
3060 1007 3184 1053 sunt
3233 994 3396 1052 verba
3436 989 3637 1066 quibus

2054 1099 2238 1153 orbem
2285 1113 2413 1167 pene
2443 1096 2559 1167 jam
2605 1106 2766 1149 totum
2804 1095 3139 1159 christianum
3165 1106 3264 1147 suo
3303 1105 3423 1147 aavo
3469 1089 3642 1146 fuisse

2054 1190 2366 1263 pronuntiat
2391 1207 2406 1256 ;
2433 1189 2572 1259 quod
2596 1174 2667 1245 de.
2684 1189 2926 1245 Romano
2951 1187 3166 1260 quidem
3192 1185 3422 1257 imperio
3443 1198 3641 1254 accep-

2054 1294 2186 1350 tum,
2220 1280 2277 1339 ut
2304 1284 2356 1338 in
2374 1284 2721 1338 annotatione
2746 1294 3022 1338 ostensum
3053 1281 3211 1341 nobis
3236 1288 3340 1347 est,
3375 1292 3481 1333 non
3536 1274 3643 1331 nisi

1992 1428 1995 1429 ν
2056 1376 2110 1430 in
2141 1382 2387 1446 quartum
2416 1375 2668 1429 smeulum
2700 1372 2878 1441 cadit,
2922 1370 3041 1429 cum
3072 1372 3193 1428 data
3228 1369 3486 1426 Ecclesiae
3515 1381 3648 1437 pace

2057 1482 2155 1537 per
2183 1467 2591 1522 Constantinum
2612 1508 2626 1531 ,
2655 1464 2946 1522 christiana
2975 1464 3109 1520 ﬁdes
3131 1480 3224 1535 per
3244 1470 3413 1519 totum
3441 1461 3645 1517 Roma-

2058 1574 2184 1613 num
2216 1550 2498 1626 imperium
2527 1558 2698 1627 palam
2728 1564 3013 1628 propagata
3032 1556 3424 1611 incrementum
3446 1552 3649 1619 ubique

2060 1649 2347 1703 maximum
2392 1648 2591 1702 habuit.
2647 1646 2810 1717 Cujus
2841 1647 2921 1701 rei
2948 1640 3426 1702 luculentissimam
3454 1642 3650 1713 proba-

310 1735 313 1738 i
375 1730 570 1807 Christi
591 1751 641 1802 in
666 1746 791 1807 line.
819 1756 981 1797 annos
1010 1739 1308 1809 quingentos
1335 1733 1535 1787 σίνεὶιθι·
1556 1730 1813 1785 θειιΐίεῑο
1835 1736 1960 1782 ηδῑο
1989 1731 2036 1791 Β
2066 1740 2264 1795 tionem
2295 1740 2337 1794 si
2368 1739 2485 1810 quis
2517 1737 2751 1810 ﬂagitet,
2797 1736 2956 1793 adeat
2980 1748 3256 1793 auctorem
3297 1735 3427 1790 licet
3464 1731 3649 1788 ethni-

374 1844 688 1898 enumerat:
728 1833 980 1888 Humana:
1011 1830 1172 1899 leges,
1216 1825 1429 1895 inquit,
1460 1825 1594 1877 intra
1626 1821 1834 1893 triginta
1857 1836 1951 1872 an-

376 1951 467 1990 nos
487 1931 732 2004 litigiosus
762 1925 1053 1981 interimunt
1078 1920 1420 1987 quaestiones;
1470 1924 1514 1969 et
1543 1912 1778 1968 Christus
1821 1913 1957 1965 circa

375 2027 672 2097 quingentos
699 2033 859 2072 annos
889 2012 1163 2068 nativitatis
1207 2024 1313 2063 sua:
1352 2023 1532 2060 causas
1564 2012 1790 2075 praestat,
1819 2011 1958 2057 ortus

375 2094 455 2171 sui
476 2094 588 2169 lites
603 2113 813 2180 patitur,
846 2117 1005 2160 status
1036 2104 1113 2156 sui
1142 2101 1356 2155 sustinet
1384 2098 1706 2169 quaestiones.
1737 2094 1792 2148 In
1823 2094 1958 2149 anti-

377 2224 479 2278 qua
510 2216 775 2261 canonum
803 2196 1132 2275 Collectione
1155 2234 1169 2259 ,
1220 2207 1377 2262 quam
1411 2190 1468 2245 S.
1503 2188 1697 2243 Leonis
1725 2185 1901 2242 editor
1928 2200 1957 2241 e

378 2276 587 2355 duobus
616 2306 744 2348 mss.
781 2287 1098 2357 publicavit,
1126 2282 1291 2351 capiti
1323 2280 1392 2335 55
1412 2321 1427 2346 ,
1456 2294 1720 2334 canonum
1749 2276 1956 2331 concilii

378 2384 830 2446 Chalcedonensis
854 2381 1015 2447 habiti
1049 2393 1135 2431 an.
1170 2376 1310 2439 451,
1341 2374 1455 2427 haec
1480 2372 1729 2428 chronica
1758 2370 1959 2425 «lutatio

248 2462 249 2465 Ἴ
342 2466 345 2467 ν
384 2478 711 2551 prmligitur:
754 2474 899 2527 Anno
938 2466 1335 2541 quingentesimo
1364 2464 1425 2518 ab
1454 2462 1818 2518 Incarnatione
1847 2460 1953 2515 Do-

388 2576 537 2639 mini,
563 2570 844 2627 indictione
872 2583 926 2631 v,
956 2564 1103 2619 Felix
1124 2561 1214 2625 ΙΙΙ,
1246 2561 1298 2614 in
1334 2567 1559 2614 tractatu
1594 2573 1687 2612 seu
1731 2555 1957 2625 epistola

385 2667 643 2722 adversus
666 2661 1097 2723 Acacium,nunc
1110 2653 1334 2722 primum
1358 2666 1383 2702 a
1417 2649 1722 2705 marchione
1751 2647 1960 2703 ltl'aﬂ'eio

388 2764 576 2813 nostro
608 2753 771 2817 edita,
801 2760 931 2803 tom.
967 2763 1018 2802 v.
1047 2743 1401 2799 Cunciliurum
1422 2741 1641 2796 Vcnctte
1680 2736 1960 2793 editionis:

385 2849 511 2904 Post
533 2848 833 2919 quingentos
860 2856 1020 2895 annos
1063 2838 1333 2891 constituta
1360 2833 1549 2889 Christi
1573 2849 1658 2888 eos
1688 2830 1816 2885 velle
1839 2829 1961 2883 sub-

383 2951 591 3008 vertere,
614 2928 726 2993 Cum
748 2938 953 3006 triginta
975 2949 1224 2987 annorum
1253 2932 1334 2985 lezr.
1364 2930 1629 3004 hominum
1671 2944 1773 2982 non
1802 2927 1962 2998 possit

386 3033 638 3104 abrumpi.
668 3029 936 3085 Addemus
968 3025 1183 3080 alterius
1214 3023 1337 3077 licet
1364 3021 1574 3093 generis
1597 3017 1961 3074 testimonium

2057 1853 2177 1893 cum
2206 1838 2545 1892 Ammiauum
2570 1835 2963 1902 Marcellinum,
2989 1836 3078 1904 qui
3115 1834 3151 1888 Ι.
3182 1848 3291 1898 χχι,
3325 1845 3376 1887 c.
3401 1830 3436 1884 2
3460 1871 3474 1894 ,
3503 1826 3653 1899 ipsos

2057 1944 2268 2001 quoque
2286 1929 2515 1983 Romani
2537 1928 2747 1998 imperii
2767 1928 2963 1983 milites
2984 1910 3310 1982 christianos
3332 1920 3499 1977 fuisse
3524 1934 3655 1990 ιιι-ου

2057 2023 2167 2087 dit;
2216 2021 2357 2078 unde
2385 2021 2628 2077 Julianus
2659 2023 2930 2092 Augustus
2964 2020 3017 2074 in
3042 2018 3231 2088 Galliis
3274 2015 3649 2072 acclamatns:

2061 2112 2129 2167 Ut
2151 2129 2351 2179 omnes,
2384 2114 2527 2167 nullo
2553 2112 2893 2184 impediente,
2926 2110 2995 2164 ad
3026 2109 3106 2163 sui
3136 2109 3366 2178 favorem
3392 2106 3652 2171 illiceret,

2048 2207 2321 2261 ‘adhcerere
2349 2204 2513 2261 cultui
2545 2204 2842 2260 Christiano
2872 2203 3127 2275 ﬁngebat;
3169 2216 3290 2255 nam
3337 2198 3606 2277 verebatur
3638 2238 3653 2262 ,

2059 2300 2130 2354 ait
2155 2299 2390 2356 Zonaras
2418 2300 2511 2354 lib.
2546 2312 2643 2353 xm
2670 2339 2683 2364 ,
2718 2313 2868 2353 num.
2906 2298 2965 2352 Η
2996 2339 3011 2363 ,
3058 2295 3245 2349 milites
3269 2335 3284 2361 ,
3323 2308 3451 2364 quos
3494 2305 3659 2362 prope

2038 2392 2318 2446 universos
2370 2384 2680 2444 christianos
2707 2405 2817 2443 esse
2846 2399 3013 2443 norat.
3054 2386 3240 2455 Neque
3267 2395 3483 2440 moveat
3510 2376 3659 2455 quod

2060 2482 2424 2551 Tertullianus
2470 2483 2522 2536 in
2571 2479 2940 2550 Apologetico,
2984 2493 3102 2547 cap.
3134 2476 3241 2544 '57,
3288 2489 3387 2531 suo
3407 2483 3661 2542 tempore

2060 2589 2249 2631 omnes
2273 2576 2541 2631 Romanas
2566 2575 2731 2630 urbes
2755 2573 3079 2629 Christianis
3115 2571 3361 2641 impletas
3391 2578 3657 2625 testctnr:

2062 2681 2184 2721 nam
2223 2666 2294 2721 ibi
2328 2674 2513 2735 aperte
2562 2680 2633 2719 ex
2678 2672 2934 2719 contextu
2978 2662 3172 2733 liquet,
3225 2660 3460 2716 oratorie
3502 2660 3661 2715 illurn

2064 2760 2232 2829 loqui,
2262 2774 2367 2813 non
2392 2766 2448 2812 ut
2475 2759 2773 2813 Romanum
2802 2757 2972 2810 orbem
2995 2771 3119 2826 pene
3127 2757 3241 2826 jam
3262 2761 3419 2806 totum
3442 2751 3661 2823 (quem-

2065 2849 2348 2905 admodum
2399 2850 2474 2904 ait
2527 2852 2725 2903 Auctor
2774 2845 2993 2915 nostcr)
3024 2844 3255 2899 afﬁrmet
3283 2842 3660 2908 Christianum,

2066 2940 2159 2996 sed
2192 2950 2249 2995 ut
2280 2942 2328 2994 in
2356 2948 2467 2995 toto
2496 2940 2627 2995 orbe
2656 2938 2899 2993 Romano
2930 2944 3007 2990 tot
3028 2935 3378 2998 Christianos,
3401 2931 3669 2989 licetdis¥

2068 3045 2257 3100 persos
2279 3072 2292 3095 ,
2323 3030 2483 3084 fuisse
2504 3030 2721 3096 innuat,
2747 3043 2817 3083 ex
2838 3026 3032 3098 quibus
3068 3026 3326 3081 adversus
3354 3025 3620 3081 Ethnicos
3642 3064 3660 3091 ,

386 3144 451 3183 ex
481 3126 741 3194 Procopio
767 3165 781 3189 ,
829 3122 915 3193 qui
944 3118 1118 3175 medio
1143 3117 1357 3172 circiter
1388 3122 1542 3169 sexto
1571 3113 1769 3167 saeculo
1799 3108 1959 3162 histo-

2079 3122 2115 3175 si
2148 3122 2195 3173 vi
2233 3130 2287 3175 et
2312 3120 2474 3174 armis
2497 3118 2573 3174 uti
2605 3119 2930 3184 voluissent,
2973 3117 3247 3172 exercitus
3268 3116 3518 3186 componi
3564 3130 3663 3185 po-

385 3216 521 3273 riam
549 3216 616 3287 de
645 3215 790 3269 Bello
819 3211 1043 3269 Gothico
1072 3209 1314 3264 scribens
1342 3248 1356 3272 ,
1417 3207 1485 3260 ab
1530 3204 1704 3274 Appio
1745 3200 1968 3255 consule

387 3310 451 3365 ad
476 3306 709 3363 Belisarii
742 3313 949 3359 :elatem
980 3309 1256 3373 nongentos
1278 3313 1439 3352 annos
1460 3304 1678 3351 exactcs
1699 3299 1966 3357 recenset,

386 3416 506 3457 cum
535 3413 640 3453 non
674 3397 773 3451 nisi
801 3396 924 3450 anni
955 3394 1081 3459 865,
1112 3391 1493 3448 excurrissent.
1538 3386 1637 3439 Ille
1664 3383 1966 3445 Belisarius,

386 3491 578 3559 inquit,
608 3490 699 3543 lib.
733 3504 776 3551 ι,
802 3502 919 3556 cap.
951 3485 1040 3549 14,
1068 3485 1147 3537 via
1174 3482 1363 3535 Latina
1384 3477 1659 3533 exercitum
1690 3474 1855 3540 duxit,
1890 3488 1972 3526 re-

385 3584 504 3637 licta
524 3584 590 3634 ad
616 3582 793 3635 larvam
819 3579 1007 3649 Appia,
1038 3590 1192 3646 quam
1220 3572 1443 3641 Appius,
1474 3568 1655 3623 consul
1684 3567 1968 3633 Romanus,

389 3684 505 3727 ante
524 3689 684 3727 annos
714 3680 994 3741 nongentos
1016 3667 1194 3728 munit,
1230 3681 1292 3716 ac
1320 3677 1411 3715 suo
1444 3660 1648 3713 donavit
1677 3659 1895 3711 nontine.

460 3766 584 3821 Post
616 3774 694 3819 tot
720 3764 1042 3832 scriptorum
1067 3767 1120 3812 et
1150 3752 1346 3810 diversi
1372 3752 1587 3822 quidem
1614 3751 1795 3805 sarctui
1826 3750 1975 3832 testi»

393 3859 594 3922 monia,
626 3872 742 3925 qua:
773 3856 823 3907 in
852 3868 912 3907 ea
934 3862 1195 3904 annorum
1225 3845 1627 3912 computatione
1670 3842 1740 3899 50
1760 3828 1976 3897 circiter

391 3965 651 4005 annorum
682 3960 905 4002 excessu
937 3935 1284 4003 conveniunt,
1319 3952 1474 4005 quem
1506 3936 1721 3991 Baronii
1747 3933 1976 4003 obiectio

390 4042 618 4110 amplius
647 4034 1033 4097 moveat,ntin
1063 4028 1231 4083 nostri
1280 4028 1568 4096 Scriptoris
1608 4037 1766 4081 tract.
1810 4025 1866 4090 5,
1908 4024 1977 4079 de

390 4128 755 4190 Coutiuentia,
778 4141 870 4193 per
888 4136 1153 4175 summum
1184 4119 1435 4173 mendum
1463 4118 1859 4187 quadringentos
1882 4131 1978 4170 an-

393 4230 491 4277 n‘os
519 4219 751 4287 scriptos
776 4212 941 4267 velit?
976 4212 1046 4265 Ea
1074 4219 1245 4270 astate.
1276 4225 1376 4278 qua
1401 4208 1529 4263 anni
1563 4224 1656 4277 per
1690 4194 1962 4273 consules,

395 4327 501 4367 non
543 4323 636 4378 per
658 4317 859 4362 certam
891 4319 918 4356 a
944 4301 1138 4357 Christi
1163 4299 1441 4355 nativitate
1466 4300 1724 4368 epocham
1754 4314 1976 4366 cumpu-
2012 4340 2017 4341 ν

316 4410 321 4414 ’
395 4402 645 4455 tahantur
669 4437 682 4461 ,
725 4398 777 4449 in
820 4395 919 4448 hac
945 4392 1146 4463 epocha
1179 4392 1407 4445 notanda
1438 4407 1543 4445 non
1584 4392 1657 4445 ita
1694 4400 1977 4446 accuratus

396 4493 633 4550 calculus
663 4489 1034 4553 adhibebatur,
1065 4486 1156 4541 sed
1182 4484 1439 4540 rutundus
1466 4484 1660 4553 aliquis
1692 4498 1969 4550 numerus,

392 4590 480 4659 qui
508 4604 570 4639 ex
606 4584 804 4653 vulgari
838 4583 1117 4650 opinione,
1162 4580 1243 4635 vel
1279 4578 1564 4632 traditione
1591 4576 1973 4646 quinquaginta

396 4680 507 4734 lere
522 4676 674 4730 anuis
695 4673 993 4729 excessisse
1007 4669 1366 4740 cognoscitur.
1383 4668 1713 4738 Quamquam
1730 4669 1779 4723 in
1796 4667 1975 4735 Scrip-
2006 4734 2011 4741 .

397 4782 514 4824 ture
549 4777 732 4822 nostro
768 4776 961 4834 praeter
997 4761 1281 4816 rutundum
1311 4774 1590 4812 numerum
1626 4759 1973 4828 quadringen-

399 4878 473 4917 tos
500 4904 513 4928 ,
552 4861 638 4930 qui
668 4857 961 4925 saepissime
987 4868 1089 4905 ntm
1118 4854 1189 4905 uti
1213 4854 1433 4905 otnnino
1464 4858 1749 4905 accuratus
1789 4849 1978 4907 scribi-

401 4965 504 5018 tur,
536 4947 882 5006 observandze
910 4954 1031 4999 sunt
1056 4944 1216 4999 etiam
1241 4958 1399 4997 voces
1428 4945 1585 5012 ferme
1611 4952 1661 4997 et
1690 4943 1767 4996 vel
1791 4958 1849 4996 eo
1869 4948 1977 4995 am.

367 5104 371 5108 ,
401 5045 566 5114 plius,
599 5057 715 5112 que
737 5036 1166 5094 contradicentes
1191 5037 1361 5103 primo
1388 5044 1606 5104 aspectu
1645 5034 1810 5089 videri
1853 5048 1977 5102 pos-

399 5144 555 5189 sunt:
592 5149 712 5188 nam
747 5133 790 5185 si
822 5131 944 5184 anni
975 5135 1100 5183 sunt
1136 5132 1294 5197 ferme
1315 5128 1674 5197 quadringenti
1700 5167 1714 5191 ,
1746 5126 1877 5181 nihil
1916 5143 1974 5180 eo

400 5226 639 5296 amplius,
658 5224 750 5278 sed
774 5223 947 5297 potius
965 5238 1019 5274 eo
1044 5220 1210 5273 minus
1232 5217 1428 5287 aliquid
1454 5219 1616 5274 fuisse
1637 5218 1971 5287 intelligitur.

402 5317 469 5370 At
499 5332 563 5370 ne
590 5316 642 5369 iu
675 5314 829 5373 unius
854 5314 1005 5367 line'e
1037 5312 1229 5365 liuibus
1250 5310 1726 5366 contradictionem
1753 5312 1970 5366 Auctori

402 5407 702 5475 Obrepsisse
727 5404 1006 5459 credamus
1033 5445 1045 5468 ,
1078 5403 1155 5457 vel
1202 5402 1459 5472 particula
1489 5405 1619 5459 satis
1646 5415 1826 5460 mouet
1851 5445 1865 5471 ,
1908 5419 1973 5458 cx

400 5512 501 5566 qua
532 5496 702 5563 palam
733 5504 813 5549 est
840 5495 998 5562 ferme
1036 5503 1090 5547 ct
1137 5494 1212 5546 vel
1259 5505 1342 5546 ρο·
1365 5495 1591 5564 amplius
1624 5488 1879 5565 scriptum
1910 5494 1976 5548 ab

400 5585 811 5663 Auctorefuisse
830 5600 923 5654 pro
938 5588 1161 5651 circiter,
1184 5594 1239 5639 ut
1257 5584 1425 5657 lxi.th
1446 5588 1770 5656 Signiﬁcaret
1786 5603 1845 5642 se
1868 5602 1972 5641 non

400 5678 672 5747 princisam
698 5690 958 5748 stultorum
989 5675 1316 5731 notationem
1348 5675 1560 5745 signare
1593 5675 1848 5745 voluisse,
1880 5675 1973 5733 sed

2072 3214 2283 3268 tnisset.
2318 3213 2571 3267 Eamdem
2601 3211 2653 3264 in
2677 3210 2995 3266 sententiam
3026 3210 3078 3263 in
3112 3208 3204 3263 lib.
3230 3216 3416 3263 contra
3442 3206 3663 3263 Judteos

2070 3305 2265 3372 cap.7,
2304 3304 2465 3357 variis
2510 3303 2561 3368 in
2602 3302 2891 3371 provinciis
2927 3315 3061 3369 quas
3110 3310 3404 3371 recenset,
3457 3300 3659 3354 Christi

2070 3410 2252 3452 nomen
2274 3410 2488 3464 regnare
2508 3395 2811 3457 al‘tirmans,
2844 3407 2945 3446 non
2978 3392 3094 3446 illas
3144 3400 3274 3446 totas
3317 3389 3653 3447 christianas

2072 3485 2237 3540 fuisse
2267 3486 2362 3551 ait,
2386 3485 2480 3541 sed
2505 3487 2556 3539 in
2601 3484 2707 3539 illis
2728 3484 3059 3539 ChriSIianos
3096 3483 3293 3538 indicat
3317 3524 3332 3549 ,
3367 3478 3419 3536 i'n
3462 3482 3661 3553 quibus

2071 3574 2269 3631 Christi
2292 3590 2484 3631 nomen
2513 3584 2779 3646 regnaret.
2806 3573 3002 3629 Eadem
3027 3571 3467 3644 interpretatione
3502 3574 3661 3629 intel-

2073 3666 2318 3736 ligendus
2335 3666 2643 3736 Serapionis
2658 3667 2739 3721 An
2752 3666 2981 3721 tiocheni
3009 3667 3157 3722 locus
3175 3666 3314 3737 apud
3340 3664 3658 3730 Eusebium,

2074 3757 2167 3812 lib.
2198 3775 2260 3821 ιν,
2308 3773 2427 3829 cap.
2461 3760 2558 3823 19,
2601 3759 2687 3813 ubi
2726 3759 3015 3814 christiana
3051 3742 3183 3815 ﬁdes
3235 3773 3329 3829 per
3356 3759 3658 3814 universum

2076 3852 2247 3906 orbem
2274 3850 2462 3923 diffusa
2489 3851 2734 3919 traditur,
2758 3851 3201 3922 quemadmodum
3221 3860 3273 3906 et
3297 3849 3664 3906 testimonium

2076 3943 2398 3999 Bardesanis
2437 3946 2574 4014 apud
2600 3946 2846 4000 eumdem
2871 3944 3031 3999 lib.’vr
3060 3944 3124 3999 de
3143 3945 3374 4012 Prtepar.
3398 3941 3658 4013 Evangel.

2078 4051 2198 4107 cap.
2230 4037 2284 4099 8,
2316 4050 2422 4105 quo
2460 4035 2752 4090 Christiani
2780 4038 2835 4089 in
2877 4036 3017 4089 omni
3052 4050 3174 4105 pene
3218 4034 3419 4088 civitate
3457 4032 3666 4088 inventi

2080 4128 2339 4185 feruntur.
2375 4129 2507 4182 llinc
2535 4143 2693 4197 porro
2723 4128 2876 4182 nihili
2906 4124 3148 4181 facienda
3174 4135 3397 4195 apparet
3424 4125 3665 4180 violenta

2080 4222 2342 4277 editorum
2372 4211 2767 4277 Veronensium
2797 4220 3167 4290 interpretatio
3188 4261 3202 4287 ,
3234 4218 3322 4288 qui
3367 4231 3663 4287 argumen-

2078 4321 2288 4376 tumex
2332 4311 2503 4368 nostri
2527 4311 2776 4369 Auctoris
2809 4322 2954 4368 textu
2984 4313 3200 4368 ductum
3247 4320 3307 4364 ut
3350 4309 3659 4379 eliderent,

2082 4422 2174 4476 seu
2202 4407 2378 4478 potius
2403 4405 2724 4461 eluderent:
2771 4406 2893 4460 .Imn
2918 4421 3034 4461 vero
3058 4448 3072 4473 ,
3098 4404 3342 4474 inquiunt
3377 4404 3430 4457 in
3472 4404 3665 4472 prmia-

2083 4499 2225 4554 tione
2253 4540 2267 4565 ,
2301 4515 2415 4552 cum
2456 4498 2841 4553 disseminatum
2872 4515 2961 4567 per
3005 4513 3178 4552 onmes
3225 4495 3509 4565 provincias
3534 4502 3663 4549 esset

2078 4588 2417 4660 Evangelium
2439 4608 2469 4643 η
2489 4590 2660 4643 multis
2677 4600 2957 4660 receptum,
2975 4606 3034 4644 eo
3063 4589 3117 4658 in
3139 4590 3251 4644 loco
3278 4588 3471 4641 Auctor
3493 4586 3657 4656 ponit,

2078 4690 2129 4734 ut
2158 4673 2236 4749 ﬁt,
2269 4688 2429 4734 totum
2454 4696 2547 4746 pro
2571 4690 2745 4749 parte;
2787 4696 2944 4751 quam
2974 4681 3382 4750 explicationem
3410 4676 3659 4733 Auctoris
3734 4690 3739 4695 ‘

2081 4774 2239 4827 verba
2291 4787 2627 4851 nequaquam
2664 4770 2876 4836 ferunt,
2917 4786 3039 4825 cum
3070 4771 3367 4843 prmsertim
3408 4769 3452 4823 is
3495 4778 3657 4822 totum

2081 4880 2206 4932 pene
2230 4865 2399 4917 orbem
2434 4874 2618 4918 stricte
2650 4862 2848 4916 dixisse
2877 4872 3229 4929 eoguoscmur
3251 4900 3266 4922 ,
3291 4874 3395 4914 non
3421 4859 3658 4927 tropolo-

2079 4956 2294 5026 gice,ai|
2321 4954 2745 5010 Christianorum
2761 4952 2974 5023 quidem
2999 4950 3390 5007 multitudinem
3411 4960 3522 5004 toto
3543 4951 3655 5018 jam

2079 5046 2207 5101 orbe
2238 5045 2608 5101 ﬂoresccntem
2637 5043 3038 5115 signiﬁcandam
3065 5084 3079 5108 ,
3124 5054 3178 5097 ut
3212 5042 3352 5098 illam
3382 5040 3659 5096 rarissimis

2012 5199 2028 5207 α
2078 5139 2206 5195 olim
2239 5136 2561 5218 Christianis,
2605 5153 2738 5208 quos
2760 5136 2954 5193 ibidem
2977 5135 3237 5207 appellat,
3267 5141 3581 5206 Opponeret.

2077 5269 2283 5341 §ll.—
2328 5269 2515 5323 Auctor
2563 5278 2740 5323 contra
2784 5269 3001 5322 Arianos
3038 5269 3325 5332 disserens,
3371 5264 3658 5332 swculoque

2086 5419 2094 5427 α
2149 5372 2330 5433 quarto
2374 5360 2586 5428 proinde
2629 5359 3006 5431 adjudicandus
3062 5359 3294 5430 pluribus
3351 5356 3655 5412 testimoniis

2150 5453 2482 5506 convincitur.
2542 5450 2814 5507 Editorum
2851 5450 3217 5505 Veronensium
3239 5448 3500 5519 responsio
3528 5462 3657 5502 con-

2150 5546 2291 5602 trita.

2148 5676 2388 5733 Alterura
2421 5683 2828 5746 argumentum,
2889 5673 3029 5742 quod
3078 5688 3175 5744 pro
3220 5681 3409 5743 quarto
3455 5670 3651 5729 sxculu
