3826 6226
124 328 179 383 lii
810 320 1244 383 DlSSERTATlO
1282 324 1324 391 1,
1365 320 1453 378 DE
1491 321 1547 379 S.
1591 317 1877 377 ZENONIS
1913 318 2160 378 TRACT.
2194 323 2281 380 ET
2322 322 2594 380 ΑΞΤΑΤΕ.
3248 322 3320 377 «lli

122 435 505 502 validissimum,
540 437 875 509 pluribusque
904 438 1211 494 tractatibus
1235 450 1515 493 commune
1542 441 1644 497 ρει,
1677 436 1720 492 Λ
1750 433 2185 503 wqualilatemque
2223 434 2497 489 amborum
2531 450 2687 487 unam
2724 442 2877 505 urget
2904 442 3061 490 tract.
3093 437 3144 495 ϐ.
3173 453 3225 492 ιι.
3262 438 3314 500 πί,

121 540 293 600 spectat
317 544 480 586 voces
509 532 920 601 sententiasque,
945 548 1070 601 quas
1099 530 1196 603 (ut
1221 530 1431 585 Baronii
1469 527 1647 583 verbis
1745 536 1798 579 et
1833 523 2075 579 formulis
2103 525 2314 594 quidem
2350 527 2484 582 adeo
2514 527 2786 596 expressis
2830 543 2893 583 ac
2931 530 3169 598 repetitis
3212 545 3313 585 sm-

120 631 296 676 utnmur
318 622 364 675 in
384 621 572 691 primis
589 622 652 677 ad
668 623 1092 694 Martyrologium
1124 622 1282 687 notis,
1313 621 1400 676 die
1426 619 1646 689 lﬁapri-
1748 617 1865 686 pius
1892 617 2013 671 aliis
2039 618 2260 673 vocibus
2291 619 2497 683 statuit,
2530 629 2584 671 ut
2616 635 2718 673 non
2750 636 2875 673 casu
2904 620 3103 691 aliquo,
3132 624 3223 678 sed
3251 638 3345 678 ex,

118 712 188 779 iis)
215 729 473 782 numquam
508 722 626 766 ante
651 713 885 776 auditas,
913 731 1065 783 quam
1098 723 1211 786 post
1242 714 1352 766 Arii
1390 728 1645 782 emergen-
1746 710 1971 765 consilio
1991 721 2174 765 contra
2199 726 2437 765 errorem
2456 711 2564 780 jam
2588 710 2947 767 dominantem
2977 712 3091 767 hare
3112 728 3170 768 se
3194 728 3317 783 pro-

116 813 281 872 gentem
306 794 535 857 haeresim
558 845 573 869 ,
621 820 764 858 nemo
808 814 882 858 est
906 805 995 873 qui
1040 805 1266 871 nesciat,
1311 804 1417 881 qui.
1438 804 1665 872 illorum
1747 800 1884 855 ﬁteri
1917 801 2238 866 subindicet;
2269 802 2412 858 unde
2441 812 2591 856 tract.
2624 803 2647 857 1
2682 803 2775 858 lib.
2799 820 2857 863 tt.
2915 803 3079 859 Deum
3102 805 3198 860 Dei
3226 806 3317 859 Fi-

118 902 361 963 temporum
380 908 456 945 res
472 902 637 963 gestas
656 896 857 951 callent.
890 893 1644 965 llazcautetnsuntejusmodi,
1751 893 1873 947 lium
1910 895 2154 963 wqualem
2196 893 2343 948 Patri
2378 912 2409 948 a
2449 882 2722 949 Cathblict‘s
2764 896 3032 963 praedicari
3069 896 3319 953 distincte

116 992 181 1049 ut,
204 984 317 1038 licet
341 984 475 1041 idem
515 996 701 1042 auctor
726 988 977 1044 secundis
1012 989 1063 1044 in
1093 989 1523 1060 Martyrologium
1551 988 1665 1042 cu?
1748 974 2000 1051 afﬁrmat,
2030 1001 2147 1055 quae
2175 986 2485 1056 praedicatio
2522 1001 2625 1041 non
2653 988 2749 1040 nisi
2782 988 2832 1041 in
2866 997 3112 1057 quartum
3144 1004 3316 1045 saecu-

116 1078 178 1131 ris
199 1079 491 1133 sententiam
523 1080 785 1146 mutarit,
818 1080 992 1136 adhuc
1031 1092 1204 1137 tamen
1246 1083 1344 1137 hac
1383 1081 1450 1136 de
1488 1095 1646 1137 causa
1751 1076 1857 1131 lum
1895 1087 2080 1131 contra
2116 1078 2227 1133 Arii
2262 1077 2508 1133 haeresim
2533 1077 2699 1131 cadit.
2732 1079 2878 1133 lianc
2904 1095 3065 1149 porro
3097 1082 3316 1151 aequali-

113 1170 360 1238 negandum
382 1187 477 1223 non
503 1187 626 1235 esse,
659 1171 880 1242 lnquiat,
915 1172 1189 1227 nonnullos
1218 1188 1473 1227 sermones
1515 1171 1648 1226 inter
1751 1177 1912 1223 tatem
1949 1186 2054 1223 non
2085 1172 2312 1224 asseruit
2354 1170 2527 1223 solum
2558 1169 2779 1235 Auctor,
2812 1170 2904 1225 sed
2939 1172 3174 1240 pluribus
3204 1184 3316 1228 sla-

113 1260 327 1325 opuscala
356 1259 411 1313 S.
436 1259 653 1314 Zenonis
676 1263 971 1330 impressas,
1002 1264 1218 1333 martyri
1244 1304 1258 1327 ,
1288 1264 1374 1333 qui
1408 1262 1498 1316 sub
1527 1261 1651 1316 (ξαι-
1752 1271 1905 1319 tuere
1946 1272 1999 1317 et
2027 1262 2346 1317 conﬁrmare
2375 1262 2533 1317 etiam
2579 1263 2800 1332 integris
2827 1261 3144 1332 quandoque
3176 1275 3317 1319 trac-

113 1350 226 1404 lieno
251 1362 504 1405 coronatus
531 1364 635 1417 est,
666 1356 935 1409 convenire
955 1371 1056 1409 non
1084 1371 1250 1424 posse,
1284 1355 1334 1407 in
1358 1354 1538 1424 quibus
1567 1370 1649 1407 ar-
1755 1352 1950 1407 tatibus
1974 1352 2159 1417 voluit,
2191 1352 2520 1426 obiectiones
2552 1351 2798 1422 rejiciens
2843 1367 2975 1423 quas
3008 1353 3188 1407 Ariani
3221 1369 3311 1410 so-

113 1440 423 1497 bitramureos
443 1459 570 1509 esse,
594 1446 679 1513 qui
696 1444 805 1498 Arii
823 1445 1057 1500 haeresim
1072 1446 1339 1515 confutant
1353 1445 1650 1515 manifeste;
1753 1443 1863 1499 lum
1892 1454 2315 1498 commoverant.
2348 1442 2476 1497 Vide
2500 1453 2638 1497 totos
2669 1452 2821 1497 tract.
2859 1444 2883 1497 1
2920 1453 2973 1499 et
3000 1444 3033 1498 6
3065 1445 3157 1499 lib.
3188 1461 3243 1500 ιι.

110 1534 241 1599 quod,
258 1534 305 1585 ni
322 1535 564 1604 fallimur,
594 1538 765 1591 multis
789 1538 1073 1592 rationibus
1100 1548 1148 1592 et
1171 1538 1374 1607 optimis
1402 1540 1651 1610 conjectu-
1822 1535 1963 1589 Nihil
1980 1551 2141 1605 porro
2159 1535 2693 1602 Arianissolemnius,
2716 1552 2874 1605 quam
2892 1536 3161 1609 ὁμοούσιον
3187 1555 3320 1610 grat-

110 1624 169 1675 ris
194 1624 379 1693 probari
404 1637 585 1695 posset,
612 1628 656 1683 si
677 1629 733 1682 id
754 1630 1033 1684 notationis
1061 1630 1309 1700 angustia:
1339 1637 1647 1701 paterentur.
1752 1642 1896 1695 cum,
1931 1629 2150 1684 latinum
2186 1639 2362 1684 autem
2392 1644 2582 1684 nomen
2620 1645 2771 1682 unam
2796 1629 3126 1684 substantiam
3180 1632 3320 1685 rel'u-

112 1714 283 1770 Harum
330 1719 648 1774 locutionum
697 1734 998 1792 vocumque
1042 1722 1431 1791 prazcipuarum
1475 1720 1553 1774 vis
1597 1727 1653 1773 ut
1718 1735 1899 1789 _gere,
1932 1722 2130 1791 quippe
2161 1720 2298 1790 quod
2324 1736 2427 1775 uno
2457 1722 2564 1775 ictu
2598 1721 2830 1789 ipsorum
2863 1737 3100 1776 errorem
3134 1725 3321 1792 przeci.

112 1808 407 1864 manifestior
433 1811 554 1877 fiat,
585 1813 713 1882 quid
739 1814 930 1869 Ariani
954 1830 1018 1871 ex
1049 1830 1153 1869 una
1181 1823 1330 1883 parte
1356 1814 1652 1885 senserint,
1686 1816 1734 1876 B
1761 1810 1922 1866 debat
1963 1830 1975 1865 :
2019 1811 2162 1867 unde
2198 1827 2260 1868 ea
2303 1813 2536 1883 ipsorum
2576 1823 2689 1867 erat
2728 1812 2956 1867 celebris
2994 1814 3078 1868 lex
3110 1855 3122 1877 ,
3163 1830 3317 1884 quam

113 1903 215 1972 quid
237 1921 297 1959 ex
324 1906 422 1960 alia
449 1910 646 1963 Auctor
675 1922 866 1965 contra
892 1922 1124 1980 regerat,
1147 1912 1306 1966 certis
1335 1907 1650 1979 quibusdam
1756 1903 2079 1960 Pbaebadius
2106 1916 2492 1961 commemorat
2521 1896 2641 1977 pag.
2675 1905 2770 1961 501
2807 1918 2933 1959 ιοιιι.
2986 1922 3037 1960 tv
3066 1906 3317 1962 Bibliotb.

112 1997 339 2063 Capitibus
364 2013 629 2068 exponere
659 2003 886 2069 perutile
914 2001 1112 2066 fuerit,
1158 2001 1298 2057 unde
1322 2001 1404 2055 vel
1435 2000 1530 2065 illi,
1563 1999 1650 2067 qui
1755 1994 1857 2049 PP.
1897 1995 2024 2049 edit.
2063 1995 2431 2065 Lugdunensis
2463 2013 2476 2051 :
2505 1995 2670 2050 Nemo
2698 2012 2849 2049 unam
2882 1998 3208 2051 substantiam
3238 2000 3318 2052 di-

114 2101 201 2139 uon
226 2088 371 2155 plane
397 2092 581 2146 eruditi
634 2094 684 2146 in
720 2094 865 2149 hisce
891 2096 1128 2149 materiis
1154 2104 1275 2148 sunt
1303 2135 1318 2159 ,
1366 2094 1651 2147 Auctorem
1761 2096 1860 2139 rat.
1892 2086 2152 2141 Catholici
2174 2102 2203 2141 e
2226 2097 2411 2141 contra
2434 2088 2568 2141 sicut
2597 2087 2732 2155 apud
2755 2086 2968 2144 Graecos
2998 2104 3126 2143 voce
3150 2089 3322 2163 ὁμοού.

114 2188 266 2231 contra
280 2170 571 2237 Arianoses
596 2186 1231 2253 propositodisscrentem
1262 2192 1569 2260 agnoscant.
1591 2182 1654 2236 lli
1760 2200 1870 2234 σιον
1902 2179 1971 2232 ita
1996 2179 2133 2247 apud
2157 2178 2375 2232 Latinos
2404 2164 2554 2232 unius
2583 2179 2875 2233 substantia:
2899 2178 3235 2235 confessione
3254 2182 3322 2235 ab

115 2271 316 2326 haeretici
332 2273 512 2345 [mn]
528 2293 592 2329 ex
611 2277 900 2333 Athinasio
919 2280 969 2332 in
985 2279 1077 2333 lib.
1096 2279 1163 2332 de
1182 2278 1416 2333 Decretis
1429 2275 1655 2330 Nicaenis
1758 2271 1971 2324 Arionis
1994 2271 2432 2334 secernebantnr,
2457 2270 2750 2339 iisdemque
2772 2282 2825 2324 ut
2849 2285 2907 2325 se
2928 2286 2985 2325 se
3007 2271 3321 2339 objicerent,

115 2380 239 2418 nom.
268 2365 329 2419 18
353 2407 367 2429 ,
400 2382 513 2437 pag.
544 2368 650 2422 225
673 2408 689 2434 ,
723 2368 789 2422 de
818 2368 952 2424 Filio
980 2370 1073 2425 Dei
1106 2372 1420 2441 loquentes,
1469 2368 1654 2438 hujus-
1761 2362 1961 2417 nullam
2006 2362 2268 2431 potiorem
2312 2362 2594 2416 formulam
2629 2363 2961 2433 ingerebant.
2996 2362 3141 2416 Hanc
3177 2363 3321 2419 Lati-

117 2458 232 2509 tnodi
278 2458 513 2515 fonnulis
543 2463 827 2517 utebantur
850 2452 867 2519 ’τ
913 2462 997 2517 Ea:
1029 2480 1131 2517 non
1158 2464 1513 2530 existentibus,
1556 2467 1655 2515 non
1762 2469 1884 2509 nam
1909 2453 2299 2524 professionem
2328 2469 2392 2507 ac
2411 2454 2690 2507 formulam
2718 2454 2854 2523 apud
2881 2456 3161 2508 Auctorem
3182 2470 3326 2524 δαινο

114 2558 203 2599 erat
226 2559 479 2620 antequam
496 2553 696 2621 genitus
715 2562 813 2618 est,
838 2554 933 2623 {uit
949 2555 1224 2625 aliquando
1247 2571 1358 2608 cum
1382 2571 1480 2607 non
1499 2560 1655 2607 esset:
1760 2549 1904 2618 leges
1929 2588 1945 2613 ,
1987 2557 2040 2603 ct
2080 2563 2235 2601 unam
2267 2546 2619 2602 substantiam
2652 2546 2829 2629 Patris
2850 2561 2910 2602 ac
2938 2548 3057 2603 Filii
3088 2550 3325 2619 prtecisis

117 2639 277 2703 (illum
299 2638 593 2709 Sigltiﬁcare
623 2632 903 2707 volebant,
931 2628 1167 2698 divinum
1199 2644 1429 2700 Verbum
1472 2659 1659 2697 exnon
1761 2645 2007 2701 terminis
2058 2644 2378 2715 explicatam
2430 2645 2589 2697 etiam
2650 2628 2922 2707 invenies;
2976 2644 3048 2696 uti
3095 2651 3249 2697 tract.
3295 2644 3327 2697 6

114 2730 424 2796 eristentibus,
479 2732 528 2787 id
568 2744 651 2788 est
676 2750 739 2789 ex
775 2736 941 2789 nihilo
967 2777 980 2799 ,
1012 2748 1087 2793 ,ιιι
1118 2750 1327 2793 caetera:
1357 2747 1614 2791 creatura:
1642 2776 1655 2799 ,
1764 2739 1856 2793 lib.
1888 2754 1947 2803 ιι,
1983 2753 2125 2791 num.
2153 2737 2207 2803 4,
2242 2734 2416 2791 verbis
2448 2736 2603 2804 paulo
2633 2743 2756 2789 ante
2803 2734 3057 2801 recitatis,
3093 2751 3188 2789 nec
3220 2751 3327 2790 non

116 2822 352 2877 Conditum
378 2866 392 2888 ,
423 2842 521 2879 non
552 2829 712 2895 fuisse
744 2840 1018 2897 antequam
1043 2832 1242 2899 genitus
1279 2840 1351 2883 est
1375 2870 1390 2895 ,
1446 2829 1584 2883 unde
1609 2838 1663 2883 et
1764 2840 1918 2887 tract.
1953 2830 2003 2895 7,
2040 2843 2185 2885 num.
2214 2828 2269 2895 2,
2304 2827 2390 2882 ubi
2409 2828 2521 2882 btec
2550 2827 2744 2881 habet:
2772 2826 2830 2881 Si
2859 2828 2992 2879 enim
3029 2827 3245 2881 Verbum
3274 2828 3330 2881 in

116 2911 201 2976 [ait
219 2911 502 2982 aliquando,
534 2932 645 2968 cum
682 2934 783 2971 non
812 2930 959 2973 esset.
1015 2920 1107 2975 llis
1138 2929 1195 2979 ut
1220 2920 1510 2976 contrairet
1539 2936 1663 2975 nos-
1752 2923 1873 2979 Δ)εο
1899 2933 1988 2989 est,
2009 2933 2053 2977 et
2070 2922 2203 2977 Deus
2224 2934 2292 2976 est
2325 2918 2556 2985 Verbum,
2584 2928 2629 2972 et
2649 2920 2742 2971 Itoc
2764 2928 2859 2984 est,
2889 2919 2939 2971 in
2960 2935 3059 2988 quo
3081 2930 3172 2983 est,
3195 2920 3329 2987 quod
3407 2942 3411 2945 ·

116 3011 181 3084 ter
218 3003 406 3061 Auctor
456 3023 577 3061 cum
620 3010 897 3064 catholicis
942 3014 1171 3081 primum
1219 3015 1402 3069 docuit
1445 3022 1596 3067 tract.
1629 3014 1663 3067 3
1765 3017 1852 3070 ille
1874 3027 1968 3081 est,
1996 3016 2080 3085 qui
2110 3015 2262 3078 inest,
2291 3012 2480 3080 duplex
2507 3026 2741 3080 persona,
2772 3009 2960 3078 duplex
2987 3010 3279 3064 vocabulum
3314 3026 3330 3064 :

115 3094 189 3149 ml-
220 3112 248 3151 "
272 3139 284 3163 ν
312 3098 470 3152 Dem“
500 3098 712 3154 Palmm
752 3097 919 3155 ηιίιιηί
947 3120 1019 3167 δε,
1049 3106 1097 3157 id
1122 3115 1204 3159 εει
1235 3104 1425 3159 Filium
1458 3106 1619 3159 “cum
1648 3144 1661 3168 ν
1767 3110 1855 3165 sed
1884 3108 2148 3180 originalis
2171 3105 2515 3175 perpetuitatis
2550 3090 2610 3157 ac
2642 3102 2844 3157 deitatis
2873 3111 2942 3156 est
2971 3119 3073 3155 una
3097 3104 3331 3156 substan—

115 3190 312 3253 geuuisse
335 3206 396 3242 ea:
420 3207 470 3244 se
494 3206 555 3244 ex
574 3192 862 3247 itmascibili
881 3211 975 3247 sua
1003 3195 1099 3249 illa
1128 3198 1409 3250 substantia
1433 3239 1448 3263 ,
1487 3198 1537 3249 in
1562 3213 1659 3264 qua
1686 3191 1731 3254 C
1766 3202 1855 3255 tia.
1884 3201 2077 3257 Iterum
2108 3207 2262 3253 tract.
2290 3199 2376 3265 1‘2,
2411 3213 2555 3251 num.
2594 3196 2642 3259 l,
2677 3212 2827 3248 unum
2849 3193 3198 3261 substantiam,
3231 3196 3332 3248 vir-

116 3276 258 3331 bratus
276 3297 477 3335 manens
515 3282 570 3333 in
599 3286 981 3351 sempiternum,
1008 3286 1240 3340 omnibus
1266 3304 1377 3357 qua:
1406 3288 1661 3342 ltabetlut-
1765 3303 1949 3357 tutem,
1983 3292 2246 3355 deitatem,
2276 3292 2585 3361 majestate»!
2607 3329 2620 3351 ,
2652 3287 3054 3355 voluntatemque
3084 3284 3258 3343 Ραινὶε
3286 3298 3332 3341 et

114 3372 274 3426 leuent
319 3372 366 3426 F
369 3375 516 3428 ilium
556 3377 702 3444 paria
734 3378 1053 3445 procreauit;
1097 3389 1149 3432 et
1177 3390 1330 3434 tract.
1374 3380 1410 3433 2
1452 3380 1544 3435 lib.
1576 3395 1613 3434 tt
1642 3421 1655 3445 ,
1766 3382 1917 3439 Filii;
1947 3383 2209 3449 Tandem,
2248 3381 2438 3435 utalia
2462 3380 2732 3443 silenmus,
2766 3378 3095 3447 explicandae
3120 3380 3328 3454 aliqua-

116 3462 264 3519 Totum
284 3484 355 3534 se,
382 3468 574 3537 inquit,
598 3468 755 3523 Pater
774 3471 1102 3538 reciprocavit
1123 3472 1176 3525 in
1206 3472 1439 3529 Filium:
1467 3474 1658 3544 quibus
1682 3524 1684 3527 ,
1769 3487 1923 3531 tenus
1966 3475 2045 3532 rei
2071 3480 2230 3531 causa
2261 3484 2410 3528 tract.
2441 3472 2475 3525 2
2502 3472 2727 3527 duorum
2755 3472 2980 3526 marium
3009 3486 3102 3541 per
3126 3471 3321 3528 fretum

112 3558 311 3614 divinum
342 3560 577 3616 Verbum
608 3576 713 3614 non
744 3575 808 3615 ea;
837 3562 997 3615 nihilo
1019 3602 1034 3627 ,
1069 3578 1162 3617 seu
1193 3580 1255 3618 ea:
1284 3582 1385 3618 non
1411 3566 1661 3619 exstanti-
1766 3569 2000 3623 medium
2035 3568 2173 3622 inter
2203 3582 2323 3622 sese
2376 3564 2880 3619 communicantium
2919 3563 3322 3620 similitudinem

112 3652 186 3703 bus
207 3694 219 3716 ,
261 3653 346 3707 sed
393 3670 459 3708 ex
515 3655 627 3721 ipsa
654 3652 826 3707 Patris
871 3655 1164 3709 substantia
1197 3657 1430 3725 genitum
1470 3669 1657 3727 aperte
1763 3661 1975 3730 ingerit,
2007 3674 2121 3729 quw
2141 3658 2253 3712 licet
2278 3657 2355 3710 sui
2378 3656 2677 3727 pmprietate
2704 3655 2826 3708 locis
2851 3654 3201 3724 vocabulisque
3218 3656 3327 3708 dis-

112 3743 322 3808 prodidit.
350 3746 480 3801 Dein
506 3756 565 3801 ut
595 3746 924 3814 exploderet,
942 3747 1163 3801 alteram
1196 3750 1500 3815 formulam,
1537 3750 1655 3804 Non
1762 3760 1899 3804 creta
1925 3751 2048 3815 sint,
2075 3760 2242 3803 tamen
2264 3748 2383 3803 trini
2406 3745 2647 3817 profundi
2679 3746 2876 3815 vaporis
2900 3760 2999 3796 una
3024 3746 3198 3812 uirtus,
3223 3762 3327 3799 una

110 3842 194 3884 erat
214 3843 469 3899 antequam
494 3846 803 3900 nasceretur,
833 3852 929 3891 seu
954 3837 1176 3891 alteram
1210 3854 1275 3893 eo
1304 3841 1651 3905 recidentem,
1762 3841 2061 3906 substantia,
2090 3855 2189 3893 una
2212 3851 2283 3891 est
2315 3837 2504 3907 [luendi
2535 3847 2731 3889 natura.
2757 3834 2904 3901 Quod
2929 3835 2971 3887 si
2996 3834 3328 3889 consubstan-

113 3922 208 3977 t'uit
232 3927 504 3997 aliquando
529 3968 544 3995 ,
577 3944 693 3981 cum
732 3943 831 3980 non
863 3936 1027 3994 esset,
1065 3930 1261 3998 quibus
1309 3929 1491 3985 divino
1520 3931 1654 3985 Filio
1764 3935 1904 3989 tialis
1933 3950 2121 3989 voccm
2152 3932 2289 4002 apud
2319 3933 2603 3984 Auctorem
2650 3944 2753 3981 non
2787 3928 3041 3997 reperias,
3077 3927 3207 3981 nihil
3240 3942 3327 3982 re-

110 4022 421 4076 :cternitatem
476 4021 658 4075 Ariani
712 4021 974 4090 negabant
999 4062 1013 4081 ,
1058 4023 1415 4075 cowternitatis
1467 4038 1651 4078 vneam
1763 4026 1866 4080 fert
1896 4044 1907 4079 :
1944 4025 2058 4080 haec
2088 4026 2230 4079 enim
2262 4037 2357 4077 vox
2392 4036 2457 4075 eo
2493 4020 2691 4074 saeculo
2720 4019 2801 4073 cui
2848 4018 3133 4072 Auctorem
3158 4017 3326 4089 afﬁgi—

108 4108 267 4176 srpius
290 4109 543 4174 inculcat,
578 4120 738 4165 tract.
765 4110 799 4164 2
828 4110 917 4165 hb.
946 4126 1005 4176 ιι,
1040 4127 1142 4164 una
1171 4113 1414 4183 originali
1443 4124 1653 4167 coaner-
1761 4134 1879 4173 mus
1902 4159 1915 4183 ,
1947 4120 2084 4173 inter
2107 4118 2322 4172 Latinos
2346 4115 2431 4169 vix
2457 4156 2470 4180 ,
2500 4120 2592 4167 aut
2616 4128 2682 4167 ne
2707 4116 2787 4166 vix
2816 4111 3028 4182 quidem
3066 4114 3322 4181 reperies,

109 4200 272 4265 ηίῑηιεῖ
309 4213 461 4258 lr'JCl.
501 4204 533 4256 6
563 4204 655 4256 lib.
690 4218 749 4267 tt,
782 4217 836 4255 n.
869 4203 923 4267 4,
953 4220 1067 4255 cum
1119 4220 1219 4272 quo
1247 4204 1509 4277 originalis
1540 4221 1655 4272 per-
1762 4211 2023 4278 nisiapud
2064 4211 2284 4264 Marium
2322 4208 2672 4270 Victorinum,
2718 4217 2843 4258 tom.
2881 4219 2933 4258 Iv
2969 4205 3193 4258 laudata:
3236 4204 3319 4258 lli-

110 4294 463 4366 Pﬂniqueregni
504 4312 609 4348 una
648 4295 915 4363 possessio,
946 4295 1307 4348 coaeternitatis
1329 4296 1652 4364 omnipoten-
1760 4300 2043 4354 bliothecm
2073 4301 2199 4365 PP.,
2225 4314 2379 4368 quem
2414 4314 2583 4367 unum
2622 4303 2675 4350 et
2716 4296 2945 4366 primum
2985 4294 3219 4348 omnium
3264 4310 3325 4349 ea

106 4383 252 4450 neque
267 4403 361 4440 una
388 4387 674 4441 substantia
698 4426 713 4450 ,
740 4402 838 4438 una
859 4386 1152 4455 inqualitas,
1182 4402 1285 4438 una
1312 4386 1467 4438 virtus
1490 4390 1654 4457 maje-
1760 4406 1892 4447 voce
1921 4408 2072 4447 usum
2098 4391 2571 4462 deprehendimus.
2596 4387 2786 4443 Ctelet'i
2818 4396 2991 4442 autem
3022 4397 3327 4442 constanter

104 4478 222 4530 statis
243 4492 490 4550 augusta.
524 4479 642 4534 Huc
671 4479 832 4533 etiam
860 4478 946 4531 illa
978 4478 1420 4548 pertinenttract.
1447 4474 1537 4541 55,
1561 4478 1615 4530 ul

1810 4499 1857 4538 3r
1898 4500 2015 4539 eam
2092 4494 2461 4554 tempestatem
2532 4483 2719 4537 Latine
2783 4498 2933 4534 unam
2992 4480 3321 4533 substantiam

106 4564 262 4623 Filium
312 4584 540 4641 paterna:
591 4571 904 4643 antiquitatis
931 4561 1095 4622 solum
1123 4570 1381 4621 consciunt
1406 4608 1421 4630 ,
1466 4568 1516 4621 id
1562 4575 1646 4621 est
1673 4574 1727 4632 D
1752 4574 1960 4640 dixere,
1987 4577 2127 4643 quod
2150 4592 2244 4645 pro
2261 4576 2473 4629 Nicurna
2490 4585 2541 4629 et
2561 4574 2743 4630 Grzcca
2766 4586 2893 4626 voce
2908 4570 3169 4642 ὁμοούσιον
3196 4569 3319 4624 red-

106 4668 388 4717 comternutn
420 4662 569 4718 Patri
598 4660 797 4717 fatetur
820 4702 833 4726 ,
886 4672 938 4714 et
966 4702 980 4725 ,
1033 4668 1091 4715 ut
1137 4660 1237 4713 alia
1270 4659 1600 4713 dimittamus

1805 4672 2011 4723 tumet
2041 4677 2318 4737 acceptum
2353 4667 2467 4731 luit,
2489 4675 2545 4720 ut
2570 4666 2752 4720 videre
2780 4674 2863 4719 est
2894 4666 2943 4716 in
2971 4662 3094 4731 ipsis
3119 4660 3316 4715 Latinis

106 4754 230 4803 "mi
254 4753 301 4820 7,
324 4754 759 4825 ειριοτειίεεὶηιε
781 4768 896 4806 eam
922 4752 1165 4807 haeresim
1196 4761 1365 4813 notat,
1392 4765 1511 4820 qna:
1542 4767 1648 4803 mo-
1752 4757 2284 4826 interpretationibus
2317 4758 2621 4813 Grut-carum
2656 4755 2997 4810 formularum
3022 4753 3164 4818 fidei,
3187 4768 3316 4822 quas

106 4836 279 4909 άεετίιη,
304 4846 389 4899 τεά
413 4844 714 4900 mordacius
736 4859 937 4908 nocens,
965 4844 1085 4895 dicit
1110 4843 1311 4911 quidem
1330 4839 1426 4894 Dei
1452 4840 1644 4894 Filium
1720 4850 1803 4902 ‘in
1837 4848 2151 4918 fragmentis
2203 4850 2258 4905 s.
2294 4850 2523 4903 llilarins
2544 4848 2728 4903 edidit.
2762 4847 2892 4900 Ilinc
2930 4844 3057 4897 illud
3091 4842 3316 4896 Luciferi

105 4926 353 5001 Μηδικά
378 4956 481 4992 non
510 4954 579 5008 ea;
606 4936 763 4991 Palt‘e
795 4935 1071 4989 nobilitatis
1102 4938 1433 5002 perpetuitate
1462 4949 1643 5002 proge-
1748 4939 2043 4994 Calaritani
2077 4942 2126 4994 in
2160 4942 2296 4995 libro
2324 4938 2401 4994 De
2425 4957 2524 4993 non
2555 4940 2805 5011 parcendo
2836 4940 2885 4989 in
2919 4936 3313 5003 Deum‘peccan-

104 5020 256 5091 πὰηεὶ
283 5030 537 5100 {liaeque
560 5042 761 5097 tempus
790 5072 802 5095 ,
831 5027 1035 5099 quando
1063 5044 1162 5081 non
1188 5028 1301 5097 fuit.
1356 5025 1479 5079 ΙΙωο
1506 5040 1642 5095 ριίε-
1749 5032 1899 5096 tibus,
1925 5047 1973 5100 p.
1994 5030 2149 5088 25η.
2176 5049 2225 5087 ιν
2251 5032 2592 5088 Bibliotheca:
2615 5027 2817 5104 [mut]
2836 5029 2929 5083 I’P.
2948 5026 3310 5095 ejusdemedi-

105 5113 227 5182 εἰμιε
244 5121 397 5175 verba
422 5122 720 5176 Baronium
753 5130 1067 5185 moverunt,
1095 5134 1215 5174 cum
1246 5117 1500 5172 Arianam
1532 5119 1641 5172 ltze-
1746 5122 1936 5175 tionis:
1957 5121 2272 5177 Homousion
2298 5124 2435 5193 quod
2464 5124 2829 5187 Gra’cidicnnt,
2849 5136 2935 5173 nos
2961 5134 3069 5171 vero
3099 5118 3311 5170 Romani

104 5206 233 5261 ιειίιιι
253 5207 449 5266 όὶῑεοιε
477 5213 703 5267 feriant:
738 5227 897 5267 nemo
916 5212 1058 5267 enim
1076 5222 1200 5266 ante
1229 5210 1413 5266 Arium
1446 5210 1639 5263 similia
1747 5214 1965 5268 dicimus
1988 5217 2137 5271 unius
2158 5220 2458 5272 substantia:
2483 5235 2595 5271 cum
2618 5217 2772 5270 Parte
2805 5233 2816 5268 :
2842 5212 2976 5283 quod
3004 5212 3190 5266 iterum
3221 5229 3302 5268 ιρι

103 5296 281 5364 docuit.
312 5316 466 5357 nemo
493 5313 621 5357 ante
652 5303 756 5358 hoc
784 5314 993 5374 tempus
1028 5303 1164 5359 adeo
1189 5316 1442 5373 expresse
1469 5300 1640 5369 hanc-
1748 5311 1882 5378 petit
1914 5325 2029 5377 pag.
2055 5310 2159 5365 243
2184 5312 2234 5364 in
2262 5313 2397 5365 libro
2430 5311 2749 5366 Moriendum
2777 5324 2881 5362 esse
2876 5323 2999 5379 ‘pro
3026 5302 3163 5358 Filio
3194 5304 3303 5358 Dei.

103 5386 182 5442 sint
205 5392 487 5464 huiusmodi
520 5396 728 5450 notavit
755 5406 809 5450 et
836 5395 1071 5462 refellit,
1121 5413 1219 5453 nec
1251 5407 1435 5453 notare
1467 5406 1519 5451 et
1549 5411 1635 5451 re-
1748 5399 1980 5453 llilarins
2020 5414 2231 5470 quoque
2276 5402 2367 5456 lib.
2408 5417 2459 5456 ιν
2504 5403 2568 5457 de
2602 5402 2814 5465 Trinil.,
2854 5414 2995 5453 num.
3026 5395 3059 5449 4
3095 5414 3107 5450 :
3145 5396 3306 5451 Unius

103 5474 473 5556 ταίιεηήηῖιιοω
499 5487 692 5557 Imm“-
1482 5478 1487 5483 Δ
1747 5490 2063 5555 substantia’,
2106 5494 2241 5562 quod
2279 5485 2455 5548 Graiae
2491 5493 2805 5549 Homousion
2841 5490 3027 5541 dicitur
3068 5506 3085 5541 :
3120 5488 3205 5542 cui
3235 5490 3307 5542 si-

159 5572 313 5631 Ariatli
338 5578 698 5651 aequalitatem
740 5577 866 5634 Filii
893 5590 1012 5633 cum
1042 5579 1199 5634 Patre
1225 5580 1595 5636 inliciebantur
1620 5620 1633 5642 ,
1739 5584 1886 5639 milia
1921 5582 2096 5653 prodit
2124 5586 2326 5637 Auctor
2357 5594 2614 5640 tractatus
2644 5586 2704 5637 de
2730 5581 2859 5634 Fide
2880 5579 3157 5633 orthodoxa
3178 5596 3307 5635 con—

104 5660 474 5745 interioremque
520 5671 683 5728 Patre
736 5670 935 5732 Filium
993 5671 1375 5741 praedicabant.
1433 5672 1634 5728 Auctor
1741 5687 1817 5733 tra
1846 5675 2071 5730 Ariauos
2105 5683 2232 5728 tom.
2269 5690 2305 5729 ιι
2338 5674 2663 5746 Appendicis
2689 5674 2952 5731 Ambrosii
2986 5687 3103 5742 pag.
3128 5672 3232 5728 545
3252 5686 3307 5730 et

104 5756 462 5821 ‘WPatri
484 5765 678 5822 Filium
702 5767 757 5818 in
777 5762 1025 5831 omnibus,
1057 5772 1208 5820 tract.
1234 5763 1266 5818 5
1292 5773 1345 5819 et
1380 5766 1521 5821 tlib.
1553 5782 1625 5833 ιι,
1738 5768 1865 5832 alii,
1900 5782 2033 5836 quos
2070 5765 2150 5822 vel
2197 5766 2427 5837 allegare
2469 5769 2625 5824 nimis
2668 5777 2808 5824 esset
2851 5767 3082 5837 longum.
3123 5764 3307 5838 Itaque
