3826 6226
339 209 384 250 η-
435 172 545 228 47-
1317 171 1321 175 ·
1796 173 2013 231 paces

2126 173 2326 232 MENA.
3644 189 3700 245 i8

438 306 560 344 cum
590 293 792 345 Auctor
820 307 971 344 unam
995 290 1333 346 substantiam
1362 291 1560 348 acriter
1581 292 1836 361 inculcet,
1863 285 2022 365 quam
2051 295 2105 355 Α
2130 309 2356 351 necesse
2383 297 2562 352 esset?
2593 297 2916 357 Incredibile
2947 301 3000 378 itl
3032 316 3162 357 sane
3193 310 3307 367 est,
3342 306 3383 359 si
3419 312 3699 376 ριπιερτιῑιη

438 387 620 443 οτιθιθτί
647 379 1019 456 εὶυςᾱεηιωνὶ
1048 385 1236 442 Patres
1264 387 1524 442 adversus
1550 389 1778 443 Arianos
1808 405 1875 443 ex
1901 404 2024 459 pro-

437 480 616 551 posito
642 480 962 535 dimicantes
992 479 1354 548 inculcarnnt,
1382 481 1864 536 consubstantialis
1895 482 2022 538 licet

435 588 622 632 vocem
675 585 1008 644 nequaquam
1055 571 1331 640 adhibeat,
1383 573 1513 628 satis
1562 588 1620 630 se
1669 575 2022 630 nihilominus

437 669 696 726 adversus
714 683 833 726 eam
865 668 1112 725 breresim
1140 667 1506 725 decertantem
1532 660 1728 740 prodit.
1761 669 1867 726 Sed
1901 687 2021 741 per—

433 777 623 836 gamus
649 764 712 820 ad
739 764 863 820 alia.
1519 769 1541 809 .'

506 859 655 914 Hanc
680 874 837 914 unam
867 859 1224 916 substantiam
1256 870 1312 917 ut
1341 862 1524 916 Ariani
1557 861 1623 918 de
1653 860 1832 920 medio
1860 862 2020 920 tolle-

433 962 592 1019 rent,
636 952 965 1023 objiciebant
1015 955 1113 1010 hac
1161 956 1372 1012 ratione
1399 956 1469 1011 de
1516 955 1690 1012 Patris
1720 957 2018 1014 substantia

418 1047 635 1120 aliquid
666 1049 832 1106 fuisse
861 1049 1160 1121 demptum,
1196 1059 1253 1106 ut
1277 1050 1446 1106 Filius
1466 1051 1802 1122 gigneretur,
1832 1053 2020 1122 sicque

431 1144 771 1201 imminutum
800 1154 851 1201 et
884 1144 1257 1215 imperfectum
1291 1144 1506 1201 Patrem
1530 1127 1561 1201 a
1585 1144 1883 1202 Catholicis
1919 1139 2017 1222 adi-

431 1237 750 1294 mittendum
796 1237 1136 1294 dictitabant.
1188 1237 1396 1305 Quibus
1444 1252 1606 1300 insse
1654 1255 1714 1295 se
1759 1239 2020 1314 obiiceret

429 1333 653 1397 Auctor,
709 1340 776 1387 tr.
816 1332 873 1400 2,
910 1334 1012 1388 hac
1055 1331 1329 1388 locutione
1367 1347 1497 1387 usus
1528 1341 1611 1387 est
1664 1351 1678 1387 :
1724 1332 1888 1389 Pater
1926 1351 2017 1389 suo

399 1471 403 1474 .
428 1433 663 1496 manente
687 1426 884 1497 integro
911 1435 1067 1489 statu,
1087 1435 1250 1482 totum
1276 1443 1330 1481 se
1357 1408 1688 1496 reciprocavit
1714 1427 1766 1480 in
1798 1425 2014 1494 Filium,

427 1537 491 1575 ne
519 1520 642 1592 quid
665 1519 861 1575 sibimet
897 1520 1184 1590 derogaret.
1215 1519 1284 1575 Et
1312 1528 1469 1575 tract.
1501 1519 1534 1575 5
1564 1537 1576 1572 :
1613 1518 1687 1572 De
1715 1519 1822 1574 Deo
1844 1521 2013 1574 nasci.

428 1620 514 1668 tur
547 1611 716 1683 Deus,
749 1621 912 1667 totum
939 1611 1110 1667 Patris
1140 1610 1350 1678 habens,
1386 1611 1515 1664 nihil
1544 1610 1794 1684 derogans
1821 1610 1970 1665 Patri
1998 1627 2016 1664 :

2137 393 2453 447 consideres
2485 436 2498 459 ,
2558 392 2808 465 Origenis
2861 398 3018 466 gra'ci
3073 398 3385 467 antiquique
3439 403 3703 471 scriptoris

2127 502 2290 558 opera
2321 489 2762 566 Occidentalibus
2802 490 2985 562 ignota
3016 493 3182 548 fuisso
3204 539 3218 562 ,
3251 507 3536 564 antequam
3567 501 3696 555 erle.

2127 580 2239 635 bris
2268 582 2637 637 controversia
2676 582 2743 639 de
2768 583 3017 655 Origenis
3049 585 3202 640 libris
3238 587 3340 642 sub
3370 587 3530 644 finem
3570 605 3703 658 pror-

2124 686 2217 727 sus
2241 676 2413 745 quarti
2437 677 2621 732 saaculi
2646 663 2996 734 excitaretur.
3023 680 3156 736 lllntl
3177 692 3357 748 autem
3377 694 3583 741 certum
3632 698 3702 742 est

2125 766 2231 822 hoc
2263 769 2494 839 primum
2527 779 2771 851 tempore
2804 790 2911 828 non
2951 773 3018 827 ab
3058 775 3360 852 Epiphanio
3387 778 3584 846 solum,
3621 781 3702 837 sed

2123 880 2154 920 a
2182 865 2500 938 Theopbylo
2532 867 2900 924 Alexandrino
2929 870 3158 941 aliisque
3202 873 3565 944 compluribus
3596 874 3702 930 Ori-

2124 974 2315 1030 genem
2347 970 2618 1030 tamquam
2648 963 2759 1016 Arii
2803 973 3009 1032 patrem
3050 965 3253 1022 traduci
3294 967 3554 1038 cmpisse;
3593 978 3703 1024 ante

2124 1052 2266 1121 quod
2303 1062 2512 1123 tempus
2539 1069 2658 1108 cum
2691 1070 2850 1110 nemo
2883 1073 3019 1111 nnns
3051 1059 3305 1116 inventus
3359 1062 3429 1115 sit
3471 1065 3560 1133 qui
3591 1062 3697 1118 Ori-

2126 1144 2250 1215 geni
2272 1160 2395 1200 eum
2426 1162 2668 1202 errorem
2700 1147 2958 1216 alliserit,
2991 1152 3122 1207 satis
3154 1153 3452 1224 probabilis
3486 1157 3704 1212 nonnul-

2125 1236 2191 1291 lis
2226 1238 2334 1291 visa
2366 1246 2448 1293 est
2500 1254 2686 1295 eorum
2725 1242 2816 1312 qui
2846 1241 3064 1314 Origeni
3109 1246 3468 1314 patrocinium
3507 1264 3704 1305 accom-

2122 1329 2407 1408 modaruut
2449 1335 2752 1396 excusatio,
2767 1333 3016 1406 Origenis
3038 1336 3208 1392 libros
3228 1339 3297 1393 ab
3318 1340 3535 1395 Arianis
3556 1340 3702 1397 fuisse

2121 1431 2425 1494 corruptos,
2461 1425 2618 1480 sicuti
2645 1426 2977 1484 adolterasse
3001 1445 3094 1485 eos
3117 1431 3172 1488 S.
3199 1431 3454 1488 Methodii
3485 1434 3705 1506 Sympo-

2121 1517 2276 1584 sion,
2326 1517 2482 1588 eique
2529 1520 2757 1576 Arianas
2807 1523 3092 1592 opiniones
3145 1526 3438 1586 inseruisse
3489 1538 3704 1584 testatur

2122 1607 2341 1664 Photius
2368 1611 2487 1665 cod.
2522 1610 2659 1680 225,
2691 1612 2852 1683 idque
2885 1615 3058 1684 ipsum
3089 1617 3351 1674 accidisse
3379 1621 3704 1690 suspicamur

427 1710 559 1764 alter
603 1709 783 1764 renitet
820 1709 876 1762 in
917 1707 1078 1761 altera
1101 1747 1116 1767 .
1163 1705 1388 1780 cujusvis
1418 1705 1584 1778 gloria
1614 1705 1898 1760 communis
1943 1713 2014 1758 est
2044 1697 2090 1758 Β
2121 1701 2465 1773 Theognosto
2488 1747 2527 1774 ,.
2557 1722 2717 1776 quem
2761 1707 2977 1764 Arianis
3014 1710 3380 1770 locationibus
3417 1727 3701 1772 scatentem

418 1803 610 1874 .Itonor,
651 1801 774 1873 quia
799 1801 935 1871 quod
965 1809 1035 1855 est
1064 1797 1215 1866 Filii,
1259 1798 1435 1855 Patris
1483 1808 1556 1853 est
1598 1815 1616 1852 :
1660 1799 1799 1868 quod
1840 1797 2015 1852 Patris

429 1896 692 1952 amborum
729 1913 740 1948 :
773 1894 917 1964 quod
948 1894 1120 1964 ipsum
1152 1901 1405 1961 repetens
1433 1900 1503 1946 tr.
1527 1893 1561 1947 5
1591 1891 1727 1946 alias
1758 1892 2015 1945 formulas

331 2005 336 2008 ·
429 1990 646 2046 Arianis
686 2004 717 2046 e
759 1989 1022 2044 diametro
1047 1992 1325 2058 Oppositus
1352 1987 1545 2056 ingerit
1573 2002 1586 2037 :
1617 1983 1697 2039 De
1725 1993 1831 2038 toto
1858 1993 2035 2050 totus,‘

428 2084 494 2139 de
519 2099 635 2140 vero
666 2097 834 2148 verus,
859 2081 923 2135 de
952 2080 1174 2151 perfecto
1203 2081 1480 2158 perfectus.
1510 2077 1696 2132 Totum
1718 2077 1896 2132 Patris
1921 2078 2015 2131 ha-

428 2179 570 2245 bens,
600 2177 730 2231 nihil
757 2175 1010 2246 derogans
1039 2173 1215 2229 Patri.
1243 2173 1369 2228 Item
1399 2181 1554 2228 tract.
1590 2173 1657 2228 l3
1687 2172 1780 2227 lib.
1810 2187 1868 2237 ιι,
1910 2187 2011 2226 nu-

427 2286 564 2328 mer.
594 2271 628 2326 5
658 2288 672 2326 :
711 2268 1053 2325 Indeminutae
1087 2269 1290 2322 deitatis
1334 2273 1545 2336 paterna
1575 2265 1882 2333 substantia,
1921 2282 2016 2337 pa-

427 2371 670 2434 ternaque
697 2362 949 2417 voluntas.
982 2361 1050 2421 Et
1077 2361 1132 2416 in
1161 2359 1267 2414 line
1297 2368 1454 2434 tract.
1494 2359 1656 2414 2<lib.
1683 2375 1697 2414 ι
1737 2357 1865 2432 :,Tu
1900 2375 2014 2413 cum

425 2457 480 2511 in
503 2455 661 2511 tribus
684 2471 788 2509 una
815 2456 906 2521 sis,
937 2454 1078 2509 nullo
1113 2461 1266 2526 pacto
1291 2452 1533 2507 divideris
1559 2469 1578 2506 :
1603 2452 1747 2506 nulla
1778 2452 2015 2505 humanm

425 2548 742 2613 curiositatis
783 2547 1038 2602 calumnia
1081 2545 1426 2600 commoveris.
1467 2543 1510 2598 Α
1549 2553 1758 2614 paterno
1793 2544 1932 2612 fonte
1961 2542 2014 2594 in

429 2631 703 2697 Filit—Jota
729 2641 1019 2712 refunderis
1045 2682 1059 2707 ,
1091 2649 1139 2695 et
1169 2649 1336 2694 tamen
1367 2648 1470 2693 tota
1494 2638 1577 2692 ubi
1605 2636 1891 2708 refunderis
1922 2653 2012 2691 nec

426 2733 642 2801 recedis.
706 2733 1186 2804 Praeoccupaturus
1237 2747 1370 2787 vero
1417 2731 1639 2785 alteram
1691 2730 2010 2784 Arianorum

430 2816 812 2898 objectionem,
843 2841 947 2897 qua
986 2814 1477 2886 Sabellianismum.
1503 2822 1785 2878 catholicis
1818 2822 2014 2893 impin-

425 2922 645 2994 gebant,
675 2936 737 2977 ac
765 2921 811 2976 si
840 2935 1004 2976 unam
1031 2919 1385 2976 substantiam
1419 2917 1809 2973 indeminutam
1843 2915 2011 2970 eonfi-

425 3023 607 3072 tentes
631 3013 805 3071 Patris
829 3023 881 3070 et
911 3013 1053 3082 Filii,
1083 3029 1243 3068 unam
1278 3013 1403 3068 item
1425 3023 1788 3090 utrorumque
1821 3024 2008 3080 perso-

2118 1793 2259 1848 idem
2283 1795 2507 1851 Photius
2531 1813 2626 1851 sua
2652 1808 2810 1855 rotate
2844 1803 3063 1871 reperit,
3089 1819 3210 1859 cum
3241 1822 3366 1862 eum
3400 1808 3538 1864 inter
3561 1810 3698 1865 locu-
3788 1839 3789 1850 ι

2117 1886 2374 1956 pletiores
2403 1890 2655 1959 antiquos
2683 1893 2940 1949 catholici
2967 1895 3235 1966 dogmatis
3269 1911 3434 1956 teSIes
3455 1901 3703 1957 adversus

2115 1978 2366 2043 Arianos,
2390 1982 2640 2039 adductis
2661 1984 2779 2054 ejus
2802 1986 2982 2042 verbis
3011 1990 3345 2047 Athanasius
3371 1994 3702 2063 allegaverit.

2115 2070 2377 2139 Equidem
2411 2073 2456 2128 si
2488 2074 2748 2145 Origenes
2793 2080 3169 2146 pra'cinuisset
3198 2081 3416 2160 Arianis
3438 2127 3452 2152 ,
3485 2088 3573 2155 qui
3617 2070 3704 2155 po-
3787 2091 3789 2100 ‘

2116 2165 2343 2221 tuissent
2380 2166 2548 2241 [χιιι]
2581 2180 2834 2226 auctores
2859 2157 3152 2232 .adversus
3204 2157 3356 2233 illum
3387 2189 3511 2235 ante
3549 2197 3700 2237 exor-

2117 2267 2223 2313 tam
2264 2260 2690 2332 Origenistarutn
2729 2269 3156 2323 controversiam
3190 2272 3356 2326 multa
3382 2248 3696 2341 scribentes,

2117 2361 2173 2405 et
2194 2363 2512 2410 accusantes
2544 2355 2596 2410 in
2625 2357 2744 2426 ejus
2769 2360 3027 2428 operibus
3054 2365 3242 2427 aurita.
3271 2367 3348 2419 uti
3380 2365 3705 2433 Methodius,

2127 2445 2441 2502 Eustathius
2463 2452 2852 2518 Antioclienus,
2871 2453 3202 2524 Apollinaris
3226 2457 3432 2530 (biduo
3455 2461 3709 2530 postremi

2115 2541 2362 2595 acerrimi
2393 2540 2544 2598 fuere
2570 2545 2895 2599 Arianorum
2929 2549 3363 2622 impugnatores)
3386 2552 3479 2623 qui
3511 2556 3708 2624 potuis-

2116 2641 2264 2701 sent,
2307 2633 2556 2705 inquam,
2586 2636 2722 2691 nihil
2752 2639 3015 2707 ejusmodi
3049 2652 3257 2708 notare,
3291 2645 3433 2713 quod
3476 2649 3526 2701 in
3560 2647 3710 2702 Aria-

2115 2729 2276 2783 nismi
2308 2745 2525 2786 errores
2553 2730 2888 2789 deﬂecteret.
2923 2733 3086 2791 Illum
3124 2737 3331 2792 minime
3364 2743 3705 2810 reprehende-

2117 2833 2255 2888 runt,
2286 2823 2746 2892 inquitSOcrates,
2778 2827 2867 2880 lih.
2900 2844 2971 2896 vr,
3007 2843 3124 2899 cap.
3160 2831 3246 2894 15,
3283 2842 3541 2907 tamquam
3561 2838 3624 2890 de
3648 2836 3708 2891 S.

2121 2914 2372 2970 Trinitate
2399 2916 2534 2999 male
2563 2907 2900 2986 sintienlem;
2946 2931 3227 2991 propterea
3261 2925 3404 2996 quod
3424 2968 3438 2992 ,
3481 2908 3539 2982 ιιί
3570 2929 3709 2983 idem

2116 3011 2191 3065 ait
2218 3012 2311 3066 lib.
2345 3027 2436 3078 vn,
2471 3027 2590 3083 cap.
2633 3019 2688 3078 ti,
2721 3012 2980 3084 Origenes
3015 3018 3205 3085 passim
3244 3019 3296 3073 in
3323 3022 3430 3074 suis
3449 3021 3592 3077 libris
3622 3021 3712 3075 Fio

419 3121 552 3174 [nam
592 3105 747 3162 fateri
776 3105 1038 3162 deberent
1067 3147 1080 3171 ,
1127 3099 1391 3176 prteclare
1413 3087 1671 3160 adversus
1714 3103 2010 3160 Sabellinm
2043 3087 2088 3150 (ἶ
2121 3087 2436 3158 lium‘Patri
2479 3114 2786 3164 comet-num
2823 3109 3118 3176 confitetur.
3169 3111 3308 3179 Quid
3354 3113 3402 3168 si
3454 3115 3713 3186 Origenes

427 3215 550 3259 sese
576 3200 863 3272 explicavit
892 3208 1050 3255 tract.
1085 3199 1116 3253 7
1159 3199 1251 3254 lib.
1286 3215 1344 3264 ιι,
1377 3215 1524 3256 num.
1550 3198 1606 3265 9,
1649 3197 1738 3252 ubi
1772 3204 1893 3266 post
1941 3195 2016 3250 al-

425 3295 594 3352 latum
627 3295 806 3351 locum
839 3292 1064 3349 Joannis
1097 3309 1154 3359 ι,
1192 3292 1299 3353 5ος
1334 3291 1446 3363 Ego
1474 3302 1519 3346 et
1546 3290 1702 3344 Pater
1733 3305 1888 3343 unum
1919 3304 2012 3344 suo

384 3408 395 3414 '
425 3405 560 3456 mus,
591 3387 708 3445 hac
736 3388 884 3443 addit
917 3405 932 3443 :
967 3387 1114 3455 Quod
1142 3403 1243 3442 non
1274 3387 1445 3457 utique
1467 3387 1540 3441 sic
1567 3386 1668 3448 ait,
1697 3394 1751 3438 ut
1781 3385 1831 3438 in
1859 3383 2028 3438 unum

426 3481 556 3536 duos
592 3479 868 3552 redigenda
902 3467 1236 3550 confunderEt
1261 3521 1275 3546 ,
1305 3476 1393 3533 sed
1421 3488 1474 3532 ut
1503 3477 1723 3531 duorum
1754 3480 1910 3531 unam
1937 3477 2018 3530 di-

425 3572 654 3628 vinitatis
677 3572 1038 3644 potestatisque
1079 3587 1186 3626 esse
1214 3569 1634 3639 omnipotentiam
1659 3583 1751 3622 nos
1790 3567 2013 3622 doceret.

427 3665 523 3724 Hae
558 3673 615 3721 et
642 3665 758 3720 alie
805 3659 988 3741 plures
1028 3662 1268 3734 ejusdem
1300 3660 1514 3733 generis
1544 3660 1786 3715 formula:
1818 3701 1846 3740 ,.
1879 3673 2013 3729 quas

426 3749 705 3817 brevitatis
726 3759 892 3829 gratia
919 3757 1400 3827 prmterm’ittimns,
1429 3754 1774 3824 pluribusque
1796 3753 1848 3808 in
1873 3763 2015 3808 trac-

429 3851 630 3906 tatibus
659 3850 916 3906 adversus
957 3851 1186 3924 Arianos
1217 3863 1281 3902 ex
1316 3847 1591 3917 proposito
1632 3846 1877 3912 recitatis
1901 3886 1916 3910 ,
1948 3859 2012 3899 ac

428 3945 484 3998 in
514 3943 709 3998 librum
739 3942 1032 3998 secundum
1090 3941 1257 3996 ferme
1282 3940 1440 3994 simul
1477 3939 1636 3994 editis
1666 3937 2010 4008 reperiuntur

431 4034 913 4106 frequentissimae,
953 4049 1133 4088 nonne
1169 4031 1450 4087 manifeste
1506 4021 1828 4087 cenvincunt
1885 4047 2013 4090 nos-

431 4137 572 4184 trum
620 4130 909 4185 Auctorem
957 4138 1078 4198 post
1105 4135 1282 4181 natam
1332 4126 1441 4181 Arii
1479 4126 1732 4181 haeresim
1774 4126 2011 4182 vixisse?

430 4223 641 4293 Aliqua:
665 4235 794 4276 sane
821 4217 1083 4288 ejusmodi
1110 4219 1406 4275 locutiones
1436 4220 1488 4273 in
1508 4218 1876 4274 Antenicaenis
1907 4219 2008 4272 Pa-

428 4314 603 4370 tribus
625 4311 854 4383 reperiri
876 4319 1102 4383 queunt,
1130 4320 1188 4365 ut
1207 4311 1345 4365 inter
1375 4310 1594 4365 Latinos
1623 4326 1761 4365 unus
1788 4311 2009 4366 Tertul-

426 4407 602 4463 lianus
623 4405 791 4461 semel
812 4420 966 4458 unum
991 4403 1325 4458 substantiam
1349 4413 1401 4458 et
1422 4405 1813 4459 coaeternitatem
1840 4404 2011 4472 scrip-

2120 3198 2479 3269 Arianismum
2505 3197 2714 3253 docuit?
2740 3199 2929 3255 Aetius
2959 3201 3208 3258 Eunomii
3236 3214 3535 3277 praceptor
3561 3207 3712 3263 Aria-

2120 3303 2310 3342 norum
2336 3287 2702 3344 ferocissimus
2733 3290 2878 3345 illum
2910 3298 3255 3366 contempsit,
3281 3297 3470 3353 eodem
3493 3298 3713 3355 Socrate

2122 3381 2398 3446 teSte,lib..
2423 3397 2482 3447 ιι,
2515 3397 2633 3451 cap.
2656 3381 2745 3437 55.
2770 3383 2928 3452 Quod
2960 3385 3003 3440 si
3035 3402 3098 3441 ex
3129 3388 3344 3444 Arianis
3372 3391 3463 3445 alii
3495 3393 3613 3462 ejus
3644 3393 3704 3446 li-

2120 3474 2245 3530 bros
2275 3476 2340 3530 ad
2375 3491 2485 3531 sua:
2516 3477 2739 3534 hmresis
2768 3520 2783 3546 ,
2816 3481 2888 3534 uti
2924 3482 3211 3551 putabant,
3241 3464 3708 3542 confirmationem

2119 3567 2353 3636 allegare
2380 3572 2557 3624 conati
2583 3580 2713 3625 sunt
2744 3613 2756 3636 ,
2793 3572 2911 3626 illos
2951 3575 3132 3629 statim
3165 3575 3394 3631 Basilius
3425 3587 3479 3632 et
3504 3579 3712 3650 Grego-

2117 3662 2228 3716 rius
2255 3661 2620 3718 Nazianzenus
2650 3665 3043 3736 redargueruut,
3079 3667 3249 3739 inquit
3279 3670 3420 3725 idem
3450 3671 3707 3727 Socrates

2117 3754 2215 3809 lib.
2237 3770 2313 3820 tv,
2355 3769 2474 3824 mp.
2506 3755 2599 3822 26,
2622 3765 2669 3816 et
2700 3756 2939 3828 Origenis
2969 3758 3258 3814 doctrinam
3285 3762 3347 3813 ab
3371 3763 3494 3830 ipsis
3521 3780 3714 3834 nequa-

2115 3863 2268 3918 quam
2340 3848 2557 3918 intelligi
2602 3847 3034 3908 demonstrarunt.
3106 3851 3219 3907 Iino
3283 3853 3613 3911 Athanasius
3663 3855 3712 3910 in

2117 3942 2274 4011 epist.
2308 3941 2375 3997 de
2409 3943 2650 3997 Decretis
2680 3943 2914 3998 Nicrenis
2944 3961 3088 3998 num.
3120 3944 3214 4011 ‘27,
3249 3960 3369 4017 pag.
3416 3947 3544 4014 252,
3578 3947 3712 4004 Ori-

2115 4049 2305 4104 genem
2337 4049 2432 4103 pro
2465 4049 2523 4087 sc
2545 4035 2820 4102 appellare
2842 4051 2948 4089 non
2978 4035 3242 4091 dubitavit
3274 4037 3536 4093 adversus
3554 4039 3714 4094 Aria-

2117 4140 2216 4181 nos
2247 4125 2596 4189 sentientem,
2647 4125 2932 4196 locumque
2983 4126 3098 4196 ejus
3135 4126 3332 4183 ibidem
3377 4128 3569 4200 allegat
3600 4117 3710 4200 quo

2117 4218 2404 4272 Arianismi
2453 4218 2861 4274 fundamentum
2897 4228 2952 4275 et
2983 4220 3155 4285 basis,
3193 4236 3223 4275 a
3273 4231 3458 4283 nostro
3495 4239 3716 4295 quoque

2115 4309 2391 4379 Seriptore
2423 4310 2649 4365 indicata
2676 4312 2874 4365 tract.7
2911 4312 3004 4367 lib.
3037 4328 3093 4373 ll,
3123 4328 3271 4366 num.
3301 4315 3352 4380 l,
3384 4316 3541 4384 plane
3565 4316 3717 4371 evel-

2117 4401 2261 4456 litur.
2281 4400 2562 4472 intelligat
2599 4404 2734 4456 enim
2765 4403 3054 4474 (Origenis
3087 4405 3247 4458 verba
3278 4417 3404 4460 sunt
3435 4407 3503 4463 ab
3541 4407 3715 4462 Atha-

429 4501 501 4555 sit
530 4542 543 4565 ,
587 4515 693 4556 non
741 4499 796 4553 in
833 4512 952 4554 eam
986 4506 1164 4552 tamen
1199 4497 1301 4551 vim
1348 4512 1451 4568 qua
1499 4511 1743 4551 errorem
1772 4497 2010 4567 aliquem
2040 4473 2092 4535 Ῐ)
2121 4496 2270 4550 nasio
2306 4494 2561 4564 raritata)
2587 4496 2673 4564 qui
2705 4497 2871 4551 dicere
2904 4496 3088 4562 audet,
3127 4498 3223 4567 fuit
3248 4498 3527 4568 aliquando
3551 4541 3566 4567 ,
3597 4517 3719 4554 cum

429 4586 592 4647 ferire
623 4591 859 4646 voluisse
906 4589 1190 4657 signiticet.
1235 4590 1301 4642 At
1330 4597 1407 4642 tot
1445 4587 1604 4641 simul
1638 4587 1924 4654 formulas,
1958 4599 2013 4643 et

431 4685 644 4741 Arianis
669 4683 944 4739 erroribus
973 4698 1004 4737 e
1030 4683 1296 4738 diametro
1339 4697 1402 4738 ac
1449 4682 1655 4737 directe
1696 4685 1970 4752 oppositas
1996 4724 2012 4751 ,

430 4779 736 4850 totiensque
765 4776 1024 4847 repetitas
1049 4776 1101 4830 in
1131 4777 1346 4831 nemine
1369 4777 1720 4831 Aulenicmno
1742 4778 2014 4848 quiSpiam
2045 4791 2049 4794 '

433 4872 751 4930 ostenderit.

506 4967 751 5021 Editores
795 4963 1138 5019 Veronenses
1174 4961 1297 5017 huic
1332 4961 1657 5032 oppositiOni
1695 4976 1754 5016 se
1793 4960 2012 5017 satisfe-

432 5061 573 5117 cisse
602 5057 954 5115 ‘credideront
980 5099 995 5122 ,
1027 5072 1149 5111 cum
1193 5057 1308 5111 haec
1352 5055 1548 5125 scripta
1593 5057 2008 5124 pronuntiarunt

433 5151 689 5208 adversus
727 5155 938 5206 errores
976 5149 1263 5220 Origenis,
1307 5149 1396 5218 qui
1445 5147 1556 5200 Arii
1602 5158 1753 5216 pater
1782 5147 1848 5202 ab
1887 5147 2010 5216 Epi-

436 5243 633 5312 phanio
671 5241 916 5296 traditur.
943 5239 1160 5297 Unusne
1205 5242 1406 5293 Auctor
1443 5246 1628 5292 noster
1672 5248 1909 5294 notasset
1958 5238 2007 5291 in

434 5337 660 5406 Origene
698 5335 979 5397 haeresim.
1021 5351 1179 5404 quam
1222 5347 1380 5386 nemo
1418 5347 1668 5400 umquam
1701 5341 1826 5386 ante
1856 5333 2013 5386 Aria-

437 5442 534 5480 nos
564 5427 615 5479 in
646 5441 710 5480 eo
739 5434 950 5480 notasse
979 5425 1263 5495 reperitur;
1297 5435 1347 5478 et
1382 5432 1486 5478 tam
1515 5423 1760 5492 repetitis
1789 5424 1840 5477 iu
1875 5423 2011 5483 locis

434 5533 495 5570 ac
527 5532 624 5588 pro
645 5518 900 5573 c0ucione
928 5524 1186 5581 notasset.
1221 5531 1284 5571 ac
1310 5517 1352 5570 si
1384 5514 1662 5584 Origenes,
1696 5515 1780 5570 vel
1822 5514 2012 5584 Orige-

437 5610 589 5664 nista:
619 5608 790 5680 palam
813 5607 901 5664 hic
921 5610 974 5664 in
1003 5607 1295 5665 Occidente
1343 5616 1586 5679 apertam
1619 5607 1866 5662 haeresim
1893 5615 2008 5661 tue-

441 5714 652 5771 rentur,
675 5704 725 5758 in
745 5718 900 5772 quam
929 5702 1182 5759 invehere
1211 5703 1408 5777 acriter
1443 5700 1721 5756 catholicis
1745 5701 2013 5772 episcOpis

2122 4604 2220 4641 non
2247 4597 2375 4642 esset
2401 4589 2450 4639 F
2456 4588 2599 4641 ilius.

2190 4685 2270 4736 ω
2306 4682 2407 4737 hoc
2433 4683 2604 4737 solum
2627 4681 2870 4752 Origenis
2899 4684 3204 4739 testimonio
3232 4686 3408 4753 potius
3453 4687 3717 4758 intelligi-

2120 4789 2257 4836 mus,
2292 4773 2454 4828 fuisse
2499 4773 2550 4828 id
2605 4789 2816 4844 quoque.
2847 4776 3105 4843 temporis
3132 4777 3291 4830 alium
3329 4777 3589 4845 aliquem,
3622 4778 3718 4849 qui

2118 4866 2171 4920 id
2199 4865 2421 4931 diceret,
2455 4865 2594 4933 quod
2627 4866 2810 4919 Ariani
2841 4866 3064 4920 subindo
3089 4865 3344 4922 docuere.
3381 4867 3439 4921 In
3473 4867 3721 4941 [Egypto

2119 4956 2329 5025 quidem
2375 4957 2580 5011 exstitit
2618 4959 2672 5012 S.
2720 4958 3008 5023 Dionysius
3045 4960 3438 5016 Alexandrinus
3467 4961 3722 5034 Origenis

2119 5048 2444 5116 discipulus;
2469 5050 2558 5117 qni
2584 5067 2686 5103 non
2716 5057 2775 5103 ut.
2803 5050 3014 5104 Arianis
3044 5053 3380 5122 przecineret,
3405 5053 3498 5108 sed
3533 5064 3593 5108 ut
3619 5056 3723 5109 Sa-

2120 5139 2362 5194 hellianae
2401 5143 2588 5196 haeresi
2623 5142 2672 5195 in
2704 5141 2867 5212 Lybia
2897 5143 3240 5215 finitimisque
3269 5145 3399 5201 locis
3443 5147 3719 5218 grassanti

2120 5250 2236 5289 sese
2250 5248 2564 5304 Opponeret.
2590 5225 2706 5290 eam
2739 5236 3061 5292 locutionem
3092 5239 3302 5295 incaute
3332 5242 3637 5309 usurpavit,
3663 5249 3726 5296 ut
3788 5247 3789 5278 ῖ

2118 5327 2284 5395 liquet
2312 5345 2374 5382 ex
2401 5328 2696 5402 fragmento
2718 5329 2956 5398 epistola:
2988 5332 3227 5400 ejusdem
3275 5333 3340 5384 ad
3388 5331 3722 5400 Euphrano-

2121 5440 2241 5479 nem
2269 5432 2323 5478 et
2348 5425 2708 5488 Antnmnium,
2752 5423 2891 5494 quod
2939 5424 2996 5479 S.
3050 5424 3374 5479 Athanasius
3418 5424 3622 5480 recitat
3668 5427 3721 5480 in

2121 5515 2360 5583 epist.de
2391 5515 2631 5571 Sentent.
2659 5515 2917 5588 Dionysii,
2940 5533 3087 5573 num.
3110 5517 3446 5588 4,pag.256.
3479 5516 3718 5584 Etenim,
3788 5519 3789 5588 ι

2121 5607 2211 5670 ait,
2238 5623 2353 5660 cum
2381 5609 2545 5680 sitres
2568 5610 2726 5678 facta,
2752 5625 2853 5662 non
2879 5618 2987 5662 erat
3017 5616 3287 5676 antequam
3313 5608 3475 5673 ﬁeret.
3503 5607 3624 5666 Hac
3652 5611 3724 5666 de
3788 5615 3789 5680 l

2121 5716 2278 5756 causa
2335 5701 2620 5770 Dionysius
2657 5699 3058 5756 Alexandrinus
3101 5699 3323 5755 llotnam
3371 5699 3582 5757 delatus
3633 5711 3725 5759 est
