3826 6226
138 272 196 325 i9
845 258 1291 318 DISSERTATIO
1332 260 1370 325 Ι,
1416 254 1501 313 DE
1539 258 1598 313 Β.
1639 254 1928 313 ZENONIS
1966 255 2214 313 TRACT.
2257 257 2344 313 ET
2383 255 2657 312 IETATIS.
3302 252 3370 306 50

137 394 193 440 ad
222 387 273 441 S.
320 386 619 456 Dionysium
672 396 939 435 Sttl’tlnlllm
964 375 1305 447 ,Puutiticeiu,
1349 374 1437 445 qui
1487 372 1690 428 litteras
1717 376 1769 434 Α
1795 387 1882 428 res
1910 385 2111 441 eosque
2137 371 2487 440 Christianos,
2535 383 2592 426 ut
2632 385 2697 427 ex
2740 376 2993 426 contextu
3036 368 3367 440 colligemus,

139 483 294 534 statim
325 477 608 546 reseripsit.
653 476 705 528 iu
742 473 935 543 quibus
981 485 1098 525 eam
1153 467 1479 522 locutionem
1537 462 1691 533 valde
1792 464 1933 536 apud
1954 466 2182 539 judiccs,
2216 466 2266 520 id
2296 475 2379 521 est
2405 466 2766 537 magistratus,
2806 463 2948 535 apud
2978 463 3155 519 diuites
3190 472 3247 520 et
3270 466 3374 519 ali-

139 570 469 642 reprelicndit.
501 565 620 621 Non
651 566 775 619 levis
800 564 978 635 igitur,
1003 562 1092 617 sed
1112 576 1310 615 sentina
1331 566 1405 613 est
1430 556 1687 642 impietas.
1727 612 1731 617 ,
1792 559 2023 626 quotiens
2076 556 2246 611 solum
2286 556 2426 625 apud
2475 556 2657 613 Gentes
2698 573 2716 609 :
2766 573 2885 626 quas
2932 564 3196 627 quatenus
3244 557 3375 613 solis

140 639 386 717 Dominum
433 660 604 722 aliquo
654 656 807 710 modo
855 654 1206 723 manufactum
1234 653 1435 716 dicere;
1480 639 1596 702 nam
1648 649 1692 701 si
1794 648 2008 703 Arianis
2036 648 2378 708 conveniant,
2410 663 2475 703 ex
2504 649 2935 704 annotationibus
2957 648 3120 703 simul
3148 648 3377 718 sumptis

136 760 282 826 factus
306 754 397 824 fuit
418 750 604 812 Filius,
638 748 737 819 fuit
765 747 1041 817 aliquando
1082 760 1196 799 cum
1232 759 1333 796 non
1364 751 1529 807 esset;
1551 738 1693 810 atqui
1793 753 2109 811 cognosces.
2137 740 2273 808 Quid
2307 740 2547 809 pluribus
2572 756 2707 812 opus
2730 750 2845 807 est,
2880 750 2937 796 ut
2964 739 3257 800 Anetorem
3283 744 3378 796 ad-

137 853 220 920 fuit
260 863 440 918 semper
488 861 506 899 :
546 845 624 897 sic
669 841 958 912 Dionysius
1004 838 1282 893 Romanus
1310 837 1362 891 in
1396 834 1693 904 fragmento
1794 830 2225 887 versusArianos
2252 842 2358 887 tam
2386 833 2605 903 praecise
2627 833 2928 903 loquentem
2956 844 3151 908 quarto
3177 834 3378 891 smculo

139 941 261 1009 apud
322 935 556 993 eumdem
604 932 953 988 Athanasium
1018 931 1085 986 de
1148 929 1389 985 Dccrt-tis
1440 926 1688 989 Nicaanis,
1794 923 2039 982 ﬂoruisse
2068 924 2370 996 intelligas?

138 1048 267 1085 num.
307 1028 392 1094 26,
435 1042 552 1097 pag.
584 1024 715 1082 232.
748 1022 1147 1081 Alexandrinus
1200 1037 1328 1078 vero
1376 1019 1691 1090 Apologiam

137 1138 244 1177 mox
270 1119 506 1176 reddidit.
538 1118 592 1173 in
620 1132 723 1188 qua
756 1116 1041 1172 consilium
1085 1129 1239 1169 suum
1266 1122 1452 1169 contra
1497 1108 1695 1166 Sabel-

138 1215 287 1269 lianos
316 1212 647 1282 patefaciens,
695 1220 753 1265 ut
779 1225 836 1265 se
862 1210 930 1264 ab
972 1224 1038 1265 eo
1083 1222 1269 1262 errore
1300 1216 1473 1275 quem
1508 1202 1693 1257 Ariani

139 1305 336 1361 Subinde
364 1310 656 1375 arripuere,
688 1304 941 1372 probaret
961 1301 1219 1367 alienum,
1260 1300 1428 1353 multa
1456 1296 1695 1363 scripsit,
1869 1294 2143 1349 Addemus
2160 1294 2269 1365 jam
2297 1294 2364 1349 ad
2396 1295 2858 1350 conllrmationem
2881 1295 3005 1355 alia.
3033 1296 3226 1363 quibus
3242 1296 3380 1351 alias

139 1412 241 1467 qua:
270 1396 511 1451 adversus
537 1394 767 1449 Arianos
796 1391 1078 1448 catholicis
1120 1405 1314 1462 magno
1360 1389 1480 1444 usui
1523 1387 1692 1442 luere.
1801 1385 2033 1442 luereses
2069 1396 2261 1457 quarto
2289 1386 2463 1441 solum
2505 1386 2705 1446 sazculo
2745 1388 2951 1456 genitas
3007 1386 3167 1467 idem.
3195 1398 3382 1444 auctor

145 1492 238 1545 llac
282 1504 398 1555 ergo
440 1502 505 1544 ex
546 1487 773 1543 historia
805 1487 1142 1557 exploratum
1171 1484 1248 1549 ﬁt,
1281 1484 1440 1539 tertio
1478 1481 1693 1553 quidem
1799 1479 2091 1551 impugnat.
2125 1479 2362 1534 Primum
2393 1489 2461 1534 tr.
2489 1482 2540 1544 l,
2574 1496 2721 1534 num.
2755 1480 2806 1545 5,
2839 1479 2933 1535 lib.
2962 1496 3004 1545 ι,
3052 1491 3245 1550 praeter
3266 1496 3379 1546 eos,

144 1582 317 1636 seculo
358 1596 468 1635 eam
514 1580 798 1634 formulam
832 1594 861 1633 a
920 1577 1191 1633 nonnullis
1244 1578 1297 1631 in
1342 1575 1452 1629 sola
1484 1589 1697 1645 quoque
1796 1574 1887 1644 qui
1912 1574 1965 1627 in
1994 1573 2089 1629 Dei
2119 1572 2314 1627 Filium
2345 1587 2559 1628 errores
2582 1581 2927 1637 sparserunt,
2968 1573 3090 1629 illos
3114 1574 3272 1628 etiam
3299 1590 3383 1630 re-

143 1673 350 1745 ;Egypto
376 1673 661 1729 adhibitam
692 1671 875 1739 (unde
906 1671 1088 1741 paucis
1143 1676 1350 1724 tantum
1399 1668 1451 1722 in
1507 1681 1696 1721 monu-
1801 1666 2085 1738 prehendit
2104 1667 2195 1736 qui
2226 1667 2277 1720 in
2298 1665 2531 1736 Spiritus
2560 1666 2730 1721 sancti
2757 1664 3091 1721 divinitatem
3136 1666 3383 1722 subtilius

143 1768 311 1822 mentis
336 1764 743 1821 Alexandrinam
769 1764 1064 1820 Ecclesiam
1093 1760 1457 1831 spectantibus
1480 1756 1694 1830 legitur)
1727 1752 1772 1812 Β
1801 1762 2181 1817 ratiocinantes
2212 1760 2525 1830 peccabant.
2575 1759 2686 1815 Sub
2726 1775 2850 1815 sono
2896 1758 3042 1832 legis,
3087 1758 3295 1835 inquit,
3324 1776 3388 1815 ac

144 1870 187 1912 et
211 1874 267 1913 ea
303 1858 576 1913 adhibitam
612 1867 813 1922 mente,
844 1864 902 1910 ut
923 1854 1285 1910 Sabelliauam
1324 1852 1573 1907 hzcresim
1601 1864 1691 1904 ca.
1800 1856 1939 1926 ﬁdei,
1971 1854 2236 1909 saecularis
2289 1870 2464 1909 amore
2495 1854 2769 1923 jactantiw
2822 1868 3083 1918 arcem-vs,
3133 1852 3387 1908 nascentis

148 1951 317 2004 tlioiico
360 1963 513 2003 sensu
552 1947 883 2012 refellerent,
916 1961 1019 1999 non
1050 1955 1108 1998 ut
1151 1958 1341 1998 novam
1382 1943 1697 1997 inducerent
1799 1944 1897 2001 Dei
1920 1944 2125 2012 debeo,
2155 1946 2482 2016 Spiritusque
2499 1948 2660 2000 sancti
2680 1945 3080 2000 inaestimabilem
3103 1947 3389 2017 incompre-

145 2052 279 2109 ntqtte
305 2039 675 2096 defenderent:
710 2052 775 2094 ex
821 2053 927 2108 quo
972 2036 1260 2107 Dionysius
1302 2034 1696 2090 Alexandrinus
1800 2038 2197 2108 hensibilemque
2216 2039 2499 2092 diuinitatis
2531 2040 2936 2108 perpetuitatem,
2962 2039 3083 2115 jure
3107 2040 3219 2111 ipso
3242 2081 3258 2105 ,
3286 2056 3387 2109 quo

146 2131 469 2188 commonitus
499 2148 616 2188 eam
644 2130 928 2186 formulam
958 2130 1244 2201 ἀίμρηςθτθ
1265 2170 1279 2193 .
1330 2128 1382 2182 in
1434 2126 1694 2197 Αροιοςῑα
1800 2149 1862 2187 ea;
1908 2148 2014 2186 sese
2051 2141 2141 2195 est,
2169 2132 2485 2203 argumentis
2508 2141 2555 2185 te
2574 2147 2772 2202 cogere,
2804 2132 3114 2199 examinare,
3140 2133 3308 2187 metiri
3330 2148 3393 2187 ac

144 2226 425 2281 catholicum
455 2226 649 2295 dogma
683 2225 753 2278 ita
785 2224 988 2278 diserte
1014 2219 1367 2283 Conﬁrmavit.
1404 2229 1464 2274 ιιι
1500 2220 1588 2288 Qui
1629 2233 1695 2273 ex
1802 2226 2089 2279 discernere
2136 2240 2284 2293 posse
2334 2226 2621 2293 prtesumis.
2672 2224 2740 2279 Et
2785 2234 2971 2280 contra
3021 2224 3120 2279 bos
3161 2224 3391 2295 Spiritus

144 2319 343 2387 antiquis
367 2320 473 2372 Arii
501 2332 745 2371 errorem
775 2316 1029 2386 Dimiysio
1056 2312 1432 2368 vehementius
1459 2312 1697 2367 luculen-
1803 2316 1975 2387 sancti
2006 2316 2295 2385 mqualitati
2333 2315 2765 2387 prtejudicantes,
2818 2326 2969 2373 tract.
3010 2319 3098 2385 15,
3138 2334 3284 2374 num.
3336 2320 3388 2383 1,

146 2412 325 2479 tiusque
350 2409 611 2479 reiecerit,
642 2408 890 2462 iuventus
912 2405 980 2460 sit
1006 2420 1183 2460 nemo.
1210 2403 1340 2473 Quis
1369 2404 1548 2472 itaque
1568 2417 1701 2457 con-
1782 2404 1898 2463 λιιι).
1934 2424 1990 2474 ιι,
2022 2408 2334 2478 praeclaram
2364 2407 2510 2463 illam
2538 2408 2924 2478 professionem
2950 2408 3117 2464 edidit
3150 2428 3165 2465 :
3217 2408 3391 2481 Spiri-

146 2509 212 2553 tra
242 2502 388 2567 hunc,
414 2500 494 2554 vel
526 2500 690 2554 alium
738 2498 973 2567 aliquem
1001 2496 1244 2567 ejusdem
1273 2496 1487 2566 generis
1514 2503 1569 2550 et
1597 2493 1698 2551 loci
1806 2514 1885 2557 tus
1927 2511 2248 2562 sanctus.....
2306 2501 2493 2558 habens
2523 2520 2677 2557 unam
2715 2503 3071 2571 substantiam,
3127 2506 3387 2571 uirtutem,

146 2592 377 2646 hominem
405 2602 671 2662 tamquam
708 2591 822 2645 Arii
852 2602 1066 2645 errores
1092 2598 1516 2659 propugnantem
1538 2627 1553 2652 ,
1584 2585 1700 2641 istis
1804 2593 2060 2667 deitatem,
2093 2598 2431 2667 majestatem,
2478 2598 2886 2667 voluntatemque
2926 2594 3099 2651 Patris
3148 2592 3194 2652 ei
3242 2596 3412 2653 Filii.

146 2684 187 2737 iu
214 2683 497 2739 Occidentis
535 2682 846 2754 regionibus
873 2696 1036 2735 unum
1084 2690 1326 2735 nostrum
1367 2677 1697 2747 Scriptorem
1803 2685 1903 2753 Qui
1937 2690 2118 2742 autem
2148 2702 2209 2741 ex
2244 2688 2634 2759 antiquioribus
2664 2688 2933 2744 haereticis
2958 2688 3179 2759 Spiritui
3204 2700 3395 2747 sancto

147 2792 228 2845 pro
248 2784 490 2833 concione
516 2777 718 2846 phiries
739 2786 794 2830 et
812 2776 1011 2830 acriter
1040 2773 1364 2828 diswruisse
1392 2770 1695 2837 exisumet;
1802 2774 2149 2832 detraherent
2201 2786 2359 2848 atque
2412 2777 2766 2855 decerperent
2818 2796 2921 2834 una
2969 2796 3089 2836 cum
3136 2780 3295 2848 Filio,
3339 2793 3396 2838 ut

147 2882 193 2925 et
233 2887 324 2927 non
364 2873 538 2943 potius
588 2871 869 2942 intelligat,
922 2871 991 2923 ab
1033 2869 1134 2923 hoc
1178 2867 1353 2936 palam
1401 2864 1700 2935 impugnari
1803 2869 2061 2924 Auctoris
2088 2877 2269 2925 textus
2299 2869 2423 2935 fert,
2456 2886 2616 2927 nemo
2646 2888 2782 2926 unus
2808 2882 2891 2928 est
2922 2873 3183 2927 omnium.
3209 2875 3394 2930 Ariani

152 2964 343 3019 ArianOs
368 2968 563 3021 szeculo
588 2978 784 3037 quarto
816 2964 1032 3033 ubique,
1065 2977 1129 3017 ac
1154 2962 1451 3031 praesertim
1472 2960 1524 3014 in
1552 2960 1700 3029 hisce
1804 2961 2021 3017 luerunt
2043 2964 2221 3032 primi,
2248 2965 2338 3034 qui
2366 2978 2486 3019 cum
2508 2963 2563 3018 iu
2586 2963 2779 3019 Filium
2803 2977 3070 3033 errarent,
3099 2966 3287 3022 eodem
3310 2982 3397 3021 ar-

150 3056 287 3112 ltalin:
312 3058 496 3113 tinibns
516 3058 654 3114 duce
674 3056 944 3112 Auxentio
966 3056 1391 3118 debacchautes;
1415 3066 1538 3107 cum
1566 3066 1702 3122 prae-
1803 3065 2057 3127 gumento
2090 3060 2138 3111 in
2170 3056 2429 3126 Spiritum
2485 3068 2727 3114 sanctum
2774 3073 2958 3114 errare
3000 3068 3399 3129 consequenter

150 3152 305 3207 sertim
333 3168 432 3207 non
457 3168 574 3208 eam
618 3154 809 3216 solam,
838 3167 958 3221 qum
1001 3151 1053 3205 iu
1095 3147 1151 3205 S.
1185 3148 1442 3219 Dionysio
1467 3147 1697 3202 Alexan-
1726 3133 1772 3195 C
1806 3142 2092 3206 debebant.
2127 3149 2296 3219 Quam
2322 3161 2499 3206 tamen
2528 3152 2963 3207 consecutionem
2995 3153 3151 3224 primi
3177 3154 3398 3210 Ariano-

152 3244 279 3299 drino
307 3245 620 3316 reprehensa
652 3242 774 3311 fuit,
819 3244 912 3299 sed
942 3242 1047 3296 alia
1082 3243 1262 3312 plures
1306 3238 1605 3295 locutiones
1635 3255 1702 3294 ex
1810 3258 1926 3297 rum
1948 3242 2016 3296 de
2039 3258 2146 3296 uno
2176 3241 2313 3297 Filio
2333 3241 2607 3312 disputare
2636 3245 2871 3313 contenti
2900 3259 3003 3298 noo
3029 3245 3392 3313 inculcarunt;

155 3339 389 3408 proposito
429 3351 482 3393 et
535 3340 735 3410 smpius
763 3338 1059 3408 impugnet,
1099 3345 1227 3391 ante
1266 3335 1450 3391 Arium
1502 3336 1699 3390 nemini
1810 3334 1950 3388 unde
1986 3334 2038 3388 in
2071 3349 2137 3389 eo
2163 3349 2372 3389 errasse
2401 3336 2567 3391 notati
2599 3352 2703 3391 non
2752 3348 2896 3403 sunt,
2946 3353 3043 3393 nec
3082 3337 3135 3393 in
3162 3338 3395 3394 'Nicaena

156 3446 368 3499 umquam
395 3432 601 3486 auditas
620 3430 646 3484 ?
680 3431 932 3485 Socrates
954 3430 1095 3485 enim
1121 3428 1215 3482 lib.
1244 3443 1281 3495 ι,
1312 3442 1432 3496 cap.
1464 3428 1518 3491 6,
1550 3442 1703 3480 novas
1808 3426 2016 3496 synodo
2043 3425 2130 3481 hic
2150 3441 2303 3481 error
2318 3426 2623 3483 damnatus.
2648 3428 2978 3485 Posteriores
2998 3431 3173 3486 solum
3189 3431 3395 3496 Ariani,

156 3534 191 3576 et
212 3524 442 3578 inauditas
484 3524 598 3578 Arii
628 3508 933 3578 assertiones
974 3523 1201 3587 vocavit,
1246 3531 1299 3574 et
1346 3521 1698 3586 Sozotnenus,
1809 3534 1903 3575 seu
1953 3520 2131 3589 potius
2181 3520 2499 3575 Semiariaui
2560 3522 2612 3576 id
2651 3524 2853 3577 erroris
2912 3524 3185 3590 invexere,
3238 3541 3395 3596 quem

156 3616 230 3669 lib.
258 3633 290 3683 ι,
306 3634 416 3688 cap.
450 3618 551 3673 15:
583 3618 735 3684 Quod
764 3618 1013 3671 anemine
1038 3631 1276 3683 umquam
1301 3614 1491 3669 dictum
1512 3612 1700 3681 fuerat,
1809 3612 2036 3682 proinde
2064 3614 2396 3669 confutatum
2421 3614 2604 3671 videre
2630 3624 2715 3671 est
2744 3616 2883 3688 apud
2931 3616 3189 3673 Hilarium
3234 3620 3323 3673 lib.
3359 3636 3398 3675 ιι

160 3709 246 3775 ipse
283 3711 329 3761 in
373 3708 598 3764 Ecclesia
656 3725 815 3762 ausus
856 3708 1009 3779 fixerit
1048 3706 1362 3777 prtrdicare;
1409 3714 1534 3759 ante
1569 3719 1704 3774 quos
1808 3708 1875 3764 de
1897 3709 2176 3775 Trinitate,
2204 3720 2257 3765 et
2287 3709 2425 3780 apud
2468 3710 2807 3766 Ambrosium
2857 3712 2948 3765 lib.
2982 3727 3070 3779 ιιι,
3098 3712 3166 3768 de
3194 3711 3397 3783 Spiritu

159 3808 372 3871 utrosque
399 3802 642 3866 Ruﬁnus,
669 3801 761 3855 lib.
786 3817 815 3854 Χ
845 3800 1005 3862 Hist.,
1029 3815 1149 3869 cup.
1177 3800 1202 3853 1
1228 3816 1240 3851 :
1272 3796 1443 3852 Praua
1470 3798 1705 3866 quadam
1808 3813 2017 3867 sancto,
2048 3803 2463 3872 damnatumque
2485 3804 2537 3858 iu
2564 3802 3161 3874 Coustantinopolitana
3188 3807 3397 3877 synodo

157 3894 205 3944 de
229 3894 316 3961 ﬁde
353 3893 535 3949 Christi
567 3896 828 3964 proferre,
856 3903 904 3947 ει
930 3906 1045 3955 qua:
1083 3900 1232 3945 antea
1285 3892 1348 3961 in.
1378 3890 1703 3959 quwstionem
1809 3910 1899 3949 an.
1922 3894 2047 3949 591.
2080 3894 2227 3949 Hanc
2267 3910 2396 3949 sane
2425 3895 2671 3950 Incresim
2724 3911 2829 3950 uno
2860 3896 3155 3966 eodemque
3201 3899 3399 3953 sarculo

158 4000 391 4053 tamquam
418 3995 678 4051 venerant,
702 3985 850 4052 coepit
874 4001 891 4050 ;
920 3985 1058 4037 unde
1094 3993 1151 4036 et
1193 3981 1422 4035 Hilarius
1448 3980 1701 4035 Arianam
1809 3998 2021 4057 quarto,
2048 3973 2153 4056 qu'o
2179 3987 2400 4052 Ariana,
2424 3996 2477 4041 et
2506 4002 2571 4043 ex
2605 3990 2800 4044 Ariana
2833 4001 3010 4045 natam
3029 3992 3228 4047 diserte
3255 3992 3400 4047 alﬁr.

157 4093 303 4131 noram
321 4080 544 4134 Ita'resim
567 4093 738 4147 vocat,
771 4080 863 4134 lib.
890 4093 959 4131 ιιι
984 4076 1048 4131 de
1076 4076 1254 4139 'l‘riu.,
1291 4091 1435 4129 unm.
1469 4074 1703 4139 '5,hwre-
1811 4081 1977 4133 niavit
2002 4079 2335 4135 Sozomenus
2369 4079 2461 4135 lib.
2502 4096 2569 4144 νι,
2603 4095 2722 4151 cap.
2764 4080 2873 4136 23:
2908 4082 3107 4137 Eodem
3154 4093 3397 4156 tempore,

157 4171 230 4221 sim
253 4174 504 4241 novellam,
534 4189 680 4225 num.
703 4173 757 4235 5,
790 4180 836 4223 et
866 4169 1117 4224 novellam
1146 4172 1280 4222 luem
1316 4178 1426 4237 post
1452 4168 1698 4237 quadrin-
1813 4171 2037 4227 Valente
2090 4173 2291 4228 scilicet
2344 4172 2662 4242 imperante,
2696 4173 2887 4245 inquit,
2933 4193 3113 4231 rursus
3162 4190 3283 4232 nata
3332 4189 3404 4233 est

158 4275 298 4330 gentos
319 4271 413 4333 [ere
429 4284 587 4320 annos
605 4282 767 4335 nuper
786 4266 1060 4329 iuventam,
1079 4263 1170 4317 lib.
1190 4278 1225 4326 ι,
1247 4261 1311 4315 ad
1333 4260 1703 4317 Constantium
1810 4264 2055 4332 quaestio,
2080 4274 2249 4318 utrum
2276 4264 2503 4334 Spiritus
2533 4276 2741 4321 sanctus
2768 4267 3009 4339 ejusdem
3027 4286 3139 4322 cum
3170 4269 3324 4339 Patre
3358 4281 3403 4326 et

163 4372 281 4411 unm.
310 4360 359 4427 5,
388 4376 540 4431 quam
573 4362 778 4413 scilicet
809 4370 935 4412 ante
980 4357 1165 4411 Arium
1196 4356 1377 4411 docuit
1416 4366 1469 4409 ct
1500 4370 1702 4425 propu-
1774 4376 1777 4381 ν
1816 4354 1955 4409 Filio
1978 4357 2275 4411 substantiae
2300 4358 2579 4411 censendus
2610 4369 2777 4423 esset;
2816 4376 2928 4430 quw
2950 4361 3150 4430 quidem
3192 4363 3405 4432 quastio

159 4455 304 4517 gnavit
344 4470 526 4520 nemo;
555 4454 809 4523 quidquid
846 4454 935 4516 sit,
968 4452 1012 4505 si
1044 4450 1274 4518 cuipiam
1307 4448 1499 4503 similis
1526 4448 1703 4518 aliqua
1812 4466 1930 4504 cum
1956 4452 2292 4522 jampridem,
2353 4452 2404 4506 id
2449 4462 2530 4507 est
2564 4452 2675 4521 jam
2712 4453 2834 4508 inde
2873 4469 2901 4509 a
2947 4454 3401 4512 Semiarianm'um

161 4542 367 4609 immuta,
388 4547 488 4601 alio
521 4557 697 4600 tamen
724 4557 776 4599 et
802 4544 1070 4599 eatholico
1099 4541 1544 4611 sensuintellccta
1565 4581 1578 4605 ,
1612 4540 1704 4595 ad-
1733 4525 1786 4585 Ῑ)
1812 4552 1955 4609 ortu,
1989 4554 2153 4611 erepta
2192 4546 2391 4615 fuisset,
2422 4554 2543 4600 tunc
2565 4545 2842 4600 maximum
2874 4546 3232 4603 incrementum
3253 4564 3401 4605 acce-

164 4651 314 4693 versus
332 4641 656 4695 Sabellianos
686 4639 967 4694 exciderit.
1812 4648 1976 4708 perat.
2026 4636 2323 4702 Anomiani,
2376 4636 2427 4691 id
2468 4648 2549 4692 est
2590 4639 2706 4706 puri
2739 4639 2922 4695 Ariani
2953 4649 3007 4695 et
3062 4642 3399 4711 Semiariani,

216 4730 279 4803 [ι]
305 4730 397 4787 Sed
428 4742 483 4787 ut
510 4733 772 4797 Arianos,
816 4747 920 4785 non
951 4738 1133 4784 autem
1160 4728 1434 4798 antiquum
1471 4727 1706 4795 aliquem
1814 4744 2199 4789 consenserunt.
2242 4733 2454 4804 Utrique
2506 4736 2639 4803 enim
2683 4716 2939 4805 spiritum
2981 4747 3212 4792 sanctum
3251 4740 3403 4793 mini-

164 4834 363 4878 errorem
390 4825 675 4881 Auctorem
710 4833 955 4878 nostrum
988 4825 1330 4895 impugnasse
1358 4837 1577 4892 prorsus
1597 4822 1710 4877 evi-
1808 4838 1974 4881 stram
2000 4843 2127 4897 esse,
2157 4836 2204 4879 et
2236 4827 2412 4881 ordine
2439 4838 2586 4896 atque
2615 4828 2807 4883 honore
2846 4830 3067 4892 tertium,
3094 4840 3143 4884 et
3168 4831 3405 4886 substarr-

164 4911 316 4971 denter
339 4918 752 4984 demonstretur,
812 4918 946 4972 satis
985 4917 1087 4972 erit
1140 4925 1423 4971 tractatum
1474 4917 1709 4985 primum
1816 4920 1886 4971 tia
1934 4920 2237 4973 dissimilem
2283 4921 2657 4974 asseverabant.
2699 4921 2882 4990 Itaque
2917 4936 3036 4976 cum
3088 4921 3187 4976 hos
3230 4924 3403 4994 palam

165 5010 288 5073 primi
314 5014 420 5068 libri
447 5017 670 5087 ejusque
712 5014 1093 5069 annotationes
1125 5014 1341 5083 legere:
1383 5016 1435 5067 in
1468 5030 1531 5068 eo
1561 5014 1708 5069 enim
1818 5022 2000 5070 noster
2053 5025 2239 5069 auctor
2266 5015 2503 5071 recitatis
2551 5031 2615 5070 ex
2663 5025 2813 5070 tract.
2867 5016 2891 5069 1
2951 5017 3128 5073 verbis
3168 5030 3404 5089 pungat;

165 5102 435 5160 Arianorum
461 5107 527 5162 de
553 5108 820 5163 altissimo
848 5107 1040 5161 divina:
1068 5106 1431 5176 generationis
1454 5108 1710 5177 mysterio
1820 5106 2188 5175 proculdubio
2213 5117 2336 5163 ante
2358 5108 2591 5165 medium
2613 5108 2865 5163 saeculum
2894 5120 3142 5178 quartum
3165 5112 3407 5169 scribere

166 5194 499 5269 philosophicis
528 5204 828 5258 rationibus
880 5198 1709 5273 disceptantiumcuriositatem
1816 5217 2148 5272 nequaquam
2184 5202 2372 5272 potuit.

167 5290 269 5344 nulli
292 5294 552 5351 aliisectai
575 5295 847 5365 propriam
879 5295 977 5364 (de
999 5311 1101 5365 quo
1124 5295 1325 5350 videsis
1346 5293 1619 5349 dissertat.
1645 5310 1704 5364 ιι,
1888 5292 1982 5346 Est
2042 5303 2096 5349 et
2128 5295 2347 5351 haeresis
2396 5296 2520 5359 alia,
2567 5310 2724 5364 quam
2772 5295 3025 5354 distincte
3064 5308 3214 5354 notat
3264 5310 3328 5355 tr.
3375 5301 3409 5355 7

166 5394 259 5450 cap.
285 5384 339 5452 2)
365 5388 641 5457 explorate
658 5387 1037 5455 reprehendit;
1068 5390 1240 5441 varias
1264 5399 1411 5443 notat
1436 5390 1587 5458 ﬁdes,
1614 5404 1708 5443 seu
1816 5384 1908 5439 lib.
1956 5401 1991 5439 ιι
2043 5387 2123 5440 liis
2161 5387 2339 5441 verbis
2371 5405 2385 5440 :
2433 5386 2547 5441 Una
2576 5389 2792 5457 denique
2841 5392 3018 5443 asserit
3053 5389 3233 5445 Jesum
3260 5391 3409 5449 Chri-

169 5467 263 5528 ﬁdci
287 5462 545 5541 formulas,
581 5484 833 5532 tractatus
875 5482 1073 5538 varios,
1125 5480 1213 5547 qui
1256 5481 1410 5533 [idem
1451 5481 1503 5533 iu
1534 5489 1710 5535 sectas
1816 5490 1951 5535 stum
1979 5479 2041 5533 ab
2064 5490 2205 5533 utero
2248 5478 2470 5551 Virginis
2525 5479 2706 5535 Maria:
2747 5482 3027 5553 sumpsisse
3073 5483 3405 5555 principium,

168 5564 326 5620 multas
346 5568 736 5633 discinderem,
766 5569 907 5637 quod
940 5568 1007 5621 ad
1048 5584 1179 5622 unas
1226 5571 1544 5626 Arianorum
1596 5572 1707 5627 for-
1818 5572 2078 5642 Deumque
2098 5572 2283 5625 exinde
2318 5572 2377 5625 ob
2398 5574 2654 5645 justitiam
2699 5576 2887 5644 factum
2927 5592 3051 5639 esse,
3086 5595 3185 5632 non
3208 5588 3408 5635 natum.

170 5656 477 5730 ululantque
506 5670 766 5715 tractatus
794 5660 1407 5730 releriipotcstmlticia
1430 5664 1745 5720 haeretico-.
1822 5667 1931 5719 lmo
1979 5663 2207 5718 subinde
2263 5673 2381 5733 p05t
2442 5664 2779 5737 impugnatos
2826 5663 3057 5726 Arianos
3125 5683 3244 5727 eam
3309 5666 3410 5728 sub

172 5752 508 5825 mmdesignst
536 5754 823 5825 perspicue
849 5755 989 5822 apud
1016 5768 1157 5824 reges
1184 5795 1199 5821 ,
1233 5753 1283 5808 id
1312 5765 1395 5810 cst
1422 5756 1711 5825 imperato-
1821 5756 2064 5828 ejusdem
2099 5766 2355 5810 tractatus
2402 5756 2559 5811 linem
2612 5756 2681 5812 ita
2735 5759 2994 5828 confutal,
3047 5774 3102 5817 ut
3156 5773 3411 5835 utrasque

1798 1062 1826 1132 ᾗ
1868 1062 1957 1117 III.
1989 1091 2059 1103 -
2084 1063 2213 1117 Alite
2241 1063 2409 1133 quarti
2438 1062 2610 1117 seculi
2638 1061 2852 1119 hiereses
2878 1063 2940 1119 ab
2970 1067 3188 1121 Auctore
3212 1066 3379 1137 impu-

2145 1165 2312 1226 gnatar
2336 1164 2535 1209 attatem
2557 1159 2668 1229 ejus
2692 1157 3016 1226 conﬁrmant.
