3826 6226
489 255 547 307 εςι
1629 314 1636 322 _
1784 220 1798 247 '
1852 246 2371 301 enormitatem.
3674 250 3736 305 5:3

495 360 725 423 haereses
754 367 939 422 eodem
988 380 1102 420 :evo
1130 364 1366 433 vigentes
1396 342 1525 416 satis
1557 361 1823 417 ostendat.
1852 360 2056 415 Idcirco
2081 362 2134 422 Α
2162 360 2381 429 privatis
2412 362 2461 413 in
2495 361 2625 415 locis
2654 374 2835 414 sacros
2872 370 3041 416 coetus
3087 360 3363 429 haberent,
3396 341 3529 429 quos
3560 364 3739 417 ecclev
3790 386 3791 391 π

490 460 744 515 adversus
784 460 916 512 banc
944 457 1159 521 iterum,
1190 464 1470 522 antequam
1499 452 1723 508 Arianos
1762 455 2055 521 impugnat,

491 550 568 605 sic
595 548 784 604 effatur
813 556 965 602 tract.
1000 544 1033 601 6
1058 545 1292 615 ejusdem
1323 543 1411 599 lib.
1442 559 1479 598 ιι
1510 560 1522 595 :
1581 542 1641 598 Si
1681 543 1934 595 hominem
1975 558 2059 594 so-

494 642 616 706 lum,
666 641 811 695 sicuti
840 640 1056 710 quidam
1096 644 1294 708 putant,
1366 638 1429 690 ab
1480 644 1622 689 utero
1672 626 1900 703 Virginis
1946 649 2059 687 eum

488 733 761 800 sumpsisse
788 732 1107 801 principium,
1131 745 1244 799 quae
1266 744 1404 797 spes,
1431 738 1561 789 etc.,
1609 725 1699 781 ubi
1725 725 2060 780 animadver-

490 824 647 878 tenda
678 824 1003 893 potissimum
1052 821 1233 882 verba.
1278 820 1405 874 sicut
1444 808 1661 889 quidam
1698 826 1897 887 putant,
1939 830 2058 886 qum

491 913 631 968 hunc
650 927 885 968 errorem
912 926 1061 982 teque
1083 925 1145 965 ac
1172 911 1422 964 Arianum
1457 918 1771 978 praesentem
1802 905 2059 962 indicant;

493 1004 676 1069 Porro,
704 1006 803 1059 etsi
836 1004 1203 1058 inureticorum
1234 1011 1475 1056 veterum
1522 1001 1697 1069 plures
1739 1001 1879 1055 hunc
1906 1015 2059 1054 erro-

488 1112 600 1151 rem
630 1095 956 1153 tradiderunt
999 1095 1088 1166 (de
1115 1094 1305 1165 quibus
1331 1093 1451 1148 vide
1500 1101 1686 1147 aunot.
1718 1094 1751 1148 5
1795 1093 1846 1146 in
1883 1102 1951 1146 tr.
1977 1090 2055 1162 6),

492 1190 617 1245 nulli
652 1199 820 1244 tamen
850 1190 1065 1253 eodem,
1106 1203 1212 1257 quo
1244 1188 1426 1241 Ariani
1468 1186 1686 1248 steculo,
1717 1200 1839 1239 eum
1871 1184 2058 1240 defen—

489 1288 691 1346 saruut,
715 1278 811 1352 [ul
843 1280 941 1333 nisi
969 1277 1288 1338 Pltotiniaui.
1317 1277 1404 1345 qui
1448 1287 1502 1330 ut
1542 1277 1609 1331 ab
1652 1277 1865 1331 Arianis
1906 1276 2060 1345 longe

487 1371 717 1434 abirent,
764 1371 816 1423 in
841 1384 959 1423 eam
993 1368 1237 1422 Inercsim
1270 1367 1504 1421 incidere
1533 1384 1545 1419 :
1580 1367 1717 1421 unde
1755 1381 1858 1420 non
1887 1367 2062 1421 minus

489 1461 668 1516 Ariani
711 1460 1051 1514 Pbotiuianos
1078 1473 1233 1529 quam
1271 1458 1571 1513 Pltutiniani
1597 1458 1821 1512 Arianos
1848 1472 2064 1512 aversa-

488 1553 698 1607 bantur.
732 1550 988 1606 Catholici
1019 1562 1192 1604 autem
1221 1550 1361 1604 inter
1382 1562 1636 1619 utrosque
1667 1550 1826 1605 medii
1854 1559 2059 1603 utrum-

488 1658 592 1713 que
643 1659 880 1698 errorem
941 1644 1317 1711 coarguebaut,
1369 1650 1425 1695 et
1469 1641 1594 1695 hinc
1647 1652 1830 1696 noster
1859 1640 2060 1696 Auctor

2160 452 2266 506 sias
2343 452 2638 519 vocabant,
2685 467 2841 506 novas
2885 454 3058 507 tamen
3111 452 3449 525 publicasque
3499 455 3553 508 in
3607 469 3731 507 cum

2160 556 2311 598 nsum
2345 543 2489 598 mdes
2536 540 2802 599 :cdificare
2856 542 2960 597 illis
3012 558 3116 597 non
3173 543 3337 598 licuit.
3403 543 3595 600 Solum
3650 558 3740 614 per

2156 624 2563 691 Constantinum
2605 637 3005 703 imperatorem.
3048 634 3135 701 qui
3167 630 3378 687 Christo
3408 648 3608 688 nomen
3651 634 3739 687 dc-
3790 664 3791 667 η

2159 724 2257 792 dit,
2279 725 2611 795 publicarum
2639 723 2985 780 ecclesiarum
3011 723 3490 779 construendarum
3514 722 3739 779 facultas

2160 823 2349 885 quarto
2381 818 2607 885 primum
2631 815 2829 869 saeculo
2856 813 2991 868 facta
3016 813 3115 869 fuit
3146 833 3160 869 :
3193 830 3255 868 ac
3284 816 3502 883 proinde
3544 817 3741 871 Aucto-

2162 926 2272 965 rem
2296 910 2363 965 de
2392 926 2529 966 nova
2554 909 2756 979 publica
2782 909 3007 964 ecclesia
3036 917 3141 962 tam
3167 908 3441 977 eXplorate
3469 907 3742 964 disseren-

2162 1010 2266 1056 tem
2295 1010 2418 1056 ante
2462 1001 2510 1055 id
2562 1000 2814 1056 saeculum
2847 1001 3052 1055 vixisse
3082 1015 3361 1071 perperam
3389 1001 3614 1057 dixeris.
3653 1001 3743 1055 bli-

2164 1109 2343 1149 ramur
2370 1106 2547 1149 autem
2579 1094 2811 1150 editores
2846 1093 3178 1149 Verenenses
3206 1084 3322 1149 haec
3348 1093 3400 1149 in
3432 1094 3743 1163 praefatione

2162 1176 2457 1240 scribentes
2500 1203 2512 1239 :

2166 1276 2353 1329 Auctor
2392 1277 2701 1331 demonstrat
2749 1287 2869 1330 tunc
2899 1293 2998 1330 non
3041 1277 3200 1348 fuisse
3228 1272 3345 1349 jam
3376 1276 3567 1348 templa
3596 1275 3744 1331 Chri-

2573 1184 2648 1239 De
2701 1184 2957 1255 spirituali
3017 1185 3355 1252 aediﬁcatione
3405 1184 3591 1239 domus
3650 1182 3742 1239 Dei
3790 1239 3791 1244 η

2163 1369 2339 1435 stianis
2382 1378 2687 1422 constructa.
2745 1369 2801 1422 Si
2848 1383 3008 1423 unum
3052 1368 3229 1437 templi
3273 1382 3466 1422 nomen
3520 1368 3743 1422 Auctori
3790 1382 3791 1385 ‘

2164 1472 2268 1511 non
2310 1462 2618 1528 usurpatum
2666 1459 2946 1523 dixissent,
2999 1458 3130 1513 nihil
3186 1472 3607 1528 repugnaremns
3645 1477 3663 1514 :
3696 1460 3743 1514 id

2163 1550 2305 1618 enim
2356 1565 2548 1605 nomen
2598 1551 2863 1606 idolorum
2895 1551 3100 1607 aedibus
3129 1552 3285 1606 tribui
3314 1552 3552 1617 solitum,
3588 1549 3742 1606 Chri-

2165 1641 2325 1715 stiani
2351 1643 2417 1697 ad
2452 1644 2707 1704 ecclesias
2734 1646 3015 1700 traducere
3042 1643 3196 1699 veriti
3226 1654 3348 1699 sunt
3375 1651 3501 1699 ante
3528 1645 3589 1699 S.
3621 1645 3744 1698 Am-

480 1726 740 1801 utrosque
763 1735 1027 1789 contraria
1068 1734 1319 1788 docentes
1364 1747 1463 1786 una
1509 1731 1927 1800 reprehendens,
1959 1733 2059 1788 sub
2092 1745 2136 1806 Β
2165 1736 2399 1791 brosiutn
2430 1746 2591 1804 atque
2616 1735 2979 1793 Theodosium
3018 1736 3315 1801 iuniorem,
3365 1736 3455 1807 qni
3503 1750 3570 1792 ea
3616 1752 3743 1792 voce

488 1824 762 1893 utriusque
818 1824 1035 1878 Ita-rosis
1099 1835 1213 1894 post
1272 1823 1506 1879 medium
1579 1834 1827 1893 quartum
1890 1839 2059 1880 saecu-

490 1916 597 1968 lmn
644 1914 801 1970 simul
850 1915 1257 1985 compugnantis
1312 1922 1522 1969 aetatem
1576 1929 1636 1970 se
1680 1915 1881 1971 vixisse
1935 1930 2058 1986 pro-

489 2004 588 2060 dit.

559 2098 724 2164 Quem
748 2105 1015 2152 auctorem
1045 2096 1288 2151 habuerit
1304 2111 1475 2162 error,
1500 2084 1606 2167 quo
1626 2098 1719 2154 Dei
1747 2097 1921 2169 imago
1951 2114 2054 2155 non

490 2191 542 2243 in
574 2188 769 2251 anima,
803 2188 895 2243 sed
926 2189 974 2242 in
1005 2202 1229 2256 corpore
1258 2187 1639 2262 collocabatur,
1665 2188 1758 2242 illo
1787 2188 2056 2245 Geneseos

490 2279 797 2335 testimonio
827 2280 878 2333 in
916 2279 1053 2333 hanc
1079 2294 1189 2333 rem
1235 2293 1513 2348 perperam
1549 2279 1789 2333 traducto
1821 2295 1834 2332 :
1867 2279 2057 2334 Facia-

488 2385 599 2424 mus
615 2370 863 2423 hominem
879 2370 1377 2449 adimaginetrt,etg.,
1396 2369 1568 2438 prodit
1581 2368 1905 2439 Epiphanius
1921 2369 2051 2427 hznr.

491 2462 580 2530 70,
611 2462 862 2527 Autlium,
909 2461 992 2515 vel
1031 2460 1286 2515 Audaaum
1334 2461 1612 2517 nominans
1640 2472 1829 2532 quarto
1860 2463 2057 2517 saeculo

489 2556 777 2623 viventem,
805 2571 959 2622 quem
991 2555 1219 2623 quidcm'
1234 2569 1473 2609 errorem
1516 2554 1704 2610 eodem
1747 2554 1946 2609 smculo
1974 2570 2056 2611 re-

486 2646 607 2717 jicit
672 2647 729 2701 S.
782 2646 1012 2700 Hilarius
1061 2649 1109 2700 in
1157 2646 1345 2715 psalm.
1395 2662 1597 2712 cxxtx,
1644 2657 1698 2700 et
1743 2647 2057 2703 Pliilastrius

475 2752 541 2791 -c.
574 2736 660 2790 97.
691 2735 840 2791 Hunc
870 2751 995 2806 ergo
1021 2751 1255 2791 errorem
1286 2746 1465 2790 noster
1494 2751 1703 2806 quoque
1732 2744 1920 2791 auctor
1952 2754 2055 2792 non

489 2828 710 2892 cursim,
756 2828 848 2881 sed
906 2842 971 2881 ex
1018 2828 1287 2897 proposito
1331 2840 1384 2882 et
1437 2827 1551 2883 fuse
1614 2821 1863 2883 refellens
1918 2829 2054 2882 duo-

492 2920 593 2974 bus
638 2920 689 2974 in
739 2921 1047 2975 tractatibus
1102 2920 1167 2975 l9
1212 2921 1394 2986 et'ﬂO,
1430 2920 1520 2975 lib.
1559 2937 1616 2988 ιι,
1646 2921 1832 2977 eodem
1872 2925 2055 2992 procul

493 3012 652 3068 dubio
681 3014 878 3068 saeculo
917 3013 1109 3067 vixisse
1138 3012 1487 3066 convincitur.

2163 1842 2259 1896 pro
2288 1825 2713 1881 Christianorum
2735 1828 2985 1885 ecclesiis
3013 1823 3377 1897 significandis
3405 1828 3642 1897 primum
3667 1827 3740 1880 usi

2158 1917 2523 1985 inveniuntur,
2556 1927 2613 1971 ut
2641 1918 2881 1986 pluribus
2926 1918 3399 1973 animadvertimus
3427 1925 3617 1973 annot.
3672 1916 3739 1971 26
3790 1908 3791 1919 “

2160 2011 2213 2064 in
2251 2020 2400 2063 tract.
2430 2009 2463 2063 5
2487 2008 2579 2063 lib.
2610 2008 2742 2065 LM
2770 2024 2889 2063 cum
2909 2008 2975 2065 de
2993 2010 3251 2064 tnateriali
3273 2008 3631 2064 aedificatione
3671 2008 3741 2062 illi

2160 2102 2402 2158 editores
2432 2100 2755 2172 intelligant,
2772 2088 2967 2172 deiqua
3010 2102 3182 2157 tribus
3212 2103 3264 2157 iu
3294 2082 3621 2157 testimOniis
3649 2117 3742 2153 ιιιι-

2161 2209 2254 2266 per
2280 2195 2516 2250 recitatis
2550 2205 2653 2249 tam
2683 2203 2867 2264 aperta
2897 2194 2954 2251 fit
2997 2194 3541 2264 meutio,admiratio
3568 2194 3739 2249 inces-
3790 2212 3791 2219 η

2157 2288 2237 2351 sit
2256 2286 2501 2356 plurima,
2525 2286 2663 2355 quod
2688 2285 2816 2340 illud
2846 2286 2969 2340 inde
2993 2295 3362 2356 argumentum
3391 2286 3736 2347 intenderim,

2158 2379 2302 2433 unde
2329 2392 2389 2433 se
2419 2378 2575 2448 plane
2605 2377 2843 2441 devictos
2872 2376 3026 2431 fateri
3059 2376 3392 2433 debuissent.
3416 2377 3554 2445 Quid
3582 2393 3738 2448 porro
3790 2376 3791 2443 ξ

2159 2470 2203 2524 si
2232 2468 2724 2523 animadvertantur
2752 2466 2866 2521 haec
2894 2466 2996 2520 alia
3024 2466 3266 2535 ejusdem
3298 2476 3559 2523 tractatus
3578 2468 3739 2522 verba

2159 2550 2373 2614 num.‘i
2404 2577 2416 2611 :
2442 2560 2542 2612 Aut
2562 2558 2779 2625 nullum,
2813 2567 2902 2611 aut
2930 2572 3191 2625 perrarum
3211 2569 3284 2612 est
3304 2577 3394 2630 per
3417 2576 3619 2615 onlnem
3650 2558 3739 2614 Ec-
3790 2538 3791 2575 Τ

2159 2653 2364 2705 cleaiam
2397 2650 2488 2705 Dei
2517 2651 2759 2704 orationis
2780 2650 2880 2703 loci
2900 2649 3201 2716 membrum,
3225 2652 3539 2721 quod'possit
3565 2654 3738 2723 quam

2158 2742 2305 2795 ruina
2333 2743 2386 2795 in
2411 2758 2465 2795 se
2493 2741 2829 2812 mergentibus
2858 2741 3168 2795 idololatria:
3196 2741 3389 2795 (edibus
3418 2745 3557 2797 nunc
3585 2758 3739 2813 usque

2157 2832 2475 2900 aliquatenus
2502 2830 2808 2900 comparari.
2843 2831 3042 2884 Auctor
3076 2844 3180 2883 non
3206 2839 3361 2899 negat
3391 2831 3595 2885 nullum
3623 2847 3735 2884 οιιι-

2161 2924 2309 2988 ιιίιιο,
2332 2933 2422 2977 aut
2451 2940 2715 3000 perrarum
2738 2922 2995 2977 orationis
3034 2922 3231 2991 locum,
3260 2920 3312 2977 id
3342 2933 3424 2977 est
3452 2921 3733 2977 ecclesiam

2160 3012 2276 3086 [ιιι]
2300 3011 2722 3081 Christianorum
2750 3014 2935 3080 fuisse,
2973 3013 3067 3068 sed
3096 3013 3259 3068 multa
3283 3014 3456 3083 potius
3480 3016 3736 3068 orationis

565 3104 801 3159 Tandem
840 3102 1056 3157 Mariam
1106 3114 1228 3157 ante
1271 3113 1502 3172 partum,
1550 3103 1601 3156 in
1651 3113 1823 3172 partu,
1855 3115 1908 3159 et
1939 3113 2059 3175 post
2082 3114 2126 3177 ρ
2160 3105 2294 3167 loca,
2322 3118 2417 3158 seu
2441 3104 2695 3159 ecclesias
2724 3102 3040 3159 Christianis
3067 3102 3246 3167 fuisse,
3279 3105 3572 3174 supponit;
3606 3104 3739 3159 inter
3790 3126 3791 3131 π

492 3206 701 3267 partum
728 3194 983 3265 virginem
1030 3202 1097 3247 tr.
1122 3194 1154 3247 8
1180 3192 1271 3247 lib.
1323 3208 1380 3258 ιι,
1430 3192 1619 3247 asserit
1648 3194 1882 3261 prmcisis
1921 3195 2056 3251 adeo

491 3288 747 3350 lormulis,
780 3299 834 3341 ut
870 3303 960 3342 eas
1006 3287 1238 3355 reperire
1269 3300 1373 3338 non
1404 3285 1562 3339 liceat
1588 3286 1639 3339 in
1661 3287 1931 3353 quopiam,
1960 3276 2058 3339 au-

492 3387 701 3446 tequam
731 3379 788 3433 Β.
819 3378 992 3433 Maria:
1031 3378 1304 3447 virginitas
1346 3386 1538 3446 quarto
1566 3377 1763 3432 szeculo
1788 3392 2061 3448 oppugna-

493 3478 657 3525 rctur.
694 3470 824 3525 Vide
853 3472 903 3524 in
936 3470 1072 3523 hanc
1115 3483 1228 3523 rem
1274 3467 1422 3537 plura
1451 3475 1633 3521 annot.
1664 3467 1697 3522 5
1744 3468 1793 3522 in
1823 3477 1888 3522 tr.
1918 3468 1951 3522 5
1999 3469 2061 3521 li-

492 3562 589 3615 bro
609 3578 645 3625 ι,
679 3561 764 3616 ubi
792 3562 890 3615 alia
921 3576 1126 3630 quoque
1149 3558 1392 3615 Auctoris
1422 3558 1474 3613 in
1501 3558 1741 3612 eamdem
1770 3574 1882 3612 rem
1914 3558 2083 3612 testi»

494 3655 670 3708 monia
700 3653 825 3710 alibi
857 3654 1080 3724 repetita
1110 3647 1433 3719 indicantur,
1488 3668 1604 3723 qua:
1633 3651 1701 3705 ad
1739 3652 2059 3707 catholicum

493 3745 683 3815 dogma
722 3759 904 3806 contra
960 3754 1266 3802 nascentem
1298 3744 1542 3800 haeresim
1574 3742 1946 3799 vindieandum
1976 3743 2061 3799 vel

493 3839 905 3907 promovendum
928 3838 1064 3894 dicta
1096 3838 1259 3895 fuisse
1279 3838 1546 3894 videntur.
1590 3850 1593 3853 ‘

497 3969 525 4042 §
561 3959 748 4026 lV.'-——
777 3971 981 4025 Novum
1018 3982 1371 4042 argumentum
1416 3990 1478 4027 ea:
1516 3971 1721 4042 publica
1752 3971 1947 4025 urbana
1980 3986 2061 4024 ec-

565 4064 718 4118 clesia
746 4064 971 4132 petitum.
1028 4063 1294 4117 Editorum
1338 4062 1698 4119 Veronensium
1742 4080 1803 4117 ac
1848 4062 2061 4117 Baronii

567 4155 868 4223 obiectiones
913 4153 1106 4207 dilutae.
1158 4156 1272 4208 Alia
1318 4157 1657 4227 conjiciuntur
1706 4161 1783 4209 “ex
1845 4154 2059 4225 publicis

566 4242 812 4315 Episcopi
834 4243 1171 4311 concionibus,
1197 4245 1372 4314 quibus
1402 4245 1582 4300 Gentes
1605 4263 1799 4318 quoque
1823 4246 2054 4313 aderant,

567 4350 614 4394 et
637 4355 701 4394 ex
732 4353 918 4409 magna
946 4335 1412 4391 catechumenorum
1464 4338 1762 4407 frequentia,
1802 4341 1888 4410 qui
1930 4356 2057 4408 quo-

569 4430 737 4493 tannis
763 4426 1148 4499 baptizabantur
1168 4426 1220 4478 in
1241 4426 1495 4495 paschale.

570 4564 779 4633 Insigne
808 4563 859 4617 in
890 4576 1001 4615 rem
1034 4568 1349 4629 praesentem
1375 4557 1733 4612 testimonium
1759 4560 2055 4629 suppeditat

500 4658 659 4712 etiam
714 4661 965 4709 tractatus
988 4651 1054 4706 14
1083 4650 1172 4704 lib.
1198 4666 1248 4715 1,
1276 4648 1367 4719 qui
1394 4649 1456 4701 de
1485 4646 1856 4716 ﬁdiﬁcatione
1882 4650 2060 4707 domus

497 4744 595 4800 Dei
616 4746 923 4813 inscriptus,
953 4742 1133 4813 procul
1158 4741 1319 4795 dubio
1357 4736 1569 4793 habitus
1588 4739 1655 4793 ab
1675 4736 1906 4798 Auctore
1938 4741 2059 4808 fuit,

498 4852 617 4891 cum
650 4850 784 4890 nova
818 4833 1076 4889 aedificata
1108 4833 1158 4885 in
1190 4830 1319 4885 urbe
1348 4830 1570 4885 ecclesia
1622 4831 1846 4898 primum
1876 4831 2059 4900 patuit.

503 4926 632 4980 llinc
666 4927 908 4993 festivu‘m
946 4923 1071 4978 illud
1120 4920 1430 4995 principium
1463 4939 1473 4973 :
1518 4919 1727 4983 Vellem,
1768 4922 1953 4991 fratres
1978 4923 2061 4974 di-

501 5016 774 5084 lectissimi,
805 5014 1099 5085 triumphali
1126 5002 1345 5084 quodam
1368 5012 1517 5065 modo
1541 5012 1615 5064 uti
1640 5026 1886 5075 sermone,
1918 5013 2061 5064 novi-

500 5122 594 5179 que
620 5108 780 5173 operis
826 5123 991 5160 arcent
1033 5120 1232 5159 sacram
1260 5102 1505 5157 laudibus
1538 5102 1811 5172 geminare.
1855 5101 2060 5156 Rursus

504 5211 558 5247 ιι.
587 5194 639 5259 ‘2,
662 5194 818 5247 cedem
846 5197 993 5247 istam
1021 5194 1265 5249 novellam
1316 5203 1595 5258 memorat,
1636 5204 1859 5262 eamque
1887 5192 2057 5260 aediﬁ-

480 5284 739 5336 ‘cationem
761 5299 972 5339 vestram
1003 5296 1174 5353 vocat,
1206 5285 1345 5355 quod
1375 5280 1606 5349 divitum,
1632 5294 1689 5336 ut
1720 5285 1791 5335 ait
1827 5297 1972 5336 num.
2002 5282 2055 5347 5,

503 5374 945 5438 prterogationibus
993 5373 1177 5427 crebris
1217 5374 1495 5427 deberetur.
1539 5360 1774 5426 Tandem
1815 5367 1960 5425 nu’m.
2003 5370 2057 5435 6,

504 5477 660 5514 sacrae
685 5463 923 5515 orationis
952 5467 1043 5519 iste
1077 5467 1217 5519 locus
1244 5481 1400 5519 novus
1428 5467 1744 5535 appellatur,
1775 5480 1933 5534 quem
1963 5472 2062 5516 ter-

504 5562 657 5604 restre
676 5553 982 5607 domicilium
1026 5557 1124 5611 sub
1169 5556 1325 5611 ﬁnem
1354 5560 1607 5614 nominat.
1646 5558 1811 5611 Porro
1838 5557 1936 5611 etsi
1968 5556 2063 5618 tri-

506 5641 830 5730 busp'rintis
873 5644 1120 5705 EcClesiae
1159 5649 1367 5711 saeculis
1409 5647 1697 5719 Christiani
1741 5649 2059 5729 quibusdam

2159 3210 2291 3266 quas
2322 3205 2497 3250 tamen
2541 3198 2705 3262 nulla,
2729 3208 2815 3250 aut
2838 3214 3048 3266 perrara
3068 3206 3233 3260 esset,
3266 3211 3385 3265 quae
3403 3198 3473 3251 ob
3497 3197 3737 3268 magnifi-

2160 3290 2385 3343 centiam
2407 3303 2525 3341 cum
2549 3287 2859 3341 idololatria:
2884 3288 3089 3343 aedibus
3107 3288 3400 3356 comparari
3428 3298 3633 3357 posset.

2232 3380 2491 3447 Barouius
2532 3380 2583 3432 in
2630 3378 3064 3432 annotationibus
3094 3377 3160 3432 ad
3192 3378 3629 3449 Martyrologium
3673 3392 3734 3430 ex
3790 3358 3791 3395 ξ

2165 3472 2265 3526 hoc
2302 3471 2608 3526 teatimonio
2656 3469 2862 3539 colligit
2911 3470 3197 3522 Auctorem
3236 3478 3361 3523 ante
3398 3467 3742 3523 Constantini-

2166 3572 2404 3631 tempora
2446 3560 2727 3625 claruisse,
2770 3560 2964 3630 quippe
3008 3558 3148 3628 quod
3196 3559 3353 3628 hujus
3398 3559 3733 3627 imperatoris

2163 3666 2345 3721 Opera.
2416 3650 2600 3705 Romae
2669 3651 2987 3719 praesertim,
3045 3649 3432 3718 augustissimre
3504 3651 3735 3704 basilica:

2164 3754 2361 3800 erectae
2400 3741 2633 3797 fuerunt.
2674 3742 2883 3811 Optime
2915 3740 3151 3812 quidem,
3207 3742 3249 3794 si
3290 3741 3485 3795 nullum
3532 3751 3733 3795 tantum

2164 3841 2404 3894 orationis
2428 3840 2591 3893 locum
2607 3853 2727 3893 cum
2752 3838 3013 3892 idolorum
3031 3837 3232 3893 aedibus
3252 3838 3553 3905 comparari
3583 3850 3735 3905 posse

2162 3935 2363 3988 Auctor
2389 3928 2728 3993 affirmasset,
2778 3944 2881 3982 non
2920 3943 3051 3984 vero
3077 3943 3195 3981 eum
3237 3928 3313 3982 uel
3353 3943 3622 3997 perrarum
3649 3926 3734 3979 ad-

2162 4022 2298 4079 didit
2325 4040 2338 4075 :
2369 4022 2491 4076 hinc
2535 4021 2678 4076 enim
2704 4019 3157 4087 aliquamalicubi
3185 4019 3464 4073 ecclesiam
3498 4018 3735 4087 magnifi-

2161 4113 2488 4170 centissimis
2518 4110 2780 4165 idolorum
2804 4109 3015 4178 templis
3036 4122 3366 4177 nequaquam
3388 4108 3586 4162 cedere
3610 4107 3733 4161 satis

2163 4208 2426 4278 indigitat.
2483 4204 2702 4259 Interim
2735 4217 2868 4257 vero
2913 4216 3035 4255 cum
3077 4199 3270 4254 multas
3319 4199 3406 4253 hic
3455 4199 3732 4262 ecclesias,

2160 4301 2261 4355 etsi
2293 4315 2394 4353 non
2426 4293 2752 4366 magnificas,
2778 4292 2942 4349 variis
2977 4291 3026 4346 in
3064 4291 3194 4344 locis
3239 4287 3527 4343 aedificatus
3559 4296 3733 4343 osten-

2160 4389 2283 4455 dat,
2310 4389 2419 4459 jam
2444 4387 2609 4456 magis
2629 4386 2795 4440 multo
2820 4382 3202 4439 Veronensium
3227 4378 3486 4444 editorum
3516 4377 3732 4431 halluci-

2082 4488 2136 4548 Ι)
2162 4483 2303 4536 natio
2328 4491 2501 4552 patet,
2526 4480 2612 4549 qui
2646 4478 2746 4533 hoc
2775 4478 2828 4532 in
2860 4483 3087 4531 tractatu
3128 4473 3297 4538 nulla,
3316 4480 3438 4525 tunc
3482 4469 3678 4539 templa
3704 4483 3730 4521 a

2161 4571 2475 4625 Christianis
2519 4578 2823 4625 constructa
2853 4566 3139 4620 viderunt:
3170 4561 3309 4633 quod
3360 4562 3403 4614 si
3450 4560 3727 4623 vidissent,
3790 4596 3791 4639 ι

2165 4661 2712 4731 ριόΐοριοΛιιοιοιέιῐι
2764 4670 2889 4714 ante
2933 4666 3173 4728 quartum
3199 4654 3453 4710 sarculum
3481 4651 3729 4708 collocari

2164 4766 2269 4805 non
2301 4766 2456 4821 posse
2495 4751 2745 4806 facillime
2774 4749 3166 4821 cognovissent.

2238 4841 2342 4894 llas
2360 4852 2537 4896 autem
2566 4841 2820 4896 ecclesias
2850 4839 3086 4909 publicas
3111 4838 3272 4892 fuisse
3302 4835 3385 4889 vel
3409 4834 3531 4889 inde
3570 4842 3727 4905 patet,

2167 4930 2305 4997 quod
2333 4946 2396 4984 eo
2420 4932 2643 4985 consilio
2674 4930 2947 4986 aedificata:
2989 4931 3156 5001 ρ;ι1;ιιιι
3189 4928 3424 4987 fuerunt.
3451 4936 3508 4981 ut
3552 4933 3727 4982 essent
3790 4974 3791 4981 η

2164 5020 2422 5086 ecclesiae,
2446 5036 2564 5075 cum
2595 5023 2720 5076 olim
2752 5023 2966 5092 privata:
2996 5024 3137 5077 :cdes'
3165 5021 3218 5075 in
3247 5019 3727 5074 ccclesiasticormu

2164 5119 2517 5165 conveutuum
2530 5126 2681 5166 usum
2708 5115 2843 5167 clam
2871 5113 3095 5168 fuissent
3122 5113 3399 5173 traductae,
3432 5121 3486 5165 ut
3514 5124 3585 5164 ne
3606 5106 3723 5178 quid
3790 5128 3791 5137 ι

2166 5200 2399 5255 exterius
2423 5186 2496 5255 fin
2540 5202 2786 5257 Gentium
2817 5205 3053 5259 notitiam
3096 5214 3315 5275 pateret.
3351 5201 3587 5256 Publica:
3613 5197 3723 5269 qui-
3790 5186 3791 5199 “

2164 5293 2281 5348 dem
2319 5295 2421 5347 illae
2447 5295 2636 5368 saltem
2671 5295 2837 5364 fuere,
2887 5314 3110 5367 perraro:
3156 5300 3279 5353 licet
3317 5294 3584 5359 ecclesiae,
3612 5301 3722 5361 qua:

2163 5399 2281 5438 cum
2303 5384 2610 5441 idololatrim
2640 5389 2848 5456 templis
2876 5389 3105 5443 conferri
3146 5387 3337 5441 alicubi
3369 5393 3647 5454 poterant,
3675 5377 3722 5431 id
3790 5377 3791 5429 ἕ

2162 5474 2299 5543 quod
2322 5475 2449 5529 alias
2471 5490 2678 5547 quoque
2708 5478 2964 5547 publicas,
3009 5479 3130 5532 licet
3174 5477 3455 5531 inferiores
3502 5473 3641 5528 mole
3672 5477 3722 5525 et

2162 5563 2569 5635 magnificentia,
2614 5556 2781 5622 fuisse
2832 5558 3039 5621 sua'det.
3082 5567 3342 5619 Prmterea
3377 5574 3535 5619 tract.
3583 5564 3614 5617 7
3658 5560 3718 5614 ab

2161 5656 2388 5725 Auctore
2419 5658 2626 5725 ltabitus
2664 5657 2905 5743 profecto
2946 5657 3174 5725 videtur,
3198 5671 3317 5724 cum
3347 5672 3485 5727 nova
3516 5657 3602 5713 illa
3637 5667 3719 5722 ec-
