3826 6226
160 270 228 324 δε
278 300 286 305 .
784 251 791 259 ’
876 260 1316 318 DlSSER‘l‘ATlO
1354 263 1396 329 ι,
1441 255 1527 318 DE
1563 260 1620 319 s.
1662 261 1955 336 seuerus
1999 263 2242 321 rnscr.
2290 265 2374 320 er
2414 263 2685 335 mure.
3363 272 3429 326 bi

160 378 314 434 clesia
348 379 596 449 primum
621 386 802 447 patens
822 375 1060 433 dedicata
1106 375 1203 431 fuit
1244 392 1258 431 :
1297 375 1441 446 quod
1468 374 1535 430 ad
1562 353 1743 432 osten-
1768 383 2021 466 A’ctatus
2052 378 2120 434 53
2145 387 2200 433 et
2226 378 2318 445 38,
2352 378 2419 432 42
2446 387 2499 435 et
2523 380 2723 447 43,lib.
2747 384 2912 455 n,qui
2939 384 3138 455 singuli
3159 386 3435 440 cumidem
3522 360 3523 363 η

161 468 387 525 dendam
420 467 847 539 eam'publicam
880 468 1159 537 plurimum
1193 466 1423 523 confert.
1455 466 1569 522 Huc
1616 482 1747 538 quo-
1810 468 1813 469 ⁷
1851 468 2067 525 circiter
2093 478 2361 541 repetam,
2414 488 2534 528 eum
2584 466 2862 530 numerum
2910 476 3136 548 singulis
3174 480 3331 533 annis
3378 479 3430 532 in

165 577 263 634 que
286 561 553 617 conducit
582 561 731 617 locus
772 576 835 617 ex
864 569 1017 616 tract.
1047 559 1116 615 40
1155 558 1248 614 lib.
1291 574 1331 624 ι,
1382 574 1530 614 ηυω.
1558 560 1625 624 5,
1659 560 1747 615 ubi

164 654 415 711 mulieres
427 655 499 709 ad
524 644 784 709 ecclesiam
803 651 899 709 Dei
917 662 1075 709 totum
1095 654 1347 709 inauratae
1364 668 1549 722 corpus
1573 654 1745 725 palam

166 744 493 816 processisse
522 743 845 812 indicantur,
872 759 971 800 nec
1003 758 1111 799 non
1142 743 1233 799 ille
1251 742 1387 798 alios
1415 758 1481 799 ex
1529 751 1683 799 tract.
1714 743 1749 800 5

164 836 402 909 ejusdem
436 828 589 905 libri,
622 852 764 891 num.
806 836 861 903 8,
905 836 960 891 in
989 848 1098 908 quo
1127 836 1199 891 de
1225 822 1541 890 Christianis
1568 836 1749 891 uxori-

166 929 261 984 bus
304 928 524 985 ethnico
552 927 743 999 nuptis
789 930 992 983 Auctor
1034 929 1285 998 loquens.
1317 942 1423 982 non
1452 929 1629 983 minus
1661 929 1746 984 isti

165 1020 424 1076 idolorum
455 1019 744 1091 templum,
771 1035 931 1091 quam
977 1019 1051 1074 illi
1098 1020 1383 1087 ecclesiam
1426 1020 1616 1076 eodem
1659 1020 1747 1077 die

166 1113 332 1184 palam
367 1114 530 1183 petita
563 1113 781 1184 perinde
808 1122 978 1179 notat,
1006 1106 1067 1167 ut
1092 1113 1298 1183 publica
1331 1122 1556 1183 utraque
1594 1131 1748 1186 teque

164 1205 324 1262 fuisse
343 1206 731 1278 intelligantur.
775 1205 947 1263 Unum
978 1208 1188 1261 tandem
1217 1220 1366 1265 extra
1395 1224 1608 1265 omnem
1642 1209 1745 1264 du-

164 1296 430 1353 bitationis
452 1297 624 1354 aleam
645 1297 1094 1354 considerandum
1124 1300 1438 1369 subjicimus
1462 1316 1525 1356 es
1552 1309 1746 1356 tracta-

162 1396 218 1443 tu
264 1390 298 1445 5
324 1388 416 1445 lib.
440 1404 480 1457 ι,
511 1389 598 1445 ubi
643 1390 826 1445 statim
875 1390 943 1445 ab
987 1391 1141 1446 initio
1176 1395 1378 1447 Auctor
1401 1394 1575 1447 doctos
1602 1394 1747 1449 viros

161 1482 259 1537 sibi
286 1484 621 1538 ooncionanti
653 1493 948 1553 praesentes
975 1485 1277 1558 appellans,
1308 1487 1555 1542 ethnicos
1583 1489 1746 1543 intel-

162 1572 301 1643 legit,
340 1590 473 1645 quos
521 1573 771 1637 facundia
811 1575 929 1645 ejus
975 1584 1162 1647 captos
1208 1578 1257 1633 ei
1297 1578 1604 1635 interfuisse
1641 1579 1746 1635 fre-

160 1672 401 1733 qoentes,
427 1665 553 1731 dum
581 1680 765 1722 sacras
788 1667 1079 1722 conciones
1110 1667 1355 1736 haberet,
1403 1669 1599 1725 ibidem
1646 1687 1744 1726 an-

1852 563 2108 631 paschate
2136 561 2472 633 baptismatis
2491 564 2705 621 lavacro
2726 566 2854 636 tingi
2879 566 3096 622 solitum
3127 569 3428 635 insinuant;

1851 653 1992 723 quod
2023 653 2261 723 profecto
2300 670 2404 711 non
2453 656 2557 711 nisi
2588 667 2719 728 post.
2752 658 3013 715 redditam
3058 660 3313 719 Ecclesiae
3341 677 3433 732 pa-

1851 760 1969 803 cem
1998 746 2260 806 accidisse
2283 750 2543 807 credibile
2567 759 2668 808 est.

1850 879 1879 948 9
1913 878 1975 932 V.
2004 908 2075 920 —
2097 877 2378 936 lnterdicta
2414 879 2657 938 Gentibus
2698 886 2997 956 templorum
3036 886 3333 957 adiﬁcatio,
3384 898 3429 941 et

1920 969 2157 1035 publicus
2210 970 2539 1028 nihilominus
2584 975 2888 1029 idololatriae
2928 977 3113 1042 cultus,
3155 977 3218 1031 de
3253 977 3435 1047 quibus

1921 1065 2111 1120 Auctor
2147 1068 2375 1121 meminit
2408 1078 2605 1123 (etatem
2647 1073 2758 1142 ejus
2790 1080 2900 1137 post
2936 1062 3155 1125 medium
3194 1082 3431 1142 quartum

1922 1159 2164 1212 swculum
2205 1159 2505 1215 certioribus
2531 1162 3070 1231 lintitibus'deﬁniunt.
3108 1162 3315 1217 Baronii
3349 1163 3437 1219 ob-

1915 1254 2075 1325 jectio
2114 1254 2343 1321 explosa.
2384 1255 2523 1321 Quid
2561 1257 2699 1309 circa
2741 1258 2996 1311 etlmicum
3034 1258 3227 1312 cultum
3267 1276 3297 1311 a
3334 1258 3433 1312 Ju-

1926 1344 2049 1399 liani
2077 1346 2211 1400 obitu
2234 1347 2487 1401 decretum
2516 1350 2583 1402 ad
2608 1366 2800 1403 annum
2827 1367 2985 1420 usque
3011 1349 3135 1406 591.

1922 1478 2249 1550 Argumento
2276 1496 2340 1536 es
2371 1480 2600 1551 publicis
2629 1467 3053 1539 Christianarum
3084 1484 3323 1539 ecclesiis
3336 1484 3432 1540 du-

1849 1580 1936 1627 cto
1952 1572 2343 1643 subjiciendum
2362 1575 2505 1629 aliud
2529 1584 2799 1647 sumptum
2824 1592 2889 1633 ex
2914 1578 3175 1633 idolorum
3200 1578 3431 1647 templis,

1849 1679 1968 1733 quae
1993 1665 2094 1720 etsi
2122 1676 2391 1735 paterent,
2426 1665 2678 1722 aedificari
2711 1678 2886 1723 tamen
2917 1668 3167 1723 Auctoris
3196 1684 3310 1723 aevo
3339 1684 3434 1724 ue-

161 1766 268 1812 not.
320 1758 357 1812 2
406 1759 742 1815 ostendimus
766 1800 781 1822 .
824 1760 1093 1830 simulque
1156 1760 1455 1831 colligimus
1502 1763 1751 1819 Auctoris
1780 1772 1828 1833 Β
1855 1770 2121 1826 quaquam
2140 1766 2407 1826 Pmel‘anl-
2430 1757 2478 1813 15
2494 1759 2743 1813 nimirum
2763 1759 2954 1815 €0dem
2974 1769 3126 1816 11’ῖιίεῑ-
3152 1762 3428 1827 ﬁlium-1.

159 1861 387 1919 etatem,
409 1867 510 1923 qua
538 1852 880 1907 ethnicorum
906 1853 1251 1923 pra-sentiam
1282 1852 1414 1907 nihil
1444 1864 1740 1922 metueret;

159 1940 209 1997 id
242 1942 384 2012 quod
424 1942 597 1997 solum
636 1943 834 1997 accidit
874 1942 1073 1998 saeculo
1102 1954 1316 2013 quarto,
1347 1958 1468 1999 cum
1498 1960 1747 2015 persecu-

161 2032 391 2089 tionibus
413 2033 665 2089 Gentium
689 2049 784 2105 per
802 2033 1141 2091 Christianus
1163 2036 1515 2106 imperatores
1527 2036 1742 2103 deletis,

161 2122 470 2195 religionem
498 2123 850 2179 cbristianam
876 2126 995 2179 sine
1023 2124 1131 2179 ullo
1153 2132 1297 2179 metu
1321 2125 1549 2194 publicis
1572 2122 1624 2180 in
1650 2141 1739 2182 ec-

159 2214 335 2271 clesiis
369 2201 609 2287 profiteri
641 2216 809 2281 licuit,
859 2226 917 2270 ut
958 2215 1027 2269 ad
1073 2229 1257 2270 sacras
1302 2215 1594 2272 conciones
1638 2216 1742 2287 ipsi

158 2322 367 2378 quoque
406 2306 619 2364 ethnici
656 2307 1090 2363 admitterentur.
1123 2306 1305 2378 Neque
1337 2318 1551 2363 moveat
1575 2309 1741 2379 quod,

160 2410 311 2457 tract.
350 2403 404 2468 5,
443 2416 597 2456 uuln.
626 2400 685 2467 8,
715 2400 905 2472 pagani
957 2400 1059 2455 viri
1116 2400 1429 2463 sacrificium
1480 2400 1742 2471 publicum

162 2494 404 2562 al'l'lrmet,
435 2495 619 2550 uxoris
642 2502 823 2549 autem
851 2491 1171 2549 Christianae
1222 2504 1473 2549 secretum
1512 2510 1532 2549 :
1560 2510 1627 2550 ex
1676 2494 1742 2550 iis

165 2589 324 2653 enim,
383 2602 501 2657 qua:
542 2585 743 2642 ibidem
788 2587 1165 2641 annotavimus
1204 2586 1375 2656 liquet
1425 2601 1613 2657 vocem
1659 2603 1740 2642 se-

160 2688 340 2731 cretum
362 2679 428 2733 ad
452 2678 716 2735 ecclesias
732 2677 1154 2734 transferendam
1172 2692 1277 2733 non
1299 2693 1443 2746 esse,
1458 2678 1555 2734 sed
1578 2695 1738 2734 unum

160 2781 395 2839 spectare
418 2769 773 2832 Eucharistite
801 2781 1199 2827 sacramentum
1217 2813 1230 2835 ,
1261 2770 1401 2840 quod
1428 2772 1494 2825 ex
1519 2770 1737 2841 antiqua

161 2861 448 2932 disciplina,
481 2863 681 2918 nedum
706 2878 735 2916 a
768 2864 1015 2933 Paganis,
1045 2880 1111 2921 ne
1132 2878 1161 2918 a
1190 2864 1595 2919 catechumenis
1620 2864 1775 2934 qui-‘

160 2950 271 3006 dem
303 2952 433 3023 ipsis
461 2952 631 3007 videri
666 2963 895 3023 poterat,
926 2955 1017 3024 qui
1056 2970 1244 3009 omnes
1289 2965 1411 3025 post
1460 2954 1737 3032 Evangelii

160 3042 433 3099 lectionem
486 3045 913 3115 concionemque
969 3046 1037 3100 ab
1092 3046 1321 3102 ecclesia
1380 3047 1733 3112 arcebantur;

1852 1858 2131 1919 postquam
2155 1850 2296 1904 haud
2326 1852 2651 1921 praecipuum
2679 1866 2799 1907 esse
2824 1851 2959 1906 dixit
2982 1852 3050 1907 de
3078 1868 3231 1908 novre
3261 1854 3434 1909 eccle-

1848 1941 1943 1995 sia:
1987 1942 2347 1997 mdilicationc
2386 1943 2626 1997 laudibus
2665 1945 2940 2014 geminare,
2986 1944 3181 2014 quippe
3208 1947 3343 2014 quod
3382 1946 3434 1998 id

1848 2049 1964 2086 cum
2004 2031 2269 2098 Gentibus,
2303 2035 2381 2087 vel
2401 2033 2600 2089 Judaeis
2624 2046 2789 2106 potest
2825 2051 2930 2090 esse
2964 2051 3263 2103 commune;
3296 2036 3433 2092 hanc

1848 2123 2004 2193 hujus
2034 2132 2321 2192 postrema:
2351 2127 2635 2180 sententiae
2668 2127 2933 2182 rationem
2965 2127 3149 2181 subdit
3174 2146 3187 2182 :
3214 2126 3353 2180 Nam
3383 2137 3429 2181 et

1846 2214 1952 2269 illis
1999 2215 2042 2269 si
2069 2215 2239 2280 liceat,
2269 2216 2346 2271 vel
2370 2217 2413 2270 si
2452 2217 2628 2282 uelint,
2657 2218 2895 2287 fortassis
2925 2218 3111 2273 cultius
3147 2235 3445 2289 synagogas.

1846 2308 2119 2377 aediﬁcent,
2146 2308 2333 2364 cultius
2355 2312 2553 2381 erigant
2572 2313 2851 2383 capitolia;
2883 2313 2970 2368 ubi
3002 2313 3245 2383 capitolia
3266 2315 3431 2383 scrip~

1847 2407 1957 2453 tum
1990 2414 2088 2469 pro
2135 2401 2323 2471 templa
2354 2411 2596 2457 annotat.
2628 2404 2662 2457 3
2706 2404 2758 2457 in
2807 2403 2951 2458 hunc
2990 2412 3271 2459 tractatum
3303 2420 3431 2476 pro-

1846 2490 2111 2545 bavimus.
2162 2490 2313 2547 Nunc
2354 2493 2578 2549 adverte
2606 2494 2740 2549 duas
2787 2496 3082 2550 sententias
3111 2494 3431 2565 disjunclivc

1845 2583 2067 2655 positas,
2101 2583 2146 2637 si
2176 2583 2345 2650 liceat,
2378 2585 2455 2638 uel
2481 2587 2527 2639 si
2557 2585 2713 2639 uelint
2746 2602 2764 2639 :
2794 2600 3015 2653 quarum
3047 2586 3216 2660 prima
3244 2572 3310 2640 a'd
3336 2584 3431 2641 δατ
3456 2602 3463 2609 π

1844 2675 1990 2731 ἀτεοε
2022 2674 2295 2745 pertinere
2336 2675 2557 2744 minime
2588 2685 2788 2745 potest,
2830 2675 3093 2746 siquidem
3123 2668 3429 2730 Judworum
3495 2747 3500 2753 ν

1843 2776 1978 2821 secta
2006 2764 2154 2819 nulla
2184 2766 2291 2837 lege
2325 2766 2579 2835 prohibita
2619 2765 2847 2820 traditur
2886 2781 2915 2821 a
2960 2767 3287 2839 Theodosio,
3312 2768 3426 2823 l.'tx

1842 2856 1905 2913 de
1924 2858 2147 2925 Judceis,
2168 2874 2256 2912 an.
2284 2860 2411 2925 393;
2441 2868 2495 2913 et
2516 2859 2688 2913 solum
2718 2874 2806 2912 an.
2827 2857 2952 2922 421.
2974 2859 3076 2929 leg.
3097 2860 3159 2914 Ἦ
3186 2860 3428 2929 ejusdem

1842 2932 1924 3005 tiu.
1955 2959 2170 3007 cautum
2192 2951 2309 3015 fuit,
2344 2967 2417 3021 ne
2434 2952 2665 3019 deinceps
2691 2951 2826 3005 ullas
2851 2953 3075 3019 facerent
3100 2954 3252 3006 condi
3272 2949 3429 3023 ’syna-

1839 3059 1997 3113 gogas
2037 3058 2056 3097 :
2089 3043 2232 3113 quod
2285 3043 2457 3112 ipsum
2503 3041 2876 3097 confirmatum
2918 3044 3114 3113 legitur
3157 3059 3247 3099 an.
3296 3046 3421 3114 ηδ,

162 3133 291 3189 unde
337 3134 533 3191 ibidem
574 3136 777 3191 Auctor
802 3136 982 3191 Statim
1037 3152 1155 3198 sese
1188 3138 1473 3207 explicans
1506 3139 1729 3207 subdit:
1760 3141 1804 3205 ρ
1840 3132 1933 3187 lib.
1970 3145 2092 3186 ην·
2124 3142 2179 3187 et
2231 3148 2396 3186 xxvii.
2444 3131 2626 3201 Itaque
2655 3132 2875 3188 Judteos
2917 3133 3137 3201 resliicit
3185 3136 3421 3191 secunda

162 3224 321 3293 Illius,
365 3227 417 3282 id
462 3238 546 3283 est
594 3230 783 3298 pagani
822 3229 1067 3300 conjugis
1094 3270 1109 3295 ,
1140 3229 1464 3285 sacrificium
1494 3247 1527 3283 a
1558 3232 1734 3300 quovis

160 3317 304 3372 libere
331 3320 537 3373 tractari
563 3329 731 3391 potest
758 3336 777 3374 :
805 3331 948 3375 tuum
977 3321 996 3394 (
1020 3336 1242 3375 uxorem
1269 3320 1617 3388 christianam
1657 3322 1735 3376 al-

162 3412 420 3483 loquitur)
446 3417 602 3468 etinm
629 3406 995 3469 u'Cliristianis
1023 3415 1148 3484 ipsis
1179 3416 1385 3470 minime
1405 3416 1730 3483 consecratis,

163 3504 207 3558 id
260 3514 341 3559 est
405 3507 828 3571 catechumenis,
895 3508 1004 3563 sine
1075 3508 1344 3580 sacrilegio
1408 3509 1568 3563 uideri
1635 3526 1734 3563 non

163 3604 330 3664 potest.

222 3687 558 3745 Veronenses
583 3689 844 3756 editores,
875 3695 1013 3760 quas
1046 3692 1099 3747 in
1146 3692 1389 3763 neganda
1418 3694 1554 3749 sacri
1591 3703 1725 3750 tem-

163 3782 246 3849 pli,
276 3798 373 3836 seu
407 3783 648 3839 ecclesiae
676 3785 1078 3840 constructione
1108 3785 1332 3840 nimium
1376 3786 1603 3841 multum
1639 3787 1734 3843 dc-

162 3884 334 3945 oeptos
381 3874 627 3941 vidimus,
658 3890 900 3931 errorem
940 3878 1111 3932 errori
1164 3878 1447 3941 addentes,
1479 3880 1728 3949 exiguum

162 3965 569 4023 Christianorum
621 3981 905 4026 numerum
942 3968 1131 4021 eodem
1186 3968 1236 4021 in
1286 3976 1515 4023 tractatu
1563 3970 1615 4034 7,
1663 3969 1732 4024 ab

164 4060 386 4113 Auctore
411 4059 830 4115 demonstratum
858 4060 1107 4129 produnt.
1135 4059 1467 4116 Demonstrat
1490 4072 1608 4116 tunc
1630 4078 1730 4116 non

164 4150 309 4218 fuisse
326 4154 441 4227 jam
469 4152 657 4219 tenspla
695 4149 1002 4206 Christianis
1050 4163 1361 4219 constructa,
1408 4155 1498 4209 sed
1546 4172 1729 4209 novum

165 4243 417 4310 populum,
448 4252 497 4296 et
525 4244 793 4296 minimum
822 4261 1031 4299 numero
1057 4247 1329 4300 exstitisse.
1361 4247 1503 4301 Nihil
1536 4234 1725 4302 ialsum

164 4332 317 4402 magis
349 4350 365 4385 :
388 4332 645 4402 siquidem
676 4349 741 4388 eo
762 4334 863 4388 loci
890 4336 989 4389 etsi
1012 4337 1307 4392 ecclesiam
1325 4353 1515 4392 novam
1536 4354 1728 4409 magno

163 4433 361 4494 sumptu
385 4433 742 4479 constructam
794 4426 846 4479 in
894 4425 1127 4480 fidelium
1179 4428 1519 4483 cunimodum
1572 4432 1726 4487 valde

1838 3216 2108 3280 sententia
2144 3228 2188 3278 si
2218 3225 2404 3289 velint;
2439 3226 2606 3293 prima
2636 3236 2815 3280 autem
2846 3226 2891 3279 si
2916 3226 3063 3281 liceat
3093 3228 3268 3298 palam
3297 3243 3424 3299 per-

1840 3317 1971 3372 tinet
2001 3317 2065 3371 ad
2104 3316 2370 3383 Gentiles,
2419 3318 2617 3389 quibus.
2640 3318 2867 3388 proinde
2919 3319 3117 3388 templa
3155 3318 3426 3375 aedificare

1837 3410 2089 3465 Auctoris
2139 3420 2297 3465 aetate
2322 3424 2429 3465 non
2456 3410 2681 3467 licuisse
2727 3410 3065 3480 exploratum
3112 3418 3198 3465 est
3231 3428 3243 3464 :
3276 3410 3419 3481 quod

1836 3522 1942 3577 non
1969 3508 2069 3562 nisi
2096 3509 2147 3563 in
2178 3516 2425 3577 quartum
2451 3506 2709 3561 saeculum
2735 3505 2930 3559 cadere
2954 3511 3149 3573 potest,
3177 3518 3298 3557 cum
3329 3517 3422 3570 per
3465 3496 3480 3513 °

1834 3584 2182 3677 christianos.
2218 3597 2905 3671 imperatoresidolorum
2937 3596 3133 3664 templa
3162 3595 3245 3649 vel
3292 3604 3419 3649 ante

1833 3693 2103 3749 Iulianum
2154 3684 2461 3746 interclusa
2496 3693 2732 3755 fuerunt,
2779 3688 2863 3743 vel
2893 3695 3013 3757 post
3041 3685 3311 3741 Julianum
3350 3687 3420 3739 ita

1834 3788 2080 3851 tolerata,
2114 3794 2172 3839 ut
2192 3799 2330 3838 nova
2354 3793 2533 3838 tamen
2558 3781 2800 3837 construi
2828 3796 2935 3834 non
2959 3780 3415 3850 permitterentur.

1833 3868 1946 3933 Hoc
1984 3886 2161 3930 autem
2195 3884 2525 3944 postremum
2558 3882 2767 3941 tempus
2801 3879 2919 3938 post
2944 3869 3139 3923 .lnliani
3187 3877 3415 3921 mortem

1832 3970 1899 4023 ah
1943 3972 2178 4023 Auctore
2209 3968 2437 4037 Spectari
2465 3974 2678 4021 constat
2702 3980 2770 4019 ex
2803 3972 2957 4018 tract.
2988 3962 3037 4028 5,
3068 3960 3155 4016 ubi
3189 3975 3295 4015 non
3318 3960 3419 4013 mi-

1834 4074 1934 4115 nus
1961 4060 2206 4116 ecclesiae
2236 4076 2266 4114 a
2296 4058 2641 4127 Christianis,
2671 4073 2833 4129 quam
2859 4055 3054 4126 templa
3080 4053 3149 4109 ab
3175 4051 3419 4108 Ethnicis

1833 4154 2043 4224 publice
2082 4152 2246 4217 adita,
2291 4160 2347 4206 et
2382 4152 2609 4205 istorum
2652 4148 2961 4217 sacrificium
3000 4145 3212 4216 quidem
3245 4144 3413 4212 publi-

1830 4262 1944 4299 cum
1997 4244 2225 4299 traditur
2273 4257 2422 4297 num.
2454 4242 2507 4296 8.
2551 4240 2788 4308 Tempus
2830 4238 3081 4293 nimirum
3131 4233 3272 4290 aliud
3311 4233 3413 4288 sub

1829 4336 2137 4391 chriSIianis
2188 4333 2625 4405 imperatoribus.
2647 4327 2769 4402 'quo
2804 4336 3051 4400 paterent
3080 4327 3273 4394 templa
3300 4323 3418 4379 ido-

1832 4428 2029 4493 lorum,
2075 4426 2345 4498 simulque
2380 4440 2441 4480 ea
2488 4424 2759 4480 mdillcare
2788 4437 2894 4477 non
2924 4421 3126 4484 liceret,
3155 4414 3413 4486 assignari

166 4531 385 4587 capacem
410 4515 652 4581 fateatur,
683 4526 951 4586 angustam
979 4524 1157 4571 tamen
1189 4518 1364 4573 adhuc
1394 4523 1463 4574 ob
1496 4522 1725 4575 incredi-
1755 4520 1806 4580 D
1832 4506 2034 4574 nullum
2065 4528 2261 4589 potest.

170 4606 313 4663 bilem
339 4622 517 4662 eorum
547 4607 942 4662 multitudinem
968 4608 1129 4662 fuisse
1152 4611 1421 4664 inventam
1450 4612 1624 4681 palam
1648 4612 1726 4667 af-

169 4701 349 4757 ﬁrmat.
378 4701 642 4758 Exsultate
666 4704 842 4774 igitur.
862 4705 1079 4773 fratres;
1096 4703 1490 4770 mdiﬁcationem
1513 4716 1726 4769 uestram

169 4796 264 4849 ede
298 4804 391 4851 ista
417 4799 479 4852 de
505 4798 703 4852 novella
731 4796 1039 4866 cognoscite,
1069 4798 1217 4867 cujus
1244 4811 1441 4865 quoque
1471 4798 1725 4865 capacita—

170 4897 255 4941 teat
283 4889 413 4959 felici
440 4905 651 4945 numero
678 4889 871 4959 fecistis
909 4896 1195 4959 angustam.
1230 4887 1434 4940 Tantus
1460 4897 1637 4941 autem
1669 4887 1730 4941 fi-

171 4978 354 5035 delium
393 4998 643 5037 numerus
688 4982 742 5035 in
788 4990 1031 5051 quartum
1058 4994 1269 5049 quoque
1295 4978 1551 5033 saeculum
1580 4990 1727 5033 com-

174 5073 319 5129 Iode
344 5075 499 5143 cadit,
540 5075 742 5145 quippe
769 5088 887 5143 cum
919 5082 1071 5126 antea
1099 5071 1168 5124 ob
1195 5070 1598 5141 persecutiones
1632 5070 1728 5123 im-

174 5164 442 5234 pedimenti
472 5167 758 5234 plurimum
800 5166 1069 5235 objectum
1098 5153 1275 5229 esset,
1307 5171 1413 5216 tum
1442 5178 1510 5217 ne
1537 5160 1731 5229 praedi-

175 5256 691 5327 cauoperveniretin
714 5256 1006 5323 publicum,
1038 5266 1145 5310 tum
1194 5271 1259 5309 ne
1298 5256 1428 5309 satis
1471 5253 1620 5308 multi
1660 5254 1726 5307 ad

177 5343 320 5399 Idem
349 5348 645 5400 transirent.
679 5344 735 5398 In
770 5360 925 5414 quam
967 5328 1080 5401 rem
1107 5348 1209 5400 alia
1238 5343 1343 5401 non
1368 5347 1503 5400 levis
1531 5347 1725 5400 conllr-

178 5435 327 5491 mulio
348 5451 411 5491 ex
434 5438 497 5492 iis
514 5437 836 5515 tractatibus
879 5440 1134 5504 suppetit;
1170 5440 1259 5506 qui
1299 5438 1601 5506 complures
1637 5452 1729 5492 cu-

112 5595 127 5604 .
178 5524 355 5596 itaque
381 5528 610 5597 generis,
663 5526 863 5590 celatis,
904 5535 1096 5588 sextus,
1141 5527 1484 5593 conditionis,
1528 5527 1634 5581 imo
1677 5536 1732 5580 ct

183 5617 382 5672 adonis
401 5621 813 5675 catechumenos
841 5632 995 5673 sacro
1026 5614 1346 5695 baptismate
1389 5619 1456 5672 ab
1497 5622 1731 5675 Auctore
1751 5680 1764 5688 ,

186 5709 458 5797 hpucbali
483 5711 617 5789 [uti]
641 5713 781 5781 festo
801 5711 963 5771 simul
989 5711 1200 5774 ablutos
1218 5710 1451 5773 tradunt.
1474 5710 1602 5781 Vide
1625 5720 1733 5770 tra-

1904 4610 2061 4680 Atqui
2103 4610 2219 4665 haec
2264 4609 2560 4681 patenti-im
2608 4605 2925 4676 templorum
2974 4600 3411 4670 publicorumque

1832 4702 2221 4757 sacriﬁciorum
2263 4702 2469 4758 mentio
2510 4699 2739 4755 Baronio
2776 4697 2843 4751 dc
2872 4693 3149 4749 interdicta
3196 4704 3407 4745 corum-

1832 4794 1956 4848 dem
2014 4794 2334 4864 templorum
2384 4792 2743 4849 aediﬁcatione
2787 4788 2916 4844 nihil
2966 4780 3408 4839 aniinadvertenti

1834 4885 2024 4949 suasit,
2071 4895 2129 4938 ut
2159 4888 2450 4958 Auctorem
2498 4892 2621 4938 ante
2645 4891 2891 4952 quartum
2939 4876 3186 4931 saeculum
3219 4872 3417 4925 floren-
3484 4906 3489 4909 τ

1836 4983 1941 5029 tem
1989 4976 2300 5033 defenderet
2329 4995 2341 5032 :
2370 4977 2505 5030 Dum
2547 4977 2735 5030 Auctor
2782 4970 3092 5041 apertissime
3140 4974 3407 5026 monstrat,
3458 4982 3461 4983 ν

1831 5066 2089 5120 idolorum
2115 5067 2302 5137 templa
2328 5078 2447 5121 tunc
2476 5068 2631 5137 fuisse
2672 5064 2911 5137 patentia,
2958 5069 3002 5111 ει
3032 5057 3258 5110 vicum“
3292 5054 3413 5108 80“-

1834 5168 1909 5211 tas
1949 5159 2248 5224 immolari;
2300 5161 2444 5214 aliud
2473 5174 2684 5227 prorsus
2722 5157 2781 5209 ab
2826 5147 3075 5205 Anibrosii
3105 5149 3412 5218 temporibus

1831 5247 1963 5300 illud
1992 5250 2148 5317 fuisse
2169 5252 2411 5305 Saeculum
2441 5251 2630 5304 Auctor
2650 5255 2819 5318 aperte
2846 5242 3120 5313 significat,
3154 5255 3267 5292 cum
3288 5254 3409 5291 con-

1832 5348 1926 5392 stet
1947 5340 2059 5407 jam
2090 5342 2212 5396 olim
2253 5361 2352 5397 non
2384 5353 2577 5397 tantum
2616 5358 2645 5393 a
2687 5336 3087 5391 Constantino...
3121 5343 3166 5385 et
3207 5348 3239 5384 a
3270 5330 3406 5385 Con-

1831 5433 2038 5484 stantio.
2051 5473 2062 5485 .
2162 5436 2387 5489 uictimas
2406 5438 2560 5506 f‘nissc
2578 5434 2771 5493 vetitas,
2787 5438 2831 5481 et
2850 5425 3035 5496 templa
3049 5428 3199 5497 jussu
3211 5424 3406 5487 claudi,

1832 5525 1920 5578 sed
1942 5541 2001 5577 ea
2030 5535 2252 5595 tempore
2278 5544 2368 5582 nec
2395 5527 2652 5580 Romanos
2676 5522 2899 5577 obtinere
2921 5518 3145 5589 potuisse
3171 5518 3244 5569 vel
3263 5531 3408 5590 arum

1832 5631 1986 5669 unam
2016 5617 2208 5685 erigere
2262 5617 2521 5683 Victoriae,
2566 5625 2619 5669 ut
2666 5612 2941 5685 plurimum
2988 5611 3056 5662 ad
3093 5607 3407 5663 Valentinia-

1832 5724 1954 5762 num
1973 5708 2141 5763 scribit
2169 5707 2482 5773 Ambrosius,
2510 5719 2557 5763 et
2582 5706 2819 5761 adversus
2845 5702 3209 5776 Symmachum
3238 5699 3413 5774 dispu-
