3826 6226
364 278 433 331 as
807 266 811 269 ’
1776 276 1951 332 tinet.

2153 276 2308 333 ENA.
3605 282 3676 333 :‘ili

368 401 461 451 tut.
513 394 581 447 At
617 406 942 463 quamquam
998 389 1099 445 sub
1136 389 1498 444 Constantino
1547 398 1601 443 et
1653 388 1975 446 Constantio
2002 397 2054 453 A
2081 403 2265 449 orator
2315 396 2564 452 oratione
2601 378 2649 447 ἴδ’
2688 406 2813 451 ante
2856 396 3030 467 ipsum
3083 396 3364 468 Jovianum
3428 397 3676 463 recitata,

370 484 570 556 templa
608 486 819 556 aperire
848 498 911 539 ac
952 482 1265 539 sacriﬁcare
1310 498 1416 538 non
1455 484 1699 551 licuerit,
1726 495 1845 557 post
1874 485 1972 542 Ju-

376 578 578 633 lianum
604 587 803 641 tamen,
839 576 928 646 qui
970 576 1202 632 ethnicus
1233 577 1634 646 superstitionis
1667 578 1870 633 cultum
1920 579 1986 637 in.

376 672 642 737 integrum
690 670 943 729 restituit,
979 668 1340 741 ad'Magnum
1375 670 1742 725 Theodosium
1780 681 1835 726 ct
1867 672 1973 727 Va-

371 765 722 819 lentinianum
750 763 1031 819 Juniorem
1076 777 1269 834 usque,
1312 765 1402 837 qui
1446 780 1662 819 omnem
1695 765 1971 821 ethnicum

367 858 566 914 Cultunt
600 856 793 911 iterum
826 856 1118 923 sustulere,
1145 872 1252 911 non
1281 856 1376 912 ita.
1405 856 1482 912 Ne
1512 865 1691 912 autem
1721 867 1975 914 moveant

370 962 491 1018 quae
517 948 583 1001 de
619 944 873 1001 Victoria:
895 961 989 1001 ara
1020 962 1088 1001 ex
1119 946 1408 1003 Ambrosio
1439 955 1495 1003 et
1518 948 1846 1020 Symmacho
1871 949 1975 1004 Ba-

374 1024 612 1098 roniuttf
635 1050 948 1106 moverunt,
980 1041 1066 1096 vel
1096 1056 1218 1112 qum
1244 1040 1424 1096 afferri
1463 1042 1624 1106 etiam
1657 1050 1879 1111 possent
1904 1058 1971 1097 ex

368 1136 595 1192 Socrate
620 1144 675 1188 et
705 1133 1075 1199 Tlteodoreto,
1100 1148 1331 1204 quorum
1362 1133 1498 1187 alter
1527 1132 1622 1187 lib.
1650 1148 1707 1186 tu
1734 1148 1855 1203 cap.
1874 1131 1968 1199 24,

366 1229 502 1282 alter
523 1242 652 1282 vero
681 1226 776 1282 lib.
802 1242 831 1278 v
850 1242 970 1294 cap.
996 1225 1067 1279 20
1097 1224 1261 1291 Risu,
1279 1223 1505 1295 Joviano
1526 1223 1725 1280 Juliani
1755 1239 1973 1286 succes-

368 1336 492 1375 sore
538 1323 841 1386 imperante
872 1320 1069 1388 templa
1114 1316 1315 1387 ubique
1348 1317 1567 1397 occlusa
1596 1318 1801 1375 diserte
1840 1317 1973 1373 scri-

278 1446 279 1449 η
341 1414 547 1468 munt:
586 1413 726 1467 hanc
760 1411 1208 1482 propositionem,
1263 1427 1367 1481 qua
1415 1411 1592 1466 adhuc
1630 1410 1970 1480 postJuliani

373 1516 603 1563 mortem
638 1506 915 1561 ethuicum
969 1505 1171 1560 cultum
1203 1504 1515 1571 aliquandiu
1547 1504 1763 1560 licuisse
1785 1511 1970 1560 contra

369 1598 589 1656 Baronii
636 1597 963 1670 hypotltesin
1008 1596 1421 1663 aflirmavimus,
1466 1596 1768 1651 luculenter
1817 1594 1971 1649 nobis

369 1691 714 1754 statuendam
735 1691 1105 1761 intelligimus,
1132 1706 1255 1747 cum
1282 1690 1581 1761 praesertim
1609 1688 1805 1744 exinde
1828 1691 1970 1743 Auc-
1999 1734 2003 1738 .

2042 532 2047 539 ι
2079 486 2238 556 paulo
2292 496 2579 557 antequam
2611 490 2657 545 is
2684 506 2714 546 c
2742 490 2875 544 vivis
2902 492 3207 560 excederet,
3237 491 3373 546 bane
3397 489 3537 547 inter
3557 493 3678 560 ejus

2077 578 2264 634 laudes
2299 580 2469 647 ponit,
2530 574 2673 653 quod
2700 583 2873 652 legem
2907 585 3322 654 promulgaverit
3352 584 3403 638 in
3436 599 3537 651 qua
3566 586 3681 639 cui-

2076 688 2181 739 que
2223 672 2520 743 religionis.
2552 691 2672 745 qua:
2698 676 2869 745 magis
2901 677 3154 745 placeret,
3191 675 3497 731 facultatem
3536 676 3681 732 lece-

2078 762 2170 827 rit,
2209 755 2261 819 et
2296 765 2415 818 unis
2458 766 2678 836 magicis
2725 768 2917 849 sacris.
2964 785 3085 838 qua:
3138 770 3397 825 maleficia
3429 771 3681 825 contine-

2078 854 2225 918 bant,
2259 854 2581 922 interdictis,
2627 867 2818 919 αξιοι-,ι
2859 860 3120 916 sacrificia
3173 876 3513 932 nequaquam
3551 876 3677 931 pro-

2078 947 2330 1003 bibuerit.
2367 949 2538 1018 Quam
2583 953 2907 1008 sententiam
2960 956 3155 1024 repetit
3204 956 3342 1013 idem
3390 956 3679 1025 Socrates,

2075 1056 2247 1122 quem.
2281 1044 2479 1111 templa
2528 1043 2631 1098 sub
2659 1044 2884 1099 Joviano
2928 1047 3109 1102 clausa
3152 1056 3436 1104 testantem
3470 1048 3685 1102 audivi-

2079 1149 2236 1200 mus;
2268 1146 2322 1191 et
2354 1135 2489 1191 hanc
2513 1136 2779 1191 rationem
2830 1148 3087 1207 praeterea
3130 1139 3304 1202 affert.
3334 1157 3456 1195 nam
3494 1140 3682 1196 Jovia-

2078 1240 2179 1281 nus
2209 1226 2300 1280 lib.
2332 1243 2410 1293 ιιι,
2455 1242 2574 1296 cap.
2602 1228 2692 1293 9.5,
2738 1231 2792 1283 id
2822 1230 2918 1284 sibi
2946 1235 3300 1304 praposueral,
3332 1243 3390 1289 ut
3418 1234 3679 1289 dissiden-

2076 1319 2205 1372 tium
2228 1321 2408 1392 jurgia
2440 1320 2702 1375 blanditiis
2730 1332 2774 1376 et
2812 1323 2913 1377 leni
2937 1328 3201 1395 verborum
3234 1328 3569 1395 persuasione
3591 1342 3683 1380 er-

2074 1410 2349 1480 stingueret
2380 1427 2398 1464 :
2425 1412 2687 1482 aiebatque
2731 1429 2785 1467 se
2814 1417 3001 1469 nemini
3024 1417 3253 1483 omnino,
3281 1418 3671 1487 qualiscumque

2075 1502 2197 1571 ﬁdei
2220 1512 2367 1569 esset,
2399 1506 2681 1558 molestiam
2710 1506 3070 1560 exhibiturum.

2147 1594 2304 1649 Anno
2334 1595 2574 1650 nondum
2618 1598 2833 1652 evoluta
2862 1598 3118 1653 Jovianus
3151 1599 3293 1655 diem
3322 1600 3478 1668 obiit,
3509 1600 3677 1671 eique

2077 1685 2483 1741 Valentinianus
2506 1688 2789 1756 sullectus,
2817 1690 2908 1760 qui
2934 1691 3217 1746 Valentem
3249 1691 3473 1747 fratrem
3507 1693 3686 1762 impe-

371 1788 505 1842 toris
552 1795 767 1843 aetatem
817 1785 1146 1841 certioribus
1190 1785 1452 1839 limitibus
1523 1783 1971 1838 circumscribere
2000 1782 2049 1841 B
2078 1777 2138 1831 rii
2161 1778 2412 1833 comitem
2437 1782 2749 1849 assumpsit.
2773 1782 2865 1837 llic
2888 1793 3063 1838 autem
3093 1785 3580 1840 testi-Zosimolib.
3604 1801 3683 1852 tv,

368 1883 600 1937 maxime
629 1881 882 1951 pendeat.
914 1880 971 1934 ld
1009 1888 1185 1933 autem
1232 1886 1289 1932 ut
1315 1884 1606 1941 statuatur,
1635 1875 1896 1946 quidquid
1937 1890 1965 1928 a

368 1974 562 2029 Juliani
586 1982 762 2027 morte
793 1970 858 2025 ad
890 1970 1142 2041 Magnum
1175 1967 1540 2023 Theodosium
1568 1965 1636 2021 de
1663 1966 1879 2035 templis
1905 1982 1969 2022 ac

370 2063 655 2119 sacrificiis
684 2062 961 2117 decretum
998 2069 1100 2125 est,
1136 2058 1323 2136 paucis
1353 2056 1610 2127 colligere
1635 2066 1688 2112 ct
1716 2056 1963 2111 animad-

371 2166 582 2212 vertere
614 2162 913 2223 οιιονιοτθῑ.
1553 2214 1561 2229 λ

450 2246 586 2321 [Liv]
616 2247 881 2303 Jovianus
931 2245 1166 2314 optimus
1188 2243 1519 2298 christianos
1543 2243 1733 2318 statim
1754 2257 1817 2297 ac
1844 2252 1969 2313 post

368 2340 640 2395 lulianum
662 2338 961 2408 imperator
989 2335 1333 2392 renuntiatus
1351 2334 1469 2402 fuit,
1485 2350 1601 2388 cum
1627 2335 1968 2403 experimento

370 2431 652 2495 didicisset,
702 2429 877 2500 inquit
903 2427 1235 2483 Sozomenus
1267 2426 1306 2481 l.
1339 2442 1387 2481 vt
1436 2441 1555 2496 cap.
1590 2428 1645 2491 '5,
1676 2427 1753 2478 ira
1777 2424 1872 2479 Dei
1906 2426 1968 2477 ob

369 2524 648 2579 decessoris
674 2524 754 2577 sui
783 2522 1098 2590 impietatem
1128 2522 1352 2575 invectas
1381 2536 1488 2574 esse
1527 2520 1843 2573 calamitates
1871 2518 1968 2571 im-

372 2618 515 2687 perio
548 2616 809 2681 Romano,
839 2614 970 2668 nihil
990 2620 1263 2668 cunctatus
1290 2614 1497 2682 scripsit
1521 2612 1801 2668 rectoribus
1832 2611 1965 2666 Pro-

367 2712 677 2774 vinclorum,
710 2719 764 2762 ut
793 2710 847 2762 in
876 2710 1120 2763 ecclesias
1150 2711 1494 2775 convenirent,
1528 2718 1574 2763 et
1615 2710 1841 2763 divinum
1872 2726 1968 2763 nu-

368 2802 485 2857 men
527 2802 753 2857 studiose
797 2797 1041 2866 colerent,
1085 2802 1348 2871 solamque
1376 2800 1788 2856 Christianorum
1814 2803 1969 2871 ﬁdem

368 2893 624 2948 Romanis
653 2910 760 2948 esse
786 2897 1144 2948 venerandam.
1180 2891 1313 2948 Cum
1363 2893 1466 2948 hoc
1488 2893 1781 2949 Sozomeui
1813 2897 1966 2951 testi-

374 2986 566 3043 mouio‘
591 2987 851 3051 concinit,
885 2986 1029 3057 quod
1075 2987 1127 3039 in
1157 2985 1394 3065 Historia
1431 2986 1497 3041 ad
1521 2986 1872 3043 Athanasium
1905 3003 1968 3044 ac

373 3096 462 3136 res
482 3079 881 3137 Alexandrinas
908 3080 1212 3150 pertinente
1231 3088 1284 3134 et
1306 3090 1501 3149 quarto
1527 3081 1725 3135 sacculo
1742 3080 1963 3149 scripta,

2071 1886 2191 1942 cap.
2224 1876 2277 1933 5,
2309 1874 2459 1928 initio
2494 1876 2699 1945 imperii
2728 1878 2809 1931 sui
2830 1888 3077 1931 nocturna
3103 1896 3249 1933 sacra
3271 1881 3382 1948 ﬁeri
3413 1878 3683 1945 prohibuit

2070 1963 2150 2035 (ut
2169 1976 2300 2019 sane
2324 1964 2517 2021 factum
2543 1968 2788 2023 videmus
2814 1970 2985 2038 primo
3007 1971 3215 2039 imperii
3236 1971 3349 2041 ejus
3374 1986 3517 2026 anno
3542 1971 3680 2038 361,

2072 2055 2189 2125 lege
2221 2057 2253 2111 7
2291 2058 2355 2111 de
2384 2058 2637 2128 Male/icis
2664 2072 2711 2113 et
2742 2060 3118 2116 Mathematicus
3147 2062 3283 2118 Cod.
3316 2064 3591 2134 Theod.),
3628 2075 3687 2120 at

2071 2150 2320 2205 hortante
2350 2150 2677 2207 l’raztcxtato
2714 2156 2888 2225 peragi
2935 2173 2994 2210 ea
3039 2144 3155 2222 rite,
3188 2159 3234 2211 vi
3256 2159 3381 2229 legis
3412 2175 3534 2214 sua?
3565 2160 3685 2225 ces-

2070 2251 2239 2321 santc,‘
2265 2245 2531 2314 permisit:
2566 2246 2639 2300 ita
2670 2257 2832 2301 tamen
2865 2258 2919 2302 nt
2965 2251 3137 2303 omnia
3162 2252 3440 2307 secundum
3480 2257 3686 2325 patrias

2070 2335 2483 2405 consuetudines,
2510 2339 2689 2405 quales
2724 2338 2785 2391 ab
2831 2340 2977 2394 initio
3012 2342 3249 2412 fuissent,
3285 2345 3683 2414 perﬁcerentur.

2073 2426 2328 2497 Equidem
2372 2428 2621 2484 Socrates
2666 2421 2757 2491 lib,
2811 2446 2884 2495 tv,
2908 2447 3026 2500 cap.
3080 2433 3173 2499 29,
3224 2434 3679 2493 Valentinianum

2073 2517 2202 2571 nulli
2245 2529 2415 2585 sectte,
2459 2537 2549 2573 nec
2590 2522 2824 2594 religioni
2857 2523 3141 2578 molestiam
3178 2525 3462 2581 exhibuisse
3490 2531 3683 2597 prodi-

2071 2606 2169 2662 dit.
2215 2609 2358 2664 ldem
2407 2611 2568 2666 tradit
2601 2614 2911 2681 exitressius
2941 2627 3245 2671 comtaneus
3297 2618 3682 2677 Valentiniano

2072 2700 2304 2770 scriptor
2322 2704 2636 2758 Ammianus
2658 2704 2995 2762 Marcellinus
3018 2708 3110 2762 lib:
3143 2725 3268 2775 xxx,
3294 2726 3410 2781 cap.
3431 2710 3464 2766 9
3491 2730 3503 2764 :
3539 2711 3684 2768 Pos-

2071 2802 2229 2845 tremo
2270 2794 2364 2846 hoc
2392 2795 2736 2851 moderamine
2766 2798 3082 2869 principatus
3128 2800 3392 2868 inclaruit,
3421 2804 3569 2873 quod
3594 2806 3679 2857 in-

2070 2893 2145 2938 ter
2169 2886 2473 2958 religionum
2498 2887 2812 2943 diversitates
2842 2891 3037 2945 medius
3068 2894 3223 2958 stetit,
3256 2911 3343 2947 nec
3362 2912 3679 2969 quemquam

2068 2976 2385 3044 inquietavit,
2417 2992 2645 3046 nequeut
2676 2980 2770 3033 hoc
2795 2982 3045 3036 coleretur
3064 2988 3350 3054 imperavit,
3376 2998 3464 3041 aut
3491 2989 3637 3043 illud
3665 3006 3684 3044 :

2070 3084 2158 3121 nec
2194 3068 2800 3143 interdictisminacibus
2854 3075 3195 3145 subjectorum
3235 3079 3479 3132 cervicem
3507 3082 3583 3134 ad
3626 3083 3684 3135 id

379 3187 535 3243 quam
569 3187 601 3227 e
628 3187 731 3227 ms.
755 3170 986 3243 Capituli
1011 3170 1342 3228 Veronensis
1365 3173 1607 3227 concivis
1637 3182 1822 3228 noster
1844 3173 1964 3228 Maf-
1994 3168 2039 3230 C
2069 3162 2205 3232 «μιοά
2243 3162 2351 3231 ίρδε
2399 3161 2581 3229 εοίαίις
2612 3164 2912 3231 incumbat.
2957 3166 3045 3220 δειί
3090 3169 3421 3248 intemeratas
3465 3172 3683 3243 reliquit

376 3265 511 3320 [eius
564 3264 857 3333 publicavit
905 3274 1035 3317 tom.
1069 3280 1125 3318 ιιι
1157 3264 1439 3319 Observat.
1466 3263 1685 3331 Litter.,
1713 3280 1859 3319 num.
1908 3265 1965 3331 8,

376 3371 497 3428 pag.
530 3356 620 3422 71,
664 3356 734 3412 de
782 3356 884 3420 hoc
924 3355 1113 3411 eodem
1147 3355 1357 3410 Joviani
1397 3354 1574 3412 edicto
1620 3358 1846 3412 traditur
1883 3356 1967 3413 his

368 3450 589 3506 verbis:
615 3448 869 3519 Sequente
894 3465 1065 3502 mense
1093 3446 1227 3501 Toth
1256 3464 1410 3512 xvut,
1436 3450 1485 3503 id
1509 3457 1593 3503 est
1616 3448 1705 3503 die
1736 3448 1805 3504 ll
1833 3465 1962 3519 sep-

373 3540 599 3597 tembris
629 3557 717 3593 an.
762 3539 888 3605 365,
922 3541 1252 3609 imperatoris
1296 3537 1506 3593 Joviani
1534 3539 1717 3594 littera:
1748 3541 1977 3614 advene‘

368 3645 486 3689 runt
517 3636 584 3689 ad
629 3633 911 3706 Olympum
936 3637 1257 3705 praefectum,
1291 3644 1344 3687 ut
1372 3644 1567 3688 tantum
1611 3632 1754 3696 Deus
1801 3635 1965 3689 excel-

367 3744 454 3780 sus
490 3727 689 3791 colatur
714 3736 759 3780 et
790 3724 1046 3787 Christus,
1089 3734 1135 3778 et
1167 3735 1224 3777 ut
1249 3726 1302 3778 in
1343 3726 1565 3779 ecclesiis
1595 3726 1891 3797 colligentes
1914 3744 1967 3781 se

368 3818 545 3889 populi
572 3818 824 3871 celebrent
852 3816 1172 3888 religionem.
1195 3816 1289 3871 Hae
1304 3827 1480 3872 autem
1508 3816 1718 3872 Joviani
1747 3817 1961 3886 littera),

366 3913 467 3967 etsi
500 3925 598 3981 pro
625 3910 949 3965 Christianis
989 3910 1150 3975 datae,
1202 3926 1308 3965 non
1358 3920 1537 3965 tamen
1579 3911 1661 3965 lex
1705 3909 1965 3969 adversus

367 4017 605 4072 paganos
649 4002 794 4057 edita
841 4002 947 4057 tlici
995 4000 1241 4070 possunt,
1287 4002 1431 4057 ttude
1473 4001 1604 4057 nihil
1652 4018 1719 4056 ex
1766 4002 1867 4056 illis
1911 4004 1963 4056 in

366 4092 810 4149 Tlteodosianum
842 4093 1083 4147 codicem
1132 4094 1287 4147 titulo
1328 4093 1396 4147 de
1429 4092 1657 4163 Paganis
1700 4094 1961 4148 insertum

364 4185 592 4241 luit.'At
614 4185 960 4254 imperatoris
990 4196 1169 4240 mente
1213 4187 1345 4239 satis
1378 4185 1503 4240 hinc
1526 4186 1759 4255 cognita,
1789 4202 1962 4255 quan-

369 4288 482 4335 tum
512 4279 723 4334 scilicet
746 4278 1057 4349 christiana:
1086 4280 1184 4332 soli
1218 4279 1343 4333 ﬁdei
1383 4278 1641 4333 adversus
1676 4278 1951 4333 ethnicum

363 4374 567 4427 cultum
599 4372 860 4437 deferret,
892 4370 1008 4425 fieri
1036 4370 1226 4439 potuit,
1256 4380 1310 4424 ut
1336 4371 1565 4441 gentiles
1590 4370 1874 4425 adversum
1902 4388 1963 4427 se

362 4464 511 4533 leges
536 4463 605 4516 ab
636 4462 827 4516 eodem
862 4461 1186 4530 imperatore
1209 4460 1355 4515 brevi
1389 4462 1658 4527 ferendas,
1692 4464 1777 4517 vel
1808 4473 1959 4519 vete-

2070 3249 2163 3305 has
2205 3262 2396 3322 partes,
2443 3264 2498 3306 ut
2537 3255 2744 3323 reperit.
2789 3254 2924 3323 Quin
2956 3259 3068 3326 ipse
3108 3276 3319 3329 quoque
3367 3260 3681 3331 imperator

2072 3343 2132 3397 L.
2166 3346 2199 3398 9
2226 3342 2356 3398 Cod.
2384 3344 2588 3401 Theod.
2616 3346 2679 3401 de
2698 3346 2877 3419 Male].
2907 3358 2953 3402 et
2975 3350 3219 3404 Mat/tem.
3243 3370 3254 3404 :
3286 3352 3679 3426 Aruspicinam,

2072 3437 2259 3508 inquit,
2310 3455 2400 3510 ego
2431 3441 2623 3493 nullam
2653 3457 2767 3495 cum
2808 3443 3175 3511 maleﬁciorum
3222 3448 3417 3500 caussis
3460 3448 3679 3515 habere,

2069 3532 2380 3585 consortium
2398 3533 2581 3603 judico
2614 3549 2632 3587 :
2662 3549 2819 3603 neque
2866 3537 3051 3603 ipsam,
3099 3545 3189 3591 aut
3223 3537 3378 3590 aliam
3410 3550 3674 3607 praeterea

2069 3640 2363 3678 concessam
2406 3644 2437 3680 a
2475 3628 2759 3700 majoribus
2789 3630 3081 3698 religionem
3126 3647 3282 3702 genus
3312 3647 3419 3685 esse
3445 3632 3682 3688 arbitror

2070 3719 2315 3772 criminis.
2354 3717 2522 3773 Testes
2550 3731 2664 3774 sunt
2698 3722 2831 3791 leges
2861 3738 2893 3774 a
2922 3739 2999 3775 me
3022 3723 3073 3775 in
3097 3724 3307 3776 exordio
3338 3724 3547 3792 imperii
3577 3729 3681 3781 mei

2068 3810 2237 3877 dulce,
2276 3811 2456 3880 quibus
2496 3813 2796 3884 unicuique,
2828 3814 2965 3884 quod
3013 3816 3184 3869 animo
3211 3814 3525 3879 imbibisset,
3588 3836 3679 3875 ca-

2069 3900 2207 3953 lendi
2237 3901 2393 3957 libera
2422 3904 2644 3972 facultas
2672 3905 2861 3958 tributa
2880 3914 2974 3958 est.
3008 3905 3140 3964 Hinc
3165 3900 3485 3960 lattdatur'a.
3506 3907 3676 3979 Sym-

2069 3991 2258 4047 tttaclto
2300 3995 2488 4063 gentili
2539 3995 2754 4050 homine
2800 3999 2852 4051 in
2892 3997 3065 4052 Rclat.
3108 3998 3172 4052 ad
3227 3998 3673 4059 Valentinianum

2065 4082 2364 4151 iuniorem,
2399 4101 2547 4140 num.
2583 4090 2615 4142 5
2640 4098 2693 4142 et
2720 4090 2804 4155 l7,
2848 4101 2897 4143 et
2927 4089 2986 4144 S.
3018 4090 3335 4146 Ambrosius
3376 4096 3539 4161 epist.
3577 4098 3672 4162 17,

2066 4191 2214 4229 ttutn.
2249 4176 2334 4241 16,
2370 4177 2742 4233 Valentiniano
2773 4180 2974 4235 seniori
3006 4181 3272 4251 objectum
3304 4182 3491 4249 refert,
3517 4189 3675 4253 quod

2067 4268 2350 4322 Gentilibus
2374 4270 2744 4324 conniventiam
2766 4273 3118 4343 prmstitisset;
3140 4282 3194 4327 et
3221 4274 3271 4325 in
3300 4288 3388 4341 ep.
3416 4275 3483 4329 18
3502 4274 3675 4346 Syttt-

2065 4360 2238 4414 machi
2266 4361 2583 4417 relationem
2614 4364 2883 4430 relellens,
2918 4381 3017 4435 qua
3048 4365 3255 4442 Juui‘ori
3283 4366 3675 4425 Valentiniano

2066 4454 2524 4522 praedecessorum
2561 4459 2956 4512 conuiventiam
3009 4458 3318 4513 imitandam
3362 4477 3675 4531 proposue—

361 4572 450 4614 res
480 4555 841 4612 restituendas
890 4555 1148 4610 timerent
1177 4560 1264 4608 :et
1318 4553 1443 4608 hinc
1486 4552 1622 4607 forte
1661 4556 1859 4619 evenit,
1902 4564 1959 4607 ut
1985 4559 2035 4618 D
2061 4555 2144 4599 t‘al
2174 4565 2187 4599 :
2224 4546 2284 4602 Si
2304 4550 2459 4614 enim,
2490 4550 2659 4619 inquit
2690 4566 2742 4604 n.
2771 4550 2861 4615 59,
2894 4568 2986 4621 pro
3014 4553 3119 4605 suis
3139 4553 3404 4607 dumtaxat
3432 4558 3677 4623 partibus

362 4650 540 4704 eodem
593 4660 819 4719 tempore
884 4646 1082 4716 (quod.
1117 4643 1284 4699 tradit
1358 4644 1611 4699 Socrates
1669 4644 1819 4700 libro"
1865 4662 1952 4710 tu,

362 4756 482 4811 cap.
513 4740 607 4808 ίΜ)
647 4749 829 4792 cuncta
874 4738 1139 4808 gentilium
1181 4736 1369 4802 templa
1410 4735 1592 4805 ubique
1632 4736 1957 4789 occluderen—

364 4844 448 4884 tur
476 4849 493 4885 :
520 4832 717 4899 ipsique
757 4830 1050 4882 dwtttonum
1089 4827 1377 4880 sacerdotes
1415 4827 1567 4879 variis
1611 4829 1662 4879 in
1695 4827 1843 4890 locis,
1874 4828 1975 4893 ubi,

367 4924 574 4992 quisque
603 4931 821 4992 poterat,
880 4935 988 4973 sese
1014 4917 1255 4971 abderent
1310 4916 1477 4987 (quod
1502 4925 1677 4969 tamen
1709 4931 1814 4970 non
1840 4917 1957 4972 sine

366 5016 782 5084 exaggeratione
822 5013 999 5081 aliqua
1032 5010 1235 5064 dictum
1275 5010 1543 5077 accipito;
1576 5019 1758 5060 cuncta
1789 5009 1956 5074 enim,

367 5114 421 5159 et
446 5107 628 5175 ubique
654 5105 840 5159 Stricte
864 5113 1079 5173 sumpta
1110 5100 1400 5155 falsissiuta
1423 5107 1579 5164 sunt,
1600 5108 1655 5153 ttt
1685 5114 1749 5152 ex
1774 5098 1957 5153 dicen-

366 5196 448 5250 dis
482 5196 723 5267 patebit).
787 5197 984 5251 Eadem
1022 5209 1236 5265 quoque
1280 5193 1346 5247 de
1393 5207 1552 5247 causa
1588 5191 1783 5245 factum
1814 5191 1960 5246 vide-

365 5294 451 5340 tur
508 5297 565 5340 ut
603 5285 894 5341 Christiani
946 5289 999 5341 in
1044 5286 1252 5340 honore
1282 5292 1485 5347 essent,
1537 5283 1732 5353 Pagani
1776 5291 1955 5337 autem

366 5380 694 5446 contemptui
724 5377 913 5441 habiti,
946 5378 1266 5447 ethnicaque
1317 5375 1518 5444 templa
1550 5374 1952 5438 nonnullorum,

369 5481 425 5523 ut
454 5470 754 5537 opinantur,
786 5470 1213 5525 Christianorum
1265 5469 1382 5523 zelo
1402 5468 1606 5547 alicubi
1630 5466 1953 5523 'everteren-

364 5568 472 5622 tur,
507 5560 582 5612 uti
611 5559 861 5613 Libanius
899 5573 1037 5615 orat.
1083 5560 1150 5614 12
1194 5562 1469 5615 memoriae
1501 5559 1751 5626 prodidit.
1778 5556 1951 5612 Caete-

364 5666 480 5705 rtnn
510 5660 565 5702 ut
593 5634 735 5704 nulla
770 5654 818 5704 in
851 5652 965 5722 lege
990 5656 1057 5707 ab
1085 5670 1150 5707 eo
1190 5656 1517 5722 imperatore
1546 5652 1804 5731 adversus
1833 5651 1943 5706 ido-

360 5743 533 5797 lorum
566 5742 708 5797 acdes
732 5744 833 5798 lata
865 5743 1062 5800 factum
1098 5754 1298 5815 pateat,
1332 5744 1657 5799 ’l‘hemistius
1690 5743 1943 5799 ethnicus

2062 4655 2237 4691 eorum
2286 4641 2746 4696 dissimulationem
2794 4642 3100 4713 Principum
3150 4646 3519 4713 pra'dicarunt,
3576 4654 3675 4719 qui

2064 4749 2176 4785 cum
2201 4743 2362 4785 essent
2395 4732 2693 4800 Christiani,
2724 4735 2922 4789 decreta
2954 4747 3120 4790 tamen
3150 4739 3415 4808 gentilium
3452 4742 3675 4802 minime

2064 4834 2402 4889 removerunt,
2444 4837 2635 4893 quanto
2666 4828 2825 4899 magis
2875 4833 3037 4883 amori
3068 4830 3215 4883 debes
3242 4831 3514 4898 fraterno?
3561 4836 3675 4891 Va-

2065 4915 2339 4968 lentiniani
2366 4915 2600 4971 Junioris
2628 4917 2790 4973 frater
2816 4921 2898 4972 hic
2918 4920 3212 4989 appellatus
3233 4931 3318 4975 est
3346 4921 3672 4997 Gratianus,

2066 5006 2340 5060 christiani
2390 5022 2564 5061 autem
2601 5007 2710 5079 [ιν]
2763 5009 3026 5078 principes
3058 5012 3248 5082 plurali
3297 5030 3669 5098 numerave-

2066 5096 2190 5161 cati,
2226 5098 2420 5166 quibus
2457 5098 2737 5165 Occidens,
2771 5101 2837 5155 de
2864 5118 2970 5172 quo
2995 5113 3105 5157 erat
3141 5107 3385 5173 qttatstio,
3418 5096 3671 5176 pareret,

2065 5203 2170 5243 noo
2196 5189 2285 5243 alii
2324 5189 2563 5258 profecto
2592 5206 2714 5247 esse
2744 5203 2967 5261 possunt
3017 5211 3174 5263 quam
3209 5196 3465 5251 Jovianus
3497 5210 3674 5269 atque

2066 5279 2474 5334 Valentinianus
2503 5283 2719 5349 Senior,
2767 5285 2857 5353 qui
2901 5286 3110 5355 utrique
3138 5289 3340 5339 decreta
3369 5286 3697 5346 Gentilium.

2062 5372 2266 5424 minime
2293 5374 2562 5426 removisse
2591 5373 2893 5435 traduntur.
2926 5375 3284 5445 Gentiumque
3312 5377 3520 5431 cultum
3555 5384 3664 5435 titi-

2064 5464 2205 5517 nime
2249 5463 2651 5539 interdicentes,
2694 5467 2899 5536 templa
2936 5484 2998 5521 ac
3039 5467 3297 5522 sacrificia
3335 5470 3670 5536 permisisse

2060 5555 2468 5610 eonvineuntur.
2527 5555 2759 5621 Valens,
2814 5560 2900 5613 cui
2956 5573 2983 5610 a
3059 5558 3430 5611 Valentiniano
3488 5558 3669 5620 fratre

2058 5647 2291 5703 Orientis
2319 5650 2598 5719 imperittm
2620 5653 2872 5703 tributum
2904 5650 3024 5711 fuit,
3049 5648 3236 5702 iisdem
3267 5648 3449 5703 fratris
3485 5657 3664 5709 vesti-

2053 5741 2155 5811 giis
2199 5741 2392 5797 institit
2428 5742 2494 5797 ad
2543 5740 2758 5811 aliquod
2802 5750 3041 5810 tempus;
3094 5740 3272 5810 quoad
3317 5741 3659 5802 CbriSIianis
