3826 6226
3236 274 3239 279 Δ
3250 259 3273 271 Ι

135 278 187 329 .‘i7
828 283 1276 343 ltlSSEli'l'A'l‘lO
1318 290 1354 353 Ι,
1405 290 1492 344 ΗΕ
1532 290 1644 347 3.νῖ

1789 294 1919 356 )le
1958 300 2202 358 'l‘ltAC'l‘.
2252 303 2339 358 ΕΤ
2380 304 2655 363 ΑςτΑτιῖ.
2914 310 2923 321 ί
3236 278 3239 279 ⁷
3324 312 3417 365 ὕει

133 391 400 460 ιινίιξςετιίιη
434 396 715 451 monachis
750 397 1098 454 vehementer
1127 400 1462 472 urgentibus,
1492 404 1697 458 sacriﬁ-
1727 413 1782 471 Α
1805 408 1967 468 fuisse
1996 413 2212 470 videtur
2233 457 2246 479 ,
2293 416 2344 471 id
2396 421 2570 488 ipsum
2612 419 2852 475 decrevit
2890 420 2991 493 leg.
3023 422 3103 477 ’11
3155 422 3394 493 ejusdem

130 486 194 537 cia
224 486 285 537 ita
324 485 565 551 abstulit,
602 500 658 560 ut
685 507 789 544 non
838 501 1015 547 tamen
1049 493 1101 547 in
1151 494 1341 551 eodem
1374 498 1581 553 oriente
1613 498 1696 552 in-
1803 502 1968 572 tituli,
2013 522 2144 577 quas
2186 485 2437 581 utrasque
2468 512 2519 567 in
2565 485 3397 586 TheodosianovCodice'legere

132 580 407 633 tercluserit
432 582 645 650 penitus
671 584 889 653 templa,
922 600 1021 641 nec
1045 586 1496 645 thurilicationem
1529 591 1696 647 inter-
1802 598 2021 664 poteris.
2066 599 2156 653 ιιω
2199 580 2361 672 porro
2408 604 2552 674 leges
2599 621 2746 662 anno
2790 595 3079 674 sequenti.
3125 623 3246 662 cum
3268 580 3393 678 jam

130 671 316 725 dixerit.
362 673 495 730 llinc
542 675 801 732 L‘lbanius
842 679 893 732 in
943 679 1187 734 oratione
1217 697 1314 751 pro
1344 682 1582 753 Templis
1628 684 1695 740 ad
1798 688 2018 742 obiisset
2051 671 2711 757 Valentinianusvlnnior,
2740 713 2770 752 a
2816 671 3120 753 Theodosio
3167 699 3389 754 univer-

130 764 463 821 TlltﬂﬂlOaium
512 768 785 841 Magnum,
817 772 906 843 qui
943 786 1061 843 post
1093 774 1377 830 Valentem
1405 776 1455 830 id
1494 786 1697 847 lempo-
1799 797 1917 837 sum
1944 783 2243 839 Romanum
2275 788 2555 857 imperium
2583 790 2894 847 moderante
2916 793 3248 848 conﬁrmata:
3277 794 3389 848 luc-

130 856 191 909 ris
226 858 272 911 in
296 861 408 915 solo
436 862 660 919 Oriente
690 866 1008 933 imperabat,
1050 883 1169 940 pag.
1199 868 1328 935 475,
1355 870 1493 925 inter
1517 872 1692 940 Opera
1790 886 1921 931 runt
1940 918 1955 939 ,
1980 880 2239 949 novisque
2268 894 2330 935 ac
2354 883 2715 938 severissimis
2756 886 2927 954 poenis
2950 897 3124 943 aucta:
3151 905 3163 941 :
3195 888 3390 958 quibus

130 952 311 1007 minora
331 953 516 1011 Jacobi
544 956 857 1016 Gothofredi
890 980 906 1015 :
933 961 1147 1019 Juliauo
1179 976 1380 1020 mortuo
1400 968 1538 1037 apud
1560 966 1693 1023 Per—
1796 984 1957 1023 nemo
1987 970 2251 1025 idolorum
2286 971 2428 1029 :rdes
2464 974 2579 1029 sive
2611 975 2661 1029 in
2697 952 2916 1033 urbibus
2938 1020 2952 1044 ,
2987 980 3106 1034 sive
3148 952 3390 1050 in-pagis

129 1060 218 1109 sas,
253 1045 484 1113 inquit...
523 1053 710 1106 mansit
753 1064 888 1107 certe
911 1056 1283 1124 sacriﬁciorum
1313 1076 1436 1113 usus
1476 1061 1544 1113 ad
1566 1070 1692 1120 tetu-
1793 1064 2030 1134 ingredi,
2062 1066 2434 1135 sacriﬁcioque
2461 1068 2655 1124 offerre
2686 1086 2843 1126 nemo
2874 1087 2939 1127 ne
2960 1071 3012 1126 in
3047 1072 3238 1128 itinere
3266 1074 3386 1145 qui-

128 1152 208 1204 pus
230 1137 445 1206 aliquod.
493 1140 838 1199 Novatoribus
884 1157 1053 1202 autent
1080 1148 1386 1219 quibusdam
1416 1154 1627 1219 exortis,
1658 1171 1691 1208 a
1793 1158 1912 1211 dem
1944 1168 2170 1227 poterat.
2205 1159 2334 1228 Quae
2364 1160 2509 1231 leges
2545 1178 2664 1216 cum
2687 1164 2883 1218 alicubi
2911 1181 3014 1220 non
3038 1166 3262 1221 omnino
3290 1166 3388 1221 ob—

129 1230 300 1330 duobus
343 1235 573 1300 equidem
618 1238 863 1305 fratribus
909 1242 1159 1312 (Valente
1202 1253 1257 1299 et
1284 1245 1729 1330 Valentiniano).
1793 1261 2137 1307 servarentur
2167 1253 2265 1325 (ut
2288 1254 2338 1307 in
2371 1255 2689 1324 quibusdam
2726 1256 2920 1312 Africae
2952 1261 3101 1329 pagis
3131 1263 3383 1315 remotis-

129 1320 381 1388 prohibitus
425 1327 559 1395 fuit,
593 1337 644 1380 at
674 1346 775 1382 non
806 1342 850 1383 et
881 1332 1191 1400 tlruriﬁcatio
1216 1353 1234 1389 :
1280 1338 1405 1407 quin
1453 1337 1589 1395 hanc
1619 1340 1687 1395 ab
1711 1320 1729 1330 ’
1790 1344 1942 1399 simis
1974 1347 2182 1410 evenit,
2219 1346 2267 1399 in
2305 1348 2499 1416 quibus
2530 1350 2791 1404 sacriﬁcia
2819 1352 3088 1407 celebrata
3121 1354 3285 1424 liquet
3317 1372 3380 1410 ex

127 1414 226 1481 ipso
250 1432 449 1517 quoque
485 1420 794 1477 Theodosio
825 1424 940 1494 lege
982 1431 1245 1503 ﬁrmatam
1276 1432 1475 1486 subdit.
1527 1433 1685 1504 Equi-
1791 1436 2089 1507 Augustino
2119 1445 2171 1490 et
2193 1414 2378 1494 cana?)
2407 1441 2619 1517 concilii
2648 1439 3091 1512 Carthaginensis
3116 1414 3204 1498 aii.
3233 1446 3327 1500 401
3360 1446 3379 1517 )

125 1508 227 1561 dem
252 1508 297 1563 in
319 1508 535 1578 Oriente
562 1514 783 1570 ineunte
805 1517 1092 1574 Theodosii
1119 1521 1349 1592 imperio
1373 1524 1575 1580 Gentes
1596 1527 1686 1580 ad-
1790 1542 1942 1581 novre
1971 1529 2117 1599 leges
2149 1529 2308 1584 edita:
2336 1513 2563 1586 subinde
2594 1508 2940 1590 inveniuninr
2960 1576 2975 1603 ,
3005 1536 3199 1606 quibus
3231 1508 3387 1609 pago,-

124 1600 267 1700 atlltuc
308 1605 597 1673 facultatem
637 1607 889 1663 habebant
936 1606 1159 1668 adeundi
1212 1620 1356 1687 fana,
1406 1620 1685 1690 patriisque
1786 1636 1904 1675 rum
1955 1622 2071 1675 lana
2116 1622 2282 1678 deleri
2324 1623 2532 1694 jussum
2568 1626 2697 1692 fuit,
2742 1626 2808 1681 dc
2852 1600 3046 1700 quibus
3086 1600 3383 1700 vide-God.

124 1694 278 1747 ritibus
304 1697 506 1751 numina
529 1699 771 1767 placandi
800 1702 1013 1759 Zosimo
1041 1713 1178 1761 teste
1210 1709 1301 1764 lib.
1336 1726 1408 1775 tv,
1436 1729 1556 1781 cap.
1577 1702 1679 1781 2.9.,
1785 1714 1990 1770 Theod.
2026 1715 2105 1769 tit.
2142 1715 2204 1768 de
2240 1715 2486 1787 Pagauis.
2528 1717 2652 1773 Hmc
2672 1719 2739 1774 de
2769 1694 3107 1777 ethnicorum
3152 1694 3382 1794 templo-

124 1798 469 1883 quospectans
506 1791 555 1843 iu
595 1794 839 1849 oratione
885 1809 1176 1853 memorata
1199 1800 1475 1869 Libanius,
1502 1806 1677 1861 'l‘heo-
1712 1810 1758 1869 B
1786 1826 1901 1864 rum
1933 1809 2431 1883 sacriﬁciorumque
2463 1811 2570 1867 fato
2602 1812 2715 1869 fuse
2740 1814 2965 1870 dicenda
2997 1800 3235 1882 t‘uérant,
3269 1834 3374 1874 non

124 1877 305 1932 dosium
353 1880 435 1935 bis
482 1883 813 1953 alloquitur:
845 1886 924 1942 l‘u
961 1889 1119 1961 igitur
1158 1910 1317 1963 neque
1359 1901 1547 1966 (erupta
1594 1916 1678 1954 oc-
1785 1912 1889 1954 tam
1923 1913 1975 1955 ut
2014 1880 2227 1957 Baronii
2273 1877 2597 1959 hallucinato
2642 1916 2877 1975 pateret,
2913 1923 3071 1979 quam
3111 1920 3165 1965 ut
3205 1912 3373 1967 nostri

125 1972 262 2035 cludi,
292 1990 443 2044 neque
469 1976 633 2030 ullum
673 1981 815 2033 aditu
844 1987 1006 2037 arceri
1040 1988 1263 2055 jussisti,
1306 2007 1463 2059 neque
1484 1995 1673 2063 ignem,
1783 1994 2028 2048 Auctoris
2049 1996 2247 2048 certior
2278 2006 2409 2049 tetas
2426 1993 2770 2052 Statueretur.
2800 1997 2933 2053 Cum
2948 2001 3090 2054 enim
3110 2002 3153 2056 is
3169 2017 3233 2057 ex
3266 2018 3368 2057 una

126 2080 257 2132 neque
273 2064 724 2136 tauri/irationem,
752 2089 913 2142 neque
942 2076 1072 2131 alios
1100 2080 1490 2152 {inuigationum
1519 2089 1677 2140 hono-
1783 2085 1997 2150 partcid
2020 2087 2275 2155 temporis
2301 2089 2577 2157 scripserit
2608 2099 2889 2144 tractaturo
2922 2091 2987 2144 14
3033 2093 3065 2145 I.
3093 2110 3129 2156 r,
3156 2095 3370 2164 quando

125 2173 188 2210 res
219 2162 406 2228 templis
443 2164 648 2233 arisque
694 2167 885 2237 ejecisti
916 2186 934 2221 :
961 2170 1156 2240 quibus
1203 2174 1332 2236 nihil
1381 2188 1697 2247 repugnanL
1780 2176 2045 2233 Gentibus
2079 2193 2213 2233 nova
2276 2180 2473 2248 templa
2525 2181 2761 2236 Condere
2797 2198 2910 2245 non
2942 2162 3186 2250 licebalr
3226 2188 3368 2256 Ψιοά

125 2251 330 2319 ejusdem
353 2254 638 2312 Theodosii
675 2262 819 2330 leges
852 2262 880 2313 7
923 2272 976 2316 et
1012 2266 1044 2317 9
1088 2266 1168 2318 tit.
1201 2266 1264 2320 de
1310 2267 1538 2340 Puganis
1567 2313 1580 2336 ,
1624 2273 1674 2327 in
1779 2268 2325 2324 soliChristianorum
2354 2270 2735 2340 imperatorum
2768 2273 3060 2347 [Lvr]a2tati
3090 2251 3366 2335 convenit:
3414 2346 3427 2355 ο

124 2344 287 2412 quibus
312 2347 421 2401 sola
448 2350 707 2405 sacriﬁcia
734 2354 897 2407 vetita
934 2358 1233 2423 traduntur,
1257 2369 1312 2413 et
1341 2362 1674 2418 sacriﬁcandi
1780 2376 1843 2415 ex
1875 2362 1979 2415 alia
2009 2376 2136 2416 vero
2170 2364 2449 2431 scripserit
2472 2373 2623 2419 tract.
2657 2363 2708 2429 5,
2746 2380 2865 2420 cum
2882 2344 3114 2436 “impune
3151 2378 3203 2423 et
3232 2378 3366 2424 tem-

124 2436 318 2490 ronsilio
346 2440 537 2510 templa
570 2443 797 2513 lanaque
828 2442 1095 2500 adeuntes
1129 2451 1276 2518 gravi
1341 2467 1495 2530 poena
1536 2456 1675 2509 mul-
1782 2452 1863 2521 pla
1908 2454 2056 2506 adire
2083 2461 2138 2507 ct
2168 2454 2430 2509 sacriﬁcia
2462 2456 2736 2512 celebrare
2756 2455 2959 2513 Gentes
2990 2468 3208 2529 possent
3231 2459 3368 2531 (qua:

123 2538 322 2584 ctantur.
1126 2580 1139 2605 η
1778 2559 1987 2615 quoque
2012 2545 2271 2599 sacriﬁcia
2306 2545 2356 2599 in
2385 2548 2527 2615 agris
2556 2548 2721 2607 facta.
2748 2547 2814 2602 ab
2840 2548 3028 2603 eodem
3060 2565 3365 2606 memoran-

182 2620 271 2675 St'tl
298 2624 361 2678 ab
386 2626 603 2681 Oriente
630 2628 695 2682 ad
725 2631 1070 2689 Occidentem
1102 2648 1457 2692 revertamur.
1486 2639 1678 2696 Valeo-
1779 2646 1862 2689 tur
1885 2647 1951 2691 tr.
1982 2638 2047 2691 15
2077 2638 2315 2705 ejusdem
2351 2640 2492 2703 libri,
2526 2656 2673 2717 tium.
2713 2640 2777 2711 5)
2808 2657 3030 2710 quarum
3061 2657 3240 2697 rerum
3269 2657 3365 2713 po-

123 2712 292 2766 tiniano
321 2715 543 2772 Seniore
568 2720 675 2774 vita
712 2721 921 2791 functo,
942 2726 1247 2782 Occidentis
1284 2732 1566 2797 imperium
1608 2732 1672 2786 ad
1780 2738 1943 2783 testas
1983 2730 2079 2783 sub
2103 2729 2427 2784 Christianis
2456 2712 2870 2800 imperatoribus
2909 2732 3102 2786 saltem
3127 2735 3179 2787 in
3210 2734 3363 2788 Occi-

122 2802 395 2862 Gratianuut
424 2819 481 2865 et
497 2812 923 2872 Valentinianum
948 2819 1221 2876 Juuiorem
1246 2827 1507 2893 pervenit.
1544 2825 1676 2881 Gra—
1776 2820 1937 2876 dente
1962 2819 2101 2875 facta
2127 2832 2208 2876 est
2226 2822 2397 2875 Solum
2417 2838 2441 2873 a
2465 2822 2659 2877 Juliaui
2677 2824 2823 2877 obitu
2845 2840 3014 2887 usque
3038 2822 3105 2879 ad
3126 2840 3213 2878 an.
3233 2824 3361 2892 591,

122 2902 269 2949 tianus
292 2909 463 2955 autem
492 2904 663 2973 legem
695 2907 814 2961 tulit
836 2909 1160 2967 abllonorio
1190 2915 1479 2983 laudatam,
1519 2917 1579 2972 L.
1606 2918 1644 2969 '2‘

1789 2928 1881 2981 quo
1926 2913 2121 2981 templa
2151 2914 2330 2967 clausa
2372 2905 2718 2968 ct'Sacrilicia
2748 2917 2925 2970 omnia
2958 2915 3153 2985 ubique
3192 2916 3365 2991 inter-

121 2988 170 3039 de
198 2988 434 3062 Pagam's,
462 3012 562 3063 qua
608 3000 821 3069 templis
863 3012 918 3057 et
957 3007 1234 3061 sacriﬁciis
1267 3008 1475 3063 intactis
1510 3026 1669 3064 unum
1775 3004 1915 3057 dicta
1940 3003 2150 3057 luerunt
2175 3022 2187 3057 :
2216 3019 2551 3075 consequens
2575 3004 2631 3059 ﬁt
2656 3005 2755 3075 hoc
2778 3005 3098 3061 intermedio
3122 3016 3363 3078 tempore

122 3084 341 3145 publicum
367 3100 623 3158 sumptum
649 3096 999 3161 superstitioni
1033 3100 1318 3153 deterrima:
1344 3101 1564 3155 exhiberi
1590 3105 1640 3157 in

1789 3096 2018 3157 .audatos
2048 3106 2303 3151 tractatus
2332 3096 2398 3149 ab
2424 3096 2659 3152 Auctore
2684 3101 2914 3168 scriptos
2936 3096 3130 3163 fuisse,
3154 3113 3221 3152 ex
3245 3099 3392 3167 qui--

121 3170 273 3229 lubuit.
304 3178 433 3234 Hinc
480 3182 536 3235 S.
571 3182 894 3243 Ambrosius
925 3192 1083 3259 epist.
1111 3192 1210 3259 l8,
1249 3196 1313 3253 ad
1350 3175 1643 3251 Valentinia

1789 3205 1875 3246 aus
1905 3203 2034 3243 artas
2062 3190 2176 3259 ejus
2203 3191 2499 3245 certissima
2533 3191 2709 3260 colligi
2742 3199 2936 3257 potest.
2973 3189 3126 3257 Quod
3156 3190 3200 3244 si
3240 3192 3361 3261 quis

122 3279 221 3317 num
250 3268 307 3331 ll,
328 3287 469 3326 num.
506 3274 593 3340 16,
625 3277 691 3329 de
718 3277 959 3333 Gratiani
983 3283 1098 3352 lege
1120 3300 1421 3340 sermonem
1446 3282 1644 3343 facietis

1789 3281 1990 3350 )bjiciat
2051 3282 2311 3339 sacriﬁcia
2368 3282 2419 3335 in
2478 3280 2675 3335 Africa:
2725 3284 2872 3351 pagis
2917 3280 3095 3335 habita
3143 3281 3359 3337 ineunte

121 3356 225 3409 nihil
256 3376 343 3428 per
369 3379 485 3416 eam
518 3370 883 3435 superstitioni
916 3372 1142 3429 etltnic;e
1171 3376 1467 3432 detractum
1504 3390 1687 3447 testas
1770 3374 2191 3443 εωευιοσιυῑηιυς
2214 3384 2269 3427 υι
2290 3390 2459 3443 "ulle"
2480 3390 2546 3428 ex
2566 3373 2860 3443 Αυὲηειίηο
2883 3384 2936 3429 ει
2956 3373 3359 3444 Ο²¹Γ¹¹¹³8ίηθ¹¹δί

121 3458 185 3501 tur
212 3464 393 3519 printer
433 3472 675 3528 sumptus
702 3501 717 3522 ,
742 3465 830 3532 qni
877 3480 907 3519 e
944 3467 1160 3537 prsediis
1190 3469 1453 3524 redibant.
1502 3470 1667 3526 Nemo
1769 3464 1976 3537 synodo
2005 3467 2328 3531 monuimus,
2383 3480 2705 3535 reponemus
2733 3467 2911 3519 statim
2942 3470 3045 3533 (ne
3073 3467 3195 3520 hinc
3226 3467 3360 3521 torte

119 3549 254 3605 tamen
273 3547 481 3600 donaria
508 3550 732 3606 delubris
750 3565 795 3622 et
820 3554 988 3624 legata
1010 3559 1362 3629 haruspicibus
1384 3561 1663 3634 denegavit,
1767 3559 2015 3615 Auctoris
2052 3568 2263 3613 aetatem
2311 3568 2429 3627 post
2467 3575 2554 3612 an.
2580 3558 2676 3614 591
2702 3588 2735 3623 ,»
2756 3574 2911 3627 p0sse
2942 3558 3183 3627 protrudi
3211 3558 3359 3628 quis-

119 3634 205 3683 tota
233 3635 423 3692 sublata
446 3649 577 3693 sunt
607 3646 843 3707 prwdia:
875 3658 928 3700 et
957 3662 1101 3701 num.
1140 3651 1240 3717 51,
1274 3652 1461 3707 eodem
1495 3654 1663 3725 impe-
1769 3653 1906 3722 piam
1930 3652 2267 3720 suslticelur)
2298 3652 2436 3721 quod
2476 3654 2572 3705 rtsi
2606 3660 2727 3737 post
2767 3651 2815 3705 id
2845 3660 3056 3719 tempus
3088 3650 3136 3704 in
3177 3650 3354 3718 aliquo

118 3736 239 3780 rente
276 3729 523 3785 Gratiano
546 3776 560 3798 ,
593 3739 849 3807 sacriﬁcia
882 3742 1065 3808 ubique
1101 3745 1663 3817 concelebrata‘palam
1770 3759 1902 3813 pago
1940 3743 2287 3799 Ethnicornm
2317 3729 2665 3812 quorumdam
2702 3742 2910 3797 licentia
2947 3757 3013 3795 eo
3054 3740 3351 3806 devenerit,
3395 3794 3400 3799 λ

119 3815 263 3871 ducet.
292 3824 439 3886 Quod
470 3826 512 3877 si
538 3824 790 3907 Victorini
816 3847 961 3885 aram
993 3848 1020 3886 a
1057 3836 1290 3888 ltomana
1320 3838 1462 3891 curia
1492 3815 1665 3893 remo.
1768 3846 1823 3890 ut
1851 3838 2231 3905 imperatorem
2268 3835 2522 3906 repetitas
2548 3834 2709 3887 etiam
2735 3834 2878 3901 leges
2909 3842 3351 3911 contemnerent:

121 3906 203 3999 rit,
227 3911 272 3962 id
301 3929 363 3967 ex
388 3929 455 3969 eo
480 3915 672 3972 factum
702 3899 881 3990 prodit
919 3924 1115 3979 ibidem
1152 3929 1493 3993 Ambrosius,
1522 3932 1662 3999 quod
1767 3899 2127 3984 neino'tamen
2160 3929 2380 3982 inveniri
2407 3936 2633 3995 ptthl‘ut,
2654 3928 2742 3994 qui
2770 3926 2836 3979 de
2859 3908 3186 3994 paganorum
3215 3935 3347 3979 teni.

123 3998 228 4053 haud
266 4003 531 4062 ferendum
570 4023 716 4066 esset
755 4018 1074 4070 sacrilicium
1100 4060 1113 4084 ,
1150 4021 1234 4074 ubi
1276 4022 1445 4090 plures
1480 4039 1644 4077 conve-

1789 4023 1968 4073 tlttl'ttllt
2002 4021 2123 4089 jure
2155 4019 2357 4087 legibus
2397 4028 2608 4087 ageret,
2637 4018 2828 4087 quibus
2868 4033 2969 4070 non
2998 4017 3085 4086 jus
3129 4020 3353 4088 templo-

120 4090 234 4143 uiunt
271 4094 577 4164 Christiani;
628 4104 867 4173 plerique
909 4110 1051 4163 enim
1091 4119 1397 4166 senatorum
1454 4113 1662 4169 Christo
1765 4128 1881 4167 rum
1941 4112 2136 4175 modo,
2176 4113 2268 4164 sed
2301 4113 2410 4179 ipsa
2450 4124 2663 4178 quoque
2706 4109 2936 4179 templa,
2967 4110 3047 4164 vel
3080 4111 3199 4162 lana
3230 4128 3349 4165 Clllll

121 4200 273 4240 tmmen
297 4186 567 4244 dederant.
591 4192 775 4263 Itaque
801 4198 899 4251 sub
925 4198 1183 4255 Gratiano
1214 4213 1267 4257 et
1292 4204 1659 4258 Valentiniano
1763 4202 2040 4257 sacriﬁciis
2063 4203 2274 4254 sublata
2293 4202 2402 4270 jam
2431 4200 2658 4253 fuerant.
2690 4201 2853 4254 Porro
2876 4201 3075 4255 Aucmr
3101 4208 3261 4255 lrncl.
3287 4202 3353 4256 15

120 4272 330 4332 fratribus
362 4284 411 4334 in
446 4281 735 4340 Occidente
762 4288 1028 4344 idolorum
1068 4296 1260 4357 templa
1295 4304 1511 4365 patuere
1535 4339 1549 4358 ,
1581 4308 1655 4349 at-
1762 4313 1931 4366 nuper
1960 4297 2189 4363 allegato
2222 4303 2413 4362 przrter
2440 4293 2702 4348 sacriﬁcia
2734 4295 2784 4347 in
2821 4310 3073 4363 pagorum
3098 4295 3232 4351 lautis
3258 4311 3347 4349 cc-

120 4378 195 4430 qne
220 4370 263 4421 in
290 4372 366 4425 his
392 4390 494 4427 non
521 4378 842 4432 thurilicatio
879 4383 989 4435 sola
1013 4395 1066 4437 ut
1095 4386 1147 4438 in
1173 4387 1386 4441 Oriente
1413 4388 1654 4456 contigit,
1761 4390 1961 4442 lelit'ala
1984 4429 1996 4452 ,
2032 4386 2149 4440 lites
2171 4402 2381 4454 quoque
2408 4386 2474 4440 de
2504 4387 2822 4457 templorum
2848 4390 2969 4455 jure
2990 4388 3216 4457 quotidie
3241 4403 3349 4441 mo-

118 4457 189 4509 sed
207 4470 250 4513 et
275 4467 520 4518 saeriticia
554 4468 824 4523 celebrata
858 4475 1073 4529 luerunt
1103 4495 1114 4529 :
1151 4480 1291 4533 unde
1326 4479 1577 4532 Libanius
1603 4481 1652 4534 in
1762 4491 1839 4532 tas
1871 4487 2123 4542 testatur,
2158 4487 2212 4530 ut
2246 4478 2428 4532 videre
2458 4489 2540 4531 est
2571 4493 2635 4532 ex
2660 4488 2842 4537 annot,
2878 4479 2945 4533 15
2971 4479 3020 4532 in
3051 4494 3111 4534 ea
3145 4478 3341 4534 verba:

119 4548 311 4601 oratione
338 4553 543 4609 laudata
566 4598 580 4620 ,
615 4573 737 4627 pag.
772 4562 874 4614 481
899 4604 911 4625 ,
941 4563 1117 4618 llouue
1142 4568 1192 4620 in
1221 4569 1518 4621 Occidentis
1543 4584 1651 4622 me-
1682 4575 1730 4632 Ι)
1756 4570 1851 4623 Jus
1882 4571 2182 4637 templorum
2213 4586 2275 4622 ne
2299 4571 2409 4638 quis
2438 4570 2575 4623 vobis
2603 4572 2787 4639 eripiat
2823 4570 3051 4640 quotidie
3108 4572 3337 4641 litigatis.

122 4642 270 4706 ιτυρυιί
289 4647 529 4715 sacriﬁcia
556 4651 734 4702 relicta
762 4650 1068 4708 Theodosio
1088 4658 1393 4726 imperatori
1418 4659 1649 4713 Orientis
1752 4662 1930 4731 Itaque
1964 4663 2079 4714 licet
2111 4670 2239 4714 aetas
2267 4662 2486 4715 alterius
2508 4663 2772 4723 auctoris,
2798 4663 2887 4730 qui
2916 4661 3174 4715 sacriﬁcia
3196 4675 3343 4714 com-
3381 4734 3388 4741 1

120 4727 371 4823 3r“totum.
414 4738 541 4793 Hinc
584 4750 761 4794 autem
809 4754 914 4797 tota
960 4745 1173 4801 Baronii
1210 4748 1352 4802 cadit
1383 4752 1609 4817 objectto
1632 4792 1645 4815 ,
1756 4763 2094 4819 memoraret,
2129 4756 2402 4823 prorogari
2434 4754 2599 4823 pOSsit
2627 4757 2761 4809 ultra
2786 4771 2981 4810 annum
3013 4756 3135 4820 591,
3165 4757 3328 4809 nostri
3381 4734 3404 4792 ί

119 4820 183 4885 qni
207 4840 260 4876 ex
285 4843 379 4880 una
407 4830 651 4885 Victoria:
673 4848 762 4885 ara
790 4833 973 4888 Roma:
996 4837 1234 4892 Gratiani
1253 4840 1403 4908 jussu
1424 4841 1647 4906 sublata,
1750 4846 1987 4914 profecto
2011 4863 2113 4900 non
2146 4853 2343 4916 potest.

119 4911 168 4965 de
196 4930 281 4984 qua
312 4936 444 4975 nunc
490 4940 658 4990 nuper
699 4925 966 4990 diximus,
1002 4931 1101 4985 sub
1133 4934 1395 4987 Ambrosii
1437 4948 1645 5003 quoilue

121 5015 286 5063 atatem
309 5023 355 5063 et
387 5018 573 5085 templa
605 5018 785 5071 clausa
827 5029 882 5075 et
914 5023 1174 5078 sacriﬁcia
1205 5027 1479 5080 interdicta
1505 5029 1645 5081 exis-

120 5098 297 5165 timans,
330 5106 601 5161 auctorem
633 5120 875 5165 nostrum
906 5117 1098 5181 templa
1128 5126 1181 5170 et
1210 5119 1469 5173 sacriﬁcia
1500 5100 1645 5172 οοῖῖῖι

119 5200 443 5249 ωειυοηιιιειη
474 5200 540 5251 ab
565 5214 629 5252 eo
662 5213 905 5271 tempore
930 5205 1321 5262 excludendum
1345 5211 1641 5263 certissime

119 5286 443 5342 pronuntiavit.
1819 5300 1976 5355 llisce
2007 5304 2260 5371 temporis
2291 5303 2515 5362 ﬁnibus.
2549 5317 2682 5369 quos
2705 5299 2963 5367 superiori
2995 5300 3329 5369 paragrapho

169 5366 345 5426 Primus
384 5378 467 5445 qui
496 5381 544 5432 in
568 5378 859 5433 Occidente
888 5386 1100 5451 templis
1128 5396 1183 5441 et
1226 5388 1498 5442 sacriﬁciis
1529 5388 1639 5441 bcl-
1745 5393 1968 5447 Auctori
2019 5391 2441 5462 prmscripsinms
2498 5394 2639 5462 inter
2683 5389 2875 5443 .lnliani
2927 5390 3207 5456 imperium
3274 5402 3327 5446 et

120 5456 1109 5551 lumindixit,l'uit,_Gratianofratrejam
1134 5483 1419 5546 exstincto,
1449 5481 1637 5535 Valen-
1744 5498 1831 5538 an.
1865 5486 1961 5540 39l
2003 5456 2200 5553 optime
2232 5456 2533 5551 congruunt
2559 5483 2646 5536 illa
2680 5499 2796 5551 quae
2821 5483 2901 5565 de
2924 5482 3104 5535 Ililal'ii
3155 5484 3327 5536 imila-

118 5552 304 5612 tinianus
326 5546 657 5632 union-leg.
684 5563 751 5619 10
784 5566 865 5617 tit.
891 5566 954 5619 de
978 5566 1223 5639 Paganis,
1260 5572 1377 5625 data
1398 5580 1483 5625 an.
1510 5573 1631 5634 591,
1746 5576 1889 5630 tione
1919 5546 2263 5643 subjiciimis;
2290 5546 2431 5644 quod
2463 5592 2654 5642 novum
2689 5546 3207 5641 invictissimumque
3236 5591 3321 5628 ar-

120 5657 160 5738 tu
191 5645 287 5704 Kal.
313 5652 503 5721 Martii;
532 5658 830 5726 eodemque
866 5672 1065 5727 pariter
1102 5681 1243 5717 atino
1272 5682 1333 5718 xv
1371 5665 1482 5718 ΚΛ.
1511 5665 1633 5719 Julii
1740 5675 2048 5738 gumentum
2106 5667 2403 5721 habendum
2450 5678 2528 5722 est
2552 5709 2564 5731 ,
2599 5678 2654 5721 ut
2705 5667 2845 5721 idem
2892 5668 3091 5721 Κειριοτ
3138 5675 3325 5735 quarto

120 5732 291 5809 Nam
315 5743 634 5804 Theodosius
658 5790 672 5815 ,
706 5751 792 5819 qui
822 5751 937 5820 ejus
968 5750 1102 5822 legis
1131 5755 1425 5812 condenda:
1446 5763 1635 5811 auctor
1739 5732 1936 5814 sacculo
1965 5756 2283 5813 vindicetur.
2331 5758 2406 5812 Ex
2458 5758 2893 5814 annotationibus
2937 5756 2988 5812 in
3018 5766 3085 5811 tr.
3116 5732 3285 5823 8-111).⁵
3310 5771 3326 5811 ι

1754 4981 1780 5051 §
1813 4983 1897 5035 Vl.
1926 5012 1991 5021 —
2019 4977 2207 5036 Auctor
2229 5000 2325 5034 non
2359 4992 2462 5036 tam
2489 4981 2813 5035 Lactamium
2836 5023 2848 5044 ,
2874 4981 2962 5034 sed
2989 4989 3034 5031 et
3074 4977 3331 5031 Hilarium

1824 5077 2079 5140 imitatus,
2108 5086 2217 5146 post
2250 5077 2467 5139 medium
2500 5086 2736 5145 quartum
2771 5075 3005 5127 secutum
3033 5071 3215 5123 vixisse
3242 5071 3329 5123 de-

1818 5180 2151 5223 monstratur.
