3826 6226
473 271 541 328 59
1806 266 2305 323 PROLEGOMENA
2317 309 2330 322 .
2774 279 2778 283 ‘
3653 266 3722 325 60

469 395 524 441 et
557 395 623 441 tr.
657 388 720 442 l7
748 401 810 441 ac
838 386 900 442 21
932 386 1023 441 lib.
1057 403 1093 441 ιι
1132 401 1266 456 quos
1291 385 1553 456 genuinos
1606 383 1773 438 nostri
1798 381 2048 437 Auctoris
2074 380 2123 441 A
2154 380 2260 467 llos
2287 395 2446 450 porro
2476 382 2715 451 captivos
2762 390 2839 436 tot
2865 382 3132 453 tantisque
3157 397 3220 436 ex
3250 381 3489 452 partibus
3515 379 3722 452 disper-

415 463 428 473 ’
473 475 873 533 demonstrasse
902 478 1057 533 nobis
1084 478 1346 541 videmur,
1367 490 1467 546 cap
1496 475 1546 544 i,
1578 473 1606 545 ς
1638 468 2050 544 2,perspicnum

467 568 625 638 plane
656 579 771 634 est,
799 568 960 637 hunc,
985 568 1110 623 dum
1131 568 1351 623 eosdem
1381 576 1639 622 tractatus
1668 564 1915 635 scripsit,
1940 578 2050 633 pra:

455 658 637 713 'OCUIis
668 658 919 713 habuisse
961 658 1146 713 Hilarii
1187 658 1630 718 commentarium
1674 658 1735 711 in
1765 656 2005 711 Psalmos
2033 694 2048 720 ,

472 763 669 819 eano
698 749 892 803 nedum
924 750 1219 805 sententias
1247 749 1487 816 aliquot,
1517 746 1613 802 sed
1644 746 1832 802 eadem
1882 762 2052 816 quan-

466 842 641 913 doque
668 843 826 898 verba
846 844 1131 912 excerpsit.
1162 845 1329 898 Porro
1358 844 1444 899 hic
1472 841 1914 908 commentarius,
1943 840 2047 895 Be-

465 936 755 990 nediCtinis
793 937 1091 992 editoribus
1138 936 1530 1007 probantibus,
1578 945 1904 1004 postremum
1951 930 2043 985 Hi-

465 1025 585 1083 larii
632 1044 767 1098 opus
809 1028 930 1097 fuit,
968 1029 1224 1098 scriptum
1272 1038 1391 1097 post
1435 1044 1635 1083 annum
1682 1027 1789 1082 564
1828 1033 1884 1079 et
1924 1034 2048 1080 ante

464 1134 659 1173 artuum
691 1119 794 1176 368
823 1135 929 1189 quo
977 1119 1068 1175 ille
1108 1125 1218 1188 jam
1260 1134 1290 1174 e
1319 1120 1453 1173 vivis
1483 1126 1809 1173 excesserat.
1846 1114 2046 1171 Saltem

467 1219 585 1278 post
625 1210 792 1285 libros
821 1203 888 1265 de
917 1210 1180 1264 Trinitate
1218 1210 1393 1265 editos
1424 1210 1475 1263 in
1505 1208 1666 1264 exilio
1697 1217 1820 1262 ante
1848 1222 2043 1261 annum

464 1300 568 1356 560
614 1301 703 1357 ille
744 1302 1161 1357 commentarius
1208 1303 1516 1357 lucubratus
1564 1300 1863 1356 certissime
1906 1298 2044 1365 fuit,

468 1403 751 1464 postquam
795 1394 1003 1455 solutus
1040 1395 1201 1449 exilio
1243 1410 1309 1449 ex
1344 1393 1563 1449 Oriente
1608 1395 1661 1447 in
1703 1391 2044 1447 Occidentem

464 1486 623 1540 rediit
647 1527 660 1551 ,
694 1487 831 1556 quod
864 1486 977 1557 ipso
1005 1502 1142 1540 anno
1169 1485 1273 1540 560
1302 1484 1497 1541 facttnn
1520 1496 1620 1540 est.
1654 1485 1835 1554 Itaque
1863 1493 2047 1539 noster

466 1578 689 1642 Auctor,
714 1583 803 1648 qui
826 1578 964 1634 hunc
986 1579 1429 1632 commentarium
1456 1587 1559 1630 tam
1582 1575 1863 1630 commode
1890 1576 2041 1645 legit,

467 1680 618 1727 utex
663 1686 729 1725 eo
770 1671 1030 1746 quasdam,
1055 1671 1355 1735 sententias
1382 1668 1604 1726 totidem
1656 1682 2041 1736 nonnunquam

2153 489 2243 529 sos
2272 490 2395 530 esse
2422 476 2727 545 oportebat,
2758 485 2813 529 ut
2839 476 2925 546 qni
2949 475 3005 529 in
3036 477 3270 545 ipsorum
3300 474 3725 544 redemptionem

2153 567 2503 636 conferrent,
2547 583 2733 623 eorum
2775 570 2983 637 largitas
3027 569 3298 637 provinciis
3331 567 3561 623 ommbus
3607 574 3728 621 nota

2150 670 2298 722 esset,
2330 674 2622 736 eorumque
2651 661 2737 732 pia
2749 661 2963 725 semina,
2989 644 3040 713 id
3060 670 3144 715 est
3167 642 3549 730 eleemosyttie,
3577 658 3729 711 totius

2150 750 2372 819 quodam
2399 752 2548 805 modo
2576 751 2710 806 orbis
2740 768 2830 821 per
2859 753 3112 813 membra.
3146 766 3243 822 per
3276 750 3582 820 provincias
3622 747 3728 802 sci-

2152 843 2276 897 licet
2317 843 2545 898 Romani
2592 842 2825 912 imperii,
2869 845 3209 919 jactarentur.
3255 840 3367 921 §ub
3394 838 3729 895 Constantio

2150 933 2364 1005 quidem
2393 949 2455 989 ac
2485 936 2585 989 sub
2630 914 2999 990 Valentiniano
3024 914 3521 1001 Seniorev’aliisqtte
3555 929 3727 1001 quarti

2148 1028 2331 1082 saeculi
2366 1028 2710 1098 principibus,
2740 1027 3000 1082 barbaros
3027 1024 3254 1081 subinde
3282 1010 3506 1079 irruisse
3532 1022 3584 1076 in
3617 1021 3729 1076 Bo-

2148 1121 2291 1175 mani
2340 1122 2549 1189 imperii
2598 1122 2729 1176 lines
2758 1120 2981 1190 legimus
3010 1160 3025 1185 ,
3058 1133 3123 1173 ex
3173 1116 3364 1186 quibus
3393 1115 3729 1170 Christianos

2148 1214 2216 1268 ab
2247 1212 2433 1267 iisdem
2476 1213 2527 1267 in
2546 1213 2913 1283 captivitatem
2940 1209 3235 1264 subductos
3276 1204 3408 1261 nihil
3435 1203 3583 1260 dubii
3612 1214 3725 1267 est;

2148 1316 2200 1360 at
2231 1306 2372 1360 inter
2403 1306 2575 1360 varias
2605 1305 2653 1358 id
2701 1304 2912 1375 generis
2944 1298 3281 1356 incursiones
3312 1296 3441 1352 nulli
3483 1295 3576 1349 illa
3600 1309 3730 1379 con-
3798 1306 3799 1315 ‘

2147 1413 2339 1468 gruere
2367 1397 2588 1451 omnino
2616 1404 2859 1464 possunt,
2885 1408 3005 1463 qua:
3041 1392 3109 1446 ab
3146 1389 3378 1445 Auctore
3404 1386 3729 1451 indicantur,

2147 1488 2253 1543 nisi
2281 1487 2371 1555 ei,
2400 1504 2519 1559 quae
2563 1485 3127 1554 HadrianOpolitanam
3174 1495 3401 1551 pugnam
3442 1488 3728 1534 consecuta

2148 1588 2252 1645 est,
2285 1581 2335 1634 in
2365 1595 2467 1649 qua
2502 1594 2606 1632 una
2636 1594 2755 1633 cum
2784 1575 2982 1645 duplici
3005 1574 3273 1629 exercitus
3306 1580 3454 1641 parte
3480 1570 3598 1639 ipse
3633 1568 3731 1622 Va-

2146 1673 2264 1728 lens
2293 1670 2584 1742 imperator
2629 1669 2932 1725 miserrime
2980 1665 3160 1738 periit.
3209 1664 3431 1719 Caetera:
3463 1660 3728 1732 siquidem

466 1762 646 1817 verbis
687 1762 1015 1832 excerpserit
1040 1803 1054 1826 ,
1085 1771 1206 1831 post
1248 1760 1481 1815 medium
1507 1770 1757 1830 quartum
1787 1760 2042 1814 saeculum

2155 1767 2506 1832 incursiones,
2538 1772 2594 1819 ut
2620 1778 2687 1819 ex
2711 1761 3021 1818 Marcellino
3049 1757 3285 1829 singulas
3332 1765 3583 1811 accurate
3611 1751 3729 1807 des-

467 1848 809 1908 col'locandus
837 1861 948 1918 est,
992 1852 1135 1923 quod
1176 1853 1431 1922 temporis
1474 1852 1729 1908 limitibus
1780 1849 2043 1920 superiori

465 1947 800 2018 paragrapho
842 1947 1028 2016 positis
1060 1949 1253 2001 mirum
1283 1946 1336 2001 in
1380 1948 1594 2000 modum
1629 1944 1938 2014 respondet.
1962 1942 2068 2021 Ad.

463 2050 712 2107 quartum
780 2051 939 2107 porro
1001 2037 1253 2091 saeculum
1294 2035 1636 2092 statuendum
1684 2036 2046 2090 conducerent

464 2128 648 2195 etiam,
668 2144 785 2198 qua:
814 2127 882 2182 de
911 2127 1171 2183 Lactantii
1195 2130 1489 2183 imitatione
1516 2128 1704 2184 eodem
1735 2143 1852 2198 cap.
1878 2129 1931 2192 1,
1958 2127 1985 2200 §
2010 2127 2046 2181 2

462 2216 764 2281 innuimus,
796 2234 917 2273 cum
949 2218 1015 2272 ad
1044 2225 1292 2287 quartum
1313 2234 1526 2288 quoque
1544 2220 1798 2273 saeculum
1820 2220 2046 2275 Lactan-

466 2312 572 2365 tius
608 2313 891 2381 pertineat.
924 2310 994 2365 At
1032 2326 1152 2365 cum
1180 2312 1405 2365 imitatio
1432 2311 1615 2377 Hilarii
1647 2312 1845 2366 arctius
1874 2318 1930 2367 et
1957 2327 2043 2367 se-

465 2404 573 2460 rius
610 2412 819 2475 tempus
839 2405 1165 2485 prospiciat,
1192 2422 1255 2459 ex
1288 2419 1349 2482 ea
1382 2405 1481 2461 hoc
1525 2407 1645 2461 loco
1669 2417 2043 2476 argumentum

462 2495 729 2567 praecipue
756 2496 1059 2553 ducendum
1093 2499 1194 2553 rati
1220 2514 1406 2554 sumus
1439 2516 1453 2553 :
1486 2498 1629 2570 quod
1657 2498 1792 2554 adeo
1823 2507 1907 2554 est
1929 2499 2043 2553 evio

463 2588 597 2656 dens
620 2630 635 2655 ,
662 2599 717 2643 ut
750 2604 907 2645 nemo
956 2590 1284 2660 respondere
1327 2589 1669 2661 probabiliter
1708 2591 1914 2659 possit,
1944 2590 2046 2645 nisi

464 2680 553 2749 qui
586 2690 695 2736 tres
717 2681 785 2737 ab
806 2683 1039 2749 Auctore
1075 2692 1333 2738 tractatus
1357 2683 1566 2752 ableget
1588 2723 1605 2751 ,
1627 2692 1680 2737 ut
1712 2681 1915 2736 Hilario
1954 2682 2047 2735 tri-

472 2771 599 2828 buat
627 2788 760 2843 quos
786 2774 855 2831 ab
876 2774 1062 2831 Hilarii
1092 2777 1231 2847 stylo
1261 2778 1421 2832 nimis
1448 2786 1631 2845 aperte
1678 2775 2048 2845 discrepantes

473 2875 761 2935 nostroque
794 2867 1014 2923 Auctori
1042 2868 1390 2924 vindicandos
1433 2868 1630 2924 ibidem
1670 2867 2043 2923 ostendimus:

469 2958 760 3028 eademque
774 2960 981 3014 ratione
995 2969 1221 3030 quatuor
1233 2960 1367 3014 alios
1381 2969 1636 3014 tractatus
1650 2960 1844 3015 ibidem
1861 2973 2048 3013 recen-

462 3051 625 3115 sitos,
651 3051 704 3105 in
735 3052 926 3121 quibus
952 3051 1150 3106 Auctor
1179 3053 1230 3107 in
1256 3052 1501 3108 eamdem
1528 3052 1789 3106 rationem
1816 3051 2054 3116 Lactant

2148 1861 2387 1914 cribente
2415 1856 2808 1928 cognoscimus,
2836 1850 2980 1909 leves
3005 1860 3059 1907 et
3083 1849 3290 1920 angusti
3313 1845 3475 1919 spatii
3497 1845 3730 1907 luerunt,

2150 1965 2247 2005 nec
2274 1950 2511 2019 integras
2542 1947 2847 2017 provincias
2877 1942 3197 2013 depraedata:
3222 1946 3382 2005 sunt,
3413 1936 3682 2005 citiusque
3704 1949 3733 1989 a

2148 2028 2405 2096 Romanis
2430 2034 2643 2110 sopitae,
2689 2036 2933 2095 barbaris
2960 2036 3278 2105 plerumque
3325 2044 3511 2100 pacem
3545 2036 3733 2108 petere

2146 2133 2348 2189 (τοκῆε
2376 2148 2437 2188 ea
2462 2129 2771 2189 conditione
2801 2136 2857 2182 ut
2878 2125 3119 2196 captivos
3175 2124 3229 2178 in
3270 2122 3535 2192 integrum
3573 2115 3735 2172 reati-

2148 2233 2379 2285 tuerent,
2411 2223 2483 2277 uti
2511 2221 2580 2275 de
2609 2219 2839 2290 quadam
2870 2217 3171 2287 irruptione
3206 2213 3306 2269 sub
3332 2211 3548 2268 Iuliano
3575 2207 3729 2263 Zosi-

2148 2329 2268 2370 mus
2288 2327 2550 2383 expresse
2576 2310 2811 2381 prodidit
2839 2309 2932 2363 lib.
2983 2322 3063 2370 nt,
3093 2321 3213 2375 cap.
3238 2305 3291 2359 5.
3322 2304 3390 2357 At
3432 2294 3540 2356 non
3570 2298 3641 2353 ita
3669 2296 3734 2351 de

2146 2404 2237 2460 illa
2266 2444 2282 2469 ,
2311 2416 2471 2472 quam
2503 2399 2718 2455 Valenti
2768 2397 2989 2451 feralem
3034 2395 3291 2449 diximus.
3336 2392 3416 2445 Ex
3463 2388 3730 2444 Atnmiani

2148 2492 2441 2551 Marcellini
2470 2491 2562 2544 lib.
2597 2506 2719 2544 xxxi
2747 2504 2857 2543 rem
2889 2489 3071 2556 paucis
3097 2484 3486 2539 describamus.

2218 2583 2351 2640 Cum
2374 2576 2552 2639 Hunni
2578 2580 2875 2636 Gothorum
2898 2578 3047 2648 genti
3073 2573 3375 2629 vastitatem
3402 2571 3729 2648 intulissent,

2148 2660 2201 2731 bi
2234 2684 2294 2730 ut
2334 2675 2646 2729 Hunnorum
2698 2671 2952 2739 impetum
2993 2665 3351 2735 dill‘ugerent,
3400 2662 3740 2747 domicilium.

2148 2769 2216 2822 ab
2245 2766 2389 2821 omni
2416 2765 2625 2819 illorum
2652 2762 2838 2817 notitia
2868 2766 3132 2815 remotum
3157 2755 3452 2827 quaesituri,
3488 2756 3540 2809 in
3564 2753 3732 2809 Thra-
3785 2769 3788 2772 ’

2150 2858 2286 2912 ciam
2332 2871 2454 2910 sese
2496 2852 2735 2923 recipere
2783 2851 3109 2921 cogitarunt.
3166 2846 3482 2903 Oratoribus
3526 2845 3595 2900 ad
3626 2844 3732 2899 Va-

2151 2948 2352 3002 lentem
2379 2945 2579 3011 missis,
2614 2946 2776 2999 multa
2803 2941 3178 3013 pollicentibus
3209 2939 3501 3007 imperator
3522 2936 3729 3002 annuit,

2150 3038 2222 3093 ita
2255 3050 2431 3093 tamen
2462 3049 2519 3091 ut
2546 3038 2662 3092 sine
2692 3050 2964 3091 armorum
2997 3032 3367 3103 deportatione
3401 3032 3453 3085 in
3480 3045 3600 3084 eain
3632 3030 3733 3082 Ro-

467 3142 598 3196 tium
631 3142 867 3198 imitatus
888 3185 903 3211 ,
932 3152 987 3201 et
1016 3142 1236 3198 totidem
1266 3143 1585 3212 quandoque
1614 3143 1795 3197 verbis
1835 3151 2052 3197 secutus
2077 3130 2122 3190 C
2155 3147 2365 3188 manant
2423 3130 2752 3201 provinciam
2799 3127 3227 3201 ingrederentur.
3288 3124 3343 3178 ld
3397 3122 3614 3193 quidem
3665 3123 3731 3176 ita

465 3244 547 3291 est
570 3277 584 3301 ,
617 3238 684 3291 ab
712 3238 900 3294 eodem
925 3247 1082 3293 erunt
1103 3238 1440 3306 abjudicandi
1462 3277 1475 3301 ,
1500 3244 1558 3290 ut
1584 3234 1883 3289 tribuantur
1912 3232 2048 3287 Lac-

471 3329 669 3394 tantio;
691 3330 832 3399 quod
866 3340 1042 3384 tamen
1072 3330 1117 3383 si
1142 3330 1261 3398 quis
1288 3328 1502 3391 dixerit,
1533 3341 1600 3381 ne
1619 3325 1907 3400 Auctorem
1934 3332 2056 3393 post

447 3418 725 3475 Lactantii
765 3430 974 3476 aetatem
1021 3421 1291 3484 collocet,
1317 3410 1441 3475 cum
1469 3420 1800 3485 Laetantium
1846 3432 1877 3473 θ
1917 3417 2052 3471 laico

466 3511 725 3566 adversus
754 3511 965 3576 Gentes~
982 3512 1252 3565 scribente
1280 3511 1592 3579 episcopum
1635 3509 2048 3565 concionantem

469 3601 625 3657 faciet
649 3643 663 3668 ,
694 3592 1029 3657 eruditorum
1056 3602 1166 3655 risu
1190 3599 1503 3669 excipietur.

466 3736 616 3810 [Lvn]
645 3736 672 3808 §
699 3734 1114 3804 Vl|.—Insignis
1144 3735 1378 3788 Auctoris
1407 3735 1546 3788 locus
1564 3734 1953 3806 decaptivorum
1972 3749 2052 3788 re-

541 3827 829 3896 demptione
844 3842 957 3879 cum
971 3824 1087 3879 aliis
1102 3825 1298 3879 duobus
1322 3825 1380 3881 S.
1411 3825 1664 3879 Ambrosii
1683 3824 1799 3880 miri
1804 3826 1900 3892 [ice
1924 3812 2051 3878 can-

538 3935 725 3990 gruens
749 3959 764 3983 ,
802 3926 1031 3987 spectare
1071 3917 1351 3971 ostenditur
1401 3927 1572 3988 captos
1610 3932 1641 3970 a
1684 3916 1912 3970 barbaris
1938 3925 2051 3988 post

542 4007 1103 4084 Hadrianopolitanam
1135 4024 1359 4077 pugnam
1388 4025 1471 4061 an.
1508 3990 1900 4061 578.7‘Aucloris
1928 4016 2053 4079 tcta—

540 4111 640 4157 tem
691 4099 961 4172 prorogari
1007 4116 1107 4153 non
1151 4114 1317 4168 posse.
1349 4099 1487 4152 ultra
1522 4108 1764 4168 quartum
1793 4102 2053 4154 sarculum

538 4196 732 4264 aliquot
759 4193 1068 4266 argumentis
1090 4192 1351 4247 statuitur.
1856 4199 1864 4207 '

540 4327 830 4384 Auctorem
857 4339 963 4380 non
995 4333 1188 4395 quarto
1210 4324 1381 4378 solum
1427 4323 1624 4378 saeculo
1647 4364 1661 4387 ,
1688 4321 1781 4378 sed
1809 4331 1928 4391 post
1952 4336 2052 4376 an-

472 4435 599 4475 num
629 4434 841 4489 quoque
877 4405 1002 4473 360'
1036 4427 1088 4472 et
1126 4424 1251 4471 ante
1295 4431 1491 4471 annum
1519 4414 1613 4470 591
1651 4415 1898 4469 floruisse
1929 4414 2053 4468 hac-

2155 3223 2452 3294 prazstitum
2476 3235 2566 3274 an.
2604 3221 2729 3274 5⁸76.
2762 3220 2829 3273 At
2872 3219 2948 3273 illi
2978 3217 3205 3273 subinde
3242 3216 3312 3269 ob
3362 3215 3731 3269 ministrorum

2153 3312 2497 3381 cupiditatem
2545 3312 2686 3365 tame
2717 3310 2961 3378 oppressi
2990 3317 3042 3364 et
3089 3309 3154 3362 ad
3203 3306 3558 3363 rebellionem
3589 3320 3735 3361 com-

2152 3407 2309 3477 pulsi,
2342 3404 2591 3459 ferociam
2630 3403 2932 3467 induentes,
2978 3403 3280 3456 universam
3306 3399 3591 3454 Thraciam
3626 3414 3728 3453 non

2152 3506 2336 3565 strage
2360 3496 2547 3550 solum.
2564 3504 2618 3549 et
2644 3493 2904 3550 incendiis
2928 3534 2943 3559 ,
2967 3492 3063 3548 sed
3092 3492 3295 3563 ingenti
3320 3507 3537 3562 quoque
3567 3493 3734 3561 capti-

2155 3602 2342 3641 vorum
2370 3601 2595 3640 numero
2646 3585 3129 3656 depopulati‘sunt.
3160 3584 3271 3639 Hoc
3318 3583 3501 3638 audito
3538 3582 3734 3639 Valens

2154 3677 2315 3731 rebus
2342 3677 2717 3746 quoquomodo
2746 3676 3056 3745 compositis
3082 3689 3202 3730 cum
3233 3675 3516 3730 Persarum
3539 3686 3716 3744 gente,

2152 3767 2206 3822 in
2231 3766 2510 3822 Thraciam
2537 3768 2643 3823 cito
2666 3768 2963 3834 contendit,
2995 3777 3050 3823 et
3087 3781 3176 3822 an.
3202 3753 3317 3837 378.
3338 3766 3477 3836 apud
3509 3766 3730 3821 Hadria-

2154 3861 2415 3929 nopolim,
2432 3860 2720 3916 commisso
2731 3875 2850 3937 cum
2880 3859 3119 3915 barbaris
3138 3859 3343 3929 praelio,
3364 3874 3450 3914 res
3476 3858 3729 3913 infelicis-

2152 3952 2287 4007 simc
2310 3953 2492 4007 cessit.
2534 3951 2664 4006 Nam
2692 3962 2909 4016 constat,
2936 3951 3104 4020 inquit
3132 3950 3498 4016 Marcellinus,
3526 3950 3613 4005 vix
3638 3959 3733 4003 ter-

2156 4046 2282 4097 tiam
2330 4045 2549 4099 evasisse
2586 4045 2838 4098 exercitus
2894 4053 3109 4114 partem.
3164 4040 3273 4096 Nec
3312 4043 3419 4096 ulla
3470 4041 3735 4095 annalibus

2155 4146 2343 4206 prwter
2372 4134 2687 4191 Cannensem
2716 4153 2939 4207 pugnant
2965 4138 3039 4190 ita
3066 4137 3133 4189 ad
3157 4136 3545 4203 internecionem
3563 4151 3645 4187 res
3671 4134 3736 4185 le-

2152 4230 2291 4300 gitur
2318 4238 2478 4301 gesta.
2510 4229 2618 4283 Hac
2647 4229 2699 4282 in
2728 4226 2948 4282 victoria
2998 4228 3101 4282 dici
3134 4230 3220 4282 vix
3250 4237 3427 4297 potest
3467 4238 3601 4297 quot
3645 4241 3732 4280 va-

2155 4320 2353 4375 riarum
2380 4320 2780 4390 provinciarum
2815 4318 3011 4374 milites
3047 4318 3413 4388 captivitatem
3455 4318 3735 4373 subierint.

2155 4411 2260 4467 Sed
2292 4412 2419 4480 quid
2469 4411 2669 4466 milites
2717 4426 2853 4466 unos
2898 4412 3293 4465 memoramus!
3342 4408 3548 4465 Exinde
3597 4406 3735 4463 enim

472 4521 627 4567 tenus
658 4511 796 4566 dicta
838 4512 1181 4565 convincunt.
1216 4507 1365 4562 Nunc
1393 4516 1667 4575 postremo
1708 4506 1826 4560 loco
1856 4504 2052 4560 factum
2082 4496 2137 4555 D
2161 4503 2320 4560 Gothi
2348 4506 2497 4573 elati,
2553 4509 2653 4561 nec
2681 4520 2784 4559 non
2818 4504 3075 4560 Romanis
3122 4504 3293 4575 magis
3324 4503 3593 4558 terribiles
3620 4543 3634 4569 ,
3664 4500 3738 4555 di-

472 4602 615 4658 aliud
644 4601 959 4657 historicum
1000 4600 1068 4655 ab
1112 4602 1346 4654 Auctore
1378 4599 1665 4653 indicatum
1713 4596 2053 4652 animadver-

471 4694 690 4750 tendum
723 4694 1091 4762 proponimus,
1133 4707 1198 4748 ex
1224 4707 1330 4762 quo
1369 4691 1419 4746 id
1448 4692 1622 4760 ipsum
1656 4698 1869 4758 tempus
1901 4688 2052 4743 miri-

474 4788 575 4842 llce
601 4772 1033 4841 conlirmabitur.
1055 4780 1113 4856 [η
1140 4782 1243 4837 line
1272 4790 1427 4837 tract.
1455 4783 1540 4849 ll),
1573 4781 1663 4835 lib.
1692 4796 1729 4843 ι,
1758 4779 2055 4834 liberalita-

472 4884 580 4946 tem
630 4861 848 4931 suorum
896 4874 1198 4928 auditorum
1238 4874 1442 4928 Auctor
1489 4871 1901 4927 commendans:
1950 4870 2055 4926 Sed

477 4970 603 5034 liazc,
636 4967 830 5039 inquit,
860 4982 963 5023 non
1001 4966 1068 5017 ad
1096 4953 1203 5031 vos,
1230 4948 1674 5035 fratresﬁyuorum
1700 4963 1908 5033 largitas
1931 4978 2053 5032 pro-

477 5060 653 5115 vinciis
676 5062 909 5115 omnibus
931 5069 1049 5113 nota
1072 5068 1142 5113 est
1165 5099 1179 5121 ,
1203 5054 1418 5126 quorum
1440 5057 1526 5129 pia
1549 5056 1741 5110 semina
1759 5058 1911 5109 totius
1932 5071 2058 5128 quo-

480 5152 598 5203 dam
620 5155 766 5207 modo
792 5155 927 5207 orbis
953 5168 1041 5223 per
1080 5150 1300 5205 membra
1337 5150 1688 5219 jactantur;a
1730 5148 1866 5202 vobis
1911 5148 2059 5201 multi

481 5242 722 5312 redempti
747 5260 765 5296 :
793 5244 939 5298 multi
962 5243 1140 5319 edictis
1161 5240 1406 5315 feralibus
1445 5241 1640 5295 liberati
1659 5256 1678 5295 ε
1705 5241 1848 5296 multi
1878 5240 2057 5295 condi-

482 5331 699 5386 tionibus
752 5334 896 5388 duris
931 5338 1067 5390 exuti
1114 5335 1307 5407 gratias
1354 5343 1534 5405 agunt.
1580 5332 1675 5388 Hic
1703 5332 1771 5389 de
1812 5336 2051 5404 captivo—

482 5435 600 5473 rum
624 5425 990 5495 redemptione
1037 5444 1214 5482 sermo
1245 5437 1347 5494 est,
1375 5442 1600 5497 quorum
1629 5428 1741 5495 alii,
1777 5410 1876 5482 nisi
1920 5428 2057 5482 redi-

488 5526 759 5569 merentur
786 5559 801 5583 ,
845 5521 993 5575 duris
1048 5522 1460 5583 conditionibus
1497 5523 1881 5592 premebantur
1908 5562 1921 5585 ,
1971 5519 2064 5575 alii

482 5605 650 5658 etiam
697 5598 853 5663 editis
901 5610 1154 5681 feralibus
1206 5613 1424 5677 obnoxii
1463 5597 1691 5668 mortem
1742 5613 2068 5682 cogebantur

493 5701 781 5771 θΡΡθῑετε.
832 5710 890 5766 ut
923 5701 1137 5769 ibidem
1175 5702 1230 5768 in
1268 5703 1703 5787 annotationibus
1757 5704 2063 5771 statuimus,

2158 4598 2321 4666 gressi
2341 4606 2461 4651 sunt
2490 4595 2728 4663 eﬂ'usorie
2752 4612 2840 4667 per
2867 4596 3074 4649 Arctoas
3105 4596 3410 4664 provincias.
3456 4612 3583 4663 quas
3628 4608 3737 4661 per-

2160 4703 2397 4758 agravere
2433 4688 2641 4741 licenter
2682 4688 2907 4755 adusque
2946 4688 3145 4741 radices
3174 4686 3381 4751 Alpium
3432 4685 3691 4739 Juliarum
3723 4723 3734 4745 ,

2162 4799 2285 4852 quas
2323 4779 2560 4836 Venetias
2605 4780 2892 4852 appellabat
2941 4781 3257 4847 antiquitas:
3296 4788 3420 4834 sunt
3446 4780 3559 4850 ipsa
3608 4779 3739 4834 Mar-

2161 4876 2343 4930 cellini
2377 4875 2563 4929 verba.
2594 4874 2707 4941 Qua
2740 4883 2817 4926 tot
2844 4874 3234 4943 provinciarum
3268 4873 3317 4926 in
3364 4874 3612 4928 vastitate
3639 4886 3735 4926 non

2132 4994 2135 4997 -
2160 4966 2523 5044 Macedoniam
2552 4966 2724 5019 solum
2766 4974 2927 5033 atque
2953 4964 3307 5029 Thessaliam,
3332 4965 3399 5020 de
3419 4967 3618 5035 quibus
3643 4963 3739 5017 Zo-

2161 5057 2328 5112 simus
2360 5057 2452 5111 lib.
2488 5072 2557 5119 iv,
2588 5071 2703 5124 cap.
2730 5057 2819 5120 51,
2842 5055 3233 5126 subegere,sed
3275 5067 3471 5125 praeter
3512 5058 3738 5109 interne-

2161 5147 2371 5203 cionem
2401 5146 2792 5217 quamplurinm
2816 5148 3126 5202 innumeros
3148 5165 3212 5202 ex
3231 5149 3352 5203 aliis
3374 5162 3590 5217 quoque
3608 5146 3737 5199 Mar—

2168 5239 2362 5294 cellino
2413 5239 2719 5294 memoratis
2751 5239 3038 5309 provinciis
3066 5240 3415 5295 ‘dednxerunt
3459 5236 3699 5307 captivos
3720 5274 3734 5300 ,

2170 5345 2237 5385 ex
2265 5346 2493 5401 quorum
2536 5332 2792 5387 servitute
2823 5374 2837 5399 ,
2881 5331 3210 5396 venditione,
3239 5330 3323 5384 vel
3372 5327 3736 5404 redemptione

2168 5425 2510 5495 proﬁcerent.
2546 5425 2744 5481 Horum
2771 5438 2947 5483 autem
2969 5426 3328 5495 captivorum,
3353 5423 3440 5491 qui
3466 5437 3500 5473 θ
3524 5422 3636 5476 suis
3661 5433 3737 5473 re-

2166 5515 2297 5570 dimi
2320 5531 2423 5571 non
2460 5502 2724 5587 poterant,
2742 5519 3015 5573 calamitas
3032 5523 3175 5569 tanta
3198 5523 3335 5575 erat,
3367 5520 3426 5564 ut
3446 5511 3594 5565 durae
3624 5525 3734 5566 ser-

2173 5609 2326 5664 vituti
2346 5611 2424 5679 vel
2446 5610 2614 5684 [Lvut]
2631 5610 2788 5663 morti
2819 5607 2977 5660 etiam
2992 5603 3369 5667 addicerentur
3389 5617 3402 5653 :
3422 5595 3575 5669 cujus
3604 5598 3737 5654 cala-

2171 5703 2376 5783 mitatis
2408 5712 2550 5766 tanta
2574 5699 2891 5766 Christianis
2920 5695 3140 5762 incessit
3180 5690 3479 5766 miseratio,
3502 5699 3563 5748 tit
3585 5702 3737 5775 pecu:
