3826 6226
874 269 1306 327 lilSSEll'l‘ATlO
1346 272 1385 335 l,
1431 269 1515 324 ΗΕ
1557 269 1611 322 ς.
1655 270 1702 323 'I.l

1811 270 1957 327 )XIS.
2002 271 2245 326 TllAtlT.
2292 272 2377 328 ΕΤ
2416 274 2689 329 ᾹΞΤΛῚῈ.

166 394 238 445 nia
265 388 483 459 undique
510 390 890 453 conferretur,
933 388 983 441 in
1024 400 1248 456 eamque
1296 400 1408 440 rem
1466 382 1710 439 nonnulli
1736 390 1783 445 Α
1820 385 1882 439 l6
1930 385 2023 441 lib.
2082 402 2119 449 ι,
2172 388 2311 457 quod
2340 390 2573 458 antiquis
2618 391 2738 445 licet
2768 392 2975 446 smculis
2999 393 3251 464 frequens
3282 396 3392 450 lue-

164 496 349 550 quoque
365 480 725 535 Ecclesiarum
748 479 1007 533 antistites
1032 477 1145 546 ipsa
1164 490 1313 531 sacra
1330 490 1458 529 vasa
1474 474 1711 529 conﬂare
1782 474 1901 559 .rit,
1932 490 2036 528 non
2075 484 2247 531 tamen
2279 478 2414 531 ultra
2461 488 2705 548 quartum
2734 481 2986 537 sarculum
3032 484 3168 538 adeo
3197 485 3395 542 acriter

165 588 253 628 non
282 573 579 637 dubitarint,
607 588 674 628 ex
715 587 939 643 quorum
970 570 1275 626 venditione
1308 570 1586 637 pecuniam
1616 582 1710 623 co-
1816 566 2200 634 reprehensum
2256 567 2407 623 facile
2464 570 2720 625 invenies.
2766 571 2971 628 Exinde
3015 574 3207 630 eodem
3256 574 3393 630 libro

164 675 327 735 gerent
355 706 371 730 ,
403 666 537 719 unde
582 664 764 732 plures
810 664 1219 720 redimerentur.
1272 660 1563 716 Recitanda
1610 659 1710 714 hoc
1815 668 1969 715 tract.
2012 660 2066 726 4,
2095 677 2242 716 num.
2278 663 2328 728 t,
2357 672 2410 716 ct
2437 671 2589 718 tract.
2627 663 2682 731 5,
2706 680 2852 720 num.
2883 665 2936 731 6,
2966 666 3227 736 virginum
3249 667 3390 736 apud

164 758 264 813 loco
288 768 403 812 sunt
443 756 545 811 duo
581 757 637 812 S.
687 756 954 811 Ambrosii
1007 756 1307 811 testimonia
1355 770 1417 815 ex
1453 753 1543 807 lib.
1578 769 1613 807 tt
1644 752 1711 807 de
1812 751 2055 806 ethnicos
2083 759 2190 806 tum
2212 751 2511 807 llorentium
2555 754 2817 820 meminit,
2846 755 3245 826 quasNestales
3272 773 3391 815 esse

163 848 563 903 Olliciistliuistr.
588 864 707 917 qua:
722 848 790 902 de
815 846 916 903 hac
933 846 1297 916 redemptione
1313 853 1464 900 certo
1485 844 1710 913 loquun-
1813 842 1942 898 nihil
1974 843 2119 898 dubii
2148 855 2249 898 est.
2282 844 2386 899 llas
2410 857 2585 899 autem
2616 854 2806 915 quarto
2834 862 3043 916 quoque
3064 851 3268 903 saeculo
3297 850 3392 904 llo-

165 952 268 1005 tur;
295 951 342 996 ct
367 957 432 997 ex
462 942 525 996 iis
570 942 890 1011 apparebit,
921 952 1120 1010 quanta
1167 940 1499 1008 captivorum
1548 936 1709 991 fuerit
1763 968 1775 975 η-
1813 945 1991 989 rentes
2021 950 2082 989 cx
2109 936 2225 991 aliis
2268 936 2572 992 auctbribus
2616 941 2670 991 in
2713 940 3143 997 annotationibus
3195 946 3391 998 nostris

163 1034 789 1103 infelicitas,quantaque
830 1033 900 1086 sit
928 1032 1044 1100 ejus
1088 1030 1366 1099 scriptoris
1416 1043 1537 1083 cum
1568 1026 1711 1081 Auc-
1810 1027 2165 1083 ostendimus:
2218 1037 2271 1081 at
2308 1028 2492 1099 quinto
2542 1030 2737 1084 smculo
2786 1031 2943 1085 nullae
2975 1034 3220 1095 luerunt.
3266 1046 3388 1090 rum

165 1136 263 1180 tore
286 1134 459 1178 nostro
480 1124 786 1178 consensio.
821 1124 1056 1177 Primum
1102 1123 1278 1191 itaque
1298 1120 1357 1175 S.
1391 1118 1708 1173 Ambrosius
1806 1130 1929 1190 post
1957 1121 2192 1175 sublatos
2220 1121 2421 1177 eisdem
2447 1121 2706 1187 redditus,
2735 1132 2781 1175 et
2809 1124 3006 1193 praedia
3032 1127 3154 1177 item
3181 1125 3387 1180 sublata

161 1231 262 1284 cap.
295 1214 356 1271 15
380 1255 397 1281 ,
430 1231 571 1269 num.
622 1216 691 1269 70
718 1232 730 1267 :
774 1214 991 1270 Summa
1028 1214 1179 1267 etiam
1212 1210 1489 1267 liberalitas
1535 1220 1709 1281 captos
1809 1227 1839 1266 a
1868 1211 2143 1275 Gratiano,
2169 1223 2286 1283 post
2314 1213 2598 1268 Theodosii
2630 1214 2796 1283 Magni
2822 1214 3093 1270 victoriam
3118 1216 3184 1270 de
3210 1217 3389 1287 Euge-

160 1307 691 1375 τεάὶηιετε,ιήριτιεπ
718 1305 937 1360 hostium
962 1306 1213 1370 manibus,
1237 1303 1555 1380 substrqltere
1599 1301 1708 1355 neci
1810 1308 1899 1360 nio
1928 1306 2150 1361 relatam
2195 1321 2283 1360 an.
2335 1305 2457 1372 394,
2509 1306 2698 1361 eodem
2746 1308 3067 1369 Theodosio,
3093 1308 3387 1379 imperante

162 1400 384 1462 homines,
415 1410 460 1454 et
497 1400 716 1454 maxime
756 1400 971 1469 feminas
1007 1399 1347 1465 turpitudini;
1375 1398 1587 1451 reddere
1616 1413 1708 1465 pa-
1811 1400 1962 1453 unica
2003 1400 2165 1454 vetula
2207 1402 2435 1468 quadam
2473 1418 2536 1455 ea:
2560 1402 2837 1472 virginibus
2875 1401 3158 1457 Vestalibus
3192 1405 3387 1471 reliqua

160 1493 357 1545 rentibus
378 1492 576 1556 liberos,
601 1504 833 1562 parentes
862 1494 1051 1558 liberis,
1082 1492 1212 1545 cives
1231 1492 1409 1561 patria:
1425 1492 1702 1546 restituere.
1809 1501 2135 1547 memoretur
2158 1508 2185 1544 a
2219 1491 2435 1546 Zosimo
2463 1492 2554 1546 lib.
2589 1509 2638 1559 ν,
2670 1507 2787 1563 cap.
2814 1494 2907 1556 58,
2928 1510 2995 1548 ex
3019 1510 3123 1565 quo
3146 1494 3386 1550 Vestales

164 1583 285 1639 Nota
327 1597 437 1640 sunt
473 1584 581 1639 hac
617 1586 769 1639 nimis
817 1584 1024 1656 Illyrici
1061 1586 1292 1639 vastitate
1348 1594 1395 1638 et
1444 1583 1707 1638 Tltraciw:
1808 1583 2038 1636 animant
2067 1583 2290 1639 traxisse
2317 1584 2380 1638 ad
2408 1584 2651 1637 ultimum
2690 1600 2854 1654 usque
2883 1585 3165 1640 Theodosii
3211 1588 3385 1639 senio-

159 1680 314 1747 quanti
332 1679 505 1750 ubique
535 1680 734 1734 venales
778 1690 923 1732 erant
961 1689 1066 1733 toto
1103 1680 1289 1748 captivi
1326 1679 1443 1733 orbe
1469 1719 1482 1742 ,
1506 1693 1630 1747 quos
1661 1678 1705 1731 si
1740 1722 1748 1730 .
1808 1676 1880 1729 ris
1906 1688 2078 1727 sevum
2107 1715 2119 1737 ,
2152 1682 2260 1728 tum
2299 1688 2428 1728 vero
2480 1676 2743 1729 extinctas
2800 1676 2955 1746 plane
3005 1676 3167 1731 fuisse
3197 1678 3388 1746 probat

156 1787 355 1837 reuoces,
381 1773 524 1825 unius
544 1773 819 1841 provincia:
848 1788 1111 1825 numerum
1133 1772 1338 1839 explere
1358 1787 1457 1823 non
1481 1770 1708 1837 possint!
1736 1772 1779 1831 Β
1811 1764 2019 1832 Lipsius
2041 1766 2092 1819 in
2139 1765 2411 1836 Syntagm.
2455 1766 2522 1820 de
2560 1766 2886 1835 Vestalibus,
2917 1784 3035 1837 cap.
3066 1770 3150 1823 14.
3188 1770 3290 1823 Sed
3320 1769 3386 1824 de

163 280 213 329 ι’ςι
874 280 1306 327 IHSSI‘LIH‘ATIU
1346 280 1385 335 I,
1431 280 1515 324 DE
1557 280 1611 322 Β.
1655 280 1702 323 ιι

1811 280 1957 327 HIS.
2002 280 2245 326 'l'ltAll'l'.
2292 280 2377 328 ΕΤ
2416 280 2689 329 ᾹΞΤᾹΤΕ.
3304 280 3382 358 (tl

160 1860 352 1916 Barbari
378 1863 518 1917 enim
565 1862 930 1932 (prosequitur
960 1878 1107 1915 num.
1129 1860 1233 1931 Ἠ)
1267 1862 1395 1913 ni/til
1416 1856 1706 1930 deferebant

160 1952 458 2007 humanitatis
482 1952 547 2005 ad
573 1953 1014 2016 misericordiam,
1046 1952 1144 2005 nisi
1178 1952 1322 2021 quod
1366 1952 1581 2005 avaritia
1626 1966 1703 2004 re-

159 2054 408 2097 servaverat
438 2045 504 2097 ad
524 2045 936 2114 redemptionem.
979 2044 1137 2100 Aliud
1187 2041 1549 2098 testimonium
1580 2058 1699 2111 cap.

1811 1856 2140 1925 argumentis
2180 1873 2298 1925 qua:
2323 1873 2417 1926 pro
2448 1858 2749 1912 deﬁnienda
2776 1875 2869 1913 scu
2900 1862 3384 1916 circumscribeuda

1807 1947 2059 2002 Auctoris
2085 1956 2242 2003 :ctatc
2272 1950 2535 2018 expiscari
2586 1951 2854 2018 potuimus
2876 1990 2891 2016 ,
2918 1952 3025 2019 jam
3082 1952 3237 2006 nimis
3279 1954 3386 2006 hr-

1804 2048 1950 2096 tasse
1982 2041 2167 2095 multa.
2197 2042 2275 2096 Ad
2301 2042 2633 2111 ohjcctiones
2661 2045 2838 2098 statim
2877 2044 3212 2100 accedamus.

159 2134 235 2199 28,
260 2150 393 2189 num.
429 2135 820 2205 t56,‘cjusdem
868 2136 985 2191 libri
1016 2152 1073 2199 tt,
1118 2135 1201 2190 his
1222 2135 1398 2189 verbis
1450 2136 1703 2203 exprimi-

160 2236 257 2281 tur:
289 2226 391 2282 Nos
415 2228 692 2295 aliquando
714 2227 765 2280 in
796 2228 1039 2281 insidians
1068 2228 1338 2281 incidimus
1362 2268 1375 2292 ,
1403 2227 1541 2296 quod
1579 2244 1699 2280 con-

144 2320 421 2389 ,fregerimus
444 2334 563 2373 rasa
588 2320 800 2389 mystica
822 2361 836 2386 ,
878 2330 931 2372 ut
961 2319 1181 2387 caminos
1220 2320 1694 2374 redimeremus.....

163 2409 269 2475 Quis
296 2421 453 2464 autem
483 2422 549 2465 est
578 2423 681 2465 tant
705 2412 869 2466 durus
894 2454 907 2473 ,
935 2413 1142 2467 immitis
1162 2455 1176 2478 ,
1210 2413 1431 2482 ferreus,
1476 2414 1557 2466 cui
1594 2414 1700 2467 dis-

160 2502 313 2570 pliceat
336 2507 467 2572 quod
490 2505 639 2557 homo
669 2504 936 2558 redimitur
964 2521 995 2557 a
1022 2513 1200 2568 morte,
1234 2505 1423 2575 femina
1443 2503 1504 2556 ab
1534 2504 1698 2573 impu-

160 2594 362 2650 ritatibtts
386 2598 733 2664 barbarorum,
760 2613 874 2667 qum
897 2598 1153 2671 graviores
1200 2606 1361 2650 morte
1382 2605 1532 2650 sunt:
1570 2596 1701 2650 ado-
1740 2600 1743 2603 ’

162 2685 412 2743 lescentulc
432 2689 507 2742 vel
528 2689 725 2757 pueruli
742 2690 818 2743 vel
838 2689 1056 2760 infantes
1077 2687 1138 2740 ab
1159 2687 1411 2741 idolorum
1428 2688 1694 2761 contagiis,

160 2780 314 2845 quibus
358 2783 530 2836 mortis
558 2792 693 2836 metu
736 2781 1167 2850 iuquinabantur?
1208 2780 1561 2845 Adverlistin,
1591 2791 1697 2834 toto

160 2871 352 2939 captivos
374 2874 508 2935 orbe,
537 2887 674 2943 quos
712 2875 800 2943 qui
830 2872 1113 2926 redimeret
1138 2912 1152 2937 ,
1176 2871 1518 2926 substraheret
1544 2874 1696 2928 neci?

1802 2172 1933 2246 [ιιχ]
1958 2174 1983 2246 §
2013 2174 2449 2247 \’lll.—0bjectio
2476 2178 2537 2231 tle
2557 2181 2985 2249 persecutiouibus
3011 2190 3055 2235 et
3081 2182 3385 2252 martyribus

1829 2266 2097 2337 disjicitur.
2118 2264 2289 2320 Brevis
2314 2267 2524 2321 historia
2553 2272 2951 2339 persecutionum
2972 2274 3138 2342 quarti
3162 2276 3355 2327 swculi.

1871 2402 1999 2470 Quae
2025 2403 2310 2458 Baroniutn
2335 2416 2652 2473 moverunt,
2678 2423 2796 2462 cum
2822 2408 2885 2463 ad
2910 2424 2997 2464 res
3018 2412 3384 2478 superioribus

1801 2494 2149 2564 paragraphis
2170 2496 2397 2566 agitatas
2420 2492 2751 2567 pertineant,
2778 2500 2974 2555 ibidem
3004 2501 3199 2570 rejecta
3230 2503 3383 2559 nobis

1798 2598 1953 2653 sunt,
1980 2604 2085 2641 uno
2114 2589 2205 2644 illo
2228 2598 2453 2659 excepto
2480 2592 2547 2647 de
2576 2592 2889 2648 idololatriae
2914 2594 3080 2665 signis
3106 2594 3156 2648 in
3180 2596 3385 2650 mtmis-

1800 2682 2064 2747 matihus,
2096 2681 2235 2752 quod
2276 2691 2452 2738 tamen
2492 2699 2555 2739 ex
2588 2692 2740 2739 tract.
2800 2686 2867 2741 10
2909 2685 3125 2741 ductum
3154 2697 3381 2742 annota-

1799 2770 1941 2826 tionc
1965 2772 2023 2827 Η
2043 2763 2179 2827 satis
2230 2771 2456 2828 dilutum
2484 2775 2749 2830 iuvenics.
2790 2776 2922 2845 Quae
2962 2793 3122 2849 porro
3146 2779 3382 2836 editores

1800 2864 2136 2922 Veronenses
2174 2868 2225 2921 iu
2270 2868 2632 2937 praefationem
2663 2871 3004 2926 contulerunt
3030 2860 3340 2944 argumenta
3363 2915 3377 2938 ,

159 2960 274 3026 Quid
301 2978 411 3017 cum
440 2965 688 3019 Auctoris
717 2964 883 3033 nostri
911 2963 1086 3016 verbis
1117 2963 1284 3033 magis
1309 2964 1695 3019 consentiens?
1798 2964 1856 3009 ut
1895 2956 2195 3017 Auctorem,
2239 2960 2662 3029 antiquissimum
2722 2963 3140 3031 persuaderent,
3201 2965 3376 3018 omnia
3425 3038 3429 3043 ι

161 3050 299 3121 Igitur
324 3066 373 3108 ut
399 3055 461 3109 ad
493 3058 801 3124 argumenti
824 3069 1082 3108 summam
1117 3053 1328 3108 tandem
1373 3054 1651 3109 redeamus
1674 3097 1689 3123 ,
1797 3064 1907 3103 non
1930 3050 2099 3104 tribus
2120 3050 2291 3105 solum
2319 3053 2502 3119 primis
2528 3054 2779 3109 Ecclesiae
2801 3055 3007 3109 sacculis
3028 3056 3373 3121 conveniunt,

160 3156 259 3195 cum
296 3155 469 3199 uoster
493 3147 699 3200 Auctor
724 3144 1097 3200 liberalitatem
1126 3159 1342 3200 suorum
1389 3147 1691 3201 auditorum
1722 3132 1767 3196 C
1797 3140 1891 3195 sed
1911 3143 2071 3197 etiam
2098 3155 2307 3211 quarto.
2341 3154 2393 3198 et
2421 3146 2673 3199 nonnulla
2706 3147 2831 3201 item
2850 3148 3057 3215 quinto,
3084 3145 3224 3216 quod
3253 3161 3378 3215 par-

162 3232 204 3283 in
226 3233 522 3290 redimendis
552 3228 780 3305 captiiis
823 3236 1318 3291 mtmilicentissime
1358 3236 1697 3294 demonstra-
1800 3234 1892 3288 tim
1937 3248 1999 3288 ex
2031 3235 2188 3289 dictis
2230 3236 2289 3289 lit
2324 3246 2597 3305 apertum,
2628 3239 2817 3308 partim
2848 3254 2910 3295 ex
2942 3226 3376 3293 annotationibus

161 3330 246 3377 tam
268 3326 659 3392 oonuuendans,
690 3327 1105 3397 redemptionem
1128 3328 1435 3384 eorumdem
1459 3331 1697 3399 eaplit'o-
1794 3335 2093 3394 opportune
2131 3328 2460 3397 apponcudis
2501 3328 2717 3397 patebit.
2764 3328 2935 3384 Unum
2976 3328 3365 3392 tantummodo,

161 3426 278 3478 tum,
305 3414 366 3470 de
387 3418 578 3486 quibus
603 3419 817 3486 scripsit
841 3417 1177 3484 Ambrosius,
1206 3430 1427 3488 spectet,
1461 3436 1561 3490 qua
1592 3437 1694 3475 una
1796 3420 1935 3488 quod
1959 3435 2023 3475 ex
2056 3422 2360 3474 memoratis
2380 3422 2446 3473 ah
2473 3421 2702 3475 Auctore
2731 3420 3193 3490 persecutionibus
3209 3428 3366 3489 atque
3461 3494 3470 3502 .

164 3516 316 3558 rerum
357 3505 465 3562 ﬁeri
496 3510 704 3578 patuit,
745 3518 802 3562 ut
846 3509 895 3562 id
936 3509 1146 3578 generis
1186 3512 1397 3581 largitas
1427 3515 1696 3582 provinciis
1798 3511 2118 3581 martyribus
2149 3511 2377 3573 ducitur,
2412 3511 2777 3565 vehementius
2810 3512 2978 3566 videri
3011 3512 3237 3580 cuipiam
3274 3526 3368 3577 po.

161 3596 355 3649 omnibus
384 3609 501 3653 nota
528 3610 693 3664 esset,
720 3604 928 3673 ejusque
959 3602 1046 3669 pia
1072 3604 1265 3657 semina
1289 3606 1442 3661 totius
1474 3609 1696 3677 quodam
1797 3609 1935 3667 test;
1971 3611 2028 3656 ut
2068 3602 2133 3657 ad
2174 3603 2309 3657 istud
2355 3603 2712 3658 subruendum
2754 3619 2857 3657 non
2896 3603 3027 3657 satis
3064 3604 3169 3657 sint
3191 3644 3205 3668 ,
3254 3618 3373 3672 quas

161 3687 283 3741 made
304 3691 429 3742 orbis
456 3707 547 3761 per
568 3692 790 3744 membra
821 3693 1141 3763 jactarentur
1167 3735 1181 3757 ,
1210 3706 1264 3748 ut
1310 3696 1448 3751 idem
1498 3703 1698 3755 Auctor
1798 3705 2008 3750 nostras
2049 3698 2101 3750 in
2137 3697 2506 3750 annotationes
2546 3695 2896 3765 conjecimus.
2939 3694 3119 3764 Itaque
3164 3694 3231 3748 de
3268 3694 3368 3749 hoc

165 3780 337 3841 prodit:
365 3783 499 3837 haud
532 3783 693 3838 dubie
723 3794 977 3839 tractatus
1007 3785 1073 3839 t0
1104 3788 1197 3840 lib.
1229 3803 1263 3840 ll
1306 3788 1522 3844 habitus
1553 3800 1698 3858 patet
1798 3791 2070 3844 nonnulla.
2106 3790 2219 3843 Non
2265 3790 2473 3844 duobus
2509 3790 2713 3843 tantum
2765 3802 2880 3856 qum
2936 3790 3002 3840 ab
3035 3786 3219 3842 iisdem
3260 3789 3373 3842 edi-

165 3882 260 3936 post
280 3891 461 3931 annum
489 3877 613 3938 378.
640 3892 744 3947 quo
770 3876 981 3932 barbari
1011 3886 1213 3933 tantqu
1245 3880 1574 3948 captivorum
1599 3899 1693 3937 nu-
1798 3884 2001 3937 toribus
2046 3883 2357 3951 allegantur,
2409 3880 2499 3935 sed
2553 3881 2719 3934 tribus
2768 3883 2817 3934 in
2864 3880 2993 3934 locis
3039 3882 3368 3950 persecutio-

122 4007 128 4015 .
166 3978 334 4020 merum
363 3970 553 4038 partim
576 3984 643 4023 ex
687 3968 941 4024 Romanis
984 3970 1240 4027 militibus
1266 3973 1374 4041 jam
1426 3974 1647 4030 devictis
1678 4017 1693 4042 ,
1797 3990 1956 4039 num,
1992 3972 2070 4025 vel
2101 3982 2392 4039 martyrum
2426 3973 2706 4041 praesentis
2736 3984 2843 4026 tum
2875 3974 3129 4042 temporis
3158 3986 3343 4027 occuut

165 4055 321 4119 partim
348 4074 408 4113 es
442 4066 521 4112 tot
545 4057 801 4113 Romanis
829 4061 1118 4128 provinciis
1146 4064 1379 4118 subactis
1403 4064 1692 4145 deduxere.
1798 4066 2035 4122 bentium
2073 4064 2131 4145 ﬁt
2170 4066 2448 4133 esplorata
2488 4065 2705 4119 mentio.
2748 4065 2840 4119 Tr.
2888 4067 2940 4131 6,
2972 4066 3038 4120 de
3078 4066 3335 4121 Patientia
3357 4109 3371 4132 ,

220 4145 311 4202 Sed
344 4166 462 4205 cum
493 4166 589 4221 pro
614 4151 893 4206 statuenda
938 4152 1183 4210 Auctoris
1225 4166 1382 4213 aetate
1410 4132 1695 4230 a‘rgumen-
1800 4160 1889 4214 lib.
1920 4175 1968 4223 ι,
2000 4174 2055 4213 n.
2086 4134 2151 4216 8.:
2185 4158 2260 4212 Tu
2290 4160 2585 4229 quotidiana
2614 4170 2896 4230 martyrum
2926 4172 3083 4213 mater
3122 4175 3173 4213 es
3203 4172 3244 4213 et
3287 4176 3372 4235 ι’οή

162 4243 301 4291 lorum
333 4242 447 4296 linis
473 4243 688 4297 tandem
729 4243 921 4312 aliquis
949 4260 1072 4300 esse
1100 4246 1326 4313 debeat,
1356 4264 1512 4319 quam
1558 4253 1697 4307 miri~
1797 4268 1943 4305 rona.
1975 4251 2154 4305 Tract.
2184 4251 2251 4304 27
2280 4250 2372 4304 lib.
2406 4267 2471 4316 tt,
2522 4268 2575 4306 ιιι
2608 4252 2659 4315 3,
2690 4253 3082 4322 persecutionem
3112 4252 3209 4305 sub
3258 4253 3370 4304 vin-

163 4327 240 4383 liee
263 4334 424 4388 omnia
456 4338 519 4389 es
543 4336 704 4390 variis
728 4334 850 4389 licet
879 4338 1188 4393 IraCtatibus
1230 4342 1450 4396 collecta
1494 4352 1696 4413 tempo-
1798 4343 1987 4398 demite
2009 4342 2261 4411 allegoria
2312 4343 2424 4396 fuse
2452 4342 2689 4412 depingit
2718 4351 2771 4396 et
2798 4354 3056 4413 martyres
3086 4350 3364 4404 memorat,

162 4416 220 4469 ris
236 4419 407 4477 indicia
431 4426 481 4479 in
528 4425 781 4480 saeculum
813 4440 1058 4496 quartum
1106 4432 1415 4500 conSpirant
1439 4475 1454 4498 ,
1478 4442 1532 4489 ct
1574 4436 1695 4505 qui-
1798 4434 1985 4503 quibus
2006 4434 2242 4499 uiolenta,
2266 4434 2456 4503 iuqttit,
2480 4436 2698 4505 infertur
2720 4452 2920 4501 manus,
2945 4434 3139 4504 quique
3160 4434 3227 4486 ad
3247 4452 3367 4499 sup-

160 4505 256 4563 dem
275 4513 337 4568 ita
358 4526 483 4571 utes
506 4518 569 4572 iis
590 4517 695 4572 alia
719 4532 822 4573 non
847 4529 971 4575 ante
994 4522 1225 4579 medium
1250 4521 1389 4581 id'cm
1411 4529 1684 4597 sarculum,
1720 4512 1767 4573 θ
1792 4526 1936 4595 plicii
1962 4526 2130 4579 locum
2157 4527 2565 4581 deducuntur....
2583 4542 2779 4579 summa
2809 4528 3031 4580 oumium
3063 4527 3366 4578 contumelia

162 4596 238 4651 alia
288 4619 400 4661 vero
454 4624 555 4661 non
612 4611 809 4664 saeculo
862 4614 1142 4680 posteriori
1179 4618 1464 4672 Auctorem
1522 4620 1691 4688 scrip-
1795 4600 1995 4671 illusio
2044 4620 2443 4690 persecutoribus
2464 4619 2791 4690 jttgttlaulttt‘,
2816 4626 2919 4671 etc.
2946 4615 3175 4669 Tandem
3208 4623 3358 4669 tract.

161 4688 265 4745 “ne
291 4694 436 4761 plane
462 4701 819 4755 convincam!
858 4701 912 4756 In
934 4705 1161 4772 priorem
1194 4718 1395 4776 partem
1429 4751 1443 4774 ,
1491 4710 1557 4764 de
1585 4726 1688 4780 qua
1759 4697 1762 4701 i
1795 4709 1863 4763 45
1900 4688 2136 4778 ejusdem
2162 4710 2313 4763 lihri:
2342 4688 2623 4764 Autumnus
2642 4726 2837 4779 quoque
2857 4710 3085 4779 martyrii
3109 4710 3249 4763 locus
3270 4716 3360 4772 cst,

161 4789 240 4831 illa
262 4798 368 4838 cum
398 4789 635 4857 pluribus
654 4795 879 4862 quaestio
916 4803 1031 4861 est,
1059 4798 1308 4868 pleraque
1348 4817 1411 4855 ex
1446 4802 1687 4872 pluribus
1793 4804 1847 4853 in
1870 4817 1968 4866 quo
1988 4818 2087 4854 non
2110 4804 2247 4866 vitis,
2273 4803 2361 4857 sed
2383 4805 2591 4873 fossuris
2613 4805 2819 4874 sanguis
2839 4802 3136 4869 eﬁ'unditur.
3162 4799 3363 4866 Quibus

162 4874 426 4933 tractatibus
450 4884 688 4951 conjecta
728 4894 879 4939 sunt:
924 4886 991 4941 de
1020 4889 1253 4943 secunda
1283 4902 1496 4955 autem,
1530 4908 1685 4961 quam
1795 4890 1846 4944 in
1891 4890 2022 4945 locis
2060 4906 2179 4945 cum
2222 4894 2623 4961 persecutiones
2662 4887 3017 4962 et'tuartyrcs
3062 4889 3363 4942 iudicentur

161 4971 287 5051 uento
311 4964 627 5039 impugnavit
654 5016 669 5040 ,
702 4983 881 5042 aperta
906 4986 1052 5041 sunt,
1080 4993 1198 5047 qua:
1230 4994 1295 5033 ex
1327 4980 1687 5037 'l’heodosiani
1794 4963 2118 5049 pricsentes‘,
2165 4983 2271 5034 imo
2302 4992 2356 5036 et
2384 4983 2670 5050 quotidiani
2696 5023 2709 5047 ,
2758 4982 2847 5051 qui
2894 4983 2943 5033 in
2975 4988 3217 5046 quartum
3261 4993 3362 5032 sac-

160 5044 331 5106 Codicis
374 5058 572 5127 legibus
606 5063 956 5133 allegavimus
988 5065 1016 5136 §
1056 5069 1088 5121 5
1111 5108 1126 5131 ,
1161 5069 1302 5123 unde
1333 5070 1533 5125 Auctor
1558 5081 1695 5126 trac-
1795 5072 1969 5125 culum
2002 5088 2028 5124 a
2056 5073 2371 5126 Christianis
2398 5074 2804 5142 imperatoribus
2831 5079 3142 5137 occupatum
3170 5071 3363 5127 cadere

162 5142 294 5195 "illm
318 5151 587 5216 septimum
620 5152 739 5207 libri
772 5157 924 5223 primi
956 5160 1234 5227 scripsisse
1260 5163 1537 5216 statuimus
1564 5174 1689 5218 ante
1794 5178 2123 5231 nequaquam
2178 5165 2499 5229 creduntur;
2554 5164 2801 5219 Auctoris
2841 5171 2968 5215 artas
3009 5163 3072 5216 ad
3115 5178 3361 5232 persecuv

162 5239 319 5331 “fl-nn
343 5237 433 5294 591
465 5282 479 5302 ,
507 5244 649 5313 quod
694 5248 1055 5305 testimonium
1086 5251 1186 5305 etsi
1229 5252 1279 5306 in
1309 5268 1365 5307 re
1392 5256 1686 5322 praesertim
1790 5255 1989 5307 tionum
2027 5262 2231 5321 tempus
2260 5255 2529 5309 cvehenda
2560 5254 2841 5322 colligitur.
3422 5326 3425 5331 ι

164 5320 682 5414 finimecontentiosa
712 5340 843 5394 satis
889 5355 1154 5409 superque
1196 5358 1317 5397 esse
1341 5320 1565 5400 debeat:
1608 5347 1688 5398 ni-
1865 5346 1928 5396 At
1970 5320 2145 5409 primo
2182 5320 2705 5397 animadvertendum
2747 5355 2857 5409 est,
2893 5344 2944 5398 id
2974 5346 3186 5414 generis
3216 5346 3363 5403 locu.-

165 5408 248 5464 hi1“
278 5426 434 5477 “meo
461 5426 637 5482 minus
661 5428 797 5485 duas
833 5430 1326 5487 animadversiones
1356 5435 1533 5509 paucis
1562 5449 1686 5505 sug-
1793 5433 1963 5486 tiones
2004 5432 2054 5483 in
2098 5432 2213 5485 aliis
2244 5433 2413 5500 quarti
2442 5448 2652 5501 quoquc
2682 5434 2860 5488 saeculi
2891 5436 3194 5489 auctoribus
3224 5436 3359 5509 legi;

161 5511 488 5599 serereplsoet
513 5532 581 5585 es
603 5519 723 5573 aliis
744 5520 1076 5582 tractatibus,
1106 5527 1163 5573 ut
1183 5520 1452 5577 cohaerere
1496 5505 1683 5581 bmnes
1792 5524 1930 5577 inter
1957 5536 2087 5588 quas
2116 5522 2379 5576 audienda
2412 5523 2496 5575 illa
2543 5523 2725 5579 llilarii
2765 5540 2827 5579 ex
2868 5525 3268 5596 Commentario
3308 5528 3358 5584 in

162 5588 364 5697 idemlite
400 5610 600 5697 tempus
636 5622 826 5662 omnes
864 5615 1109 5679 spectare
1144 5622 1453 5679 cognoscas.
1504 5612 1684 5670 Primo
1744 5675 1749 5681 ,
1792 5614 1922 5685 psal.
1949 5628 2122 5687 cxstt,
2150 5633 2202 5669 ιι.
2234 5618 2316 5680 tt),
2347 5617 2412 5672 de
2438 5618 2670 5673 lidelium
2701 5619 2906 5688 injuriis
2932 5620 3194 5697 loquentis
3216 5590 3229 5671 τ’
3253 5618 3364 5697 Cic;
3405 5640 3411 5645 θ

163 5686 375 5755 leundas
398 5688 602 5771 nuptias
640 5700 845 5761 Auctor
887 5698 1226 5775 persequitur
1265 5702 1457 5765 acerbe
1480 5714 1545 5764 tr.
1571 5706 1604 5763 5
1628 5716 1683 5773 et
1789 5708 1981 5773 diutor,
2009 5709 2379 5782 maledicimur,
2406 5712 2666 5789 fugantur,
2688 5686 3102 5785 necimmrt‘erro,
3124 5686 3365 5791 flaminis;
