3826 6226
371 309 440 366 63

374 420 648 500 profundo,

374 483 440 583 in,
466 483 709 585 corpora:
748 508 892 562 dolor
929 503 1073 558 nobis
1111 510 1183 556 est
1224 496 1450 567 injuriis.
1492 492 1610 547 Alia
1652 483 1956 543 testimonia

375 580 572 665 vitiosis
608 610 791 657 annot.
838 598 910 653 20
959 596 1011 650 in
1051 600 1207 648 tract.
1239 590 1307 645 27
1359 589 1450 643 lib.
1483 601 1540 640 ιι.
1595 580 1731 650 Quid
1764 593 1953 651 porro,

375 702 420 758 si
458 701 589 754 falsa
622 680 851 750 inolevit
891 687 1113 760 opinio,
1157 684 1333 739 nullas
1373 686 1564 751 quarto
1603 675 1800 730 saeculo
1839 676 1959 741 per-

376 792 711 853 secutiones,
754 791 1016 853 martyres
1054 778 1228 832 nullos
1258 771 1458 829 fuisse?
1484 770 1673 825 Nonne
1697 765 1951 820 ConSIan-

379 888 452 941 tio
500 858 797 952 imperante
840 889 1033 944 magno
1077 862 1395 925 Arianorum
1442 872 1665 934 patrono
1729 857 1845 911 dira
1905 854 1956 907 in

377 949 678 1035 Catliolicos
705 972 934 1027 Nictente
964 967 1085 1021 lldei
1116 963 1426 1018 defensores
1450 951 1751 1027 persecutio
1779 949 1953 1003 desae-

374 1070 505 1135 viit,
537 1082 637 1138 qua
669 1063 760 1120 alii
787 1063 839 1118 in
870 1061 1088 1115 exilium
1117 1056 1403 1125 deportati,
1434 1049 1523 1105 alii
1546 1046 1771 1115 equuleo
1812 1040 1953 1103 torti,

377 1163 466 1218 alii
491 1131 647 1216 etiam
680 1166 852 1212 morte
892 1149 1135 1209 muletati
1175 1144 1422 1201 luerunt?
1462 1139 1595 1196 Hinc
1638 1133 1876 1220 Hilarius.
1908 1131 1959 1185 in

379 1255 514 1310 libro
542 1251 797 1305 adversus
827 1246 1191 1302 Constantium
1227 1256 1277 1293 n.
1314 1242 1365 1303 1,
1397 1230 1700 1290 Catholicos
1728 1226 1793 1281 ad
1824 1238 1964 1278 inar-

378 1346 571 1417 tyrium
598 1344 867 1405 hortatur;
895 1348 948 1392 et
973 1334 1211 1391 Liberius
1239 1332 1291 1384 in
1316 1326 1537 1398 epistola
1560 1322 1623 1377 ad
1642 1318 1964 1390 Confessam

352 1412 505 1493 ’ante
530 1437 748 1492 exilium
777 1446 930 1488 suum
960 1428 1176 1497 scripta,
1202 1439 1320 1499 quae
1344 1430 1517 1477 exstat
1540 1416 1680 1487 apud
1711 1412 1963 1467 llilarium

382 1529 517 1599 frag.
548 1528 611 1593 6,
646 1523 936 1582 lliSNEl’blS
966 1522 1130 1574 utitur
1156 1532 1211 1570 n.
1246 1516 1271 1569 1
1298 1530 1311 1568 :
1342 1512 1463 1567 Jam
1498 1510 1566 1563 ad
1599 1512 1822 1580 futuram
1852 1504 1963 1574 glo-

381 1622 512 1676 riam
541 1629 789 1689 martyres
817 1631 901 1669 vos
927 1610 1229 1682 designavit.
1264 1604 1523 1661 Similiter
1552 1600 1873 1657 Athanasius
1911 1595 1963 1649 in

382 1710 609 1780 ApOIog.
639 1687 705 1763 ad
734 1706 1013 1761 Constant.
1045 1720 1100 1757 η.
1130 1701 1224 1765 52,
1258 1712 1377 1768 pag.
1409 1695 1545 1751 516:
1584 1691 1721 1746 Nam
1747 1691 1790 1743 si
1816 1690 1852 1742 ii
1882 1687 1972 1768 qui

1700 312 1704 316 Α
1753 271 2279 333 PHOLEGOMENA.

678 418 946 474 descevitur
967 413 1019 466 in
1042 419 1267 466 nostram
1286 400 1660 465 verecundiam,
1686 394 1956 449 deswvitur
1982 398 2030 457 Α
2061 393 2112 446 1η
2140 397 2544 460 persecutorum
2573 388 2871 457 catalognm
2897 383 3017 455 jure
3046 379 3289 436 retulerit
3316 380 3669 451 Augustinus

3579 257 3663 309 fit

2048 483 2159 536 vlil).
2191 496 2326 534 xvm
2352 480 2420 534 de
2442 480 2559 534 Civ.
2593 479 2708 544 Dei,
2754 492 2874 547 cap.
2902 475 2989 531 59..
3018 472 3231 529 Juliaoo
3256 470 3667 525 interlectoan.

2048 572 2194 640 .563,
2227 580 2343 640 post
2369 570 2532 643 breve
2552 569 2761 625 Joviani
2792 567 3073 636 imperium
3104 561 3508 617 Valentinianus
3533 573 3675 614 suc-

2058 663 2255 728 cessit,
2283 663 2373 733 qui
2413 664 2642 718 subinde
2677 663 2951 716 Valentem
2982 660 3199 713 fratrem
3230 658 3282 711 itt
3316 655 3531 722 imperii
3560 670 3674 709 so-

2060 758 2308 810 cietatem
2341 756 2649 821 assumpsit.
2698 753 2795 807 llic
2814 762 2990 807 autem
3014 759 3318 821 postremus
3336 746 3680 801 Constantio

2062 850 2231 902 multo
2263 847 2634 902 vehementior
2660 846 2755 900 fuit
2780 847 2830 899 in
2862 843 3393 899 tuenda'Arianorum
3420 840 3633 896 lucresi
3656 881 3676 907 ,

2063 941 2271 1009 lideque
2293 938 2556 994 catholica
2581 936 2932 1009 oppugnanda
2960 952 3055 1005 per
3076 935 3345 989 Orientem
3364 976 3378 1000 ,
3404 934 3490 989 cui
3522 946 3683 1000 prae—

2062 1042 2212 1095 erat;
2254 1032 2321 1087 de
2361 1047 2463 1101 q::a
2504 1032 2883 1101 persecutione
2917 1028 3247 1099 Augustinus
3280 1026 3475 1083 eodem
3519 1026 3683 1082 libro

2064 1140 2183 1193 cap.
2217 1123 2317 1188 52,
2362 1125 2478 1177 haec
2518 1123 2716 1190 scripta
2758 1122 3008 1191 reliquit:
3046 1119 3313 1175 Postremo
3342 1130 3520 1173 nostra
3551 1135 3683 1173 nie-

2064 1215 2230 1268 moria
2268 1212 2456 1268 Valens
2485 1251 2498 1266 .
2529 1253 2543 1266 .
2578 1254 2591 1263 .
2622 1213 2844 1266 Arianus
2867 1254 2880 1276 ,
2912 1228 3078 1266 nonne
3103 1228 3288 1283 magna
3317 1194 3687 1282 persecutione

2065 1324 2156 1377 per
2180 1303 2404 1361 Uiientis
2427 1316 2597 1378 partes
2639 1305 2943 1358 catholicam
2971 1303 3180 1358 vastavit
3201 1304 3353 1373 fidem
3375 1319 3391 1367 ;
3416 1314 3468 1356 et
3491 1301 3591 1356 lib.
3640 1316 3685 1355 ιι

2066 1412 2251 1458 contra
2283 1400 2488 1453 litteras
2513 1398 2756 1454 l’etiliani
2786 1416 2839 1453 n.
2869 1397 3009 1455 206:
3044 1398 3288 1465 Qucerant
3314 1387 3439 1465 quid
3470 1394 3684 1448 Catho-

2069 1496 2166 1550 lica
2206 1497 2259 1549 in
2287 1493 2494 1549 Oriente
2534 1510 2774 1567 perpessa
2804 1495 2889 1556 sit,
2922 1492 3126 1563 quando
3162 1491 3352 1546 Valens
3383 1490 3691 1559 imperabat

2066 1591 2311 1644 Arianus.
2348 1589 2481 1643 Hinc
2526 1588 2713 1658 procul
2744 1587 2907 1642 dubio
2939 1586 2996 1643 S.
3032 1587 3351 1639 Ambrosius
3383 1583 3476 1638 lib.
3532 1598 3575 1636 ιι
3613 1579 3693 1635 de

2071 1682 2222 1747 Fide,
2251 1697 2371 1752 eap.
2404 1680 2493 1747 16,
2518 1680 2921 1751 persecutiones
2941 1677 3250 1748 appellans.
3277 1691 3408 1745 quas
3430 1675 3496 1728 ab
3521 1674 3695 1727 Aria-

383 1767 625 1857 advers‘us
656 1817 736 1855 me
757 1795 1067 1853 subscribere
1088 1767 1416 1856 recusabant,
1447 1798 1518 1840 tot
1543 1786 1793 1853 tantisque
1815 1780 1961 1834 malis
1992 1782 2038 1841 Β
2069 1793 2260 1841 norum
2292 1774 2511 1844 perlidia
2532 1816 2547 1840 ,
2582 1774 2832 1828 nimirum
2861 1772 2960 1826 sub
2989 1768 3305 1824 Constantio
3336 1779 3391 1824 et
3424 1767 3694 1832 Valente,

352 1962 354 1966 τ
384 1906 500 1950 sunt
527 1892 735 1960 a/I'ecti;
760 1892 804 1945 si
834 1889 977 1951 laici,
1008 1888 1091 1955 qui
1117 1901 1229 1938 cum
1257 1880 1461 1935 Arionis
1485 1876 1852 1941 communicare
1874 1889 1966 1925 no-

298 2034 301 2035 ν
387 1988 621 2053 luerunt,
649 1984 829 2052 capitis
854 1978 1080 2034 danmati
1101 1986 1251 2043 sunt,
1282 1984 1384 2029 etc.
1412 1971 1616 2039 Quibus
1639 1967 1829 2023 similia
1857 1973 1968 2019 tra-

380 2080 523 2135 dens
554 2076 784 2132 Hilarius
812 2075 862 2128 in
892 2073 1024 2151 libro
1056 2068 1311 2124 adversus
1335 2062 1703 2119 Consumtium
1732 2103 1746 2123 ,
1776 2074 1829 2112 η.
1867 2057 1924 2110 li
1953 2097 1969 2123 ,
2012 2120 2015 2123 _

391 2172 677 2246 Tolosatue
720 2167 972 2224 Ecclesiae
1016 2163 1224 2219 clericos
1262 2158 1476 2231 fustibus
1513 2171 1703 2219 ctesos,
1734 2152 1974 2205 diacones

391 2242 598 2335 plumbo
632 2262 780 2316 elisos
809 2267 1055 2314 testatur.
1088 2256 1200 2311 Huc
1230 2250 1541 2309 revocanda:
1581 2248 1685 2302 illae
1722 2244 1895 2301 caedes
1922 2242 1974 2296 in

392 2354 749 2411 Alexandrina
771 2350 1005 2408 Ecclesia
1024 2346 1251 2418 Georgio
1277 2345 1558 2400 invadente
1576 2348 1823 2412 peractae,
1845 2352 1977 2407 quas

390 2444 717 2502 Athanasius
758 2440 1106 2497 considerans
1144 2438 1196 2492 in
1239 2436 1393 2504 epist.
1425 2434 1489 2487 ad
1518 2430 1887 2491 Ortltodoxos,
1918 2443 1979 2481 ne

376 2536 581 2600 ,multus
625 2536 721 2589 sint
763 2534 815 2585 in
843 2529 1122 2594 scribendo,
1151 2528 1339 2598 inquit,
1364 2524 1641 2595 persecutio
1665 2522 1827 2588 adest,
1855 2536 1981 2590 qua-

312 2675 317 2681 .
393 2629 454 2683 lis
478 2643 751 2697 numquam
772 2635 920 2679 antea
946 2625 1184 2677 adversus
1205 2620 1489 2675 Ecclesium
1511 2618 1683 2672 oborta
1704 2626 1810 2681 est;
1840 2613 1981 2668 unde

394 2720 853 2778 eminentissimus
879 2716 1160 2771 Annalium
1190 2729 1382 2783 parens
1410 2710 1695 2790 cardinalis
1724 2708 1982 2761 Baronius

397 2816 461 2871 iis
520 2815 702 2871 relatis
742 2828 859 2882 quae
897 2810 965 2865 ad
1012 2805 1774 2878 Constantii'persecutionem
1820 2801 1980 2873 perti—

322 2964 323 2967 η
398 2918 521 2963 nent
544 2948 556 2971 ,
582 2907 702 2973 jure
725 2902 991 2960 concludit
1017 2918 1068 2955 η,
1098 2902 1186 2964 87,
1236 2900 1299 2953 ad
1353 2916 1439 2952 an.
1469 2897 1607 2951 555:
1640 2894 1722 2948 Er;
1746 2895 1840 2959 iis,
1868 2907 1981 2963 qua:

398 3001 534 3054 dicta
564 3008 679 3053 sunt
709 2996 769 3050 de
806 2995 1140 3066 quarumdam
1174 2992 1512 3046 Ecclesiarum
1543 2988 1828 3051 vexatione,
1859 2983 1984 3056 quid

399 3102 593 3145 creterra
631 3106 794 3160 passa:
832 3091 959 3154 sint,
1014 3088 1125 3141 licet
1158 3086 1324 3153 potius
1352 3084 1635 3137 existimare
1666 3095 1815 3149 quant
1854 3078 1978 3131 scri-

2078 1870 2341 1925 Catholici
2374 1869 2514 1938 passi
2548 1878 2703 1929 sunt,
2749 1883 2802 1919 th
2835 1865 2941 1919 H0
2972 1864 3050 1918 sic
3100 1862 3363 1932 loquitur:
3398 1859 3523 1913 Non
3557 1858 3697 1912 libet

2072 1962 2419 2031 confessorum
2451 1976 2616 2023 neces,
2646 1967 2917 2025 tormenta,
2943 1955 3097 2009 exilia
3122 1952 3413 2019 recordari,
3444 1960 3496 2006 et
3524 1966 3694 2005 num.

2076 2057 2172 2110 1-11
2202 2072 2216 2107 :
2250 2053 2354 2125 Sed
2372 2055 2485 2124 jam
2511 2052 2634 2105 satis
2663 2064 2931 2118 superque,
2962 2047 3278 2118 omnipotens
3306 2042 3465 2109 Deus,
3499 2050 3699 2095 nostro

2074 2148 2228 2203 exitio
2257 2156 2530 2215 nostroque
2553 2146 2802 2213 sanguine
2830 2141 3176 2210 confessorum
3204 2155 3347 2192 neces
3368 2179 3384 2204 ,
3411 2137 3571 2191 exilia
3601 2152 3701 2189 sa—

2081 2241 2348 2293 cerdotum
2369 2278 2383 2302 ,
2414 2246 2462 2290 et
2488 2240 2635 2305 nefas
2663 2217 2818 2287 luntre
2842 2233 3116 2303 impietatis
3141 2232 3378 2293 clnimus,
3407 2228 3554 2283 bello
3584 2229 3703 2282 sci-

2081 2332 2207 2387 licet
2245 2329 2499 2392 Gotltico,
2539 2343 2605 2382 ex
2647 2342 2753 2397 quo
2796 2335 2939 2380 tanta
2981 2327 3031 2378 in
3061 2312 3361 2378 Romanum
3395 2321 3701 2391 imperium

2082 2424 2352 2496 pernicies
2378 2421 2644 2483 manavit;
2676 2428 2731 2474 et
2757 2418 2848 2473 lib.
2883 2433 2937 2473 Ill
2976 2417 3042 2472 de
3067 2416 3221 2481 Fide,
3268 2430 3388 2484 cap.
3418 2414 3504 2477 15,
3533 2430 3703 2471 num.

2081 2516 2215 2572 ηδε
2255 2514 2466 2568 Librum
2510 2511 2875 2567 sacerdotalem
2921 2509 3007 2581 (id
3049 2516 3132 2563 est
3170 2508 3438 2563 Nicaanam
3485 2503 3702 2573 ﬁdem)

2082 2608 2195 2679 quis
2234 2615 2461 2660 nostrum
2490 2605 2750 2673 resignare
2779 2601 3001 2665 audeat,
3032 2600 3293 2671 signatum
3319 2604 3349 2650 ὰ
3378 2597 3706 2667 confessori-

2085 2700 2197 2767 bus,
2227 2711 2274 2755 et
2302 2702 2577 2754 multorum
2598 2701 2710 2771 jam
2738 2694 2983 2765 martyrio
3009 2690 3395 2747 consecratum?
3421 2706 3572 2757 quem
3604 2728 3619 2742 .
3645 2729 3660 2741 .
3687 2728 3699 2740 .

2082 2794 2168 2865 qui
2194 2795 2381 2847 violare
2408 2808 2509 2845 non
2535 2792 2645 2844 ausi
2673 2799 2818 2848 sunt,
2847 2790 3160 2859 confessores
3187 2796 3230 2838 et
3254 2774 3502 2853 martyres
3530 2782 3673 2835 exsti
3689 2812 3701 2820 ο

2084 2894 2270 2939 terunt.
2299 2882 2566 2950 Quomodo
2598 2882 2747 2951 fidem
2772 2896 2943 2933 eorum
2972 2893 3240 2946 possumus
3270 2876 3538 2945 denegare,
3566 2888 3708 2944 quo—

2086 2994 2202 3031 rum
2234 2977 2499 3039 victoriam
2534 2973 2915 3042 pra'dicamus?

2160 3070 2292 3123 Dum
2326 3066 2526 3121 Valens
2566 3064 2799 3119 Arianus
2830 3066 2881 3117 in
2912 3060 3129 3117 Oriente
3170 3057 3475 3113 Catltolicos
3510 3071 3710 3127 perse-

402 3185 553 3239 bere:
596 3184 640 3237 si
683 3182 813 3237 enim
853 3192 922 3235 tot
960 3190 1195 3247 tantaque
1232 3194 1338 3231 esse
1376 3184 1739 3238 memorantur,
1784 3186 1897 3243 qua:
1930 3186 1991 3223 ex
2019 3172 2064 3234 ρ
2094 3162 2379 3232 quebatur.
2430 3159 2775 3229 Atltalaricus
2815 3156 3114 3234 Gothorum
3162 3169 3253 3209 rex
3303 3153 3356 3205 in
3399 3151 3708 3205 Occidente

402 3276 715 3329 diverrorum
741 3284 1023 3342 temporum
1071 3274 1373 3339 scriptorum
1428 3267 1723 3339 fragmentis
1777 3263 1989 3317 collecta

404 3384 563 3437 nuper
590 3365 960 3427 recensuimus;
1005 3364 1175 3432 qualia
1206 3372 1450 3431 quantove
1480 3360 1672 3428 reliqua
1703 3356 1861 3426 fuisse
1892 3372 1987 3421 pu-

404 3460 559 3514 tanda
580 3468 703 3513 sunt
746 3474 859 3529 qua:
882 3457 1301 3526 sepulta’silentio
1326 3462 1691 3510 remanserunt.
1717 3467 1829 3503 cum
1854 3450 1897 3503 si
1920 3449 1995 3501 vel

406 3551 561 3605 unius
588 3548 853 3613 Ecclesite,
880 3548 960 3601 cui
988 3547 1267 3601 catholicus
1292 3548 1342 3599 in
1368 3544 1717 3598 communione
1748 3526 1996 3594 catholica

404 3642 525 3696 cleri
539 3638 654 3712 [ιι]
672 3652 822 3711 atque
839 3639 1017 3709 populi
1034 3650 1264 3708 prwesset
1282 3637 1584 3706 Episwpus,
1599 3650 1677 3687 res
1698 3632 1997 3699 conscriptce

414 3734 654 3805 fuissent,
691 3732 883 3803 grande
909 3714 1135 3784 volumen
1164 3745 1226 3782 ex
1253 3728 1409 3782 illatis
1440 3726 1501 3781 ab
1531 3725 1736 3779 Arionis
1767 3722 1998 3777 cladibus

406 3824 583 3896 procul
613 3824 764 3877 dubio
794 3822 1009 3893 diligens
1040 3821 1307 3875 historicus
1336 3820 1651 3890 confecisset.

483 3914 682 3970 Deinde
712 3915 899 3969 eodem
953 3913 1267 3969 Constantio
1324 3907 1620 3981 imperante
1659 3908 1831 3978 Sapor
1870 3907 2000 3961 Pcr-

409 4023 587 4061 sarmn
616 4023 709 4061 rex
730 4006 991 4062 Romanis
1018 4005 1239 4060 infestus
1266 4020 1509 4076 magnam
1533 4001 1795 4057 adversus
1817 4000 2002 4054 Chris-

413 4102 585 4153 tianos
616 4099 1041 4166 persecutionem
1071 4100 1393 4163 commovit,
1422 4098 1473 4150 in
1504 4086 1607 4167 qua
1637 4095 1789 4165 plura
1816 4093 1999 4147 Chris-

414 4193 687 4246 tianorum~
714 4191 876 4244 millia
908 4189 1186 4256 obierunt,
1220 4190 1545 4258 Hieronymo
1587 4196 1722 4242 teste
1751 4187 1803 4239 in
1833 4186 2001 4240 (λιιι-υς

414 4284 555 4339 nico.
587 4282 918 4339 Sozomenus
949 4284 1039 4337 lib.
1073 4300 1140 4349 ιι,
1171 4298 1200 4337 a
1231 4284 1404 4353 capite
1438 4282 1611 4353 primo
1640 4280 1705 4336 ad
1733 4279 2000 4335 decimum

414 4377 663 4442 tertium,
700 4376 836 4429 hanc
868 4376 1289 4445 persecutionem
1320 4376 1436 4430 fuse
1464 4375 1753 4439 describit,
1791 4374 1999 4443 plures-

414 4484 519 4538 que
547 4485 576 4521 e
604 4467 928 4537 martyribus
958 4467 1224 4531 nominat,
1259 4468 1310 4521 in
1339 4483 1510 4539 eoque
1545 4467 1885 4523 solummodo
1915 4480 1999 4519 er-
2032 4518 2033 4521 η

2093 3266 2280 3311 contra
2304 3254 2525 3310 eosdem
2552 3252 2841 3323 pugnabat.
2867 3250 3136 3304 Habemus
3164 3247 3324 3301 etiam
3357 3261 3497 3298 nunc
3555 3260 3708 3314 pra-—

2096 3348 2459 3402 snantissimas
2500 3344 2761 3399 Ecclesite
2799 3342 3041 3398 Gothica:
3083 3341 3286 3394 litteras
3307 3338 3370 3391 ad
3399 3336 3707 3391 Ecclesium

2095 3440 2469 3511 Cappadocem
2516 3437 2746 3506 scriptas
2784 3450 2927 3489 anno
2965 3432 3104 3497 572,
3147 3431 3197 3486 in
3228 3431 3418 3501 quibus
3450 3428 3507 3483 S.
3542 3429 3711 3484 Salue

2099 3536 2418 3608 martyrium
2441 3533 2783 3589 describitur.
2827 3531 2901 3585 De
2934 3529 3030 3583 hac
3074 3526 3448 3598 persecutione
3476 3540 3505 3576 a
3538 3523 3709 3577 variis

2098 3632 2304 3685 coaxvis
2346 3624 2658 3681 auctoribus
2700 3624 2938 3685 lirmata,
2964 3636 3191 3690 quorum
3215 3617 3519 3673 testimonia
3563 3600 3707 3669 Rui-

2104 3725 2310 3776 nartius
2341 3722 2392 3774 in
2420 3730 2537 3774 acta
2567 3719 2623 3773 S.
2651 3717 2807 3772 Saba:
2835 3713 3085 3786 martyris
3112 3712 3339 3782 allegat,
3368 3708 3709 3779 Augustinus
3747 3776 3754 3784 .

2102 3816 2195 3869 lib.
2249 3830 2383 3869 xvut
2421 3814 2487 3867 de
2507 3810 2737 3865 Civitate
2763 3808 2876 3873 Dei,
2900 3816 3019 3877 cap.
3044 3802 3542 3871 52,haecscripsit:
3583 3798 3709 3854 Non

2102 3918 2173 3963 est
2212 3907 2491 3978 persecutio
2533 3903 2913 3975 computanda,
2954 3899 3157 3969 quando
3196 3913 3286 3952 rea:
3324 3894 3613 3950 Gothorum
3655 3893 3707 3945 in

2105 4002 2215 4072 ipsa
2239 4000 2426 4054 Gothia
2456 4005 2750 4065 persecutus
2779 4004 2850 4048 est
2873 3992 3193 4047 Christianos
3219 3989 3517 4043 crudelitate
3543 3988 3710 4039 mira-

2104 4096 2228 4161 bili,
2257 4111 2373 4146 cum
2400 4094 2467 4145 ibi
2498 4108 2595 4145 non
2621 4098 2785 4144 essent
2812 4088 2911 4141 nisi
2936 4084 3221 4148 Catholici,
3248 4097 3459 4151 quorum
3488 4080 3710 4152 plurimi

2105 4192 2354 4263 martyrio
2381 4188 2609 4243 coronati
2638 4184 2795 4241 sunt?
2825 4184 3089 4238 Praeterea
3130 4176 3465 4234 Christianos
3505 4175 3706 4231 barba-

2108 4301 2292 4343 rorum
2317 4283 2531 4338 illorum
2555 4281 2794 4350 captivos
2809 4277 3060 4331 idolorum
3082 4273 3349 4345 contagiis,
3374 4280 3509 4325 metu
3524 4270 3708 4335 mortis

2107 4381 2399 4451 inquinatos
2424 4376 2710 4430 didicimus
2765 4388 2829 4427 ex
2860 4369 3178 4433 Ambrosio,
3221 4366 3311 4420 lib.
3357 4381 3394 4419 ll
3425 4364 3492 4418 de
3520 4362 3706 4426 Ollio,

2108 4488 2228 4543 cap.
2260 4471 2352 4536 28,
2381 4480 2435 4524 et
2461 4485 2527 4523 ex
2556 4468 2638 4521 his
2664 4480 2757 4521 eos
2786 4463 2943 4518 morti
2972 4460 3190 4516 allectos
3217 4457 3587 4526 intelligimus,
3616 4453 3709 4524 qui

415 4571 491 4615 rat
514 4604 526 4623 ,
552 4560 693 4629 quod
723 4558 869 4613 illam
892 4558 958 4614 ad
978 4560 1310 4615 Constantini
1340 4574 1509 4615 aevum
1540 4563 1753 4625 rel'erat,
1783 4559 1909 4613 dum
1937 4575 1975 4614 et

2147 4564 2418 4619 lit-istiana:
2448 4560 2569 4615 ﬁdei
2602 4574 2706 4614 non
2737 4554 3151 4620 valedixissent",
3185 4566 3284 4605 nec
3325 4548 3482 4604 idolis
3510 4548 3709 4603 immo—

415 4653 700 4719 autiquiori
726 4652 1034 4724 Hieronymi
1066 4654 1370 4707 testimonio
1384 4654 1610 4723 aliisque
1635 4668 1665 4707 a
1691 4650 1902 4708 Vale'sio
1919 4652 2012 4706 ad-

416 4747 592 4800 ductis
634 4747 685 4800 in
730 4747 1008 4802 notatione
1047 4747 1113 4803 ad
1144 4756 1302 4817 caput
1355 4749 1420 4801 15
1455 4747 1790 4815 exploratum
1818 4754 1927 4807 est,
1962 4746 2013 4799 id

415 4842 630 4911 generis
661 4841 1083 4908 persecutionem
1117 4824 1346 4909 coepisse
1385 4854 1471 4895 an.
1505 4841 1627 4904 347,
1663 4839 1977 4911 productam

418 4950 522 5005 que
566 4933 736 4989 fuisse
780 4948 947 5003 usque
988 4934 1054 4986 ad
1097 4933 1258 5002 Regis
1298 4934 1415 5003 ejus
1456 4928 1714 4999 mortem,
1743 4932 1831 5002 qui
1862 4930 2006 4985 diem

324 5080 330 5085 .
419 5027 552 5081 obiit
580 5042 669 5080 an.
705 5027 827 5091 380,
860 5029 934 5079 uti
969 5024 1275 5079 Ruinartius
1306 5025 1357 5079 in
1390 5026 1526 5079 Actis
1555 5024 1768 5077 sincetis
1809 5024 2004 5078 rectis-

421 5120 553 5173 sime
605 5121 822 5188 probat,
852 5120 937 5174 ubi
964 5130 1152 5188 przeter
1181 5128 1472 5174 memorata
1501 5135 1529 5173 a
1556 5120 1857 5174 Sozomeno
1883 5117 2017 5170 alio-

424 5227 537 5266 rmn
586 5225 702 5264 aeta
743 5222 1041 5283 martyrum
1088 5228 1149 5267 ea
1194 5214 1244 5266 in
1287 5213 1662 5282 persecutione
1711 5211 2015 5267 functorum

427 5302 756 5373 suppeditat.

494 5405 860 5460 Constantium
891 5407 1133 5463 Julianus
1164 5408 1405 5478 excepit,
1435 5408 1523 5477 qui
1565 5406 1772 5461 tametsi
1816 5403 2014 5458 nullam

429 5498 480 5552 in
521 5497 856 5554 Christianos
893 5512 1130 5569 apertam
1174 5503 1604 5571 persecutionem
1645 5499 1869 5563 indixit,
1912 5511 2019 5549 non

429 5590 582 5659 pauci
614 5600 788 5645 tamen
812 5634 825 5657 ,
857 5594 973 5663 ipso
1000 5594 1332 5665 imperante,
1361 5595 1604 5667 martyrii
1638 5594 1863 5661 palmam
1892 5603 2023 5645 con-

431 5683 598 5738 secuti
639 5684 932 5752 probantur
959 5703 1024 5743 ex
1072 5690 1135 5743 iis
1165 5692 1295 5743 actis
1341 5706 1462 5758 qua:
1494 5687 1738 5742 laudatus
1791 5684 2021 5738 Ruinar-

433 5776 537 5829 tius
567 5776 705 5830 inter
732 5776 937 5834 sincera
967 5780 1163 5849 publici
1188 5782 1325 5848 juris
1353 5781 1514 5848 fecit;
1542 5787 1602 5834 ut
1629 5779 1775 5835 illum
1806 5772 2028 5846 proinde

2118 4657 2344 4712 lassent.

2186 4745 2423 4800 Tandem
2447 4741 2643 4811 Pagani
2665 4754 2784 4795 cum
2808 4737 2892 4792 vel
2919 4738 3298 4806 imperatorum
3324 4731 3599 4798 mandato,
3626 4729 3709 4783 vel

2112 4839 2540 4896 CliriStiauorum
2582 4834 2718 4896 zelo,
2766 4830 2960 4898 templa
3004 4828 3267 4883 idolorum
3309 4824 3509 4890 everti,
3539 4824 3711 4879 simu-

2110 4936 2255 4990 lacra
2283 4931 2571 4988 comminui
2593 4972 2607 4996 ,
2634 4927 2718 4983 vel
2748 4927 2905 4981 etiam
2940 4925 3266 4995 prepiuqnos
3299 4920 3464 4975 veteri
3520 4934 3710 4989 super-

2117 5030 2339 5084 stitione
2369 5025 2551 5080 relicta
2578 5022 2795 5077 Christo
2824 5033 3018 5074 nomen
3050 5017 3178 5072 dare
3200 5060 3212 5083 ,
3241 5014 3448 5084 sibique
3476 5012 3711 5082 quodam

2117 5120 2278 5175 modo
2307 5118 2443 5187 eripi
2476 5116 2757 5178 viderunt,
2802 5127 2977 5167 nonne
3009 5110 3187 5163 lurore
3216 5107 3446 5177 quodam
3481 5102 3706 5175 perciti,

2117 5213 2383 5269 seditione
2412 5207 2579 5267 facta.
2613 5209 2665 5263 in
2694 5208 3026 5285 Christianos
3051 5202 3317 5274 quoslibet
3346 5203 3605 5269 impetum
3635 5196 3711 5251 fe-

2119 5324 2264 5374 cere,
2298 5307 2583 5377 pluresque
2614 5298 3034 5357 interfecerunt?
3064 5297 3335 5366 Legantur
3360 5302 3476 5347 acta
3508 5301 3710 5362 marty-

2120 5418 2237 5459 rum
2268 5398 2665 5456 Anauneasium
2695 5393 2978 5463 Vigiliique
3000 5388 3300 5445 Trldentini
3328 5385 3591 5455 episcopi,
3619 5381 3707 5451 qui

2121 5495 2223 5550 sub
2241 5494 2396 5550 tinem
2412 5506 2621 5561 quoque
2645 5481 3028 5555 Stecnli'quarti
3059 5484 3111 5537 in
3138 5481 3368 5535 tioitimo
3393 5477 3709 5533 Tridentino

2123 5587 2254 5659 agro
2276 5604 2303 5643 a
2328 5586 2552 5656 Paganis
2574 5582 2737 5638 occisi
2776 5589 2918 5633 sunt.
2968 5577 3081 5630 Huc
3102 5581 3351 5644 spectant.
3379 5571 3466 5627 illa
3487 5569 3545 5625 S.
3580 5572 3711 5626 Am-

2134 5677 2459 5751 brosii[t.x1]
2480 5679 2517 5731 l.
2543 5695 2561 5732 1
2590 5676 2657 5731 de
2696 5672 2901 5729 Ollioiis
2931 5669 3318 5731 ministrorum,
3345 5681 3394 5719 c.
3424 5662 3515 5727 42,
3535 5680 3587 5718 n.
3610 5660 3707 5716 17ε

2136 5773 2420 5831 ῗῖλιεηιιαοη
2452 5770 2603 5823 etiam
2632 5782 2766 5833 reor,
2799 5779 2860 5816 ne
2885 5762 3006 5815 dum
3038 5760 3195 5829 aliqui
3228 5757 3382 5811 nimia
3410 5755 3589 5826 gloria:
3614 5768 3703 5806 cu-
