3826 6226
158 224 245 282 es
919 222 1366 283 DISSERTATIO
1407 225 1449 290 ι,
1492 224 1581 281 DE
1619 222 1677 280 s.
1720 210 2008 281 ZENONIS
2046 223 2294 282 TRACT.
2340 224 2429 283 ET
2469 225 2746 284 ίΕΤΑΤε.
3001 220 3003 225 ’
3394 231 3464 288 66

154 342 419 410 piditite,
450 342 761 397 insolentius
786 344 1059 398 abutantur
1086 340 1441 411 potestatibus,
1469 349 1517 395 et
1546 340 1773 405 plerum-
1797 342 1845 399 Α
1877 341 2079 395 minum
2104 341 2271 395 movit
2293 341 2504 397 Eusebii
2533 342 2947 414 llieronymique
2987 340 3283 407 silentium,
3315 342 3468 399 facile

150 452 265 501 que
290 450 498 488 aversos
523 452 557 488 a
582 433 728 488 nobis
753 436 947 488 animos
972 431 1250 486 Gentilium
1272 433 1325 485 in
1349 431 1522 485 studia
1548 448 1783 503 persecu-
1889 431 2039 507 [Lm]
2063 435 2407 506 expungitur.
2444 436 2706 492 Eusebius
2736 436 2877 491 enim
2901 435 2968 490 de
2998 434 3213 489 Zunonc
3238 450 3340 489 non
3371 450 3469 505 po-

153 527 331 579 tionis
358 526 581 580 excitent
611 537 763 597 atque
790 527 1106 595 inﬂamment
1133 524 1202 577 ad
1227 524 1567 578 iracundiam.
1602 522 1783 594 Itaque
1887 527 1984 580 tuit
2023 528 2165 584 scrib
2186 545 2281 593 're,
2314 516 2435 583 cum
2469 530 2512 582 is
2535 529 2808 600 aliquanto
2841 538 2961 597 post
2992 528 3205 583 Eusebii
3253 537 3467 584 tetatent

150 620 251 674 illi
277 630 336 674 ut
366 635 689 690 perseverare
710 620 906 688 possint
924 660 938 684 ,
967 629 1012 672 et
1038 618 1293 689 supplicia
1318 618 1535 683 vincere,
1564 629 1783 689 quantos
1885 616 2147 673 ﬂoruerit.
2176 619 2295 687 Ipse
2327 634 2454 675 vero
2481 619 2857 693 Hieronymus,
2900 622 2987 693 qui
3018 621 3086 676 de
3113 622 3469 691 scriptoribus

155 714 345 783 perire
368 714 564 785 faciunt
580 713 728 767 ."ubi
758 720 1131 783 persecutores
1151 721 1206 767 et
1229 721 1495 785 martyres
1519 712 1804 770 indicatos
1886 710 2265 783 eccleSi'aslicis
2307 712 2608 783 catalogum
2654 714 2823 769 texuit
2850 729 2939 769 an.
2984 713 3108 780 592,
3152 714 3310 787 paulo
3352 724 3470 789 post

155 807 349 861 vides.
376 806 510 875 Qua:
533 805 694 862 verba
721 805 1090 876 proculdubio
1116 808 1517 875 persecutiones
1540 796 1783 876 spccfant
1886 804 2055 859 nostri
2093 805 2383 876 Scriptoris
2422 806 2629 861 obitum
2657 848 2672 871 ,
2717 808 3124 877 responsionem
3166 809 3299 863 satis
3348 807 3466 863 ido-

156 900 443 956 excitatas
473 916 500 953 a
534 899 814 954 catholicis
844 900 1163 969 quibusdam
1196 898 1442 966 clericis,
1475 899 1559 955 vel
1590 914 1778 955 moua-
1886 912 2041 952 neam
2068 897 2377 967 suppeditat
2400 897 2452 953 in
2484 898 2723 969 eju~dem
2749 900 2928 970 operis
2962 901 3203 972 prologo,
3238 899 3326 955 ubi
3352 900 3469 970 plu-

157 993 294 1050 chis
313 1036 330 1060 ,
356 994 446 1063 qui
474 994 601 1049 dum
628 993 791 1048 nimio
816 990 1139 1049 Christianae
1170 987 1445 1065 religionis
1468 990 1589 1051 Zelo
1616 1004 1783 1064 potes-
1887 1008 1974 1050 res
2004 993 2299 1063 praesertim
2344 992 2392 1049 id
2422 995 2594 1050 mtatis
2634 995 2923 1065 scriptores
2951 994 3207 1051 omissum
3237 995 3300 1050 iri
3332 1010 3471 1065 prac-

160 1097 309 1140 lates
342 1086 602 1142 adversus
628 1085 899 1140 idolorum
935 1088 1128 1157 templa
1152 1128 1166 1152 ,
1202 1087 1253 1141 in
1291 1086 1512 1143 Oriente
1555 1101 1782 1155 prtcser-
1835 1112 1838 1115 λ
1883 1083 2141 1150 sentiens,
2164 1100 2230 1139 ne
2268 1084 2341 1143 ob
2370 1083 2421 1139 id
2462 1084 2513 1139 iu
2547 1085 2797 1139 invidiam
2836 1084 3207 1150 devocaretur,
3256 1086 3336 1140 his
3375 1101 3464 1140 se-

162 1181 310 1242 tim.
339 1179 777 1245 commovebant,
799 1178 1053 1236 Gentium
1080 1178 1782 1252 indignationem'advcrsns
1884 1191 1942 1232 se
1988 1176 2165 1231 verbis
2194 1186 2453 1232 excusat:
2488 1176 2548 1231 Si
2594 1177 2680 1248 qui
2728 1187 2898 1230 autem
2943 1176 3007 1230 de
3054 1177 3133 1232 his
3177 1179 3263 1248 qui
3310 1194 3466 1247 usque

160 1270 524 1327 Christianos
543 1272 899 1341 concitarunt,
921 1271 972 1325 in
995 1272 1191 1342 quibus
1216 1273 1423 1341 aliquos
1448 1271 1661 1343 quidem
1688 1285 1784 1340 per
1885 1270 2037 1325 hodie
2076 1254 2395 1338 scriptitarit,
2434 1288 2467 1325 a
2508 1286 2587 1324 me
2622 1272 2677 1325 in
2704 1270 2800 1326 hoc
2840 1272 3090 1326 columine
3140 1271 3469 1343 prwtemtissi

163 1367 294 1421 haec
337 1361 580 1438 tempera
604 1381 647 1441 .a
696 1364 925 1436 Pagauis
966 1367 1293 1422 tumultuose
1332 1366 1783 1421 concurrentibus
1885 1373 2001 1417 sunt
2032 1405 2047 1429 ,
2081 1362 2177 1417 sibi
2206 1364 2370 1436 magis
2407 1381 2559 1432 quam
2608 1365 2732 1419 mihi
2776 1364 3023 1420 debebunt
3058 1366 3328 1437 imputare.
3360 1363 3470 1419 Ne-

162 1461 395 1517 occisos
422 1461 564 1516 sacri
596 1459 829 1515 Annales
866 1468 1148 1515 testantur.
1183 1460 1311 1515 Post
1342 1468 1421 1515 tot
1454 1460 1788 1528 persecutio-
1885 1474 1983 1529 que
2007 1457 2145 1511 enim
2191 1456 2411 1512 celantes
2442 1459 2630 1529 scripta
2670 1475 2763 1513 sua
2802 1458 2864 1513 de
2906 1458 3007 1524 Itis,
3038 1459 3125 1529 qui
3153 1459 3299 1529 longe
3327 1469 3463 1521 sunt,

166 1568 308 1607 num
338 1551 518 1623 quarti
545 1551 727 1615 satculi
761 1553 1064 1607 testimonia
1092 1552 1212 1621 quis
1242 1552 1646 1622 persecutiones
1699 1550 1784 1605 vel
1887 1565 2036 1603 nosse
2081 1549 2241 1619 potui,
2275 1559 2321 1603 et
2363 1549 2501 1619 quod
2531 1551 2648 1604 aliis
2672 1551 2887 1621 forsitan
2935 1551 2999 1604 sit
3039 1558 3235 1613 notum,
3266 1549 3390 1603 mihi
3416 1551 3470 1603 in

169 1653 459 1715 martyres
498 1642 700 1721 aliquot
745 1642 798 1697 iu
844 1643 1162 1721 tractatibus
1206 1644 1275 1698 ab
1320 1645 1556 1699 Auctore
1602 1652 1784 1698 nostro
1888 1641 1982 1695 hoc
2009 1651 2257 1695 terrarum
2287 1642 2473 1713 angulo
2502 1643 2654 1712 fuerit
2687 1644 2936 1713 ignotum.
2962 1641 3107 1697 Certe
3131 1659 3247 1696 cum
3272 1643 3473 1713 scriptis

166 1750 517 1795 memoratos
562 1718 750 1809 urgere
790 1738 1021 1808 amplius
1060 1718 1228 1802 ausit.
1259 1748 1315 1792 ut
1347 1747 1535 1794 contra
1566 1738 1787 1793 eviden—
1815 1745 1861 1805 Β
1890 1733 1998 1788 suis
2026 1730 2326 1799 claruerint,
2358 1750 2463 1787 non
2501 1750 2809 1805 magrwpere
2849 1736 3011 1789 nostri
3055 1735 3245 1813 silentii
3266 1735 3475 1811 dispen-

169 1834 394 1890 tissima
428 1842 742 1904 argumenta
785 1832 1156 1903 superioribus
1196 1831 1545 1903 paragraphis
1583 1846 1783 1903 prOpo-
1890 1826 1977 1879 dia
2000 1826 2348 1896 suspirabunt.
2409 1827 2696 1881 Enimvero
2724 1827 2843 1897 quis
2866 1827 3045 1897 spuria
3072 1842 3321 1896 umquam
3346 1842 3474 1882 ven-

112 1950 141 1961 --
166 1927 277 1983 sita
313 1926 473 1982 illum
500 1943 528 1981 a
560 1937 749 1996 quarto
778 1926 976 1982 saeculo
1006 1924 1400 1982 excludendum
1428 1923 1750 1993 contendat?
1889 1919 2081 1974 ditavit
2106 1918 2464 1990 Athenagora:
2492 1930 2546 1974 et
2567 1918 2938 1974 Commodiani
2969 1935 3150 1992 opera,
3171 1919 3253 1974 .de
3281 1920 3476 1989 quibus

814 2057 1044 2115 CAPUT
1084 2057 1172 2113 mo
1520 2052 1523 2053 ν
1887 2011 2280 2115 Hieronymi:
2307 2011 2772 2115 nihilne-minui
2817 2013 2905 2083 qui
2947 2013 3074 2115 Julii
3103 2012 3475 2115 item-Firmici

1886 2104 2108 2159 Materni
2139 2113 2195 2159 et
2224 2103 2497 2160 Philastrii
2530 2105 2695 2161 libros
2721 2106 2791 2158 ob
2827 2107 3104 2160 materiam
3146 2104 3312 2160 multo
3337 2105 3476 2161 cele-

172 2195 470 2236 I‘ROB.\TUR
500 2193 782 2234 AUCTOREI
828 2191 1211 2240 TRAC'I'ATUUM,
1259 2190 1402 2239 ρυεκ
1445 2188 1649 2229 νικιεεε
1698 2187 1776 2229 OS-

1918 2213 2009 2255 res
2036 2198 2227 2252 eodem
2260 2199 2494 2252 auctoris
2527 2197 2700 2253 nostri
2730 2199 2928 2253 sreculo
2957 2212 3019 2253 ac
3046 2206 3202 2253 :ctate
3245 2198 3476 2267 scriptos

244 2288 526 2331 TENDIIIUS
576 2288 790 2328 S£CULO
819 2287 910 2338 IV,
941 2284 1066 2325 ESSE
1108 2284 1155 2325 S.
1203 2284 1449 2325 ZENONEI
1492 2282 1776 2323 EPISCOPUH

1918 2293 2214 2357 trmterivit,
2248 2304 2306 2346 ut
2347 2306 2506 2348 nemo
2536 2302 2719 2349 tamen
2750 2293 2869 2348 illos
2896 2293 2948 2347 in
2994 2292 3214 2348 dubium
3247 2295 3475 2348 vocave-

252 2381 610 2422 VERONSSSEH
621 2407 633 2418 .

1921 2385 1977 2438 it.
2012 2383 2165 2439 Adde
2193 2382 2333 2455 quod
2365 2392 2687 2439 tractatuum
2742 2399 2838 2439 seu
2878 2385 3196 2439 concionum
3227 2393 3478 2441 auctores

1887 2476 1957 2531 ab
1985 2476 2218 2547 antiquis
2258 2492 2379 2530 raro
2409 2476 2665 2531 nominati
2699 2477 2967 2547 leguntur.
2997 2478 3127 2547 Quis
3153 2488 3476 2534 mentionem

1892 2569 2017 2626 fecit
2044 2569 2101 2625 S.
2134 2568 2443 2635 Gaudentii,
2470 2569 2712 2640 episcopi
2742 2569 2999 2637 Brixiani,
3034 2570 3121 2641 qui
3156 2580 3332 2625 tamen
3352 2570 3477 2641 ipse

1892 2658 2094 2718 lenoni
2140 2678 2359 2733 suppar,
2418 2670 2675 2718 tractatus
2722 2664 2891 2734 magis
2938 2664 3247 2720 elaboratos
3294 2665 3479 2719 vivens

1892 2756 2109 2827 collegit
2138 2764 2193 2811 et
2218 2754 2421 2810 edidit?
2450 2753 2581 2821 Quis
2619 2760 2879 2827 umquam
2916 2756 3237 2812 meminerat
3272 2771 3479 2811 sermo-

1896 2865 2020 2903 num
2051 2848 2104 2904 S.
2141 2846 2284 2902 Petri
2325 2846 2642 2920 Cbrysologi
2661 2890 2675 2915 ,
2701 2857 2990 2917 antequam
3020 2864 3048 2901 a
3078 2848 3131 2903 P.
3168 2847 3325 2902 Pezio
3355 2848 3484 2903 ede—

176 2482 207 2553 §
242 2480 287 2536 Ι.
314 2510 386 2521 —-
414 2478 725 2534 Memoratos
754 2485 999 2533 tractatus
1028 2476 1146 2530 Ituic
1171 2474 1369 2531 Zenoni
1410 2490 1607 2547 semper
1646 2474 1790 2527 attri-

255 2575 433 2635 butas.
468 2580 516 2625 et
541 2571 823 2649 codicibus,
847 2580 893 2625 et
919 2570 1146 2640 antiquis
1168 2570 1400 2633 testibus,
1428 2578 1472 2622 et
1490 2566 1791 2622 Veronensis

261 2664 514 2720 Ecclesia
537 2663 818 2736 traditione
847 2662 1153 2717 ostenditur.

262 2757 377 2814 Sed
411 2756 523 2829 jam
566 2765 777 2826 tempus
800 2765 887 2810 est
928 2765 980 2809 ut
1019 2755 1086 2809 ad
1140 2754 1356 2826 tertium
1396 2746 1782 2810 controversiae

179 2859 376 2918 caput,
426 2848 568 2920 quod
604 2848 869 2920 propositi
901 2848 1071 2902 nostri
1106 2848 1442 2917 potissimum
1487 2854 1589 2909 est,
1634 2858 1790 2900 acce-

186 2942 441 2997 damus:
480 2939 736 2995 nimirum
783 2956 910 2995 num
959 2941 1023 3008 is,
1073 2955 1231 3010 quem
1284 2939 1497 2993 unicum
1551 2938 1789 2991 omnium
1894 2950 2047 2995 retur
2071 2936 2384 3013 Anonyums
2423 2934 2765 3003 Mellicensis’,
2820 2939 2905 3009 qui
2953 2952 3090 2992 unus
3134 2950 3200 2993 ex
3247 2938 3483 3010 antiquis

192 3032 562 3088 iudicatorum
589 3040 908 3087 tractatuum
941 3043 1212 3085 auctorem
1238 3045 1357 3085 esse
1388 3030 1561 3099 capite
1593 3030 1790 3099 primo.
1897 3048 2016 3087 eum
2070 3031 2269 3087 idcirco
2316 3032 2455 3085 inter
2498 3030 2897 3086 ecclesiasticos
2922 3031 3211 3101 scriptores
3242 3030 3422 3085 retulit
3451 3029 3474 3082 Τ

188 3139 243 3180 et
301 3135 579 3180 auctorem
630 3122 846 3195 quidem
895 3124 1071 3193 quarti
1119 3123 1302 3177 smculi
1342 3122 1514 3190 capite
1553 3118 1793 3183 secunda
1821 3128 1866 3193 C
1898 3126 2228 3190 Gennadius,
2260 3128 2347 3194 qui
2388 3122 2830 3195 epistolarum'S.
2874 3123 3072 3179 Leonis
3119 3123 3483 3178 testimonium

192 3216 463 3272 hactenus
514 3215 1024 3281 ἀειηοηςινενίιηιιε,
1072 3218 1203 3269 nulli
1247 3213 1313 3276 is.
1358 3214 1596 3281 inquam,
1630 3212 1698 3265 Sil
1731 3210 1788 3265 S-
1899 3219 2138 3288 locuples
2162 3216 2417 3288 profudit,
2451 3216 2517 3271 de
2537 3216 2877 3271 sermonibus
2901 3230 2967 3270 ne
2991 3213 3209 3269 verbum
3236 3213 3477 3285 quidem.

191 3297 347 3367 Zeno
377 3310 666 3380 episeOpus
698 3308 1045 3365 Veronensis.
1096 3306 1247 3375 Quod
1281 3315 1336 3361 ut
1375 3305 1654 3377 probetur.
1692 3292 1797 3357 duo
1902 3311 2017 3365 Alia
2070 3310 2118 3364 id
2144 3309 2382 3384 generis
2429 3309 2607 3363 multa
2638 3307 2973 3374 dimittimus,
3006 3322 3127 3362 cum
3177 3305 3243 3362 ad
3287 3305 3485 3363 similia

203 3404 367 3459 nobis
393 3402 669 3475 probanda
699 3416 821 3457 esse
848 3400 1234 3469 intelligimus;
1270 3399 1511 3468 primum
1555 3395 1799 3450 laudatos
1902 3403 2202 3460 refellenda
2234 3402 2475 3473 pluribus
2500 3413 2721 3458 necesse
2748 3416 2852 3457 non
2880 3402 2971 3458 sit,

194 3505 466 3551 tractatus
495 3495 618 3550 huic
643 3496 730 3561 uni
773 3491 977 3547 Zenoni
1010 3506 1224 3561 semper
1268 3488 1435 3544 fuisse
1479 3487 1795 3551 attributus,
1977 3501 2165 3555 Mirum
2198 3515 2357 3571 per",
2407 3496 2638 3553 maxime
2680 3497 2874 3552 ηοείιιίι
2919 3497 3166 3551 inventos
3208 3495 3350 3571 esse,
3394 3495 3486 3565 qui

196 3598 315 3642 tum
354 3602 485 3642 vero
511 3587 626 3654 ejus
646 3596 860 3640 aetatem
891 3585 941 3637 in
966 3592 1212 3653 quartum
1236 3580 1495 3647 sat-culum
1517 3578 1776 3633 commodi

1918 3591 1971 3647 le
2002 3591 2221 3645 Zenone
2252 3598 2440 3643 nostro
2467 3588 2783 3651 scriberent,
2814 3587 3011 3642 nullam
3040 3601 3346 3642 sermonum
3369 3587 3487 3656 ejus

201 3681 423 3739 cadere.
478 3680 556 3735 Ad
598 3666 832 3749 primum
874 3688 1051 3732 autem
1108 3674 1255 3746 quod
1299 3675 1550 3759 pertinet,
1599 3671 1776 3725 Zenon

1918 3682 2099 3757 'actam
2149 3681 2313 3736 fuisse
2358 3680 2712 3745 mentionem,
2745 3688 3027 3766 antequam
3076 3678 3150 3732 illi
3194 3677 3488 3734 ederentur

202 3776 427 3847 quidem
480 3774 577 3829 bos
610 3782 867 3828 tractatus
897 3770 1211 3826 nominatim
1258 3767 1572 3824 adscribunt
1616 3781 1805 3847 manus
1908 3772 2146 3828 Venetiis
2175 3788 2265 3826 an.
2299 3770 2458 3832 1503.
2489 3786 2609 3826 cum
2641 3787 2669 3825 a
2698 3769 3097 3826 Veronensibus
3140 3768 3342 3838 jamdiu
3377 3768 3484 3822 an.

202 3868 396 3939 scripti
427 3881 613 3925 omnes
638 3864 854 3921 codices
888 3879 990 3917 non
1038 3870 1147 3916 tam
1188 3860 1426 3932 generali
1478 3860 1564 3913 illa
1609 3858 1802 3912 inscri—
1905 3874 2036 3935 quot
2079 3864 2409 3935 antiquiores
2451 3879 2511 3917 ea
2552 3863 2785 3917 editione
2830 3872 2992 3917 testes
3046 3861 3235 3931 prolati
3268 3859 3485 3916 fuerint.

206 3962 416 4034 ptioue,
465 3970 580 4032 qua:
630 3957 905 4014 codicibus
958 3953 1286 4025 prtcﬁgitur.
1320 3966 1479 4023 quam
1531 3949 1771 4005 nonnulli

1918 3960 2144 4028 Baptism
2170 3957 2419 4012 Pcrettus
2458 3955 2507 4008 in
2556 3955 2731 4009 latinis
2755 3953 2975 4034 scholiis
3004 3953 3069 4007 ad
3105 3953 3274 4007 Vitam
3307 3952 3488 4017 S._Zc-

214 4029 565 4110 iormulisvin
605 4049 803 4121 capite,
850 4048 935 4103 vel
984 4049 1034 4127 in
1078 4047 1186 4104 line
1231 4044 1435 4112 aliquot
1483 4048 1804 4099 tractatuum
1909 4050 2063 4105 nonis
2090 4049 2156 4102 ah
2196 4048 2426 4117 ipsemet
2454 4045 2630 4101 italice
2660 4029 3017 4116 conscriptam
3056 4044 3224 4099 edidit
3258 4044 3488 4100 Carmen

207 4144 702 4219 appositis,quibos
726 4142 916 4196 unicus
942 4140 1181 4195 omnium
1211 4139 1418 4200 auctdr,
1448 4149 1606 4204 quem
1636 4148 1776 4202 cap.‘

1918 4143 2179 4199 llicbaelis
2217 4141 2430 4221 Eossati
2478 4139 2815 4196 lucubratum
2864 4156 2953 4195 an.
2991 4139 3148 4208 M82,
3198 4140 3249 4195 in
3298 4152 3405 4211 quo
3436 4137 3490 4195 hi

208 4239 499 4295 statuimus
532 4277 547 4303 ,
578 4236 636 4291 S.
691 4235 839 4290 Zeno
866 4231 1404 4306 aperte_nominatur,
1448 4234 1506 4283 ut
1539 4241 1606 4283 ex
1649 4224 1807 4281 dictis

212 4334 407 4391 eodem
436 4332 630 4401 capite,
660 4328 688 4401 ς
724 4330 777 4393 l,
811 4327 1065 4399 colligere
1094 4326 1242 4381 licet.
1262 4323 1446 4379 Solum
1487 4336 1606 4377 cum
1640 4319 1807 4389 prima

212 4426 385 4482 editio
410 4440 442 4479 ε
471 4423 695 4479 Guarioi
723 4419 940 4475 schedis
968 4428 1181 4490 sumpta
1204 4416 1495 4487 prodiisset
1520 4428 1611 4468 an.
1645 4412 1804 4477 1508,

1912 4252 2099 4294 versus
2133 4236 2385 4305 leguntur
2413 4252 2427 4287 :

2004 4350 2142 4415 Zeno
2164 4361 2326 4415 sacer,
2351 4349 2620 4415 patriaeque
2645 4355 2803 4415 pater,
2832 4352 3071 4415 tua‘musa
3096 4351 3286 4395 tuorum

2066 4407 2732 4472 Sermouuufeodex'quauta
2756 4411 2900 4459 docet
2918 4407 3086 4458 fuerit.

213 4534 313 4575 nec
337 4517 562 4575 codices
592 4525 774 4571 essent
800 4513 1030 4585 cogniti;
1086 4511 1351 4576 nonnulli,
1383 4509 1472 4579 qui
1506 4521 1614 4562 non
1659 4504 1776 4563 cudi

1918 4516 1989 4571 Ne
2016 4530 2144 4576 vero
2187 4514 2306 4584 ejus
2350 4514 2592 4584 opusculi
2638 4485 2840 4567 raritas,
2873 4512 3212 4576 obtrudatur,
3258 4482 3508 4565 editores.

208 4595 305 4667 ces
341 4612 529 4673 modo,
556 4607 648 4664 scd
672 4611 773 4663 nec
800 4604 1087 4660 editionem
1113 4602 1283 4673 ipsam
1313 4602 1581 4665 viderunt,
1613 4612 1677 4653 ex
1702 4610 1807 4661 non

216 4706 355 4762 bene
381 4703 676 4761 intellectis
721 4700 857 4757 Sixti
886 4697 1143 4756 Senensis
1173 4694 1352 4752 verbis
1380 4706 1662 4765 perperam
1694 4689 1812 4759 opi-

218 4802 328 4854 nati
372 4806 527 4859 sunt,
576 4794 875 4851 Guarinum
932 4793 1119 4865 ipsum,
1160 4789 1261 4845 hos
1312 4793 1568 4842 tractatus
1614 4781 1815 4837 Zenoni

218 4891 481 4953 afﬁxisse.
510 4902 804 4957 eorumque
837 4898 1154 4956 procurasse
1193 4883 1512 4946 editionem,
1560 4876 1704 4932 unde
1747 4873 1815 4929 de

218 4982 323 5039 illis
352 4980 507 5035 nulla
534 4990 691 5034 exstet
719 4978 859 5049 apud
888 4989 1076 5033 veteres
1117 4976 1337 5041 mentio;
1379 4986 1498 5043 quae
1544 4979 1814 5041 postrema

219 5073 620 5147 animadversio
665 5072 926 5140 cardiuali
970 5070 1297 5126 Bellarmino
1341 5065 1657 5139 gravissima
1704 5062 1819 5116 visa

220 5151 324 5234 est,
356 5162 837 5220 memoratisinter
873 5172 1104 5239 eteteros
1136 5161 1368 5216 Eusebio
1412 5168 1575 5225 atque
1626 5159 1820 5214 Hiero-

224 5275 412 5332 nymo,
458 5254 600 5327 apud
640 5269 775 5325 quos
823 5256 890 5309 de
938 5255 1159 5310 Zendhe
1204 5252 1505 5309 Vcronensi
1552 5266 1821 5307 summum

225 5351 532 5405 silentium.
1122 5394 1125 5395 ,
1666 5353 1668 5356 '

300 5443 374 5498 At
404 5442 472 5495 de
500 5439 733 5503 somnio,
762 5452 870 5508 quo
891 5443 1217 5489 tractatuum
1249 5432 1545 5505 suppositio
1574 5446 1626 5492 et
1652 5436 1816 5491 editio

230 5535 473 5594 (ἑωτίηο
502 5532 838 5603 impingitur,
875 5527 1009 5583 nihil
1034 5527 1227 5580 attinet
1268 5527 1470 5593 dicere,
1518 5542 1638 5581 cum
1692 5527 1822 5581 illud

236 5635 436 5700 prater
467 5623 627 5680 ﬁdem
645 5623 894 5681 codicum
914 5620 1030 5691 ipsa
1051 5617 1301 5673 editionis
1321 5618 1482 5673 verba
1511 5619 1561 5672 in
1584 5616 1823 5689 generali

236 5706 558 5797 prsiatioue
587 5720 753 5777 relata
784 5715 921 5774 satis
962 5713 1244 5785 disjiciant.
1275 5711 1428 5791 Quod
1468 5727 1602 5780 vero,
1624 5711 1826 5767 Bellar-

1917 4610 2255 4665 Veronenses
2294 4606 2345 4661 in
2373 4605 2717 4678 praefatione,
2749 4605 2841 4676 qui
2887 4605 2939 4659 in
2985 4601 3327 4658 Bibliothecis
3353 4616 3486 4671 quo-

1916 4718 2020 4773 que
2047 4702 2261 4756 Patrum
2288 4699 2520 4755 Zenonis
2546 4698 2802 4768 operibus
2834 4696 3141 4768 prodigitur,
3185 4696 3320 4750 duos
3357 4694 3491 4749 alios

1917 4804 2083 4850 testes
2130 4793 2447 4865 allegarunt,
2486 4790 2730 4846 Flavium
2757 4790 3017 4865 Blondem
3049 4788 3227 4845 smculi
3259 4805 3329 4843 xv
3354 4788 3489 4843 serio

1920 4898 2127 4958 plorem
2174 4887 2225 4940 in
2277 4885 2390 4939 Ital.
2442 4874 2522 4938 Ill.
2553 4899 2671 4961 reg.
2699 4884 2753 4948 9,
2787 4864 2839 4938 et
2866 4883 3080 4939 Petrum
3108 4883 3175 4939 de
3216 4881 3491 4936 Natalibos

1910 4970 2230 5051 episcopum
2279 4979 2595 5047 scriptorem
2641 4976 2825 5032 saeculi
2875 4992 2963 5031 xtv
2992 5018 3007 5042 ,
3054 4976 3145 5030 lib.
3194 4989 3208 5029 ι
3251 4971 3487 5044 Catalog.

1926 5073 2242 5129 Sanctorum
2268 5087 2386 5141 cap.
2413 5070 2502 5125 45.
2541 5070 2787 5123 Pcrettus
2830 5083 2988 5138 porro
3037 5068 3087 5121 in
3136 5065 3354 5120 scholiis
3383 5081 3493 5120 me-

1927 5164 2148 5218 moratis
2188 5162 2390 5217 addidit
2415 5159 2757 5216 Guillelmum
2791 5159 3154 5227 Pastrengum,
3200 5158 3289 5225 qui
3316 5156 3495 5212 medio

1926 5240 2138 5313 circiter
2176 5256 2375 5310 saeculo
2422 5268 2512 5308 xuv
2559 5252 2757 5307 ﬂoruit.
2813 5251 2906 5304 llic
2949 5261 3125 5302 autem
3168 5248 3222 5303 in
3275 5265 3497 5319 perraro

1929 5362 2090 5417 Opere
2132 5348 2181 5399 in
2223 5346 2383 5400 editis
2430 5327 2693 5413 inscripto
2716 5342 2779 5394 de
2810 5340 3114 5409 Originibus
3157 5356 3364 5417 rerum,
3398 5339 3494 5394 scd

1933 5415 2231 5507 perperam,
2263 5436 2387 5489 dum
2412 5436 2495 5499 (ut
2522 5434 2721 5500 optime
2750 5431 3132 5486 animadvertit
3161 5432 3341 5503 Scipio
3357 5415 3497 5488 ’Μηί-

1930 5530 2062 5585 [eius
2109 5526 2202 5581 lib.
2231 5540 2269 5580 tt
2310 5524 2376 5579 de
2420 5522 2786 5592 Scriptoribus
2814 5521 3237 5595 Veronensibus)
3265 5523 3380 5579 haec
3421 5526 3500 5579 in-

1932 5617 2150 5690 scriptio
2175 5616 2241 5670 ad
2267 5615 2559 5697 secundum
2588 5613 2926 5671 solummodo
2951 5614 3230 5685 Pastreugi
3257 5616 3496 5681 libellum

1934 5711 2193 5783 pertinet;
2226 5709 2444 5781 primus
2465 5718 2664 5767 .autcm
2714 5707 2793 5765 illi
2839 5707 3148 5782 praemissus
3174 5724 3239 5765 ex
3268 5708 3499 5769 auctoris
