3826 6226
425 296 493 357 (i7
1781 299 2305 359 PHOLEGOMENA.
3626 303 3704 358 08

424 425 597 469 incute
623 424 674 469 et
704 415 921 471 materia
954 418 1063 486 ipsa
1094 418 1156 471 de
1194 416 1329 471 Viris
1359 416 1649 472 lllnstribus
1696 418 1992 472 inscrilien-
2024 425 2074 482 Α
2098 428 2161 468 ex
2191 412 2355 482 ipsius
2382 418 2607 467 tractatu
2636 414 2698 465 de
2729 412 2869 464 Juda
2901 413 3261 469 testimonium
3290 415 3501 481 recitat,
3537 416 3697 487 quul

422 509 522 561 dus
572 506 772 574 fuerat;
820 508 1160 579 Pasti-engns,
1210 509 1446 579 inquam,
1502 510 1552 562 in
1605 509 1705 565 hoc
1750 509 1815 562 de
1858 507 2001 563 Viris

422 598 725 655 Hlustribtts
776 601 956 654 libello
1006 615 1125 670 pag.
1174 602 1263 664 77.
1306 602 1362 657 S.
1416 600 1643 655 Zenonis
1689 599 2001 654 tractatibus

420 692 719 755 recensitis,
751 692 863 747 lucc
906 694 1118 759 subjicit
1146 711 1159 747 :
1196 692 1380 747 Omnia
1402 694 1508 747 lucc
1535 694 1780 764 apuscula
1810 708 1999 747 memo-
2026 688 2053 713 ’

419 782 595 836 rabilis
621 780 845 837 Joannes
878 784 1158 855 presbyter,
1208 786 1417 856 majoris
1446 784 1672 839 ecclesicu
1709 785 2004 838 munsiona-

419 876 545 939 rius,
576 893 630 929 se
654 876 839 930 uidisse
882 887 927 930 et
973 878 1153 946 legisse
1197 887 1426 931 testatur.
1457 877 1660 932 Prteter
1693 877 1790 932 hos
1820 886 2001 931 autem

419 982 447 1019 a
482 967 871 1023 Veronensibus
897 968 1156 1039 allegatos
1182 978 1342 1025 testes
1365 970 1452 1023 alii
1476 970 1806 1038 antiquiores
1834 971 2003 1023 multo

419 1067 474 1114 et
502 1060 647 1115 omni
677 1062 991 1130 exceptione
1028 1063 1259 1131 majores
1284 1075 1593 1130 sopttetunl.
1628 1062 1819 1117 Petrus
1848 1062 2001 1129 Calo,

421 1151 624 1221 ordinis
670 1153 1108 1219 Pra'dieatcrum,
1161 1154 1249 1223 qui
1299 1154 1404 1209 duo
1443 1154 1713 1209 volumina
1760 1153 1828 1210 de
1868 1154 2003 1208 Vitis

424 1245 740 1300 Sanctorum
772 1247 988 1316 collegit
1034 1228 1249 1301 ineunte
1290 1247 1487 1301 sarculo
1516 1262 1626 1312 xtv,
1657 1262 1683 1299 a
1734 1246 1892 1300 Petro
1938 1246 2003 1299 de

423 1336 697 1392 Natalilius
730 1338 964 1405 laudata,
1012 1340 1062 1393 in
1103 1339 1207 1393 line
1242 1338 1485 1393 Historia:
1528 1338 1841 1393 elevationis
1881 1352 2003 1391 cor-

424 1427 569 1498 poris
598 1427 654 1483 S.
690 1428 941 1493 Zenonis,
972 1429 1129 1483 edita:
1172 1431 1237 1484 ab
1274 1428 1615 1484 Hensehenio
1645 1444 1710 1484 ex
1744 1444 1843 1483 ms.
1879 1427 2006 1483 Bar-

428 1518 635 1583 bcriuo,
659 1529 784 1573 tom.
806 1536 864 1585 ιι,
888 1521 1110 1588 Aprilis,
1138 1537 1251 1591 pag.
1284 1522 1374 1588 76,
1408 1536 1509 1573 non
1540 1521 1710 1574 solum
1742 1530 2006 1576 memorat

427 1610 661 1665 Zenonis
691 1621 965 1675 tractatus,
995 1614 1086 1667 sed
1116 1620 1342 1668 testatur
1371 1615 1531 1668 etiam
1580 1630 1672 1669 eos
1705 1616 1914 1683 pulchro
1958 1624 2006 1669 et

425 1703 598 1756 subtili
638 1705 768 1774 stylo
820 1706 978 1759 editos
1020 1722 1073 1775 se
1121 1705 1304 1758 vidisse
1344 1706 1397 1759 in
1442 1706 1637 1760 duobus
1667 1705 2006 1759 voluminibus

2107 504 2161 558 iit
2190 518 2255 557 eo
2279 503 2492 573 quidem
2527 512 2754 559 tractatu
2782 519 2921 559 nunc
2953 506 3014 559 14
3044 505 3134 560 lib.
3169 522 3204 561 ll
3258 507 3589 569 exhibetur;
3640 518 3702 562 et

2107 596 2195 650 hic
2244 601 2504 650 tractatus
2544 595 2634 650 ille
2673 606 2754 651 est
2806 612 2961 666 quem
3010 598 3061 651 in
3108 597 3402 655 Veronensi
3442 599 3699 655 Ecclesia

2105 688 2232 742 olim
2265 686 2473 756 publice
2510 687 2703 743 lectum
2746 688 3010 742 dominica
3053 691 3205 745 tertia
3253 692 3703 760 Quadragesima}

2107 794 2171 835 ex
2220 779 2491 836 Urbiuate’
2516 781 2703 835 codice
2746 790 2986 835 annotat.
3038 782 3063 834 l
3109 782 3533 838 observavimus.
3593 781 3702 837 Bis

2111 880 2287 927 autem
2321 871 2563 927 formulis
2605 873 2873 929 Zenonem
2919 873 3203 930 Rbaterius
3228 876 3481 946 appellat.
3508 875 3705 931 Primo

2107 975 2243 1033 part.
2305 980 2318 1019 ι
2369 964 2433 1018 de
2480 974 2767 1032 contemptu
2810 962 3094 1030 Canonum,
3127 979 3246 1035 pag.
3316 965 3424 1021 352
3487 976 3625 1021 tom.
3685 982 3701 1020 ι

2108 1056 2377 1126 Spicilegii
2428 1056 2715 1111 Acheriani
2748 1057 3062 1133 novissima:
3105 1055 3353 1112 editionis
3399 1074 3411 1109 :
3467 1057 3605 1113 Utar
3647 1068 3704 1109 ut

2108 1154 2189 1206 hic
2239 1153 2540 1207 auctoritate
2577 1150 2797 1206 Zenonis
2846 1150 2997 1215 beati,
3045 1152 3097 1203 in
3144 1166 3372 1228 sermone
3435 1152 3702 1215 videlicet,

2106 1261 2252 1315 quem
2279 1246 2343 1298 de
2370 1244 2401 1297 J
2410 1245 2512 1298 uda
2544 1244 2837 1311 patriarcha
2858 1253 2903 1296 et
2934 1241 3158 1297 Thamar
3181 1257 3311 1295 nuru
3356 1243 3515 1313 ipsius
3547 1257 3706 1296 more

2108 1354 2199 1391 suo
2248 1337 2641 1390 luculentissima
2683 1337 2821 1406 fecit,
2847 1334 3082 1400 dicentis,
3135 1342 3274 1400 etc.;
3328 1350 3536 1389 rursum
3573 1343 3707 1405 post

2108 1441 2297 1497 pauca,
2333 1426 2401 1481 Ut
2432 1426 2571 1481 Zeno
2601 1435 2805 1479 sanctus
2835 1426 3086 1495 afﬁrmat;
3110 1427 3266 1480 tertio
3296 1427 3346 1479 in
3380 1424 3482 1479 line
3518 1440 3701 1478 scrm.

2122 1521 2145 1572 1
2181 1518 2248 1573 de
2274 1518 2711 1587 Qttadragesima,
2744 1533 2793 1586 p.
2828 1516 2955 1581 591,
2988 1515 3124 1570 Zeno
3172 1516 3343 1570 beatus
3372 1516 3458 1569 ille
3500 1531 3527 1569 e
3570 1531 3707 1569 con-

2109 1612 2269 1664 trario
2312 1612 2428 1673 ait;
2496 1625 2555 1663 ac
2600 1608 2811 1664 tandem
2860 1608 3166 1677 expressius
3215 1610 3263 1662 in
3311 1607 3580 1678 Synodiea
3631 1606 3703 1661 ad

2116 1703 2476 1774 presbyteros,
2532 1717 2646 1771 pag.
2680 1703 2779 1757 577
2814 1717 2828 1753 :
2862 1700 2988 1754 Cum
3033 1699 3477 1770 specialis'noster
3512 1698 3707 1752 doctor

426 1794 500 1866 (id
523 1804 604 1849 est
628 1794 835 1850 duobus
861 1796 1008 1849 libris
1037 1795 1367 1866 dispertitos,
1396 1805 1451 1851 ttt
1480 1797 1531 1851 in
1566 1813 1694 1851 mss.
1739 1798 2002 1867 visuntur)
2037 1804 2084 1866 Β
2120 1804 2270 1865 atque
2301 1796 2558 1864 provisor,
2590 1794 2758 1846 beatus
2791 1798 2957 1861 utique
2984 1790 3142 1855 Zeno,
3171 1791 3337 1857 dicat,
3368 1802 3473 1847 etc.

425 1884 586 1952 apud.
620 1884 679 1938 S.
713 1883 968 1939 Zenonem
1015 1885 1079 1939 de
1132 1885 1345 1949 Verona,
1399 1887 1445 1940 id
1473 1896 1552 1941 est
1597 1889 1645 1941 in
1681 1889 2008 1941 menasterio

428 1974 485 2029 S.
518 1975 745 2030 Zenoiiis
780 1976 1093 2031 Vrroneusi.
1142 1978 1339 2032 Eodem
1388 1978 1604 2032 ineunte
1649 1979 1847 2031 sarculo
1895 1993 2002 2039 λιν,

429 2067 759 2136 imperialem
793 2067 1097 2135 Historiam,
1131 2086 1194 2124 ex
1236 2086 1337 2139 qua
1388 2070 1673 2124 Panvinins
1722 2079 1904 2124 uoster
1951 2070 2004 2123 in

426 2159 846 2228 Antiquitatibus
878 2158 1273 2216 Veronensibus
1301 2161 1708 2217 conscribendis
1736 2178 1839 2215 non
1874 2160 2005 2213 nihil

428 2251 675 2320 profecit,
705 2250 939 2305 Joannes
980 2252 1191 2319 quidam
1239 2253 1307 2308 ab
1353 2254 1541 2308 eodem
1588 2252 1845 2306 Panvinio
1892 2252 2005 2305 dia-

425 2356 595 2398 conus
642 2344 990 2409 Veronensis,
1036 2360 1064 2397 a
1113 2345 1405 2413 Pastrengo
1447 2354 1622 2398 autem
1668 2345 1779 2399 fere
1825 2358 2008 2398 cova

425 2439 686 2506 presbyter
710 2437 1085 2490 mansionarius
1107 2420 1460 2505 nuncupatus,
1496 2434 1730 2505 scripsit.
1755 2436 1801 2490 ls
1829 2446 2007 2489 autem

428 2526 521 2582 lib.
557 2542 573 2581 ι
600 2528 714 2596 ejus
732 2517 1187 2599 [utnj‘historism
1215 2544 1279 2583 ex
1313 2543 1413 2598 qua
1444 2529 1615 2583 adhuc
1648 2543 1787 2582 nunc
1819 2544 2005 2582 manu-

426 2621 623 2687 scripta
656 2619 1009 2691 Hieronymus
1032 2621 1073 2674 Τ
1076 2622 1360 2675 artarotius
1389 2620 1632 2691 quaedam
1662 2627 1909 2688 excerpta
1941 2619 2006 2672 ad

426 2726 524 2766 nos
553 2704 1397 2781 perlntmanitermisit,eumdem
1428 2723 1747 2767 tractatuum
1774 2712 2007 2767 Zenonis

426 2806 657 2861 indicem
688 2809 838 2871 texit,
872 2824 1027 2877 quem
1060 2819 1168 2861 tum
1195 2790 1508 2863 Guillelmus
1532 2808 1873 2876 Pastrengus,
1896 2814 2006 2859 tum

428 2898 620 2953 Petrus
684 2899 751 2953 de
795 2897 1067 2954 Natalibns
1118 2899 1333 2953 totidem
1383 2899 1561 2953 verbis
1603 2898 2008 2965 transcripsisse

427 3001 746 3053 noscuntur,
775 3000 829 3044 et
874 2989 1056 3044 addit:
1104 2988 1228 3044 Han:
1269 2990 1659 3060 ipsius‘scripta
1691 2981 2007 3042 etiractatus

424 3080 537 3148 ipse
556 3081 656 3152 legi
690 3091 736 3135 et
760 3081 885 3134 vidi.
920 3080 959 3135 Ε
991 3081 1208 3151 regione
1241 3080 1399 3149 hujus
1443 3080 1637 3135 indicis
1666 3080 1777 3135 htec
1806 3082 2004 3150 margi-

2184 1886 2290 1943 Scd
2336 1886 2461 1954 quid
2491 1885 2542 1939 in
2582 1883 2927 1939 recensendis
2966 1885 3197 1951 antiquis
3228 1882 3453 1938 testibus
3492 1880 3706 1935 immo-

2075 2031 2087 2045 ,
2112 1994 2294 2033 νιιιιιιιι·
2316 1978 2537 2040 diutius,
2571 1975 2613 2029 si
2642 1976 2881 2029 omnium
2912 1974 3332 2030 vetustissimum
3364 1972 3706 2043 prmsmutis-
3742 1980 3752 1997 ‘

2110 2073 2415 2141 sitnumqne
2457 2069 2822 2125 testimonium
2872 2070 3107 2139 suppetit
3144 2084 3207 2123 cx
3251 2082 3351 2122 ms.
3400 2065 3664 2121 Remensi
3690 2107 3704 2131 ,

2112 2180 2270 2235 quem
2308 2163 2578 2217 llincmari
2618 2160 3009 2231 archiepiscopi
3040 2161 3257 2215 nomine
3297 2168 3702 2229 praenotatos),

2113 2255 2545 2323 nionasterioque
2583 2256 2639 2309 S.
2676 2253 2900 2323 Remigii
2946 2252 3089 2308 dono
3122 2249 3372 2306 traditum
3416 2250 3469 2305 in
3502 2247 3707 2319 prmia—

2113 2347 2255 2401 tione
2294 2347 2559 2400 vidimus?
2603 2344 2693 2399 ubi
2720 2347 2879 2400 etiam
2912 2343 3385 2400 animadvertimus
3416 2341 3561 2396 hunc
3610 2353 3706 2394 co-

2112 2437 2308 2499 dicem,
2335 2447 2616 2505 antequam
2648 2438 2697 2490 in
2729 2437 2996 2491 Hincmari
3029 2453 3217 2491 manus
3244 2436 3468 2501 veniret,
3502 2434 3555 2489 in
3600 2433 3705 2488 Ve-

2113 2531 2358 2582 ronensis
2386 2528 2639 2583 Ecclesizu
2660 2543 2815 2583 usum
2841 2529 3043 2595 jamdiu
3070 2528 3237 2584 fuisse
3258 2570 3271 2593 ,
3304 2538 3361 2581 ut
3385 2530 3497 2597 ipsa
3523 2527 3701 2583 Hinc-

2114 2621 2248 2675 mari
2275 2630 2452 2686 aetate,
2489 2621 2644 2674 idest
2683 2621 2879 2674 saeculo
2908 2636 2958 2675 ιι
2991 2619 3261 2691 antiquior
3298 2617 3575 2689 aliquanto
3606 2618 3705 2672 lia-

2114 2715 2318 2770 bendus
2345 2716 2433 2769 sit.
2463 2715 2517 2768 ln
2542 2714 2644 2770 hoc
2672 2726 2848 2769 autem
2882 2714 3185 2784 perspicue,
3217 2727 3319 2769 non
3352 2713 3531 2781 minus
3554 2727 3624 2767 ac
3649 2713 3701 2765 in

2112 2808 2232 2861 aliis
2263 2808 2573 2875 posterioris
2615 2808 2719 2863 sevi
2745 2808 3020 2863 codicibus
3040 2847 3052 2868 ,
3096 2818 3151 2863 et
3186 2806 3238 2862 in
3268 2806 3623 2876 inscriptione
3647 2814 3702 2859 et

2114 2898 2166 2952 in
2211 2897 2455 2953 formulis
2487 2899 2642 2968 paulo
2672 2909 2795 2952 ante
2831 2899 3061 2953 laudatis
3087 2897 3143 2953 S.
3176 2895 3320 2953 Zeno
3367 2907 3699 2954 tractatuum

2112 3000 2299 3046 auctor
2333 2988 2527 3061 pluries
2570 2994 2843 3048 asset-itur.
2882 2992 3020 3059 Quid
3060 2992 3198 3061 quod
3233 2990 3317 3046 hic
3354 2990 3493 3047 idem
3523 2990 3700 3047 codex

2114 3085 2166 3137 in
2216 3084 2505 3163 Veronensi
2534 3083 2773 3139 Ecclesia
2816 3083 2941 3139 olim
2970 3081 3241 3139 adhibitus
3262 3124 3279 3149 ,
3310 3081 3554 3152 ejusdem
3596 3081 3702 3136 Ec—

427 3174 564 3229 ualis
613 3175 817 3228 notatio
865 3176 915 3227 in
966 3174 1153 3230 eodem
1200 3176 1384 3229 codice
1425 3176 1637 3245 legitur,
1684 3192 1802 3245 qua:
1854 3174 1999 3231 aliud
2029 3170 2072 3231 C
2107 3176 2284 3231 clesize
2328 3176 2599 3244 antiquam
2644 3174 2711 3230 de
2744 3176 2799 3231 S.
2834 3175 3054 3230 Zenone
3098 3183 3316 3229 auctore
3347 3172 3700 3228 traditionem

426 3268 718 3338 Scriptoris
772 3268 942 3323 nostri
995 3269 1354 3322 testimonium
1408 3272 1623 3337 profert.
1676 3268 1785 3323 Hos
1832 3284 2005 3322 omna

428 3377 585 3431 supra
622 3362 840 3431 scriptos
868 3361 1019 3415 libros
1054 3361 1354 3431 (sermones
1386 3362 1441 3417 S.
1471 3361 1702 3418 Zenonis
1733 3379 1760 3415 a
1798 3363 2005 3417 Joanne

424 3453 736 3523 presbytero
766 3452 1072 3521 designatos
1121 3452 1386 3523 intelligit)
1439 3470 1528 3524 ego
1575 3454 1871 3527 Leonaruus
1904 3453 2005 3506 Ju-

423 3545 521 3600 τιατ
546 3546 609 3599 tle
637 3546 823 3614 Quinto
853 3545 915 3598 tle
955 3545 1149 3599 Verona
1183 3547 1359 3611 habeo,
1393 3547 1480 3617 qui
1527 3557 1641 3600 sunt
1684 3547 2003 3617 elegantissi-

422 3654 503 3692 mo
529 3640 679 3710 stylo.
733 3639 828 3693 Hic
876 3649 1055 3692 autem
1105 3638 1411 3692 Leonardus
1454 3636 1628 3692 Jndex
1677 3637 1742 3691 tle
1790 3637 2001 3701 Quinto,

420 3733 509 3800 qui
538 3731 843 3786 nominatur
871 3732 920 3785 in
946 3731 1267 3785 documento
1296 3732 1418 3784 anui
1450 3731 1607 3793 1579,
1640 3729 1777 3799 apud
1808 3728 2003 3798 Ughel-

420 3822 573 3887 lium,
606 3833 733 3876 tom.
768 3839 817 3889 ν,
854 3838 973 3893 pag.
1006 3822 1131 3888 885,
1184 3822 1406 3877 Veronm
1447 3820 1878 3875 ﬂorentissimam
1925 3820 2003 3873 bi-

420 3914 741 3969 bliothecam
790 3914 1015 3979 habuit,
1067 3930 1222 3985 quam
1270 3916 1369 3969 sub
1428 3930 1513 3968 an.
1568 3914 1703 3967 1588
1750 3911 2002 3967 Venetias

422 4007 760 4061 transmlisse
793 4008 1033 4076 proditur
1058 4024 1085 4060 a
1132 4007 1427 4077 Mazagagia
1478 4007 1527 4061 in
1560 4022 1724 4073 Opere
1756 4020 1855 4059 ms.
1890 4005 2000 4059 Mu-

422 4096 661 4151 sclliana:
707 4096 1057 4152 bibliothecm
1113 4099 1366 4167 inscripto
1423 4098 1486 4151 de
1538 4097 1798 4151 illodernis
1848 4097 2002 4166 gestis

422 4187 513 4242 lib.
548 4203 625 4248 ιιι,
658 4202 775 4256 cap.
810 4186 863 4241 8.
895 4188 1035 4242 Ante
1066 4192 1228 4242 hocce
1277 4200 1484 4257 tempus
1525 4191 1576 4241 in
1628 4188 1831 4253 antiqui
1865 4189 2001 4241 simo

425 4278 755 4333 Verenensis
780 4279 1000 4347 capituli
1052 4281 1445 4348 manuscripto,
1474 4281 1561 4347 qui
1610 4279 1918 4346 Hieronymi
1948 4287 2003 4331 et

424 4370 687 4427 Gennadii
747 4370 1045 4440 catalogum
1094 4372 1332 4423 continet
1376 4370 1439 4421 de
1488 4370 1624 4422 l'iris
1679 4369 1995 4432 Illustribus,

423 4462 655 4517 Zenonis
704 4476 895 4516 nomen
962 4460 1242 4528 posteriori
1306 4475 1459 4513 manu
1501 4461 1737 4513 additum
1784 4460 1997 4527 legitur,

2109 3267 2451 3337 suppeditat?
2475 3267 2532 3321 In
2557 3267 2795 3338 pluribus
2817 3269 3067 3322 nimirum
3098 3268 3215 3337 ejus
3246 3265 3447 3342 codicis
3472 3276 3704 3321 annota-

2113 3360 2347 3413 tionibus
2389 3360 2610 3428 antiquo
2641 3359 2951 3415 charactere
2972 3360 3037 3414 ad
3070 3359 3363 3430 marginem
3392 3358 3657 3428 appositis
3681 3406 3694 3424 ,

2111 3470 2243 3525 quas
2300 3456 2349 3508 in
2400 3450 2713 3523 prmlat‘ionc
2767 3453 3149 3523 descripsimus
3182 3452 3386 3524 .plures
3435 3460 3702 3506 tractatus

2111 3547 2317 3617 jamdiu
2356 3546 2484 3602 olim
2518 3548 2658 3600 inter
2703 3560 2851 3599 sacra
2886 3544 3244 3599 ecclesiastica
3283 3541 3458 3597 ollicia
3501 3557 3529 3595 a
3572 3556 3701 3596 nos-

2118 3640 2218 3692 tris
2250 3639 2519 3707 episcopis
2568 3636 2650 3691 vcl
2687 3637 2997 3692 diaconibus
3035 3651 3099 3690 ex
3144 3634 3330 3689 eodem
3363 3633 3546 3688 codice
3604 3648 3700 3700 pn-

2109 3731 2250 3786 blice
2293 3734 2412 3786 lecti
2446 3731 2747 3785 traduntur.
2779 3731 2908 3799 Quis
2957 3745 3120 3799 porro
3166 3731 3218 3783 in
3263 3738 3366 3783 tam
3396 3729 3622 3799 antiquo
3646 3735 3699 3782 et

2110 3824 2393 3892 explorato
2417 3820 2745 3877 Veronensis
2772 3822 3026 3877 Ecclesiae
3060 3823 3164 3874 ritu
3190 3836 3292 3874 non
3344 3821 3502 3887 plane
3526 3835 3697 3890 agno-

2108 3926 2258 3978 scat,
2294 3914 2485 3970 borum
2522 3924 2864 3977 tractatuum,
2898 3914 2985 3984 qui
3020 3924 3123 3967 tam
3161 3914 3441 3982 praecipue,
3478 3921 3694 3967 vetusto

2106 4023 2170 4062 ac
2196 4008 2421 4063 solemni
2457 4009 2683 4078 liturgiau
2707 4007 3035 4063 Veronensis
3066 4022 3163 4059 usu
3190 4006 3423 4073 nthpIali
3453 4006 3692 4069 inerunt,

2108 4111 2381 4169 auctorem
2413 4100 2481 4153 ab
2510 4100 2697 4153 eadem
2729 4098 2964 4153 Ecclesia
2995 4112 3209 4165 semper
3242 4094 3478 4149 habitum
3504 4093 3567 4150 S.
3597 4093 3697 4147 Ze-

2110 4206 2301 4243 nonem
2330 4190 2640 4260 episcopum
2670 4230 2683 4254 ,
2708 4189 2859 4259 cujus
2889 4190 3075 4243 merita
3105 4191 3241 4241 sicut
3266 4202 3386 4241 eum
3420 4187 3545 4239 huic
3576 4184 3693 4240 ωιιί

2107 4280 2370 4335 dederunt
2412 4292 2691 4348 patronum
2717 4321 2732 4344 ,
2781 4280 2854 4333 ita
2885 4289 2937 4333 et
2969 4293 3245 4333 sermones
3288 4275 3695 4331 successoribus

2106 4373 2241 4427 adeo
2288 4374 2769 4435 commendarunt,
2815 4380 2871 4425 ut
2901 4387 2963 4425 ex
3007 4371 3071 4431 iis
3114 4371 3295 4441 plures
3342 4370 3394 4424 in
3425 4367 3689 4439 quasdam

2108 4481 2384 4520 sacrorum
2429 4470 2805 4538 mysteriorum
2850 4466 3105 4520 formulas
3149 4465 3202 4519 in
3242 4477 3410 4519 annos
3448 4460 3692 4533 singulos

421 4567 703 4627 propterea
738 4551 879 4621 ιιυοά
913 4552 955 4606 is
992 4552 1277 4621 SCl‘iPlOI‘eS
1312 4552 1447 4604 inlel‘
1490 4552 1884 4605 ecclesiasticus
1919 4551 1998 4605 vel
2033 4536 2082 4595 Ῐ)
2112 4560 2263 4611 statis
2288 4536 2810 4614 diebuth-ecitandas
2843 4559 3187 4613 transierint?
3222 4558 3365 4613 Sane
3391 4558 3433 4611 si
3464 4554 3691 4610 alterius

424 4644 820 4716 tum’temporis
877 4654 1267 4698 recenseretur.
1297 4640 1504 4697 Sll‘ClllO
1534 4658 1584 4695 χι
1616 4650 1702 4695 aut
1742 4642 1806 4696 ad
1856 4658 1999 4695 sum-

356 4724 364 4741 :
421 4751 567 4797 mum
616 4756 713 4801 xu,
766 4751 1063 4808 anonymus
1108 4736 1356 4805 quidam,
1395 4733 1717 4789 Veronensis
1770 4734 1995 4787 ρωιιυιιὶἰ

418 4833 736 4897 monachus.
766 4832 821 4887 S.
852 4830 1079 4885 Zenonis
1108 4830 1266 4884 vitam
1291 4828 1549 4893 scribens,
1575 4828 1690 4896 ejus
1719 4842 1999 4883 sermones

416 4943 477 4982 se
519 4926 711 4995 legisse
754 4935 937 4991 aperte
976 4922 1243 4989 ostendit;
1297 4921 1441 4976 illum
1473 4923 1614 4976 enim
1663 4920 1864 4975 inducit
1913 4920 1993 4974 lo-'

414 5026 665 5089 quentcm
708 5017 903 5086 duplici
932 5017 1215 5081 concione,
1244 5029 1466 5084 quarum
1510 5014 1672 5067 altera
1705 5014 1913 5068 initium
1942 5024 1996 5069 et

417 5113 575 5166 tinem
603 5121 757 5166 tract.
791 5110 845 5175 6,
875 5108 938 5164 de
965 5108 1245 5174 Patientia,
1275 5108 1365 5161 lib.
1396 5123 1434 5172 ι,
1462 5107 1651 5162 iisdem
1698 5107 1874 5162 verbis
1903 5123 1996 5162 ex-

417 5205 613 5273 primit,
644 5204 812 5259 altera
843 5218 970 5258 vero
1004 5202 1052 5255 in
1085 5200 1325 5256 eamdem
1367 5201 1628 5254 rationem
1668 5207 1879 5269 sumpta
1911 5209 1995 5254 est

354 5286 357 5289 λ
412 5309 478 5350 ex
511 5302 664 5349 tract.
696 5296 765 5350 32
815 5306 866 5349 et
896 5294 966 5349 42
996 5294 1089 5348 lib.
1120 5308 1176 5361 tt.
1208 5290 1339 5345 Vide
1370 5298 1710 5345 monumenta
1746 5291 1992 5346 Historiae

413 5387 768 5456 diplomaticae
795 5386 1030 5456 subjecta
1052 5428 1065 5451 ,
1110 5395 1165 5440 et
1193 5384 1331 5439 edita
1362 5398 1391 5436 a
1440 5385 1746 5438 marchione
1766 5381 1991 5451 Maﬂ‘eio,

414 5491 537 5545 pag.
570 5477 693 5532 39.6.
736 5479 943 5533 Saecula
972 5479 1181 5533 decimo
1213 5476 1498 5531 Hatherius
1527 5474 1850 5533 Veronensis
1876 5478 1989 5548 epi-

414 5582 637 5635 sc0pus,
666 5571 891 5635 plurium
939 5576 1159 5639 operum
1188 5570 1417 5640 scriptor
1454 5570 1503 5624 id
1548 5570 1805 5639 temporis
1848 5583 1988 5639 pra:-

413 5658 810 5723 stantissimus,
872 5661 930 5714 S.
998 5660 1266 5716 Zenonem
1320 5661 1770 5731 praedecessorem
1834 5675 1988 5715 suum

416 5762 727 5804 sermonum
749 5759 1020 5804 auctorem
1062 5752 1232 5818 palam
1263 5752 1427 5816 novit,
1458 5750 1656 5820 quippe
1681 5754 1769 5823 qui
1801 5762 1988 5823 quater

2110 4647 2322 4700 externi
2374 4648 2461 4701 vel
2504 4649 2677 4702 minus
2705 4650 2847 4717 digni
2892 4649 3145 4703 antistitis
3176 4650 3400 4704 fuissent
3428 4647 3687 4710 auctoris,

2111 4736 2424 4797 incredibile
2465 4739 2624 4806 plane
2653 4748 2736 4792 est
2761 4739 2859 4793 sub
2890 4739 2946 4793 S.
2977 4738 3207 4792 Zenonis
3236 4742 3449 4793 nomine
3481 4741 3533 4792 in
3568 4752 3689 4808 pro-

2110 4829 2277 4896 priam
2308 4827 2702 4897 quodammodo
2731 4827 2887 4898 hujus
2917 4832 3076 4906 unius
3118 4830 3370 4885 Ecclesia:
3416 4832 3685 4901 liturgiam

2106 4920 2347 4988 potuisse
2383 4921 2738 4990 commigrare
2766 4962 2779 4985 ,
2818 4932 2871 4975 et
2910 4920 3108 4974 diutius
3135 4922 3186 4975 in
3216 4921 3400 4976 eadem
3443 4920 3684 4978 Ecclesia

2103 5014 2311 5081 publice
2362 5012 2491 5083 legi.
2555 5014 2741 5083 Itaque
2786 5015 2905 5084 quis
2948 5013 3197 5069 dubitare
3244 5013 3475 5079 amplius
3521 5021 3684 5086 queat

2103 5112 2355 5160 tractatus
2383 5120 2470 5161 κει
2500 5102 2666 5178 [1.wa
2694 5122 2828 5176 quos
2872 5106 3027 5160 unius
3068 5120 3188 5161 esse
3234 5107 3465 5161 auctoris
3492 5107 3681 5176 capite

2086 5200 2273 5269 .primo
2291 5201 2644 5265 ostendimus,
2664 5202 2962 5283 uomalium
2988 5200 3187 5257 habere
3208 5212 3478 5256 auctorem
3522 5215 3680 5271 quam

2099 5290 2156 5347 S.
2200 5292 2469 5347 Zenonem
2516 5293 2823 5366 episcopum
2854 5294 3237 5362 Veronensem,
3269 5293 3352 5348 cui
3376 5294 3496 5348 illos
3523 5301 3579 5348 et
3606 5297 3681 5346 tot

2097 5389 2365 5443 variarum
2398 5391 2607 5445 urbium
2657 5406 2719 5445 ac
2770 5391 3161 5461 provinciarum
3204 5389 3416 5445 codices
3442 5432 3457 5455 ,
3504 5400 3559 5446 et
3603 5396 3679 5442 tot

2097 5480 2421 5550 scriptorum
2450 5484 2777 5552 testimonia,
2804 5494 2856 5541 ct
2887 5480 3213 5540 Veronensis
3234 5485 3394 5539 etiam
3428 5481 3676 5539 Ecclesia:

2098 5566 2315 5627 traditio
2356 5574 2631 5630 vindicat?

2098 5663 2125 5734 §
2166 5664 2228 5719 ll.
2266 5696 2335 5706 —
2370 5666 2591 5739 Vulgare
2618 5668 2977 5741 prwjudicium
3011 5672 3074 5723 de
3104 5669 3165 5725 S.
3204 5669 3426 5724 Zenonis
3452 5683 3558 5725 aevo
3585 5664 3671 5722 sub

2169 5756 2423 5826 Gallieno,
2457 5760 2593 5824 quod
2622 5774 2779 5814 unum
2801 5759 3043 5816 hactenus
3070 5761 3356 5815 constitutis
3375 5761 3665 5830 opponitur,
