3826 6226
128 263 189 317 6‘)
804 278 1247 340 DISSERTATIO
1289 285 1329 352 ι,
1371 288 1460 344 DE
1499 288 1555 347 s.
1597 278 1881 355 ZENONIS
1919 301 2165 363 TRACT.
2210 310 2296 367 ET
2333 314 2609 376 rETATE.

186 376 248 430 ad
268 393 472 436 examen
491 393 765 442 revocatur.
789 387 995 445 Barom‘i
1023 392 1322 467 Ugltellique
1346 407 1587 457 seruentia
1608 405 1671 459 de

183 468 367 537 duplici
382 473 610 543 Zenone,
642 496 854 549 quorum
883 484 1011 536 alter
1037 490 1129 540 sub
1157 487 1391 545 Gallieno
1412 495 1664 563 floruerit,

180 558 297 613 alter
332 576 512 631 quarto
538 571 721 624 circulo
768 580 1070 641 tractatuum
1103 589 1285 635 auctor
1322 584 1420 653 sit,
1459 592 1667 644 omnino

179 668 313 710 noua.
345 654 492 714 Unus
530 670 717 716 tantum
746 663 884 739 leno
917 669 1185 741 episcopus
1244 673 1522 735 Veronensi
1562 681 1667 738 Ec-

176 745 329 802 clesia
351 767 413 805 ea:
449 756 669 811 omnibus
709 759 1023 825 documentis
1058 769 1289 836 agnitus,
1322 772 1460 827 unde
1499 773 1664 831 Baro-

177 842 280 895 nius
327 848 613 901 sententiam
667 857 983 911 retractavit.
1046 856 1347 933 Prccjudicii
1400 871 1664 951 memorati

3283 339 3351 395 70

1697 407 1744 469 Α
1772 416 2010 507 specialis
2036 422 2212 479 doctor
2239 437 2285 481 et
2307 432 2535 499 provisor
2556 450 2650 490 seu
2683 447 2939 508 patronus
2969 455 3137 504 uoster
3170 460 3221 505 et
3256 452 3350 507 fuit

1771 494 2003 578 semper,
2034 525 2084 569 et
2116 494 2418 578 adhuciest
2469 526 2527 581 S.
2579 528 2744 593 Zeno,
2775 549 2931 604 quem
2966 538 3015 593 id
3064 540 3348 603 Ratlierius
3409 579 3415 585 -

1769 598 1929 656 simili
1960 602 2181 662 formula
2216 612 2265 665 in
2296 614 2641 688 Apologetico
2670 638 2718 692 p.
2770 598 2873 681 seu
2914 635 2953 682 ι.
2996 645 3013 684 ι
3080 598 3347 707 Spicilegii

1767 689 2086 763 Acheriani,
2117 701 2204 755 tibi
2244 702 2503 762 basilicam
2533 711 2650 779 ejus
2698 728 2996 788 memorat,
3038 728 3347 803 peculiarem

1766 793 1996 839 nostrum
2041 799 2313 857 patronum
2352 801 2605 869 appellat.
2655 806 2731 861 Ex
2775 816 3138 886 inanuscripto
3184 802 3343 889 porro

1766 871 2356 956 Remensi,quialiquot
2389 898 2641 949 tractatus
2668 896 2806 955 inter
2834 918 2984 959 sacra
3019 906 3341 969 Veronensis

178 932 305 1003 origo
325 944 371 988 et
398 940 790 1005 fundamentum.

176 1021 256 1077 llis
300 1031 620 1096 argumentis
663 1033 889 1093 dellnito
932 1040 1170 1100 Auctore
1218 1047 1349 1103 nihil
1394 1048 1460 1105 de
1500 1061 1658 1109 tetate

113 1113 214 1179 ejus
253 1116 442 1174 addere
482 1132 770 1190 oporteret.
829 1128 885 1183 Si
915 1132 1060 1187 enim
1105 1148 1292 1192 auctor
1336 1149 1655 1198 tractatuum

112 1214 280 1271 quarto
301 1207 501 1265 stcculo'
524 1212 769 1272 ﬂoruisse
796 1218 1221 1282 demonstratum
1254 1230 1408 1286 nobis
1431 1244 1512 1288 est
1541 1235 1655 1290 evi-

111 1293 275 1351 denter
300 1312 415 1367 cap.
440 1303 491 1367 2,
523 1306 695 1375 palam
720 1314 962 1381 sequitur
984 1314 1463 1395 Zerronequucm
1500 1333 1577 1380 tot
1600 1336 1656 1383 et

109 1386 355 1445 codicibus
381 1404 433 1447 et
473 1399 695 1454 tesribus
729 1409 785 1457 et
829 1403 1152 1463 Veronensis
1198 1411 1366 1482 ipsius
1395 1412 1653 1474 Ecclesiae

107 1481 295 1551 antiqua
338 1488 611 1545 traditione
655 1498 967 1553 eorumdem
1000 1511 1319 1560 tractatuum
1373 1519 1650 1566 auctorem

107 1584 209 1625 esse
231 1570 473 1633 hactenus
497 1582 849 1650 ostendimus,
884 1600 1072 1658 quarto
1094 1608 1308 1665 quoque
1335 1599 1532 1653 saeculo
1554 1601 1649 1654 llo-

108 1658 209 1715 rcre
236 1664 468 1724 debuisse
484 1712 513 1751 ,I
528 1686 592 1728 ac
623 1674 762 1730 inter
794 1692 890 1746 eos
914 1684 1152 1751 proiecto
1180 1687 1419 1757 ejusdem
1460 1695 1646 1749 saeculi

108 1752 279 1813 limites
305 1802 317 1823 ,
351 1779 475 1831 quos
517 1783 585 1821 ex
625 1774 942 1830 certissimis
990 1789 1308 1845 tractatuum
1356 1787 1495 1842 notis

106 1848 462 1911 priestituimus.
486 1856 553 1911 At
586 1859 709 1914 huic
737 1871 1196 1932 argumentolicet
1214 1878 1648 1943 exploratissimo

107 1925 397 1996 unum’illud
435 1948 650 2017 vulgare
696 1925 1061 2023 praijudicium
1090 1925 1376 2031 opponitur
1401 2008 1415 2032 ,
1448 1984 1553 2038 quo
1582 1969 1641 2025 S.

106 2026 245 2095 Zeno,
283 2031 510 2091 Gallieno
542 2041 838 2109 imperante
892 2061 988 2103 seu
1028 2054 1182 2105 tertio
1212 2058 1407 2113 saeculo
1450 2060 1643 2116 vixisse

103 2121 335 2189 creditur;
362 2129 440 2182 cui
468 2133 757 2202 praejudico
786 2138 1089 2196 traditionis
1120 2148 1336 2202 nomine
1371 2149 1642 2207 Veronen-

107 2214 167 2267 sis
188 2216 420 2276 Ecclesia:
454 2242 483 2278 a
519 2230 789 2284 nonnullis
828 2233 1131 2305 divendito,
1166 2255 1233 2294 ne
1258 2257 1317 2295 se
1344 2244 1641 2312 objicercnt

99 2306 353 2364 cardinalis
393 2312 649 2371 Baronius
690 2321 740 2373 in
770 2324 943 2391 prima
966 2326 1201 2383 editione
1242 2330 1599 2405 Martyrologii
1623 2378 1636 2402 ,

101 2408 144 2451 ct
164 2399 498 2463 Ferdinandus
530 2409 811 2479 Ughellius
839 2427 966 2471 tom.
1002 2435 1029 2472 v
1059 2421 1219 2476 ludite
1248 2438 1449 2492 sacrm,
1485 2428 1638 2490 duos

100 2487 305 2548 Zenones
337 2496 685 2559 .Veronenses
743 2509 1026 2581 episcopos
1072 2514 1432 2574 admittendos
1481 2532 1636 2591 puta-

104 2592 223 2649 runt,
242 2600 449 2654 quorum
473 2593 720 2650 altersub
737 2600 1000 2668 Gallieno,
1032 2606 1105 2658 uti
1127 2608 1453 2677 tradebatur,
1482 2612 1635 2667 obie-

99 2674 171 2740 rit,
215 2678 337 2734 alter
389 2698 543 2754 vero,
578 2691 666 2758 qui
694 2698 1012 2749 tractatuum
1037 2698 1108 2749 sit
1146 2708 1351 2764 auctor,
1395 2701 1636 2758 ﬂoruerit

97 2770 263 2825 saeculo
286 2787 481 2843 quarto.
513 2782 585 2834 At
622 2783 668 2836 si
694 2786 1024 2855 eXploratum
1054 2794 1273 2846 omnino
1309 2795 1592 2852 fecerimus
1615 2838 1629 2861 ,

99 2858 273 2916 unicum
320 2864 623 2935 Zenonem,
675 2876 757 2928 cui
806 2892 1079 2934 sermones
1125 2882 1377 2939 vindicari
1426 2889 1631 2956 possint

96 2962 143 2999 ac
168 2949 407 3024 debeant,
433 2959 501 3013 ab
527 2962 765 3019 Ecclesia
790 2966 1086 3037 ‘Veroncnsi
1118 2988 1331 3044 semper
1370 2980 1626 3048 agnitum,
1690 2988 1697 2999 '

96 3049 140 3090 ct
168 3042 287 3101 hunc
311 3052 517 3115 quidem
566 3072 671 3111 non
705 3062 859 3114 tertio
884 3104 897 3125 ,
942 3066 1034 3118 sed
1062 3079 1251 3134 quarto
1278 3074 1472 3127 Sicculo
1518 3074 1629 3129 cla-

97 3130 261 3201 ruisse,
296 3138 419 3195 nihil
444 3142 546 3198 erit
576 3148 807 3215 amplius
855 3152 995 3221 quod
1022 3130 1329 3224 reponatur.
1650 3153 1696 3217 C

147 3226 265 3283 Ante
303 3232 581 3291 Baronium
628 3240 739 3309 (qui
788 3244 987 3311 primus
1012 3247 1146 3303 duos
1190 3249 1435 3310 Zenones
1472 3256 1621 3312 nullo

94 3312 367 3378 documento
392 3327 601 3395 intulit,
633 3345 698 3386 eo
725 3334 841 3387 solo
869 3348 1184 3407 argumento
1213 3342 1402 3398 ductus
1422 3385 1437 3411 ,
1477 3348 1620 3417 quod

97 3422 221 3464 unum
260 3413 511 3474 Zenonem
565 3424 737 3491 quarti
766 3429 946 3481 smculi
987 3440 1258 3489 auctorem
1309 3452 1619 3493 sermonum
1662 3468 1665 3471 -

94 3506 340 3563 certissime
367 3524 748 3581 cognosceret,
783 3519 944 3572 alium
974 3532 1150 3578 autent
1183 3525 1281 3579 sub
1312 3525 1553 3582 Gallieno
1587 3546 1617 3586 a

94 3588 337 3654 Veronensi
365 3601 601 3660 Ecclesia
632 3609 832 3664 cultum
861 3612 926 3667 dc
959 3611 1354 3673 Veronensibus
1380 3623 1615 3691 accepis-

93 3684 169 3754 set)
194 3686 250 3743 de
267 3688 462 3751 duobus
490 3696 795 3767 lenonibus
825 3702 981 3772 hujus
1004 3708 1145 3762 urbis
1172 3711 1435 3782 episcopis
1456 3731 1616 3771 nemo

94 3782 292 3846 umquam
318 3786 574 3843 audierat.
602 3789 739 3846 Huic
768 3794 981 3863 quidem
1031 3800 1267 3867 Opinioni
1306 3804 1414 3872 ipsa
1451 3805 1617 3865 Vero-

93 3869 231 3923 neusis
258 3871 499 3933 Ecclesia:
520 3877 741 3937 traditio
786 3884 1081 3969 refragatur
1109 3901 1295 3960 aperte
1316 3934 1330 3960 ,
1359 3912 1475 3963 quae
1507 3913 1613 3953 non

92 3958 168 4012 nisi
198 3980 337 4023 unum
366 3969 637 4028 Zenonem
680 3991 891 4047 semper
917 3964 1134 4050 agnovit
1160 4024 1175 4051 ,
1211 3996 1263 4039 et
1292 3987 1361 4041 ita
1392 3990 1610 4057 quidem

92 4059 159 4115 υι,
198 4072 332 4126 quem
368 4058 613 4122 sanctum
655 4077 707 4124 et
735 4086 985 4142 magnum
1033 4076 1178 4132 urbis
1210 4088 1489 4148 patronum
1521 4100 1611 4140 co-

91 4140 177 4209 Ῐυίιν
208 4154 431 4211 eumdem
480 4175 695 4232 quoque
737 4178 1042 4219 sermonum
1072 4171 1388 4238 scriptorem
1422 4190 1610 4245 perpe-

93 4244 157 4285 ιυο
189 4236 424 4301 habuerit.
456 4248 513 4303 Id
543 4249 711 4321 liquet
739 4268 802 4309 ex
846 4256 1104 4312 universis
1141 4260 1409 4317 variortim
1440 4280 1611 4321 swcu‘

92 4322 221 4383 lorum
246 4339 574 4407 auctoribus,
604 4358 740 4411 quos
785 4347 941 4414 paulo
971 4359 1094 4404 ante
1136 4352 1482 4422 allegavimus
1507 4399 1520 4419 ,
1555 4368 1609 4412 et

91 4427 137 4465 EX
162 4431 507 4499 manuscriptis
536 4433 662 4487 item
691 4435 957 4502 omnibus,
984 4456 1211 4509 quorum
1255 4454 1363 4499 tres
1390 4447 1605 4503 decimo

93 4514 209 4566 tertio
225 4510 403 4576 saeculo
425 4527 611 4594 scripti
636 4527 871 4595 luerunt,
900 4547 1032 4585 unus
1057 4548 1241 4588 antem
1260 4550 1383 4594 ante
1406 4556 1602 4595 nonum
1631 4524 1685 4586 Ῑ)

92 4613 282 4665 exaratos
300 4611 432 4681 fuit,
454 4629 524 4686 lut
562 4617 817 4675 Ecclesia:
851 4623 948 4691 ipsi
978 4624 1267 4682 Veroneusi
1297 4632 1345 4685 in
1380 4634 1605 4700 publicis

93 4690 232 4752 ciliciis
268 4706 375 4760 usui
426 4717 591 4763 esset.
636 4708 778 4765 Inter
821 4711 935 4768 haec
983 4715 1305 4783 Veronensis
1353 4723 1603 4781 Ecclesia:

94 4788 329 4851 lemittimus
368 4800 841 4859 animadvertenda
887 4811 1151 4881 prcecipue
1194 4825 1315 4869 sunt
1363 4817 1450 4871 illa
1494 4818 1601 4873 lia-

98 4875 209 4935 llierii
246 4898 291 4943 et
320 4906 421 4947 ms.
454 4893 758 4965 Bernensis,
792 4914 911 4967 quae
939 4905 1194 4970 majorem
1228 4909 1597 4978 antiquitatem

93 4974 131 5017 ει
148 4980 476 5037 auctoritatem
522 4985 833 5055 praeferunt.
864 4990 1149 5071 Ratberius
1188 5005 1269 5051 ter
1292 5040 1306 5064 ,
1339 5009 1395 5052 ut
1435 5017 1597 5071 supra

93 5062 325 5133 militum,
384 5072 659 5131 Zenonem
706 5078 945 5148 ejusdem
1010 5068 1265 5141 tractatus
1321 5100 1596 5148 auctorem

93 5147 247 5221 allegat,
268 5161 538 5231 et'ublque
571 5182 694 5221 eum
721 5147 811 5223 aut
836 5169 1044 5227 Beatum
1066 5216 1078 5237 ,
1108 5185 1199 5230 aut
1228 5176 1475 5235 Sanctum
1500 5200 1596 5254 ap-

94 5241 226 5314 Ρευιι,
251 5252 378 5320 quod
404 5255 449 5307 is
478 5264 587 5310 tum
617 5258 905 5317 haberetur
933 5280 1239 5325 sermonum
1267 5282 1474 5340 auctor,
1503 5276 1592 5345 qui

93 5330 139 5379 ab
158 5332 235 5392 lue
260 5342 485 5401 Ecclesia
512 5349 653 5402 inter
678 5348 904 5407 Sanctus
932 5358 1223 5415 colebatur.
1253 5330 1597 5430 Adverterida

92 5427 219 5477 auum
242 5432 561 5496 potissimum
589 5437 681 5490 illa
714 5437 995 5507 Synodica:
1020 5462 1033 5497 :
1063 5445 1189 5501 Cum
1228 5427 1464 5519 specialis
1486 5472 1597 5511 nos-

93 5518 145 5559 ¹ιτ
164 5514 303 5574 doctor
324 5534 472 5593 atque
504 5529 757 5596 provisor,
783 5529 957 5585 beatus
984 5538 1153 5605 utique
1192 5514 1354 5611 leno,
1384 5546 1522 5600 dicat
1540 5549 1591 5600 in

92 5612 259 5664 “Mle
291 5614 456 5683 utique
475 5658 489 5683 ,
533 5633 683 5688 quem
708 5620 772 5674 de
796 5620 941 5676 Iuda
963 5623 1075 5691 ﬁlio
1103 5628 1265 5683 .Incob
1294 5643 1339 5685 et
1364 5633 1591 5694 Thamar

96 5696 350 5770 κνιὶμὴισ
384 5707 755 5778 elegantissime
783 5716 1077 5784 composuit.
1112 5716 1207 5775 Hic
1231 5715 1410 5779 autem
1443 5724 1589 5785 Zeno

370 5894 395 5910 δ

1760 964 2017 1039 Ecclesia:
2041 970 2189 1047 [ιη]
2220 982 2470 1050 mysteria
2502 986 2568 1041 ab
2603 989 2884 1062 episcopis,
2915 996 2999 1051 vel
3030 964 3344 1071 diaconib‘us

1764 1056 1931 1115 lectos
1973 1074 2269 1134 memorat,
2298 1088 2475 1131 nonne
2499 1085 2552 1132 et
2588 1077 2948 1147 Veronensem
2992 1089 3300 1161 episcopum
3323 1135 3339 1164 ,

1761 1158 1816 1204 et
1842 1150 2129 1224 Sanctum,
2160 1173 2217 1215 ut
2248 1162 2442 1221 ibidem
2484 1168 2827 1245 inscribitur,
2858 1191 3128 1239 auctorem
3156 1188 3223 1241 ab
3250 1203 3343 1244 ea-

1758 1239 1881 1298 dem
1923 1244 2162 1310 Ecclesia
2208 1251 2445 1313 habitum
2485 1262 2658 1331 palam
2705 1239 3119 1339 cognoscimus?
3153 1239 3338 1351 Neque

2485 1318 2500 1331 _
2630 1318 2657 1319 η
2713 1318 3112 1339 --σμγ--.πων
3153 1318 3334 1351 usque

1744 1318 1885 1402 vero
1913 1338 2208 1398 audiendus
2246 1344 2615 1410 Ferdinandns
2646 1356 2919 1429 Ughellius
2946 1406 2959 1429 ,
2998 1368 3086 1437 qui
3126 1379 3181 1425 ut
3216 1371 3334 1429 haec

1758 1420 1892 1480 forte
1922 1430 2262 1499 conciliaret,
2296 1442 2587 1509 secundum
2608 1463 2832 1520 quoque
2867 1452 3168 1526 Zenonem,
3210 1450 3337 1519 auc-

1694 1578 1707 1592 \
1758 1522 1949 1585 torem,
1985 1523 2058 1575 uti
2097 1537 2344 1600 putatur,
2379 1542 2697 1593 tractatuum
2728 1582 2741 1606 ,
2777 1547 2975 1601 sanctis
3008 1548 3334 1623 adscripsit,

1758 1621 1877 1662 cum
1907 1627 2069 1667 unum
2100 1626 2303 1692 tantum
2336 1622 2607 1683 Zenonem
2643 1632 2784 1689 inter
2812 1647 3026 1694 Sanctus
3055 1643 3334 1714 episcopos

1757 1698 2080 1761 Veronensis
2114 1709 2356 1771 Ecclesia
2398 1726 2728 1779 recensuerit
2752 1740 2965 1798 semper
2997 1773 3010 1797 ,
3052 1746 3209 1804 atque
3249 1750 3333 1793 re-

1532 1789 1643 1858 jam
1673 1786 1724 1851 B
1752 1806 1988 1850 censeat.
2014 1798 2151 1866 Quin
2181 1805 2482 1866 mirandum
2519 1818 2749 1873 maxime
2780 1829 2897 1889 est,
2926 1826 3066 1894 quod
3098 1844 3215 1882 cum
3247 1831 3334 1887 ille

1750 1885 1974 1943 alterum
2003 1892 2142 1947 hunc
2174 1895 2445 1957 Zenonem
2477 1904 2770 1966 Veronensi
2802 1912 3054 1973 Ecclesiae
3085 1915 3326 1991 incogni-

1751 1985 1882 2045 tum,
1918 1980 1971 2036 in
2009 1986 2384 2057 episcoporum
2416 1995 2799 2057 Veronensium
2833 2009 3026 2063 seriem
3057 2012 3333 2071 intrnserit

1749 2066 1979 2126 Burouio
2006 2075 2142 2132 duce
2168 2120 2181 2143 ,
2232 2081 2323 2150 qui
2352 2089 2559 2153 primus
2593 2103 2643 2144 et
2670 2108 2803 2150 unus
2836 2101 2970 2154 hanc
3006 2105 3324 2173 sententiain

1747 2159 1798 2213 in
1832 2162 1995 2230 prima
2025 2166 2385 2243 Martyrologii
2416 2178 2650 2236 editione
2674 2179 3323 2259 indicaverat{eumdem-

1744 2266 1847 2320 que
1872 2267 2126 2324 printerea
2160 2263 2273 2333 ipse
2302 2268 2550 2327 Sanctum
2576 2291 2641 2330 ex
2661 2279 2887 2338 arbitrio
2919 2284 3133 2343 tinxerit
3158 2307 3171 2342 :
3223 2291 3321 2347 Ba«
3414 2336 3423 2342 .

1744 2330 1953 2402 ronium
1986 2353 2157 2414 potius
2182 2357 2371 2415 ducem
2402 2372 2617 2421 secutus
2656 2385 2759 2426 non
2790 2374 2889 2440 sit,
2925 2380 3011 2448 qui
3048 2380 3323 2451 Veronen-

1742 2434 1815 2487 sis
1845 2438 2145 2499 traditionis
2168 2447 2470 2509 admonitus
2485 2456 2568 2523 ab
2598 2459 2684 2525 iis,
2708 2465 2797 2532 qui
2829 2465 3191 2527 Veronensem
3220 2474 3321 2530 Ze-

1745 2520 1913 2579 nonis'
1942 2529 2231 2591 editionem
2279 2555 2574 2614 curarunt,
2618 2552 2848 2619 priorem
2881 2556 2949 2612 dc
2993 2560 3188 2630 duplici
3222 2565 3323 2623 Ze-

1743 2631 1881 2670 none
1928 2625 2244 2679 sententiam
2292 2629 2496 2697 jamdiu
2544 2638 2850 2711 abjecerat,
2896 2657 2949 2703 et
2970 2656 3220 2710 secundis
3257 2660 3309 2712 in

1739 2705 2171 2783 Martyrologium
2216 2723 2359 2775 curis
2406 2705 2784 2809 retractaverat
2823 2738 2906 2792 his
2952 2744 3124 2798 verbis
3176 2764 3188 2798 :
3232 2747 3313 2803 Ea:

1736 2814 1837 2864 quo
1865 2814 2051 2870 autem,
2081 2818 2134 2860 ut
2164 2814 2477 2884 accepimus,
2518 2810 2623 2875 non
2656 2826 2835 2896 recipit
2878 2829 3181 2892 Veronensis
3216 2838 3318 2896 Ec-

1734 2889 1887 2944 clesia
1917 2894 2046 2949 duos
2074 2897 2322 2973 Zenones,
2356 2924 2387 2960 a
2406 2911 2566 2979 priori
2592 2928 2767 2972 nostra
2793 2927 3040 2980 sententia
3067 2928 3207 2984 haud
3230 2933 3312 2987 in.

1734 2983 1822 3037 viti
1852 2988 2151 3047 recedimus.

1802 3078 1958 3148 Atqui
2013 3084 2137 3141 huic
2168 3088 2461 3152 Veronensi
2504 3101 2810 3173 traditioni,
2858 3128 3014 3181 quam
3057 3116 3315 3180 hactenus

1730 3173 2103 3243 ostendimus,
2141 3181 2243 3236 alia
2284 3192 2478 3255 opponi
2530 3197 2736 3253 videtur
2783 3204 3313 3275 ejusdemJL‘cclesia:

1725 3263 1964 3334 traditio,
1988 3283 2098 3339 .qua
2130 3272 2267 3329 idem
2300 3278 2442 3337 Zeno
2485 3287 2583 3341 sub
2623 3290 2865 3352 Gallieno
2896 3316 3100 3376 martyr
3132 3311 3312 3376 prodi-

1725 3361 1843 3420 tur,
1876 3359 2014 3423 quod
2055 3376 2175 3416 cuiu
2218 3369 2375 3424 aetate
2403 3379 2646 3434 Auctoris
2686 3401 2994 3447 sermonum
3038 3402 3309 3458 conciliari

1722 3459 1826 3498 non
1861 3460 2048 3513 pctest.
2074 3453 2301 3513 Zenonis
2336 3470 2644 3537 martyrium
2674 3474 2759 3531 hic
2800 3496 3104 3553 expungere
3130 3495 3306 3550 cousi—

1723 3534 1753 3553 ,.

2476 3534 2487 3537 v
2871 3534 2887 3550 Κ
2914 3534 2917 3535 ν
2943 3534 3057 3553 --ηνν
3078 3534 3103 3544 ν
3131 3534 3300 3550 uuulol’

1720 3534 1850 3592 lium
1897 3554 2133 3599 nostrum
2183 3564 2285 3605 non
2335 3568 2454 3621 est,
2500 3562 2567 3616 de
2612 3582 2718 3634 quo
2767 3572 2919 3640 plura
2967 3580 3180 3637 dissert.
3231 3588 3300 3652 3,

1723 3642 1815 3652 4....»
1869 3633 1901 3652 1"
1974 3650 1981 3652 4
2047 3640 2056 3652 '

2633 3633 2636 3634 ν
2767 3633 2780 3640 ,
3232 3633 3259 3641 ν
3287 3633 3300 3652 ν

1718 3642 1838 3698 cap.
1869 3633 1931 3697 ‘2,
1966 3640 2056 3691 scd
2080 3657 2195 3697 eam
2224 3656 2432 3704 zetatem
2458 3695 2470 3715 ,
2506 3661 2717 3723 qure'ad
2751 3664 2975 3724 Gallieni
3018 3674 3300 3743 imperium

1717 3725 1978 3781 evehitur.
2012 3730 2107 3787 Cui
2151 3738 2455 3806 traditioni,
2488 3760 2581 3801 seu
2622 3754 2797 3819 potius
2828 3725 3133 3829 prmjudicilo
3167 3785 3302 3828 unus

2622 3810 2638 3819 .
2828 3810 2841 3826 Ι
2894 3810 3132 3829 θέσπνυν-κσ
3168 3810 3299 3828 υυιιο

1717 3810 2011 3873 Coronatus
2033 3821 2298 3894 Notarius,
2318 3835 2526 3903 septimi
2551 3842 2632 3895 vel
2651 3846 2821 3900 octavi
2845 3853 3025 3907 saeculi
3050 3860 3299 3930 scriptor,

1717 3901 1960 3930 l‘.....l.._-
2006 3918 2021 3930 ι
2289 3922 2298 3930 ⁵
2654 3928 2657 3930 ’

1714 3901 2115 3984 fundamentum
2149 3922 2354 3989 posuit,
2382 3901 2592 3997 ex‘quo
2632 3928 2719 3986 alii
2760 3940 2985 3997 subinde
3012 3901 3297 4019 ςληῑῑιιζίιηἐ

1646 4064 1652 4070 .
1717 4001 1854 4055 tem,
1888 4015 1990 4053 non
2023 4002 2221 4060 Zenoni
2248 4012 2449 4080 solum,
2475 4019 2565 4071 scd
2599 4019 2890 4082 Veroncnsi
2924 4035 3082 4089 etiam
3112 4036 3299 4098 Eccle-

1713 4085 1807 4138 siae
1840 4088 2184 4151 liOllOl'lﬁCam
2215 4104 2591 4170 pra-dicarunt.
2620 4112 2732 4170 lloc
2755 4134 2880 4173 vero
2903 4123 3154 4185 Coronati
3180 4134 3295 4191 fun-

1714 4175 2017 4238 damentum
2050 4195 2504 4255 ut’exscindamus
2529 4245 2542 4268 ,
2570 4202 2673 4261 duo
2698 4210 2912 4283 antiqua
2943 4234 3287 4283 monumenta

1712 4273 1855 4324 omni
1885 4279 2196 4348 exceptione
2246 4287 2445 4357 majora
2480 4297 2707 4363 primum
2750 4306 3133 4368 consideranda
3167 4334 3292 4384 pro-

1712 4374 1999 4436 ponemus,
2026 4374 2216 4444 quibus
2256 4378 2437 4451 Zeno,
2483 4403 2641 4458 quem
2689 4409 2792 4450 non
2826 4400 2922 4455 nisi
2953 4407 3163 4462 unicum
3204 4428 3293 4467 ec-

1711 4457 1870 4514 clesia
1901 4462 2225 4527 Veronensis
2254 4481 2725 4563 agIIOVll,.VleSSC
2755 4497 3051 4553 ostenditur
3092 4507 3291 4563 sacculo

1710 4567 1896 4621 quarto
1921 4576 1933 4609 :
1970 4568 2077 4615 tum
2108 4579 2237 4620 vero
2266 4569 2429 4639 ipsius
2459 4557 2709 4636 coronati
2739 4590 2994 4653 opusculo
3023 4594 3087 4647 ad
3112 4598 3288 4655 calcu—

1707 4644 1815 4698 lum
1850 4661 2125 4720 revocato,
2157 4672 2220 4711 ex
2254 4661 2492 4729 pluribus
2521 4669 2635 4737 ejus
2661 4673 2761 4730 hac
2791 4678 2840 4731 in
2874 4679 3092 4739 historia
3127 4688 3287 4759 lapsi-

1708 4734 1806 4759 L..-
1859 4755 1949 4759 -ηη
1973 4758 1983 4759 κ
2071 4746 2102 4759 -·
2455 4756 2469 4759 ‘

1706 4734 1807 4791 bus
1858 4746 2133 4807 prrcsentis
2180 4764 2393 4823 quoque
2448 4734 2656 4821 labella:
2706 4734 3287 4849 elcvabim-usmlide'iu,

2996 4828 3026 4830 η
3090 4828 3243 4837 -._-...
3272 4828 3287 4849 ,

1706 4828 1925 4899 ejusque
1970 4838 2304 4897 occasionem
2354 4848 2431 4901 vel
2469 4854 2763 4926 originem,
2812 4863 2856 4917 si
2895 4865 3005 4921 fieri
3052 4874 3287 4945 poterit)

1704 5048 1730 5120 §
1765 5051 1847 5105 lll.’
1875 5043 1947 5094 9—-
1970 5056 2221 5118 Zenonem
2253 5068 2436 5141 vixisse
2461 5087 2641 5150 quarto
2669 5085 2856 5137 srrculo
2886 5086 3195 5148 convincitur
3219 5115 3285 5153 ea:

1772 5145 1832 5198 S.
1864 5148 2114 5205 Ambrosii
2142 5158 2353 5225 epistola
2380 5164 2448 5216 ad
2476 5146 2771 5238 Syagrium.
2802 5176 2875 5229 Id
2901 5179 3062 5251 ipsum
3101 5145 3277 5243 statuit

1769 5241 2004 5309 antiquus
2048 5248 2175 5299 ordo
2218 5250 2565 5322 episcoporum
2603 5259 2991 5339 Veronensium,
3024 5290 3169 5343 quem
3216 5296 3277 5335 ea:
3351 5270 3366 5277 ’

1776 5329 2028 5397 diptycliis
2056 5350 2286 5392 manasse
2311 5344 2480 5409 palam
2507 5357 2607 5419 est.

1772 5459 2008 5515 Primum
2055 5465 2427 5525 documentum
2470 5476 2540 5529 sit
2582 5481 2806 5547 epistola
2848 5490 2881 5542 5
2916 5487 2972 5544 S.
3001 5494 3273 5559 Ambrosii

1698 5551 1762 5606 ad
1816 5552 2133 5621 Syagrium,
2183 5572 2340 5626 quem
2392 5562 2750 5627 Veronensem
2795 5581 3102 5654 episcopum
3156 5600 3267 5650 tum

1697 5642 1858 5698 fuisse
1895 5643 2057 5708 ipsius
2089 5646 2325 5716 epistolae
2368 5664 2653 5717 contextus
2684 5666 2839 5732 plane
2888 5678 3171 5737 convincit.
3212 5683 3272 5742 In

1697 5733 1794 5789 hac
1823 5741 1998 5790 autent
2030 5737 2254 5807 epistola
2281 5758 2427 5800 num.
2464 5749 2486 5803 1
2520 5752 2832 5835 Ambrosius
2870 5761 3082 5826 indicite
3106 5774 3266 5847 virgi-
