  <div class='ocr_page' id='page_1' title='image "/cluster/home/n/w/nwhite01/storage/ocr_20150623/11/uva.x000826576/043.png"; bbox 0 0 3826 6226; ppageno 0'>
   <div class='ocr_carea' id='block_1_1' title="bbox 419 154 2034 282">
    <p class='ocr_par' dir='ltr' id='par_1_1' title="bbox 419 154 2034 282">
     <span class='ocr_line' id='line_1_1' title="bbox 419 154 2034 282; baseline -0.019 0"><span class='ocrx_word' id='word_1_1' title='bbox 419 225 484 282; x_wconf 69' lang='grc' dir='ltr'><strong>τι</strong></span> <span class='ocrx_word' id='word_1_2' title='bbox 1690 154 1699 165; x_wconf 60' lang='grc'><em>’</em></span> <span class='ocrx_word' id='word_1_3' title='bbox 1743 231 1748 235; x_wconf 61' lang='grc' dir='ltr'><strong><em>η</em></strong></span> <span class='ocrx_word' id='word_1_4' title='bbox 1791 196 2034 256; x_wconf 80' lang='lat' dir='ltr'><strong>PROLEt</strong></span> 
     </span>
    </p>
   </div>
   <div class='ocr_carea' id='block_1_2' title="bbox 2194 154 2334 282">
    <p class='ocr_par' dir='ltr' id='par_1_2' title="bbox 2194 193 2334 250">
     <span class='ocr_line' id='line_1_2' title="bbox 2194 193 2334 250; baseline -0.036 -1"><span class='ocrx_word' id='word_1_5' title='bbox 2194 193 2334 250; x_wconf 65' lang='lat' dir='ltr'><strong>ENA.</strong></span> 
     </span>
    </p>
   </div>
   <div class='ocr_carea' id='block_1_3' title="bbox 3658 124 3826 235">
    <p class='ocr_par' dir='ltr' id='par_1_3' title="bbox 3658 124 3826 235">
     <span class='ocr_line' id='line_1_3' title="bbox 3658 124 3826 235; baseline -0.012 0"><span class='ocrx_word' id='word_1_6' title='bbox 3658 124 3826 235; x_wconf 67' lang='lat' dir='ltr'><strong>72i</strong></span> 
     </span>
    </p>
   </div>
   <div class='ocr_carea' id='block_1_4' title="bbox 421 298 3737 395">
    <p class='ocr_par' dir='ltr' id='par_1_4' title="bbox 421 298 3737 395">
     <span class='ocr_line' id='line_1_4' title="bbox 421 298 3737 395; baseline -0.012 -3"><span class='ocrx_word' id='word_1_7' title='bbox 421 338 507 392; x_wconf 81' lang='lat' dir='ltr'><strong>nis</strong></span> <span class='ocrx_word' id='word_1_8' title='bbox 550 335 874 391; x_wconf 77' lang='lat' dir='ltr'><strong>mentionem</strong></span> <span class='ocrx_word' id='word_1_9' title='bbox 905 329 1029 384; x_wconf 99' lang='lat' dir='ltr'><strong>facit</strong></span> <span class='ocrx_word' id='word_1_10' title='bbox 1055 368 1070 389; x_wconf 86' lang='lat'><strong>,</strong></span> <span class='ocrx_word' id='word_1_11' title='bbox 1101 338 1258 395; x_wconf 87' lang='lat' dir='ltr'><strong>quam</strong></span> <span class='ocrx_word' id='word_1_12' title='bbox 1302 321 1525 393; x_wconf 83' lang='lat' dir='ltr'><strong>puellam</strong></span> <span class='ocrx_word' id='word_1_13' title='bbox 1565 316 1789 373; x_wconf 83' lang='lat' dir='ltr'><strong>Zenonis</strong></span> <span class='ocrx_word' id='word_1_14' title='bbox 1816 318 2020 367; x_wconf 76' lang='lat' dir='ltr'><strong>sancta:</strong></span> <span class='ocrx_word' id='word_1_15' title='bbox 2046 315 2096 373; x_wconf 81' lang='grc' dir='ltr'>Α</span> <span class='ocrx_word' id='word_1_16' title='bbox 2124 324 2253 365; x_wconf 90' lang='lat' dir='ltr'><strong>rona</strong></span> <span class='ocrx_word' id='word_1_17' title='bbox 2283 305 2432 363; x_wconf 80' lang='lat' dir='ltr'><strong>exsul</strong></span> <span class='ocrx_word' id='word_1_18' title='bbox 2465 305 2517 359; x_wconf 92' lang='lat' dir='ltr'><strong>in</strong></span> <span class='ocrx_word' id='word_1_19' title='bbox 2543 302 2677 360; x_wconf 89' lang='lat' dir='ltr'><strong>illud</strong></span> <span class='ocrx_word' id='word_1_20' title='bbox 2701 298 3082 359; x_wconf 76' lang='lat' dir='ltr'><strong>monasterium</strong></span> <span class='ocrx_word' id='word_1_21' title='bbox 3105 339 3119 364; x_wconf 91' lang='lat'><strong>,</strong></span> <span class='ocrx_word' id='word_1_22' title='bbox 3162 299 3304 354; x_wconf 90' lang='lat' dir='ltr'><strong>unde</strong></span> <span class='ocrx_word' id='word_1_23' title='bbox 3348 300 3571 364; x_wconf 77' lang='lat' dir='ltr'><strong>exierat,</strong></span> <span class='ocrx_word' id='word_1_24' title='bbox 3598 313 3737 352; x_wconf 76' lang='lat' dir='ltr'><strong>sese</strong></span> 
     </span>
    </p>
   </div>
   <div class='ocr_carea' id='block_1_5' title="bbox 425 404 1992 499">
    <p class='ocr_par' dir='ltr' id='par_1_5' title="bbox 425 404 1992 499">
     <span class='ocr_line' id='line_1_5' title="bbox 425 404 1992 499; baseline -0.018 -15"><span class='ocrx_word' id='word_1_25' title='bbox 425 429 684 484; x_wconf 75' lang='lat' dir='ltr'><strong>memoria:</strong></span> <span class='ocrx_word' id='word_1_26' title='bbox 712 424 912 499; x_wconf 83' lang='lat' dir='ltr'><strong>judicio</strong></span> <span class='ocrx_word' id='word_1_27' title='bbox 953 420 1248 491; x_wconf 79' lang='lat' dir='ltr'><strong>probatam,</strong></span> <span class='ocrx_word' id='word_1_28' title='bbox 1283 417 1495 486; x_wconf 77' lang='lat' dir='ltr'><strong><em>ejusque</em></strong></span> <span class='ocrx_word' id='word_1_29' title='bbox 1538 409 1905 477; x_wconf 71' lang='lat' dir='ltr'><strong>sancti/iratam</strong></span> <span class='ocrx_word' id='word_1_30' title='bbox 1934 404 1992 457; x_wconf 87' lang='lat' dir='ltr'><strong>be</strong></span> 
     </span>
    </p>
   </div>
   <div class='ocr_carea' id='block_1_6' title="bbox 423 492 2016 577">
    <p class='ocr_par' dir='ltr' id='par_1_6' title="bbox 423 492 2016 577">
     <span class='ocr_line' id='line_1_6' title="bbox 423 492 2016 577; baseline -0.02 0"><span class='ocrx_word' id='word_1_31' title='bbox 423 492 990 577; x_wconf 42' lang='lat' dir='ltr'><strong>nedictione—tesuttur.</strong></span> <span class='ocrx_word' id='word_1_32' title='bbox 1026 510 1149 563; x_wconf 74' lang='lat' dir='ltr'><strong>Haec</strong></span> <span class='ocrx_word' id='word_1_33' title='bbox 1195 512 1373 560; x_wconf 87' lang='lat' dir='ltr'><strong>autem</strong></span> <span class='ocrx_word' id='word_1_34' title='bbox 1414 502 1602 572; x_wconf 91' lang='lat' dir='ltr'><strong>virgo,</strong></span> <span class='ocrx_word' id='word_1_35' title='bbox 1640 512 1760 566; x_wconf 65' lang='lat' dir='ltr'><strong>quae</strong></span> <span class='ocrx_word' id='word_1_36' title='bbox 1809 492 2016 566; x_wconf 73' lang='lat' dir='ltr'><strong>Syagrii</strong></span> 
     </span>
    </p>
   </div>
   <div class='ocr_carea' id='block_1_7' title="bbox 421 583 2020 680">
    <p class='ocr_par' dir='ltr' id='par_1_7' title="bbox 421 583 2020 680">
     <span class='ocr_line' id='line_1_7' title="bbox 421 583 2020 680; baseline -0.021 -13"><span class='ocrx_word' id='word_1_37' title='bbox 421 606 783 680; x_wconf 81' lang='lat' dir='ltr'><strong>jurisdictioni</strong></span> <span class='ocrx_word' id='word_1_38' title='bbox 835 600 1074 671; x_wconf 81' lang='lat' dir='ltr'><strong>subjecta</strong></span> <span class='ocrx_word' id='word_1_39' title='bbox 1118 606 1227 652; x_wconf 83' lang='lat' dir='ltr'><strong>tota</strong></span> <span class='ocrx_word' id='word_1_40' title='bbox 1267 592 1493 664; x_wconf 80' lang='lat' dir='ltr'><strong>epistula</strong></span> <span class='ocrx_word' id='word_1_41' title='bbox 1544 588 1820 660; x_wconf 87' lang='lat' dir='ltr'><strong>proditur,</strong></span> <span class='ocrx_word' id='word_1_42' title='bbox 1852 583 2020 638; x_wconf 87' lang='lat' dir='ltr'><strong>Vero-</strong></span> 
     </span>
    </p>
   </div>
   <div class='ocr_carea' id='block_1_8' title="bbox 424 677 2017 767">
    <p class='ocr_par' dir='ltr' id='par_1_8' title="bbox 424 677 2017 767">
     <span class='ocr_line' id='line_1_8' title="bbox 424 677 2017 767; baseline -0.018 -9"><span class='ocrx_word' id='word_1_43' title='bbox 424 702 607 759; x_wconf 88' lang='lat' dir='ltr'><strong>nensis</strong></span> <span class='ocrx_word' id='word_1_44' title='bbox 648 698 830 767; x_wconf 89' lang='lat' dir='ltr'><strong>utique</strong></span> <span class='ocrx_word' id='word_1_45' title='bbox 869 695 1019 764; x_wconf 88' lang='lat' dir='ltr'><strong>virgo</strong></span> <span class='ocrx_word' id='word_1_46' title='bbox 1059 691 1190 757; x_wconf 88' lang='lat' dir='ltr'><strong>fttit;</strong></span> <span class='ocrx_word' id='word_1_47' title='bbox 1230 698 1285 744; x_wconf 90' lang='lat' dir='ltr'><strong>et</strong></span> <span class='ocrx_word' id='word_1_48' title='bbox 1332 686 1473 741; x_wconf 84' lang='lat' dir='ltr'><strong>Zeno</strong></span> <span class='ocrx_word' id='word_1_49' title='bbox 1502 696 1692 750; x_wconf 67' lang='lat' dir='ltr'><strong>sancta:</strong></span> <span class='ocrx_word' id='word_1_50' title='bbox 1720 677 2017 740; x_wconf 74' lang='lat' dir='ltr'><strong>memerita,</strong></span> 
     </span>
    </p>
   </div>
   <div class='ocr_carea' id='block_1_9' title="bbox 424 766 2017 865">
    <p class='ocr_par' dir='ltr' id='par_1_9' title="bbox 424 766 2017 865">
     <span class='ocr_line' id='line_1_9' title="bbox 424 766 2017 865; baseline -0.018 -18"><span class='ocrx_word' id='word_1_51' title='bbox 424 794 512 865; x_wconf 91' lang='lat' dir='ltr'><strong>qui</strong></span> <span class='ocrx_word' id='word_1_52' title='bbox 557 804 675 846; x_wconf 88' lang='lat' dir='ltr'><strong>eam</strong></span> <span class='ocrx_word' id='word_1_53' title='bbox 719 766 961 858; x_wconf 84' lang='lat' dir='ltr'><strong>probavit</strong></span> <span class='ocrx_word' id='word_1_54' title='bbox 986 793 1041 838; x_wconf 90' lang='lat' dir='ltr'><strong>et</strong></span> <span class='ocrx_word' id='word_1_55' title='bbox 1068 779 1377 843; x_wconf 76' lang='lat' dir='ltr'><strong>benedixit,</strong></span> <span class='ocrx_word' id='word_1_56' title='bbox 1423 784 1506 831; x_wconf 88' lang='lat' dir='ltr'><strong>est</strong></span> <span class='ocrx_word' id='word_1_57' title='bbox 1551 768 1931 842; x_wconf 88' lang='lat' dir='ltr'><strong>proculdubio</strong></span> <span class='ocrx_word' id='word_1_58' title='bbox 1959 766 2017 821; x_wconf 91' lang='lat' dir='ltr'><strong>S.</strong></span> 
     </span>
    </p>
   </div>
   <div class='ocr_carea' id='block_1_10' title="bbox 426 856 2024 951">
    <p class='ocr_par' dir='ltr' id='par_1_10' title="bbox 426 856 2024 951">
     <span class='ocr_line' id='line_1_10' title="bbox 426 856 2024 951; baseline -0.02 -9"><span class='ocrx_word' id='word_1_59' title='bbox 426 885 573 942; x_wconf 84' lang='lat' dir='ltr'><strong>Zeno</strong></span> <span class='ocrx_word' id='word_1_60' title='bbox 636 882 920 951; x_wconf 88' lang='lat' dir='ltr'><strong>episcopus</strong></span> <span class='ocrx_word' id='word_1_61' title='bbox 971 873 1339 935; x_wconf 80' lang='lat' dir='ltr'><strong>Veronensis,</strong></span> <span class='ocrx_word' id='word_1_62' title='bbox 1388 883 1509 924; x_wconf 90' lang='lat' dir='ltr'><strong>cutn</strong></span> <span class='ocrx_word' id='word_1_63' title='bbox 1572 864 1905 935; x_wconf 78' lang='lat' dir='ltr'><strong>exploratum</strong></span> <span class='ocrx_word' id='word_1_64' title='bbox 1952 856 2024 911; x_wconf 82' lang='lat' dir='ltr'><strong>sit</strong></span> 
     </span>
    </p>
   </div>
   <div class='ocr_carea' id='block_1_11' title="bbox 427 950 2024 1042">
    <p class='ocr_par' dir='ltr' id='par_1_11' title="bbox 427 950 2024 1042">
     <span class='ocr_line' id='line_1_11' title="bbox 427 950 2024 1042; baseline -0.021 -5"><span class='ocrx_word' id='word_1_65' title='bbox 427 997 533 1039; x_wconf 89' lang='lat' dir='ltr'><strong>non</strong></span> <span class='ocrx_word' id='word_1_66' title='bbox 565 978 727 1033; x_wconf 90' lang='lat' dir='ltr'><strong>alium</strong></span> <span class='ocrx_word' id='word_1_67' title='bbox 759 974 810 1029; x_wconf 91' lang='lat' dir='ltr'><strong>id</strong></span> <span class='ocrx_word' id='word_1_68' title='bbox 842 974 1103 1042; x_wconf 84' lang='lat' dir='ltr'><strong>temporis</strong></span> <span class='ocrx_word' id='word_1_69' title='bbox 1130 965 1469 1023; x_wconf 86' lang='lat' dir='ltr'><strong>henedixisse</strong></span> <span class='ocrx_word' id='word_1_70' title='bbox 1497 976 1559 1016; x_wconf 90' lang='lat' dir='ltr'><strong>ac</strong></span> <span class='ocrx_word' id='word_1_71' title='bbox 1589 970 1835 1015; x_wconf 72' lang='lat' dir='ltr'><strong>sacrasse</strong></span> <span class='ocrx_word' id='word_1_72' title='bbox 1862 950 2024 1035; x_wconf 79' lang='lat' dir='ltr'><strong>virgi-</strong></span> 
     </span>
    </p>
   </div>
   <div class='ocr_carea' id='block_1_12' title="bbox 431 1032 2026 1137">
    <p class='ocr_par' dir='ltr' id='par_1_12' title="bbox 431 1032 2026 1137">
     <span class='ocr_line' id='line_1_12' title="bbox 431 1032 2026 1137; baseline -0.021 -7"><span class='ocrx_word' id='word_1_73' title='bbox 431 1089 561 1136; x_wconf 85' lang='lat' dir='ltr'><strong>nes,</strong></span> <span class='ocrx_word' id='word_1_74' title='bbox 594 1070 695 1125; x_wconf 90' lang='lat' dir='ltr'><strong>nisi</strong></span> <span class='ocrx_word' id='word_1_75' title='bbox 737 1068 825 1137; x_wconf 95' lang='lat' dir='ltr'><strong>qui</strong></span> <span class='ocrx_word' id='word_1_76' title='bbox 858 1078 1073 1128; x_wconf 89' lang='lat' dir='ltr'><strong>summo</strong></span> <span class='ocrx_word' id='word_1_77' title='bbox 1117 1057 1422 1114; x_wconf 88' lang='lat' dir='ltr'><strong>sacerdotio</strong></span> <span class='ocrx_word' id='word_1_78' title='bbox 1467 1052 1797 1128; x_wconf 81' lang='lat' dir='ltr'><strong>fungeretur.</strong></span> <span class='ocrx_word' id='word_1_79' title='bbox 1843 1032 2026 1111; x_wconf 76' lang='lat' dir='ltr'><strong>Neque</strong></span> 
     </span>
    </p>
   </div>
   <div class='ocr_carea' id='block_1_13' title="bbox 435 1124 2027 1236">
    <p class='ocr_par' dir='ltr' id='par_1_13' title="bbox 435 1124 2027 1236">
     <span class='ocr_line' id='line_1_13' title="bbox 435 1124 2027 1236; baseline -0.021 -17"><span class='ocrx_word' id='word_1_80' title='bbox 435 1168 671 1236; x_wconf 87' lang='lat' dir='ltr'><strong>opponat</strong></span> <span class='ocrx_word' id='word_1_81' title='bbox 697 1124 969 1229; x_wconf 76' lang='lat' dir='ltr'><strong>qtiispiam</strong></span> <span class='ocrx_word' id='word_1_82' title='bbox 992 1168 1113 1209; x_wconf 88' lang='lat' dir='ltr'><strong>cum</strong></span> <span class='ocrx_word' id='word_1_83' title='bbox 1145 1146 1441 1206; x_wconf 79' lang='lat' dir='ltr'><strong>editoribus</strong></span> <span class='ocrx_word' id='word_1_84' title='bbox 1475 1124 1874 1197; x_wconf 84' lang='lat' dir='ltr'><strong>Veronensibus</strong></span> <span class='ocrx_word' id='word_1_85' title='bbox 1897 1175 1911 1199; x_wconf 92' lang='lat'><strong>,</strong></span> <span class='ocrx_word' id='word_1_86' title='bbox 1942 1132 2027 1186; x_wconf 88' lang='lat' dir='ltr'><strong>ln-</strong></span> 
     </span>
    </p>
   </div>
   <div class='ocr_carea' id='block_1_14' title="bbox 431 1226 2024 1313">
    <p class='ocr_par' dir='ltr' id='par_1_14' title="bbox 431 1226 2024 1313">
     <span class='ocr_line' id='line_1_14' title="bbox 431 1226 2024 1313; baseline -0.022 0"><span class='ocrx_word' id='word_1_87' title='bbox 431 1251 622 1313; x_wconf 88' lang='lat' dir='ltr'><strong>diciam</strong></span> <span class='ocrx_word' id='word_1_88' title='bbox 647 1253 786 1308; x_wconf 91' lang='lat' dir='ltr'><strong>alius</strong></span> <span class='ocrx_word' id='word_1_89' title='bbox 813 1249 962 1304; x_wconf 86' lang='lat' dir='ltr'><strong>urbis</strong></span> <span class='ocrx_word' id='word_1_90' title='bbox 987 1248 1158 1301; x_wconf 84' lang='lat' dir='ltr'><strong>civem</strong></span> <span class='ocrx_word' id='word_1_91' title='bbox 1192 1243 1260 1297; x_wconf 89' lang='lat' dir='ltr'><strong>ab</strong></span> <span class='ocrx_word' id='word_1_92' title='bbox 1285 1240 1391 1295; x_wconf 88' lang='lat' dir='ltr'><strong>alio</strong></span> <span class='ocrx_word' id='word_1_93' title='bbox 1413 1237 1635 1292; x_wconf 88' lang='lat' dir='ltr'><strong>Zenone</strong></span> <span class='ocrx_word' id='word_1_94' title='bbox 1666 1230 1835 1285; x_wconf 75' lang='lat' dir='ltr'><strong>Velari</strong></span> <span class='ocrx_word' id='word_1_95' title='bbox 1855 1270 1870 1293; x_wconf 96' lang='lat'><strong>,</strong></span> <span class='ocrx_word' id='word_1_96' title='bbox 1900 1226 2024 1281; x_wconf 85' lang='lat' dir='ltr'><strong>sub-</strong></span> 
     </span>
    </p>
   </div>
   <div class='ocr_carea' id='block_1_15' title="bbox 434 1330 2028 1420">
    <p class='ocr_par' dir='ltr' id='par_1_15' title="bbox 434 1330 2028 1420">
     <span class='ocr_line' id='line_1_15' title="bbox 434 1330 2028 1420; baseline -0.023 -13"><span class='ocrx_word' id='word_1_97' title='bbox 434 1352 663 1420; x_wconf 88' lang='lat' dir='ltr'><strong>indeque</strong></span> <span class='ocrx_word' id='word_1_98' title='bbox 716 1330 992 1411; x_wconf 60' lang='lat' dir='ltr'><strong>Veronam</strong></span> <span class='ocrx_word' id='word_1_99' title='bbox 1026 1335 1307 1416; x_wconf 67' lang='lat' dir='ltr'><strong>accedere</strong></span> <span class='ocrx_word' id='word_1_100' title='bbox 1336 1332 1572 1403; x_wconf 87' lang='lat' dir='ltr'><strong>petuisse</strong></span> <span class='ocrx_word' id='word_1_101' title='bbox 1600 1369 1614 1391; x_wconf 88' lang='lat'><strong>,</strong></span> <span class='ocrx_word' id='word_1_102' title='bbox 1659 1333 1717 1380; x_wconf 93' lang='lat' dir='ltr'><strong>ut</strong></span> <span class='ocrx_word' id='word_1_103' title='bbox 1759 1336 1861 1377; x_wconf 88' lang='lat' dir='ltr'><strong>una</strong></span> <span class='ocrx_word' id='word_1_104' title='bbox 1909 1332 2028 1373; x_wconf 89' lang='lat' dir='ltr'><strong>cum</strong></span> 
     </span>
    </p>
   </div>
   <div class='ocr_carea' id='block_1_16' title="bbox 431 1411 2034 1511">
    <p class='ocr_par' dir='ltr' id='par_1_16' title="bbox 431 1411 2034 1511">
     <span class='ocr_line' id='line_1_16' title="bbox 431 1411 2034 1511; baseline -0.023 -11"><span class='ocrx_word' id='word_1_105' title='bbox 431 1457 655 1507; x_wconf 89' lang='lat' dir='ltr'><strong>sorore,</strong></span> <span class='ocrx_word' id='word_1_106' title='bbox 678 1452 797 1511; x_wconf 62' lang='lat' dir='ltr'><strong>quae</strong></span> <span class='ocrx_word' id='word_1_107' title='bbox 826 1411 1056 1492; x_wconf 76' lang='lat' dir='ltr'><strong>Maximo</strong></span> <span class='ocrx_word' id='word_1_108' title='bbox 1088 1426 1387 1486; x_wconf 62' lang='lat' dir='ltr'><strong>Veton’eatsi</strong></span> <span class='ocrx_word' id='word_1_109' title='bbox 1417 1429 1704 1492; x_wconf 84' lang='lat' dir='ltr'><strong>nupserat,</strong></span> <span class='ocrx_word' id='word_1_110' title='bbox 1736 1417 1899 1471; x_wconf 72' lang='lat' dir='ltr'><strong>vitam</strong></span> <span class='ocrx_word' id='word_1_111' title='bbox 1928 1411 2034 1467; x_wconf 87' lang='lat' dir='ltr'><strong>exi-</strong></span> 
     </span>
    </p>
   </div>
   <div class='ocr_carea' id='block_1_17' title="bbox 433 1502 2085 1608">
    <p class='ocr_par' dir='ltr' id='par_1_17' title="bbox 433 1502 2085 1608">
     <span class='ocr_line' id='line_1_17' title="bbox 433 1502 2085 1608; baseline -0.022 -17"><span class='ocrx_word' id='word_1_112' title='bbox 433 1545 605 1608; x_wconf 88' lang='lat' dir='ltr'><strong>geret.</strong></span> <span class='ocrx_word' id='word_1_113' title='bbox 639 1534 762 1587; x_wconf 66' lang='lat' dir='ltr'><strong>Haec</strong></span> <span class='ocrx_word' id='word_1_114' title='bbox 806 1528 949 1584; x_wconf 90' lang='lat' dir='ltr'><strong>enim</strong></span> <span class='ocrx_word' id='word_1_115' title='bbox 981 1524 1157 1579; x_wconf 84' lang='lat' dir='ltr'><strong>dicere</strong></span> <span class='ocrx_word' id='word_1_116' title='bbox 1206 1518 1360 1573; x_wconf 80' lang='lat' dir='ltr'><strong>facile</strong></span> <span class='ocrx_word' id='word_1_117' title='bbox 1404 1522 1527 1582; x_wconf 84' lang='lat' dir='ltr'><strong>est,</strong></span> <span class='ocrx_word' id='word_1_118' title='bbox 1576 1511 1805 1582; x_wconf 84' lang='lat' dir='ltr'><strong>probare</strong></span> <span class='ocrx_word' id='word_1_119' title='bbox 1854 1514 2031 1559; x_wconf 83' lang='lat' dir='ltr'><strong>autem</strong></span> <span class='ocrx_word' id='word_1_120' title='bbox 2084 1502 2085 1505; x_wconf 66' lang='grc'><em>“</em></span> 
     </span>
    </p>
   </div>
   <div class='ocr_carea' id='block_1_18' title="bbox 438 1596 2031 1684">
    <p class='ocr_par' dir='ltr' id='par_1_18' title="bbox 438 1596 2031 1684">
     <span class='ocr_line' id='line_1_18' title="bbox 438 1596 2031 1684; baseline -0.023 0"><span class='ocrx_word' id='word_1_121' title='bbox 438 1596 547 1684; x_wconf 70' lang='lat' dir='ltr'><strong>non</strong></span> <span class='ocrx_word' id='word_1_122' title='bbox 574 1629 722 1681; x_wconf 86' lang='lat' dir='ltr'><strong>item.</strong></span> <span class='ocrx_word' id='word_1_123' title='bbox 755 1622 814 1679; x_wconf 89' lang='lat' dir='ltr'><strong>Si</strong></span> <span class='ocrx_word' id='word_1_124' title='bbox 845 1619 975 1675; x_wconf 72' lang='lat' dir='ltr'><strong>vero</strong></span> <span class='ocrx_word' id='word_1_125' title='bbox 1001 1628 1131 1673; x_wconf 85' lang='lat' dir='ltr'><strong>cum</strong></span> <span class='ocrx_word' id='word_1_126' title='bbox 1153 1612 1415 1667; x_wconf 87' lang='lat' dir='ltr'><strong>adversus</strong></span> <span class='ocrx_word' id='word_1_127' title='bbox 1449 1603 1757 1677; x_wconf 78' lang='lat' dir='ltr'><strong>pracju‘dicia</strong></span> <span class='ocrx_word' id='word_1_128' title='bbox 1788 1596 2031 1669; x_wconf 70' lang='lat' dir='ltr'><strong>quaedam</strong></span> 
     </span>
    </p>
   </div>
   <div class='ocr_carea' id='block_1_19' title="bbox 2119 381 3736 471">
    <p class='ocr_par' dir='ltr' id='par_1_19' title="bbox 2119 381 3736 471">
     <span class='ocr_line' id='line_1_19' title="bbox 2119 381 3736 471; baseline -0.01 -12"><span class='ocrx_word' id='word_1_129' title='bbox 2119 398 2353 471; x_wconf 89' lang='lat' dir='ltr'><strong>recepit)</strong></span> <span class='ocrx_word' id='word_1_130' title='bbox 2382 399 2589 471; x_wconf 80' lang='lat' dir='ltr'><strong>primus</strong></span> <span class='ocrx_word' id='word_1_131' title='bbox 2617 399 2669 451; x_wconf 93' lang='lat' dir='ltr'><strong>in</strong></span> <span class='ocrx_word' id='word_1_132' title='bbox 2712 381 2901 451; x_wconf 78' lang='lat' dir='ltr'><strong>soluta:</strong></span> <span class='ocrx_word' id='word_1_133' title='bbox 2930 392 3188 450; x_wconf 88' lang='lat' dir='ltr'><strong>orationis</strong></span> <span class='ocrx_word' id='word_1_134' title='bbox 3217 392 3476 446; x_wconf 84' lang='lat' dir='ltr'><strong>rationem</strong></span> <span class='ocrx_word' id='word_1_135' title='bbox 3521 392 3736 460; x_wconf 80' lang='lat' dir='ltr'><strong>publici</strong></span> 
     </span>
    </p>
   </div>
   <div class='ocr_carea' id='block_1_20' title="bbox 2120 476 3742 563">
    <p class='ocr_par' dir='ltr' id='par_1_20' title="bbox 2120 476 3742 563">
     <span class='ocr_line' id='line_1_20' title="bbox 2120 476 3742 563; baseline -0.007 -17"><span class='ocrx_word' id='word_1_136' title='bbox 2120 494 2251 563; x_wconf 83' lang='lat' dir='ltr'><strong>juris</strong></span> <span class='ocrx_word' id='word_1_137' title='bbox 2280 489 2411 546; x_wconf 91' lang='lat' dir='ltr'><strong>fecit</strong></span> <span class='ocrx_word' id='word_1_138' title='bbox 2440 488 2779 559; x_wconf 85' lang='lat' dir='ltr'><strong>Mabillonius</strong></span> <span class='ocrx_word' id='word_1_139' title='bbox 2809 489 2860 542; x_wconf 89' lang='lat' dir='ltr'><strong>in</strong></span> <span class='ocrx_word' id='word_1_140' title='bbox 2893 476 3188 549; x_wconf 78' lang='lat' dir='ltr'><strong>Analectis,</strong></span> <span class='ocrx_word' id='word_1_141' title='bbox 3214 482 3326 537; x_wconf 84' lang='lat' dir='ltr'><strong>tum</strong></span> <span class='ocrx_word' id='word_1_142' title='bbox 3367 497 3495 537; x_wconf 85' lang='lat' dir='ltr'><strong>vero</strong></span> <span class='ocrx_word' id='word_1_143' title='bbox 3540 493 3742 536; x_wconf 73' lang='lat' dir='ltr'><strong>noster</strong></span> 
     </span>
    </p>
   </div>
   <div class='ocr_carea' id='block_1_21' title="bbox 2122 574 3741 651">
    <p class='ocr_par' dir='ltr' id='par_1_21' title="bbox 2122 574 3741 651">
     <span class='ocr_line' id='line_1_21' title="bbox 2122 574 3741 651; baseline -0.009 -11"><span class='ocrx_word' id='word_1_144' title='bbox 2122 583 2364 640; x_wconf 87' lang='lat' dir='ltr'><strong>marchio</strong></span> <span class='ocrx_word' id='word_1_145' title='bbox 2394 580 2636 636; x_wconf 83' lang='lat' dir='ltr'><strong>Mall&#39;eius</strong></span> <span class='ocrx_word' id='word_1_146' title='bbox 2666 581 2718 635; x_wconf 93' lang='lat' dir='ltr'><strong>in</strong></span> <span class='ocrx_word' id='word_1_147' title='bbox 2762 579 3003 651; x_wconf 84' lang='lat' dir='ltr'><strong>rhythmi</strong></span> <span class='ocrx_word' id='word_1_148' title='bbox 3053 577 3283 632; x_wconf 88' lang='lat' dir='ltr'><strong>formam</strong></span> <span class='ocrx_word' id='word_1_149' title='bbox 3338 574 3538 629; x_wconf 82' lang='lat' dir='ltr'><strong>recusit</strong></span> <span class='ocrx_word' id='word_1_150' title='bbox 3585 577 3741 627; x_wconf 70' lang='lat' dir='ltr'><strong>inter</strong></span> 
     </span>
    </p>
   </div>
   <div class='ocr_carea' id='block_1_22' title="bbox 2121 663 3743 741">
    <p class='ocr_par' dir='ltr' id='par_1_22' title="bbox 2121 663 3743 741">
     <span class='ocr_line' id='line_1_22' title="bbox 2121 663 3743 741; baseline -0.009 -10"><span class='ocrx_word' id='word_1_151' title='bbox 2121 680 2498 738; x_wconf 88' lang='lat' dir='ltr'><strong>monumenta,</strong></span> <span class='ocrx_word' id='word_1_152' title='bbox 2541 680 2660 741; x_wconf 64' lang='lat' dir='ltr'><strong>quae</strong></span> <span class='ocrx_word' id='word_1_153' title='bbox 2702 669 2766 725; x_wconf 89' lang='lat' dir='ltr'><strong>ad</strong></span> <span class='ocrx_word' id='word_1_154' title='bbox 2813 670 3016 725; x_wconf 81' lang='lat' dir='ltr'><strong>calcem</strong></span> <span class='ocrx_word' id='word_1_155' title='bbox 3062 665 3426 737; x_wconf 70' lang='lat' dir='ltr'><strong>diplomatic&#39;a:</strong></span> <span class='ocrx_word' id='word_1_156' title='bbox 3471 663 3743 719; x_wconf 71' lang='lat' dir='ltr'><strong>Historia:</strong></span> 
     </span>
    </p>
   </div>
   <div class='ocr_carea' id='block_1_23' title="bbox 2123 757 3746 834">
    <p class='ocr_par' dir='ltr' id='par_1_23' title="bbox 2123 757 3746 834">
     <span class='ocr_line' id='line_1_23' title="bbox 2123 757 3746 834; baseline -0.007 -13"><span class='ocrx_word' id='word_1_157' title='bbox 2123 765 2311 821; x_wconf 91' lang='lat' dir='ltr'><strong>edidit.</strong></span> <span class='ocrx_word' id='word_1_158' title='bbox 2344 763 2441 819; x_wconf 77' lang='lat' dir='ltr'><strong>llic</strong></span> <span class='ocrx_word' id='word_1_159' title='bbox 2486 763 2772 834; x_wconf 84' lang='lat' dir='ltr'><strong>rhythmos</strong></span> <span class='ocrx_word' id='word_1_160' title='bbox 2812 764 3021 831; x_wconf 77' lang='lat' dir='ltr'><strong>integer</strong></span> <span class='ocrx_word' id='word_1_161' title='bbox 3050 769 3162 816; x_wconf 90' lang='lat' dir='ltr'><strong>erat</strong></span> <span class='ocrx_word' id='word_1_162' title='bbox 3193 759 3355 813; x_wconf 89' lang='lat' dir='ltr'><strong>etiam</strong></span> <span class='ocrx_word' id='word_1_163' title='bbox 3388 757 3441 811; x_wconf 91' lang='lat' dir='ltr'><strong>in</strong></span> <span class='ocrx_word' id='word_1_164' title='bbox 3480 772 3589 812; x_wconf 89' lang='lat' dir='ltr'><strong>ms.</strong></span> <span class='ocrx_word' id='word_1_165' title='bbox 3620 770 3746 811; x_wconf 66' lang='lat' dir='ltr'><strong>ca:-</strong></span> 
     </span>
    </p>
   </div>
   <div class='ocr_carea' id='block_1_24' title="bbox 2124 850 3737 923">
    <p class='ocr_par' dir='ltr' id='par_1_24' title="bbox 2124 850 3737 923">
     <span class='ocr_line' id='line_1_24' title="bbox 2124 850 3737 923; baseline -0.006 -9"><span class='ocrx_word' id='word_1_166' title='bbox 2124 858 2269 914; x_wconf 90' lang='lat' dir='ltr'><strong>nobii</strong></span> <span class='ocrx_word' id='word_1_167' title='bbox 2302 857 2658 912; x_wconf 88' lang='lat' dir='ltr'><strong>Aritniuensis</strong></span> <span class='ocrx_word' id='word_1_168' title='bbox 2686 853 3101 911; x_wconf 67' lang='lat' dir='ltr'><strong>Caelestinorum</strong></span> <span class='ocrx_word' id='word_1_169' title='bbox 3125 895 3141 919; x_wconf 90' lang='lat'><strong>,</strong></span> <span class='ocrx_word' id='word_1_170' title='bbox 3189 853 3413 923; x_wconf 87' lang='lat' dir='ltr'><strong>ejusque</strong></span> <span class='ocrx_word' id='word_1_171' title='bbox 3457 850 3737 921; x_wconf 87' lang='lat' dir='ltr'><strong>fragmen-</strong></span> 
     </span>
    </p>
   </div>
   <div class='ocr_carea' id='block_1_25' title="bbox 2128 940 3746 1023">
    <p class='ocr_par' dir='ltr' id='par_1_25' title="bbox 2128 940 3746 1023">
     <span class='ocr_line' id='line_1_25' title="bbox 2128 940 3746 1023; baseline -0.008 -14"><span class='ocrx_word' id='word_1_172' title='bbox 2128 963 2237 1009; x_wconf 88' lang='lat' dir='ltr'><strong>tum</strong></span> <span class='ocrx_word' id='word_1_173' title='bbox 2279 950 2376 1023; x_wconf 90' lang='lat' dir='ltr'><strong>(ad</strong></span> <span class='ocrx_word' id='word_1_174' title='bbox 2407 949 2681 1005; x_wconf 86' lang='lat' dir='ltr'><strong>Zenonem</strong></span> <span class='ocrx_word' id='word_1_175' title='bbox 2713 948 3065 1019; x_wconf 87' lang='lat' dir='ltr'><strong>ordinemque</strong></span> <span class='ocrx_word' id='word_1_176' title='bbox 3093 946 3244 1017; x_wconf 74' lang='lat' dir='ltr'><strong>quod;</strong></span> <span class='ocrx_word' id='word_1_177' title='bbox 3264 940 3532 1015; x_wconf 81' lang='lat' dir='ltr'><strong>pertinet)</strong></span> <span class='ocrx_word' id='word_1_178' title='bbox 3583 952 3746 997; x_wconf 86' lang='lat' dir='ltr'><strong>tran-</strong></span> 
     </span>
    </p>
   </div>
   <div class='ocr_carea' id='block_1_26' title="bbox 2127 1028 3752 1115">
    <p class='ocr_par' dir='ltr' id='par_1_26' title="bbox 2127 1028 3752 1115">
     <span class='ocr_line' id='line_1_26' title="bbox 2127 1028 3752 1115; baseline -0.008 -14"><span class='ocrx_word' id='word_1_179' title='bbox 2127 1046 2383 1115; x_wconf 83' lang='lat' dir='ltr'><strong>scriptum</strong></span> <span class='ocrx_word' id='word_1_180' title='bbox 2423 1043 2663 1100; x_wconf 68' lang='lat' dir='ltr'><strong>cer&#39;nitur</strong></span> <span class='ocrx_word' id='word_1_181' title='bbox 2706 1043 2757 1097; x_wconf 91' lang='lat' dir='ltr'><strong>in</strong></span> <span class='ocrx_word' id='word_1_182' title='bbox 2808 1041 2914 1097; x_wconf 88' lang='lat' dir='ltr'><strong>line</strong></span> <span class='ocrx_word' id='word_1_183' title='bbox 2956 1040 3160 1097; x_wconf 86' lang='lat' dir='ltr'><strong>codicis</strong></span> <span class='ocrx_word' id='word_1_184' title='bbox 3202 1038 3515 1093; x_wconf 81' lang='lat' dir='ltr'><strong>monasterii</strong></span> <span class='ocrx_word' id='word_1_185' title='bbox 3561 1028 3752 1091; x_wconf 81' lang='lat' dir='ltr'><strong>Zeno-</strong></span> 
     </span>
    </p>
   </div>
   <div class='ocr_carea' id='block_1_27' title="bbox 2130 1129 3753 1198">
    <p class='ocr_par' dir='ltr' id='par_1_27' title="bbox 2130 1129 3753 1198">
     <span class='ocr_line' id='line_1_27' title="bbox 2130 1129 3753 1198; baseline -0.007 -5"><span class='ocrx_word' id='word_1_186' title='bbox 2130 1138 2272 1194; x_wconf 88' lang='lat' dir='ltr'><strong>niani</strong></span> <span class='ocrx_word' id='word_1_187' title='bbox 2304 1138 2475 1192; x_wconf 87' lang='lat' dir='ltr'><strong>sancti</strong></span> <span class='ocrx_word' id='word_1_188' title='bbox 2506 1135 2738 1189; x_wconf 86' lang='lat' dir='ltr'><strong>Zenonis</strong></span> <span class='ocrx_word' id='word_1_189' title='bbox 2768 1140 3026 1188; x_wconf 85' lang='lat' dir='ltr'><strong>tractatus</strong></span> <span class='ocrx_word' id='word_1_190' title='bbox 3057 1131 3416 1195; x_wconf 87' lang='lat' dir='ltr'><strong>continentis,</strong></span> <span class='ocrx_word' id='word_1_191' title='bbox 3446 1139 3499 1184; x_wconf 90' lang='lat' dir='ltr'><strong>et</strong></span> <span class='ocrx_word' id='word_1_192' title='bbox 3527 1129 3753 1198; x_wconf 84' lang='lat' dir='ltr'><strong>integer</strong></span> 
     </span>
    </p>
   </div>
   <div class='ocr_carea' id='block_1_28' title="bbox 2131 1223 3750 1291">
    <p class='ocr_par' dir='ltr' id='par_1_28' title="bbox 2131 1223 3750 1291">
     <span class='ocr_line' id='line_1_28' title="bbox 2131 1223 3750 1291; baseline -0.008 -3"><span class='ocrx_word' id='word_1_193' title='bbox 2131 1233 2260 1288; x_wconf 88' lang='lat' dir='ltr'><strong>item</strong></span> <span class='ocrx_word' id='word_1_194' title='bbox 2288 1229 2517 1285; x_wconf 74' lang='lat' dir='ltr'><strong>Verona:</strong></span> <span class='ocrx_word' id='word_1_195' title='bbox 2557 1228 2856 1284; x_wconf 86' lang='lat' dir='ltr'><strong>habebatur</strong></span> <span class='ocrx_word' id='word_1_196' title='bbox 2882 1229 2935 1281; x_wconf 91' lang='lat' dir='ltr'><strong>in</strong></span> <span class='ocrx_word' id='word_1_197' title='bbox 2963 1227 3068 1281; x_wconf 91' lang='lat' dir='ltr'><strong>alio</strong></span> <span class='ocrx_word' id='word_1_198' title='bbox 3092 1225 3278 1281; x_wconf 93' lang='lat' dir='ltr'><strong>codice</strong></span> <span class='ocrx_word' id='word_1_199' title='bbox 3318 1223 3460 1291; x_wconf 76' lang='lat' dir='ltr'><strong>apud</strong></span> <span class='ocrx_word' id='word_1_200' title='bbox 3486 1224 3750 1279; x_wconf 75' lang='lat' dir='ltr'><strong>Jesuatos</strong></span> 
     </span>
    </p>
   </div>
   <div class='ocr_carea' id='block_1_29' title="bbox 2135 1317 3753 1397">
    <p class='ocr_par' dir='ltr' id='par_1_29' title="bbox 2135 1317 3753 1397">
     <span class='ocr_line' id='line_1_29' title="bbox 2135 1317 3753 1397; baseline -0.007 -16"><span class='ocrx_word' id='word_1_201' title='bbox 2135 1324 2523 1397; x_wconf 76' lang='lat' dir='ltr'><strong>monasterium</strong></span> <span class='ocrx_word' id='word_1_202' title='bbox 2550 1323 2608 1378; x_wconf 88' lang='lat' dir='ltr'><strong>S.</strong></span> <span class='ocrx_word' id='word_1_203' title='bbox 2640 1321 3019 1377; x_wconf 76' lang='lat' dir='ltr'><strong>Bartholomzei</strong></span> <span class='ocrx_word' id='word_1_204' title='bbox 3040 1323 3101 1394; x_wconf 74' lang='lat' dir='ltr'><strong>in</strong></span> <span class='ocrx_word' id='word_1_205' title='bbox 3133 1327 3314 1373; x_wconf 91' lang='lat' dir='ltr'><strong>monte</strong></span> <span class='ocrx_word' id='word_1_206' title='bbox 3336 1317 3463 1371; x_wconf 89' lang='lat' dir='ltr'><strong>olim</strong></span> <span class='ocrx_word' id='word_1_207' title='bbox 3493 1317 3753 1373; x_wconf 75' lang='lat' dir='ltr'><strong>incolen-</strong></span> 
     </span>
    </p>
   </div>
   <div class='ocr_carea' id='block_1_30' title="bbox 2137 1408 3754 1485">
    <p class='ocr_par' dir='ltr' id='par_1_30' title="bbox 2137 1408 3754 1485">
     <span class='ocr_line' id='line_1_30' title="bbox 2137 1408 3754 1485; baseline -0.007 -11"><span class='ocrx_word' id='word_1_208' title='bbox 2137 1429 2247 1483; x_wconf 86' lang='lat' dir='ltr'><strong>tes,</strong></span> <span class='ocrx_word' id='word_1_209' title='bbox 2291 1416 2524 1485; x_wconf 89' lang='lat' dir='ltr'><strong>scriptus</strong></span> <span class='ocrx_word' id='word_1_210' title='bbox 2555 1413 2615 1466; x_wconf 85' lang='lat' dir='ltr'><strong>iu&#39;</strong></span> <span class='ocrx_word' id='word_1_211' title='bbox 2655 1412 2762 1467; x_wconf 84' lang='lat' dir='ltr'><strong>line</strong></span> <span class='ocrx_word' id='word_1_212' title='bbox 2808 1410 3199 1474; x_wconf 89' lang='lat' dir='ltr'><strong>Pentateuchi,</strong></span> <span class='ocrx_word' id='word_1_213' title='bbox 3247 1425 3406 1478; x_wconf 84' lang='lat' dir='ltr'><strong>quem</strong></span> <span class='ocrx_word' id='word_1_214' title='bbox 3454 1412 3504 1463; x_wconf 93' lang='lat' dir='ltr'><strong>in</strong></span> <span class='ocrx_word' id='word_1_215' title='bbox 3554 1408 3754 1463; x_wconf 79' lang='lat' dir='ltr'><strong>codice</strong></span> 
     </span>
    </p>
   </div>
   <div class='ocr_carea' id='block_1_31' title="bbox 2138 1500 3752 1574">
    <p class='ocr_par' dir='ltr' id='par_1_31' title="bbox 2138 1500 3752 1574">
     <span class='ocr_line' id='line_1_31' title="bbox 2138 1500 3752 1574; baseline -0.009 -8"><span class='ocrx_word' id='word_1_216' title='bbox 2138 1511 2553 1566; x_wconf 72' lang='lat' dir='ltr'><strong>membr-aiiaceo</strong></span> <span class='ocrx_word' id='word_1_217' title='bbox 2593 1506 2786 1561; x_wconf 84' lang='lat' dir='ltr'><strong>litteris</strong></span> <span class='ocrx_word' id='word_1_218' title='bbox 2813 1502 3203 1574; x_wconf 74' lang='lat' dir='ltr'><strong>antiquissimis</strong></span> <span class='ocrx_word' id='word_1_219' title='bbox 3229 1513 3511 1556; x_wconf 84' lang='lat' dir='ltr'><strong>exaratum</strong></span> <span class='ocrx_word' id='word_1_220' title='bbox 3547 1500 3752 1570; x_wconf 88' lang='lat' dir='ltr'><strong>Bagata</strong></span> 
     </span>
    </p>
   </div>
   <div class='ocr_carea' id='block_1_32' title="bbox 2141 1582 3756 1665">
    <p class='ocr_par' dir='ltr' id='par_1_32' title="bbox 2141 1582 3756 1665">
     <span class='ocr_line' id='line_1_32' title="bbox 2141 1582 3756 1665; baseline -0.01 -4"><span class='ocrx_word' id='word_1_221' title='bbox 2141 1616 2195 1661; x_wconf 91' lang='lat' dir='ltr'><strong>et</strong></span> <span class='ocrx_word' id='word_1_222' title='bbox 2242 1604 2489 1659; x_wconf 78' lang='lat' dir='ltr'><strong>Perettus</strong></span> <span class='ocrx_word' id='word_1_223' title='bbox 2531 1610 2801 1655; x_wconf 86' lang='lat' dir='ltr'><strong>testantur</strong></span> <span class='ocrx_word' id='word_1_224' title='bbox 2841 1599 2894 1653; x_wconf 90' lang='lat' dir='ltr'><strong>in</strong></span> <span class='ocrx_word' id='word_1_225' title='bbox 2940 1598 3078 1652; x_wconf 88' lang='lat' dir='ltr'><strong>libro</strong></span> <span class='ocrx_word' id='word_1_226' title='bbox 3110 1597 3401 1665; x_wconf 91' lang='lat' dir='ltr'><strong>inscripto:</strong></span> <span class='ocrx_word' id='word_1_227' title='bbox 3431 1582 3756 1649; x_wconf 84' lang='lat' dir='ltr'><strong>Sanctorum</strong></span> 
     </span>
    </p>
   </div>
   <div class='ocr_carea' id='block_1_33' title="bbox 438 1689 2034 1793">
    <p class='ocr_par' dir='ltr' id='par_1_33' title="bbox 438 1691 2032 1793">
     <span class='ocr_line' id='line_1_33' title="bbox 438 1691 2032 1793; baseline -0.022 -16"><span class='ocrx_word' id='word_1_228' title='bbox 438 1731 685 1793; x_wconf 85' lang='lat' dir='ltr'><strong>apertum</strong></span> <span class='ocrx_word' id='word_1_229' title='bbox 728 1706 1366 1793; x_wconf 51' lang='lat' dir='ltr'><strong>aliquod~iecumcntum</strong></span> <span class='ocrx_word' id='word_1_230' title='bbox 1414 1699 1746 1785; x_wconf 20' lang='lat' dir='ltr'><strong>profeggi‘ur,</strong></span> <span class='ocrx_word' id='word_1_231' title='bbox 1792 1691 2032 1763; x_wconf 86' lang='lat' dir='ltr'><strong>ejusdem</strong></span> 
     </span>
    </p>
   </div>
   <div class='ocr_carea' id='block_1_34' title="bbox 2194 1689 3756 1793">
    <p class='ocr_par' dir='ltr' id='par_1_34' title="bbox 2194 1689 3756 1765">
     <span class='ocr_line' id='line_1_34' title="bbox 2194 1689 3756 1765; baseline -0.008 -16"><span class='ocrx_word' id='word_1_232' title='bbox 2194 1697 2497 1765; x_wconf 71' lang='lat' dir='ltr'><strong>riscOporum</strong></span> <span class='ocrx_word' id='word_1_233' title='bbox 2544 1689 2912 1745; x_wconf 78' lang='lat' dir='ltr'><strong>Veronensium</strong></span> <span class='ocrx_word' id='word_1_234' title='bbox 2952 1689 3162 1755; x_wconf 86' lang='lat' dir='ltr'><strong>antiqua</strong></span> <span class='ocrx_word' id='word_1_235' title='bbox 3205 1696 3573 1749; x_wconf 84' lang='lat' dir='ltr'><strong>monumenta,</strong></span> <span class='ocrx_word' id='word_1_236' title='bbox 3627 1701 3756 1753; x_wconf 80' lang='lat' dir='ltr'><strong>pag.</strong></span> 
     </span>
    </p>
   </div>
   <div class='ocr_carea' id='block_1_35' title="bbox 440 1782 2030 1879">
    <p class='ocr_par' dir='ltr' id='par_1_35' title="bbox 440 1782 2030 1879">
     <span class='ocr_line' id='line_1_35' title="bbox 440 1782 2030 1879; baseline -0.024 -5"><span class='ocrx_word' id='word_1_237' title='bbox 440 1823 746 1874; x_wconf 89' lang='lat' dir='ltr'><strong>commenta</strong></span> <span class='ocrx_word' id='word_1_238' title='bbox 801 1782 852 1864; x_wconf 82' lang='lat' dir='ltr'><strong>in</strong></span> <span class='ocrx_word' id='word_1_239' title='bbox 905 1792 1200 1879; x_wconf 63' lang='lat' dir='ltr'><strong>priejudieii</strong></span> <span class='ocrx_word' id='word_1_240' title='bbox 1229 1799 1453 1873; x_wconf 78' lang='lat' dir='ltr'><strong>gratiam</strong></span> <span class='ocrx_word' id='word_1_241' title='bbox 1510 1782 1713 1853; x_wconf 41' lang='lat' dir='ltr'><strong>liceﬁ.</strong></span> <span class='ocrx_word' id='word_1_242' title='bbox 1745 1790 1989 1857; x_wconf 83' lang='lat' dir='ltr'><strong>ingerere</strong></span> <span class='ocrx_word' id='word_1_243' title='bbox 2016 1822 2030 1846; x_wconf 92' lang='lat'><strong>,</strong></span> 
     </span>
    </p>
   </div>
   <div class='ocr_carea' id='block_1_36' title="bbox 442 1875 2034 1982">
    <p class='ocr_par' dir='ltr' id='par_1_36' title="bbox 442 1875 2034 1982">
     <span class='ocr_line' id='line_1_36' title="bbox 442 1875 2034 1982; baseline -0.024 -16"><span class='ocrx_word' id='word_1_244' title='bbox 442 1909 569 1982; x_wconf 90' lang='lat' dir='ltr'><strong>quid</strong></span> <span class='ocrx_word' id='word_1_245' title='bbox 595 1908 733 1963; x_wconf 90' lang='lat' dir='ltr'><strong>adeo</strong></span> <span class='ocrx_word' id='word_1_246' title='bbox 762 1875 974 1959; x_wconf 80' lang='lat' dir='ltr'><strong>ﬁrmum</strong></span> <span class='ocrx_word' id='word_1_247' title='bbox 1005 1895 1059 1954; x_wconf 67' lang='lat' dir='ltr'><strong>ei</strong></span> <span class='ocrx_word' id='word_1_248' title='bbox 1083 1909 1287 1952; x_wconf 85' lang='lat' dir='ltr'><strong>eertum</strong></span> <span class='ocrx_word' id='word_1_249' title='bbox 1312 1903 1566 1960; x_wconf 84' lang='lat' dir='ltr'><strong>umquam</strong></span> <span class='ocrx_word' id='word_1_250' title='bbox 1590 1894 1732 1943; x_wconf 66' lang='lat' dir='ltr'><strong>esset</strong></span> <span class='ocrx_word' id='word_1_251' title='bbox 1752 1924 1767 1949; x_wconf 92' lang='lat'><strong>,</strong></span> <span class='ocrx_word' id='word_1_252' title='bbox 1798 1892 1850 1935; x_wconf 82' lang='grc' dir='ltr'><strong>ιιι</strong></span> <span class='ocrx_word' id='word_1_253' title='bbox 1878 1875 2034 1937; x_wconf 86' lang='lat' dir='ltr'><strong>evelli</strong></span> 
     </span>
    </p>
   </div>
   <div class='ocr_carea' id='block_1_37' title="bbox 444 1972 2038 2060">
    <p class='ocr_par' dir='ltr' id='par_1_37' title="bbox 444 1972 2038 2060">
     <span class='ocr_line' id='line_1_37' title="bbox 444 1972 2038 2060; baseline -0.026 0"><span class='ocrx_word' id='word_1_254' title='bbox 444 1972 500 2060; x_wconf 74' lang='lat' dir='ltr'><strong>et</strong></span> <span class='ocrx_word' id='word_1_255' title='bbox 525 1999 670 2058; x_wconf 91' lang='lat' dir='ltr'><strong>eludi</strong></span> <span class='ocrx_word' id='word_1_256' title='bbox 700 2000 800 2053; x_wconf 88' lang='lat' dir='ltr'><strong>hac</strong></span> <span class='ocrx_word' id='word_1_257' title='bbox 828 1996 1035 2052; x_wconf 88' lang='lat' dir='ltr'><strong>ratione</strong></span> <span class='ocrx_word' id='word_1_258' title='bbox 1066 2005 1174 2051; x_wconf 82' lang='lat' dir='ltr'><strong>non</strong></span> <span class='ocrx_word' id='word_1_259' title='bbox 1199 1982 1419 2056; x_wconf 88' lang='lat' dir='ltr'><strong>posset?</strong></span> <span class='ocrx_word' id='word_1_260' title='bbox 1448 1980 1580 2037; x_wconf 72' lang='lat' dir='ltr'><strong>iure</strong></span> <span class='ocrx_word' id='word_1_261' title='bbox 1610 1979 1788 2045; x_wconf 87' lang='lat' dir='ltr'><strong>itaque</strong></span> <span class='ocrx_word' id='word_1_262' title='bbox 1818 1972 1918 2026; x_wconf 86' lang='lat' dir='ltr'><strong>hoc</strong></span> <span class='ocrx_word' id='word_1_263' title='bbox 1949 1983 2038 2031; x_wconf 81' lang='lat' dir='ltr'><strong>ar-</strong></span> 
     </span>
    </p>
   </div>
   <div class='ocr_carea' id='block_1_38' title="bbox 444 2068 2037 2169">
    <p class='ocr_par' dir='ltr' id='par_1_38' title="bbox 444 2068 2037 2169">
     <span class='ocr_line' id='line_1_38' title="bbox 444 2068 2037 2169; baseline -0.024 -18"><span class='ocrx_word' id='word_1_264' title='bbox 444 2102 758 2169; x_wconf 88' lang='lat' dir='ltr'><strong>gumentum</strong></span> <span class='ocrx_word' id='word_1_265' title='bbox 781 2131 796 2157; x_wconf 94' lang='lat'><strong>,</strong></span> <span class='ocrx_word' id='word_1_266' title='bbox 827 2086 970 2160; x_wconf 83' lang='lat' dir='ltr'><strong>quod</strong></span> <span class='ocrx_word' id='word_1_267' title='bbox 999 2100 1063 2140; x_wconf 81' lang='lat' dir='ltr'><strong>ex</strong></span> <span class='ocrx_word' id='word_1_268' title='bbox 1094 2075 1365 2138; x_wconf 77' lang='lat' dir='ltr'><strong>Ambrosii</strong></span> <span class='ocrx_word' id='word_1_269' title='bbox 1390 2071 1616 2145; x_wconf 87' lang='lat' dir='ltr'><strong>epistola</strong></span> <span class='ocrx_word' id='word_1_270' title='bbox 1648 2068 1890 2128; x_wconf 88' lang='lat' dir='ltr'><strong>ducitur,</strong></span> <span class='ocrx_word' id='word_1_271' title='bbox 1917 2069 2037 2132; x_wconf 89' lang='lat' dir='ltr'><strong>post</strong></span> 
     </span>
    </p>
   </div>
   <div class='ocr_carea' id='block_1_39' title="bbox 450 2152 2039 2245">
    <p class='ocr_par' dir='ltr' id='par_1_39' title="bbox 450 2152 2039 2245">
     <span class='ocr_line' id='line_1_39' title="bbox 450 2152 2039 2245; baseline -0.025 0"><span class='ocrx_word' id='word_1_272' title='bbox 450 2189 512 2245; x_wconf 87' lang='lat' dir='ltr'><strong>P.</strong></span> <span class='ocrx_word' id='word_1_273' title='bbox 544 2186 817 2243; x_wconf 85' lang='lat' dir='ltr'><strong>Labbeum</strong></span> <span class='ocrx_word' id='word_1_274' title='bbox 854 2180 1075 2238; x_wconf 88' lang='lat' dir='ltr'><strong>omnino</strong></span> <span class='ocrx_word' id='word_1_275' title='bbox 1113 2172 1443 2231; x_wconf 86' lang='lat' dir='ltr'><strong>convincens</strong></span> <span class='ocrx_word' id='word_1_276' title='bbox 1500 2176 1555 2221; x_wconf 89' lang='lat' dir='ltr'><strong>et</strong></span> <span class='ocrx_word' id='word_1_277' title='bbox 1598 2161 1819 2219; x_wconf 85' lang='lat' dir='ltr'><strong>evidens</strong></span> <span class='ocrx_word' id='word_1_278' title='bbox 1861 2152 2039 2211; x_wconf 89' lang='lat' dir='ltr'><strong>omni-</strong></span> 
     </span>
    </p>
   </div>
   <div class='ocr_carea' id='block_1_40' title="bbox 450 2251 2037 2344">
    <p class='ocr_par' dir='ltr' id='par_1_40' title="bbox 450 2251 2037 2344">
     <span class='ocr_line' id='line_1_40' title="bbox 450 2251 2037 2344; baseline -0.023 -6"><span class='ocrx_word' id='word_1_279' title='bbox 450 2282 551 2338; x_wconf 86' lang='lat' dir='ltr'><strong>bus</strong></span> <span class='ocrx_word' id='word_1_280' title='bbox 579 2280 749 2334; x_wconf 85' lang='lat' dir='ltr'><strong>visum</strong></span> <span class='ocrx_word' id='word_1_281' title='bbox 776 2284 890 2344; x_wconf 87' lang='lat' dir='ltr'><strong>est,</strong></span> <span class='ocrx_word' id='word_1_282' title='bbox 922 2282 981 2329; x_wconf 88' lang='lat' dir='ltr'><strong>ut</strong></span> <span class='ocrx_word' id='word_1_283' title='bbox 1007 2270 1155 2326; x_wconf 87' lang='lat' dir='ltr'><strong>nihili</strong></span> <span class='ocrx_word' id='word_1_284' title='bbox 1183 2263 1481 2322; x_wconf 82' lang='lat' dir='ltr'><strong>faciendam</strong></span> <span class='ocrx_word' id='word_1_285' title='bbox 1504 2256 1744 2332; x_wconf 82' lang='lat' dir='ltr'><strong>putarint</strong></span> <span class='ocrx_word' id='word_1_286' title='bbox 1773 2251 2037 2308; x_wconf 89' lang='lat' dir='ltr'><strong>editorum</strong></span> 
     </span>
    </p>
   </div>
   <div class='ocr_carea' id='block_1_41' title="bbox 463 2356 2041 2449">
    <p class='ocr_par' dir='ltr' id='par_1_41' title="bbox 463 2356 2041 2449">
     <span class='ocr_line' id='line_1_41' title="bbox 463 2356 2041 2449; baseline -0.025 -16"><span class='ocrx_word' id='word_1_287' title='bbox 463 2373 639 2449; x_wconf 71' lang='grc' dir='ltr'><strong>[ιιγι]</strong></span> <span class='ocrx_word' id='word_1_288' title='bbox 663 2370 1050 2428; x_wconf 82' lang='lat' dir='ltr'><strong>Veronensium</strong></span> <span class='ocrx_word' id='word_1_289' title='bbox 1070 2358 1479 2432; x_wconf 86' lang='lat' dir='ltr'><strong>responsionem</strong></span> <span class='ocrx_word' id='word_1_290' title='bbox 1505 2393 1523 2421; x_wconf 89' lang='lat'><strong>,</strong></span> <span class='ocrx_word' id='word_1_291' title='bbox 1545 2362 1773 2419; x_wconf 84' lang='lat' dir='ltr'><strong>eamque</strong></span> <span class='ocrx_word' id='word_1_292' title='bbox 1795 2361 1861 2399; x_wconf 88' lang='lat' dir='ltr'><strong>ne</strong></span> <span class='ocrx_word' id='word_1_293' title='bbox 1884 2356 2041 2398; x_wconf 90' lang='lat' dir='ltr'><strong>men-</strong></span> 
     </span>
    </p>
   </div>
   <div class='ocr_carea' id='block_1_42' title="bbox 455 2432 2042 2536">
    <p class='ocr_par' dir='ltr' id='par_1_42' title="bbox 455 2432 2042 2536">
     <span class='ocr_line' id='line_1_42' title="bbox 455 2432 2042 2536; baseline -0.023 -14"><span class='ocrx_word' id='word_1_294' title='bbox 455 2432 831 2536; x_wconf 62' lang='lat' dir='ltr'><strong>iioneiluidem</strong></span> <span class='ocrx_word' id='word_1_295' title='bbox 847 2461 1061 2531; x_wconf 78' lang='lat' dir='ltr'><strong>dignam</strong></span> <span class='ocrx_word' id='word_1_296' title='bbox 1090 2452 1282 2510; x_wconf 88' lang='lat' dir='ltr'><strong>eruditi</strong></span> <span class='ocrx_word' id='word_1_297' title='bbox 1306 2445 1621 2520; x_wconf 82' lang='lat' dir='ltr'><strong>judicarint.</strong></span> <span class='ocrx_word' id='word_1_298' title='bbox 1647 2439 1784 2511; x_wconf 84' lang='lat' dir='ltr'><strong>Quid</strong></span> <span class='ocrx_word' id='word_1_299' title='bbox 1812 2438 1856 2492; x_wconf 89' lang='lat' dir='ltr'><strong>si</strong></span> <span class='ocrx_word' id='word_1_300' title='bbox 1886 2450 1954 2489; x_wconf 82' lang='lat' dir='ltr'><strong>ex</strong></span> <span class='ocrx_word' id='word_1_301' title='bbox 1978 2432 2042 2488; x_wconf 90' lang='lat' dir='ltr'><strong>iis</strong></span> 
     </span>
    </p>
   </div>
   <div class='ocr_carea' id='block_1_43' title="bbox 452 2528 2043 2632">
    <p class='ocr_par' dir='ltr' id='par_1_43' title="bbox 452 2528 2043 2632">
     <span class='ocr_line' id='line_1_43' title="bbox 452 2528 2043 2632; baseline -0.024 -16"><span class='ocrx_word' id='word_1_302' title='bbox 452 2561 605 2632; x_wconf 86' lang='lat' dir='ltr'><strong>ipsis,</strong></span> <span class='ocrx_word' id='word_1_303' title='bbox 653 2571 773 2628; x_wconf 65' lang='lat' dir='ltr'><strong>qum</strong></span> <span class='ocrx_word' id='word_1_304' title='bbox 803 2555 854 2608; x_wconf 92' lang='lat' dir='ltr'><strong>in</strong></span> <span class='ocrx_word' id='word_1_305' title='bbox 879 2547 1149 2607; x_wconf 85' lang='lat' dir='ltr'><strong>Ambrosii</strong></span> <span class='ocrx_word' id='word_1_306' title='bbox 1172 2541 1395 2617; x_wconf 88' lang='lat' dir='ltr'><strong>epistola</strong></span> <span class='ocrx_word' id='word_1_307' title='bbox 1421 2544 1739 2597; x_wconf 87' lang='lat' dir='ltr'><strong>narrantur,</strong></span> <span class='ocrx_word' id='word_1_308' title='bbox 1785 2528 2043 2585; x_wconf 88' lang='lat' dir='ltr'><strong>Indiciam</strong></span> 
     </span>
    </p>
   </div>
   <div class='ocr_carea' id='block_1_44' title="bbox 448 2620 2046 2723">
    <p class='ocr_par' dir='ltr' id='par_1_44' title="bbox 448 2620 2046 2723">
     <span class='ocr_line' id='line_1_44' title="bbox 448 2620 2046 2723; baseline -0.024 -13"><span class='ocrx_word' id='word_1_309' title='bbox 448 2652 711 2723; x_wconf 79' lang='lat' dir='ltr'><strong>virginem</strong></span> <span class='ocrx_word' id='word_1_310' title='bbox 754 2647 1122 2711; x_wconf 86' lang='lat' dir='ltr'><strong>Veronensem</strong></span> <span class='ocrx_word' id='word_1_311' title='bbox 1172 2638 1336 2693; x_wconf 88' lang='lat' dir='ltr'><strong>fuisse</strong></span> <span class='ocrx_word' id='word_1_312' title='bbox 1384 2629 1706 2688; x_wconf 70' lang='lat' dir='ltr'><strong>luttulentius</strong></span> <span class='ocrx_word' id='word_1_313' title='bbox 1754 2620 2046 2679; x_wconf 82' lang='lat' dir='ltr'><strong>conﬁrme-</strong></span> 
     </span>
    </p>
   </div>
   <div class='ocr_carea' id='block_1_45' title="bbox 456 2711 2046 2804">
    <p class='ocr_par' dir='ltr' id='par_1_45' title="bbox 456 2711 2046 2804">
     <span class='ocr_line' id='line_1_45' title="bbox 456 2711 2046 2804; baseline -0.025 -1"><span class='ocrx_word' id='word_1_314' title='bbox 456 2711 620 2804; x_wconf 58' lang='lat' dir='ltr'><strong>ntus?</strong></span> <span class='ocrx_word' id='word_1_315' title='bbox 666 2741 881 2798; x_wconf 87' lang='lat' dir='ltr'><strong>Etenim</strong></span> <span class='ocrx_word' id='word_1_316' title='bbox 930 2735 1194 2793; x_wconf 78' lang='lat' dir='ltr'><strong>Maximus</strong></span> <span class='ocrx_word' id='word_1_317' title='bbox 1240 2728 1445 2785; x_wconf 80' lang='lat' dir='ltr'><strong>sororis</strong></span> <span class='ocrx_word' id='word_1_318' title='bbox 1474 2725 1598 2788; x_wconf 89' lang='lat' dir='ltr'><strong>vir,</strong></span> <span class='ocrx_word' id='word_1_319' title='bbox 1632 2726 1910 2788; x_wconf 82' lang='lat' dir='ltr'><strong>postquam</strong></span> <span class='ocrx_word' id='word_1_320' title='bbox 1954 2711 2046 2766; x_wconf 90' lang='lat' dir='ltr'><strong>lite</strong></span> 
     </span>
    </p>
   </div>
   <div class='ocr_carea' id='block_1_46' title="bbox 456 2806 2049 2895">
    <p class='ocr_par' dir='ltr' id='par_1_46' title="bbox 456 2806 2049 2895">
     <span class='ocr_line' id='line_1_46' title="bbox 456 2806 2049 2895; baseline -0.024 0"><span class='ocrx_word' id='word_1_321' title='bbox 456 2841 712 2895; x_wconf 88' lang='lat' dir='ltr'><strong>adversus</strong></span> <span class='ocrx_word' id='word_1_322' title='bbox 746 2833 997 2891; x_wconf 76' lang='lat' dir='ltr'><strong>indiciam</strong></span> <span class='ocrx_word' id='word_1_323' title='bbox 1025 2838 1163 2883; x_wconf 81' lang='lat' dir='ltr'><strong>mota</strong></span> <span class='ocrx_word' id='word_1_324' title='bbox 1181 2867 1197 2893; x_wconf 86' lang='lat'><strong>,</strong></span> <span class='ocrx_word' id='word_1_325' title='bbox 1230 2825 1296 2879; x_wconf 87' lang='lat' dir='ltr'><strong>de</strong></span> <span class='ocrx_word' id='word_1_326' title='bbox 1323 2816 1642 2893; x_wconf 81' lang='lat' dir='ltr'><strong>quibusdam</strong></span> <span class='ocrx_word' id='word_1_327' title='bbox 1668 2810 1825 2868; x_wconf 80' lang='lat' dir='ltr'><strong>benis</strong></span> <span class='ocrx_word' id='word_1_328' title='bbox 1846 2806 2049 2880; x_wconf 82' lang='lat' dir='ltr'><strong>judicia</strong></span> 
     </span>
    </p>
   </div>
   <div class='ocr_carea' id='block_1_47' title="bbox 455 2898 2049 2996">
    <p class='ocr_par' dir='ltr' id='par_1_47' title="bbox 455 2898 2049 2996">
     <span class='ocr_line' id='line_1_47' title="bbox 455 2898 2049 2996; baseline -0.025 -6"><span class='ocrx_word' id='word_1_329' title='bbox 455 2938 747 2991; x_wconf 78' lang='lat' dir='ltr'><strong>attentasset</strong></span> <span class='ocrx_word' id='word_1_330' title='bbox 764 2945 784 2996; x_wconf 82' lang='lat'><strong>,&#39;</strong></span> <span class='ocrx_word' id='word_1_331' title='bbox 822 2939 942 2983; x_wconf 86' lang='lat' dir='ltr'><strong>eum</strong></span> <span class='ocrx_word' id='word_1_332' title='bbox 966 2921 1308 2978; x_wconf 81' lang='lat' dir='ltr'><strong>vehementer</strong></span> <span class='ocrx_word' id='word_1_333' title='bbox 1343 2902 1803 2984; x_wconf 81' lang='lat' dir='ltr'><strong>angeretur,quod</strong></span> <span class='ocrx_word' id='word_1_334' title='bbox 1825 2902 1967 2973; x_wconf 80' lang='lat' dir='ltr'><strong>virgo</strong></span> <span class='ocrx_word' id='word_1_335' title='bbox 1995 2898 2049 2951; x_wconf 87' lang='lat' dir='ltr'><strong>in</strong></span> 
     </span>
    </p>
   </div>
   <div class='ocr_carea' id='block_1_48' title="bbox 458 2993 2034 3102">
    <p class='ocr_par' dir='ltr' id='par_1_48' title="bbox 458 2993 2034 3102">
     <span class='ocr_line' id='line_1_48' title="bbox 458 2993 2034 3102; baseline -0.025 -18"><span class='ocrx_word' id='word_1_336' title='bbox 458 3011 584 3102; x_wconf 85' lang='lat' dir='ltr'><strong>agro</strong></span> <span class='ocrx_word' id='word_1_337' title='bbox 612 2993 881 3097; x_wconf 77' lang='lat' dir='ltr'><strong>afﬁnitatis</strong></span> <span class='ocrx_word' id='word_1_338' title='bbox 910 3032 1015 3073; x_wconf 66' lang='lat' dir='ltr'><strong>sua</strong></span> <span class='ocrx_word' id='word_1_339' title='bbox 1041 3011 1311 3085; x_wconf 73' lang='lat' dir='ltr'><strong>refugisset</strong></span> <span class='ocrx_word' id='word_1_340' title='bbox 1346 2993 1655 3062; x_wconf 73' lang='lat' dir='ltr'><strong>consortium</strong></span> <span class='ocrx_word' id='word_1_341' title='bbox 1677 3039 1693 3067; x_wconf 94' lang='lat'><strong>,</strong></span> <span class='ocrx_word' id='word_1_342' title='bbox 1721 3011 1866 3051; x_wconf 89' lang='lat' dir='ltr'><strong>muro</strong></span> <span class='ocrx_word' id='word_1_343' title='bbox 1890 2994 2034 3047; x_wconf 86' lang='lat' dir='ltr'><strong>inter-</strong></span> 
     </span>
    </p>
   </div>
   <div class='ocr_carea' id='block_1_49' title="bbox 2144 1777 3753 1852">
    <p class='ocr_par' dir='ltr' id='par_1_49' title="bbox 2144 1777 3753 1852">
     <span class='ocr_line' id='line_1_49' title="bbox 2144 1777 3753 1852; baseline -0.011 -7"><span class='ocrx_word' id='word_1_344' title='bbox 2144 1791 2209 1846; x_wconf 76' lang='lat' dir='ltr'>M</span> <span class='ocrx_word' id='word_1_345' title='bbox 2230 1830 2242 1852; x_wconf 91' lang='lat'><strong>,</strong></span> <span class='ocrx_word' id='word_1_346' title='bbox 2287 1792 2341 1842; x_wconf 87' lang='lat' dir='ltr'><strong>et</strong></span> <span class='ocrx_word' id='word_1_347' title='bbox 2384 1802 2447 1841; x_wconf 89' lang='lat' dir='ltr'><strong>ex</strong></span> <span class='ocrx_word' id='word_1_348' title='bbox 2477 1785 2667 1839; x_wconf 83' lang='lat' dir='ltr'><strong>eodem</strong></span> <span class='ocrx_word' id='word_1_349' title='bbox 2698 1781 2887 1837; x_wconf 80' lang='lat' dir='ltr'><strong>codice</strong></span> <span class='ocrx_word' id='word_1_350' title='bbox 2916 1782 3152 1850; x_wconf 88' lang='lat' dir='ltr'><strong>priorem</strong></span> <span class='ocrx_word' id='word_1_351' title='bbox 3182 1778 3418 1850; x_wconf 85' lang='lat' dir='ltr'><strong>rhythmi</strong></span> <span class='ocrx_word' id='word_1_352' title='bbox 3461 1777 3582 1846; x_wconf 83' lang='lat' dir='ltr'><strong>ejus</strong></span> <span class='ocrx_word' id='word_1_353' title='bbox 3627 1791 3753 1845; x_wconf 79' lang='lat' dir='ltr'><strong>par-</strong></span> 
     </span>
    </p>
   </div>
   <div class='ocr_carea' id='block_1_50' title="bbox 2136 1866 3760 1948">
    <p class='ocr_par' dir='ltr' id='par_1_50' title="bbox 2136 1866 3760 1948">
     <span class='ocr_line' id='line_1_50' title="bbox 2136 1866 3760 1948; baseline -0.01 -13"><span class='ocrx_word' id='word_1_354' title='bbox 2136 1888 2245 1936; x_wconf 89' lang='lat' dir='ltr'><strong>tem</strong></span> <span class='ocrx_word' id='word_1_355' title='bbox 2290 1878 2651 1948; x_wconf 82' lang='lat' dir='ltr'><strong>llieronymus</strong></span> <span class='ocrx_word' id='word_1_356' title='bbox 2675 1890 2710 1935; x_wconf 61' lang='lat' dir='ltr'><strong>,a</strong></span> <span class='ocrx_word' id='word_1_357' title='bbox 2754 1872 2920 1928; x_wconf 89' lang='lat' dir='ltr'><strong>Curte</strong></span> <span class='ocrx_word' id='word_1_358' title='bbox 2949 1876 2998 1925; x_wconf 91' lang='lat' dir='ltr'><strong>in</strong></span> <span class='ocrx_word' id='word_1_359' title='bbox 3029 1869 3280 1924; x_wconf 74' lang='lat' dir='ltr'><strong>Historia:</strong></span> <span class='ocrx_word' id='word_1_360' title='bbox 3315 1868 3651 1923; x_wconf 84' lang='lat' dir='ltr'><strong>Veronensis</strong></span> <span class='ocrx_word' id='word_1_361' title='bbox 3697 1866 3760 1919; x_wconf 86' lang='lat' dir='ltr'><strong>li-</strong></span> 
     </span>
    </p>
   </div>
   <div class='ocr_carea' id='block_1_51' title="bbox 2135 1958 3758 2042">
    <p class='ocr_par' dir='ltr' id='par_1_51' title="bbox 2135 1958 3758 2042">
     <span class='ocr_line' id='line_1_51' title="bbox 2135 1958 3758 2042; baseline -0.01 -14"><span class='ocrx_word' id='word_1_362' title='bbox 2135 1972 2303 2042; x_wconf 61' lang='grc' dir='ltr'><strong>Ιιιιιιιι⁸</strong></span> <span class='ocrx_word' id='word_1_363' title='bbox 2339 1987 2353 2025; x_wconf 93' lang='grc' dir='ltr'><strong>ι</strong></span> <span class='ocrx_word' id='word_1_364' title='bbox 2386 1969 2678 2024; x_wconf 84' lang='lat' dir='ltr'><strong>transtulit.</strong></span> <span class='ocrx_word' id='word_1_365' title='bbox 2721 1966 2777 2021; x_wconf 90' lang='lat' dir='ltr'><strong>In</strong></span> <span class='ocrx_word' id='word_1_366' title='bbox 2823 1982 2927 2021; x_wconf 87' lang='lat' dir='ltr'><strong>ms.</strong></span> <span class='ocrx_word' id='word_1_367' title='bbox 2973 1963 3283 2018; x_wconf 88' lang='lat' dir='ltr'><strong>Zenoniano</strong></span> <span class='ocrx_word' id='word_1_368' title='bbox 3320 1960 3409 2015; x_wconf 89' lang='lat' dir='ltr'><strong>hic</strong></span> <span class='ocrx_word' id='word_1_369' title='bbox 3462 1958 3758 2030; x_wconf 84' lang='lat' dir='ltr'><strong>rhythmus</strong></span> 
     </span>
    </p>
   </div>
   <div class='ocr_carea' id='block_1_52' title="bbox 2138 2051 3759 2131">
    <p class='ocr_par' dir='ltr' id='par_1_52' title="bbox 2138 2051 3759 2131">
     <span class='ocr_line' id='line_1_52' title="bbox 2138 2051 3759 2131; baseline -0.007 -11"><span class='ocrx_word' id='word_1_370' title='bbox 2138 2082 2201 2121; x_wconf 81' lang='lat' dir='ltr'><strong>ea;</strong></span> <span class='ocrx_word' id='word_1_371' title='bbox 2231 2064 2426 2120; x_wconf 80' lang='lat' dir='ltr'><strong>Isidori</strong></span> <span class='ocrx_word' id='word_1_372' title='bbox 2452 2064 2605 2117; x_wconf 82' lang='lat' dir='ltr'><strong>dictis</strong></span> <span class='ocrx_word' id='word_1_373' title='bbox 2658 2069 2903 2131; x_wconf 87' lang='lat' dir='ltr'><strong>smnptus</strong></span> <span class='ocrx_word' id='word_1_374' title='bbox 2935 2059 3162 2113; x_wconf 84' lang='lat' dir='ltr'><strong>traditur</strong></span> <span class='ocrx_word' id='word_1_375' title='bbox 3183 2098 3199 2121; x_wconf 91' lang='lat'><strong>,</strong></span> <span class='ocrx_word' id='word_1_376' title='bbox 3223 2051 3383 2125; x_wconf 79' lang='lat' dir='ltr'><strong>idque</strong></span> <span class='ocrx_word' id='word_1_377' title='bbox 3410 2071 3471 2110; x_wconf 90' lang='lat' dir='ltr'><strong>se</strong></span> <span class='ocrx_word' id='word_1_378' title='bbox 3523 2054 3759 2109; x_wconf 84' lang='lat' dir='ltr'><strong>credere</strong></span> 
     </span>
    </p>
   </div>
   <div class='ocr_carea' id='block_1_53' title="bbox 2144 2147 3755 2230">
    <p class='ocr_par' dir='ltr' id='par_1_53' title="bbox 2144 2147 3755 2230">
     <span class='ocr_line' id='line_1_53' title="bbox 2144 2147 3755 2230; baseline -0.011 -14"><span class='ocrx_word' id='word_1_379' title='bbox 2144 2161 2508 2230; x_wconf 83' lang='lat' dir='ltr'><strong>Hieronymus</strong></span> <span class='ocrx_word' id='word_1_380' title='bbox 2537 2172 2566 2211; x_wconf 94' lang='lat' dir='ltr'><strong>a</strong></span> <span class='ocrx_word' id='word_1_381' title='bbox 2610 2156 2800 2222; x_wconf 78' lang='lat' dir='ltr'><strong>Curte,</strong></span> <span class='ocrx_word' id='word_1_382' title='bbox 2841 2169 2953 2209; x_wconf 87' lang='lat' dir='ltr'><strong>nec</strong></span> <span class='ocrx_word' id='word_1_383' title='bbox 3001 2168 3108 2206; x_wconf 82' lang='lat' dir='ltr'><strong>non</strong></span> <span class='ocrx_word' id='word_1_384' title='bbox 3159 2150 3353 2220; x_wconf 86' lang='lat' dir='ltr'><strong>Bagata</strong></span> <span class='ocrx_word' id='word_1_385' title='bbox 3396 2158 3453 2204; x_wconf 90' lang='lat' dir='ltr'><strong>et</strong></span> <span class='ocrx_word' id='word_1_386' title='bbox 3494 2147 3755 2204; x_wconf 79' lang='lat' dir='ltr'><strong>Perottus</strong></span> 
     </span>
    </p>
   </div>
   <div class='ocr_carea' id='block_1_54' title="bbox 2141 2243 3759 2314">
    <p class='ocr_par' dir='ltr' id='par_1_54' title="bbox 2141 2243 3759 2314">
     <span class='ocr_line' id='line_1_54' title="bbox 2141 2243 3759 2314; baseline -0.01 -4"><span class='ocrx_word' id='word_1_387' title='bbox 2141 2249 2423 2310; x_wconf 83' lang='lat' dir='ltr'><strong>memorati</strong></span> <span class='ocrx_word' id='word_1_388' title='bbox 2448 2252 2579 2306; x_wconf 82' lang='lat' dir='ltr'><strong>satis</strong></span> <span class='ocrx_word' id='word_1_389' title='bbox 2605 2252 2919 2314; x_wconf 83' lang='lat' dir='ltr'><strong>insinuant;</strong></span> <span class='ocrx_word' id='word_1_390' title='bbox 2940 2249 3024 2302; x_wconf 91' lang='lat' dir='ltr'><strong>cui</strong></span> <span class='ocrx_word' id='word_1_391' title='bbox 3049 2245 3223 2301; x_wconf 90' lang='lat' dir='ltr'><strong>errori</strong></span> <span class='ocrx_word' id='word_1_392' title='bbox 3254 2243 3383 2299; x_wconf 91' lang='lat' dir='ltr'><strong>illud</strong></span> <span class='ocrx_word' id='word_1_393' title='bbox 3411 2243 3759 2299; x_wconf 76' lang='lat' dir='ltr'><strong>occasimiem</strong></span> 
     </span>
    </p>
   </div>
   <div class='ocr_carea' id='block_1_55' title="bbox 2141 2329 3757 2413">
    <p class='ocr_par' dir='ltr' id='par_1_55' title="bbox 2141 2329 3757 2413">
     <span class='ocr_line' id='line_1_55' title="bbox 2141 2329 3757 2413; baseline -0.011 -10"><span class='ocrx_word' id='word_1_394' title='bbox 2141 2347 2358 2403; x_wconf 83' lang='lat' dir='ltr'><strong>dedisse</strong></span> <span class='ocrx_word' id='word_1_395' title='bbox 2390 2344 2633 2408; x_wconf 88' lang='lat' dir='ltr'><strong>videtur,</strong></span> <span class='ocrx_word' id='word_1_396' title='bbox 2659 2329 2801 2413; x_wconf 77' lang='lat' dir='ltr'><strong>quod</strong></span> <span class='ocrx_word' id='word_1_397' title='bbox 2832 2340 2887 2395; x_wconf 93' lang='lat' dir='ltr'><strong>in</strong></span> <span class='ocrx_word' id='word_1_398' title='bbox 2913 2338 3155 2395; x_wconf 89' lang='lat' dir='ltr'><strong>secundo</strong></span> <span class='ocrx_word' id='word_1_399' title='bbox 3183 2336 3421 2409; x_wconf 80' lang='lat' dir='ltr'><strong>rhythmi</strong></span> <span class='ocrx_word' id='word_1_400' title='bbox 3451 2340 3613 2390; x_wconf 83' lang='lat' dir='ltr'><strong>versit</strong></span> <span class='ocrx_word' id='word_1_401' title='bbox 3652 2333 3757 2387; x_wconf 81' lang='lat' dir='ltr'><strong>lsi-</strong></span> 
     </span>
    </p>
   </div>
   <div class='ocr_carea' id='block_1_56' title="bbox 2144 2427 3759 2504">
    <p class='ocr_par' dir='ltr' id='par_1_56' title="bbox 2144 2427 3759 2504">
     <span class='ocr_line' id='line_1_56' title="bbox 2144 2427 3759 2504; baseline -0.011 -8"><span class='ocrx_word' id='word_1_402' title='bbox 2144 2444 2301 2496; x_wconf 84' lang='lat' dir='ltr'><strong>dorus</strong></span> <span class='ocrx_word' id='word_1_403' title='bbox 2348 2438 2675 2493; x_wconf 84' lang='lat' dir='ltr'><strong>nominetur.</strong></span> <span class='ocrx_word' id='word_1_404' title='bbox 2710 2436 2780 2490; x_wconf 85' lang='lat' dir='ltr'><strong>At</strong></span> <span class='ocrx_word' id='word_1_405' title='bbox 2804 2433 3089 2504; x_wconf 80' lang='lat' dir='ltr'><strong>rhythmos</strong></span> <span class='ocrx_word' id='word_1_406' title='bbox 3119 2430 3296 2484; x_wconf 79' lang='lat' dir='ltr'><strong>multo</strong></span> <span class='ocrx_word' id='word_1_407' title='bbox 3322 2440 3441 2499; x_wconf 90' lang='lat' dir='ltr'><strong>post</strong></span> <span class='ocrx_word' id='word_1_408' title='bbox 3483 2427 3759 2483; x_wconf 85' lang='lat' dir='ltr'><strong>lsidorum</strong></span> 
     </span>
    </p>
   </div>
   <div class='ocr_carea' id='block_1_57' title="bbox 2145 2520 3755 2602">
    <p class='ocr_par' dir='ltr' id='par_1_57' title="bbox 2145 2520 3755 2602">
     <span class='ocr_line' id='line_1_57' title="bbox 2145 2520 3755 2602; baseline -0.011 -13"><span class='ocrx_word' id='word_1_409' title='bbox 2145 2534 2377 2602; x_wconf 87' lang='lat' dir='ltr'><strong>scriptus</strong></span> <span class='ocrx_word' id='word_1_410' title='bbox 2408 2530 2581 2601; x_wconf 87' lang='lat' dir='ltr'><strong>palam</strong></span> <span class='ocrx_word' id='word_1_411' title='bbox 2627 2530 2869 2598; x_wconf 89' lang='lat' dir='ltr'><strong>proditur</strong></span> <span class='ocrx_word' id='word_1_412' title='bbox 2905 2541 2977 2580; x_wconf 75' lang='lat' dir='ltr'><strong>ex</strong></span> <span class='ocrx_word' id='word_1_413' title='bbox 3020 2533 3319 2587; x_wconf 84' lang='lat' dir='ltr'><strong>contextu,</strong></span> <span class='ocrx_word' id='word_1_414' title='bbox 3367 2520 3495 2576; x_wconf 90' lang='lat' dir='ltr'><strong>dum</strong></span> <span class='ocrx_word' id='word_1_415' title='bbox 3541 2520 3755 2575; x_wconf 85' lang='lat' dir='ltr'><strong>scilicet</strong></span> 
     </span>
    </p>
   </div>
   <div class='ocr_carea' id='block_1_58' title="bbox 2148 2613 3758 2693">
    <p class='ocr_par' dir='ltr' id='par_1_58' title="bbox 2148 2613 3758 2693">
     <span class='ocr_line' id='line_1_58' title="bbox 2148 2613 3758 2693; baseline -0.01 -14"><span class='ocrx_word' id='word_1_416' title='bbox 2148 2628 2381 2684; x_wconf 84' lang='lat' dir='ltr'><strong>Veronae</strong></span> <span class='ocrx_word' id='word_1_417' title='bbox 2411 2624 2635 2693; x_wconf 87' lang='lat' dir='ltr'><strong>Pipinus</strong></span> <span class='ocrx_word' id='word_1_418' title='bbox 2664 2621 2921 2692; x_wconf 83' lang='lat' dir='ltr'><strong>degeret,</strong></span> <span class='ocrx_word' id='word_1_419' title='bbox 2952 2618 3003 2673; x_wconf 91' lang='lat' dir='ltr'><strong>id</strong></span> <span class='ocrx_word' id='word_1_420' title='bbox 3047 2625 3132 2673; x_wconf 88' lang='lat' dir='ltr'><strong>est</strong></span> <span class='ocrx_word' id='word_1_421' title='bbox 3170 2628 3361 2671; x_wconf 87' lang='lat' dir='ltr'><strong>octavo</strong></span> <span class='ocrx_word' id='word_1_422' title='bbox 3402 2613 3603 2668; x_wconf 74' lang='lat' dir='ltr'><strong>smeulo</strong></span> <span class='ocrx_word' id='word_1_423' title='bbox 3658 2628 3758 2667; x_wconf 73' lang='lat' dir='ltr'><strong>ex-</strong></span> 
     </span>
    </p>
   </div>
   <div class='ocr_carea' id='block_1_59' title="bbox 2148 2706 3761 2783">
    <p class='ocr_par' dir='ltr' id='par_1_59' title="bbox 2148 2706 3761 2783">
     <span class='ocr_line' id='line_1_59' title="bbox 2148 2706 3761 2783; baseline -0.014 -6"><span class='ocrx_word' id='word_1_424' title='bbox 2148 2729 2329 2783; x_wconf 89' lang='lat' dir='ltr'><strong>eunte,</strong></span> <span class='ocrx_word' id='word_1_425' title='bbox 2365 2718 2447 2773; x_wconf 90' lang='lat' dir='ltr'><strong>vel</strong></span> <span class='ocrx_word' id='word_1_426' title='bbox 2475 2717 2664 2770; x_wconf 89' lang='lat' dir='ltr'><strong>saltem</strong></span> <span class='ocrx_word' id='word_1_427' title='bbox 2726 2714 2945 2767; x_wconf 89' lang='lat' dir='ltr'><strong>iueuute</strong></span> <span class='ocrx_word' id='word_1_428' title='bbox 2990 2708 3190 2764; x_wconf 71' lang='lat' dir='ltr'><strong>sacculo</strong></span> <span class='ocrx_word' id='word_1_429' title='bbox 3230 2723 3284 2764; x_wconf 80' lang='lat' dir='ltr'><strong>ix</strong></span> <span class='ocrx_word' id='word_1_430' title='bbox 3314 2706 3569 2779; x_wconf 81' lang='lat' dir='ltr'><strong>(Pipinus</strong></span> <span class='ocrx_word' id='word_1_431' title='bbox 3615 2706 3761 2759; x_wconf 88' lang='lat' dir='ltr'><strong>enim</strong></span> 
     </span>
    </p>
   </div>
   <div class='ocr_carea' id='block_1_60' title="bbox 2150 2800 3760 2869">
    <p class='ocr_par' dir='ltr' id='par_1_60' title="bbox 2150 2800 3760 2869">
     <span class='ocr_line' id='line_1_60' title="bbox 2150 2800 3760 2869; baseline -0.013 0"><span class='ocrx_word' id='word_1_432' title='bbox 2150 2808 2313 2869; x_wconf 72' lang='lat' dir='ltr'><strong>Italia:</strong></span> <span class='ocrx_word' id='word_1_433' title='bbox 2341 2827 2435 2866; x_wconf 81' lang='lat' dir='ltr'><strong>rex</strong></span> <span class='ocrx_word' id='word_1_434' title='bbox 2467 2808 2645 2864; x_wconf 89' lang='lat' dir='ltr'><strong>dictus</strong></span> <span class='ocrx_word' id='word_1_435' title='bbox 2674 2805 2775 2860; x_wconf 88' lang='lat' dir='ltr'><strong>fuit</strong></span> <span class='ocrx_word' id='word_1_436' title='bbox 2818 2820 2907 2859; x_wconf 88' lang='lat' dir='ltr'><strong>an.</strong></span> <span class='ocrx_word' id='word_1_437' title='bbox 2940 2802 3080 2867; x_wconf 82' lang='grc'><strong>781,</strong></span> <span class='ocrx_word' id='word_1_438' title='bbox 3108 2811 3179 2856; x_wconf 85' lang='lat' dir='ltr'><strong>et</strong></span> <span class='ocrx_word' id='word_1_439' title='bbox 3212 2802 3355 2854; x_wconf 83' lang='lat' dir='ltr'><strong>diem</strong></span> <span class='ocrx_word' id='word_1_440' title='bbox 3389 2800 3525 2853; x_wconf 84' lang='lat' dir='ltr'><strong>obiit</strong></span> <span class='ocrx_word' id='word_1_441' title='bbox 3565 2812 3760 2866; x_wconf 83' lang='lat' dir='ltr'><strong>supre-</strong></span> 
     </span>
    </p>
   </div>
   <div class='ocr_carea' id='block_1_61' title="bbox 2153 2878 3826 2973">
    <p class='ocr_par' dir='ltr' id='par_1_61' title="bbox 2153 2878 3826 2973">
     <span class='ocr_line' id='line_1_61' title="bbox 2153 2878 3826 2973; baseline -0.015 -11"><span class='ocrx_word' id='word_1_442' title='bbox 2153 2921 2298 2962; x_wconf 87' lang='lat' dir='ltr'><strong>mum</strong></span> <span class='ocrx_word' id='word_1_443' title='bbox 2328 2920 2421 2961; x_wconf 89' lang='lat' dir='ltr'><strong>an.</strong></span> <span class='ocrx_word' id='word_1_444' title='bbox 2449 2902 2613 2973; x_wconf 79' lang='lat'><strong>810),</strong></span> <span class='ocrx_word' id='word_1_445' title='bbox 2645 2899 2784 2954; x_wconf 90' lang='lat' dir='ltr'><strong>unde</strong></span> <span class='ocrx_word' id='word_1_446' title='bbox 2829 2897 3171 2966; x_wconf 82' lang='lat' dir='ltr'><strong>Auouymum</strong></span> <span class='ocrx_word' id='word_1_447' title='bbox 3220 2878 3558 2963; x_wconf 79' lang='lat' dir='ltr'><strong>Pipinianum</strong></span> <span class='ocrx_word' id='word_1_448' title='bbox 3604 2889 3765 2957; x_wconf 80' lang='lat' dir='ltr'><strong>hujus</strong></span> <span class='ocrx_word' id='word_1_449' title='bbox 3824 2944 3826 2957; x_wconf 44' lang='grc' dir='ltr'><strong>Ι</strong></span> 
     </span>
    </p>
   </div>
   <div class='ocr_carea' id='block_1_62' title="bbox 2154 2982 3764 3075">
    <p class='ocr_par' dir='ltr' id='par_1_62' title="bbox 2154 2982 3764 3075">
     <span class='ocr_line' id='line_1_62' title="bbox 2154 2982 3764 3075; baseline -0.016 -18"><span class='ocrx_word' id='word_1_450' title='bbox 2154 3000 2393 3075; x_wconf 87' lang='lat' dir='ltr'><strong>rhythmi</strong></span> <span class='ocrx_word' id='word_1_451' title='bbox 2441 3004 2717 3053; x_wconf 87' lang='lat' dir='ltr'><strong>auctorem</strong></span> <span class='ocrx_word' id='word_1_452' title='bbox 2751 2990 3080 3062; x_wconf 86' lang='lat' dir='ltr'><strong>nominaturi</strong></span> <span class='ocrx_word' id='word_1_453' title='bbox 3120 2987 3377 3055; x_wconf 85' lang='lat' dir='ltr'><strong>deinceps</strong></span> <span class='ocrx_word' id='word_1_454' title='bbox 3418 3000 3631 3041; x_wconf 83' lang='lat' dir='ltr'><strong>smnus.</strong></span> <span class='ocrx_word' id='word_1_455' title='bbox 3663 2982 3764 3036; x_wconf 85' lang='lat' dir='ltr'><strong>Ita-</strong></span> 
     </span>
    </p>
   </div>
   <div class='ocr_carea' id='block_1_63' title="bbox 452 3075 2034 3193">
    <p class='ocr_par' dir='ltr' id='par_1_63' title="bbox 452 3075 2034 3193">
     <span class='ocr_line' id='line_1_63' title="bbox 452 3075 2034 3193; baseline -0.026 -16"><span class='ocrx_word' id='word_1_456' title='bbox 452 3075 593 3193; x_wconf 66' lang='lat' dir='ltr'><strong>j:cto</strong></span> <span class='ocrx_word' id='word_1_457' title='bbox 635 3075 721 3192; x_wconf 48' lang='lat' dir='ltr'><strong>(lin</strong></span> <span class='ocrx_word' id='word_1_458' title='bbox 761 3113 948 3171; x_wconf 87' lang='lat' dir='ltr'><strong>eadem</strong></span> <span class='ocrx_word' id='word_1_459' title='bbox 979 3108 1162 3179; x_wconf 90' lang='lat' dir='ltr'><strong>utique</strong></span> <span class='ocrx_word' id='word_1_460' title='bbox 1206 3100 1390 3170; x_wconf 89' lang='lat' dir='ltr'><strong>domo)</strong></span> <span class='ocrx_word' id='word_1_461' title='bbox 1436 3098 1680 3152; x_wconf 80' lang='lat' dir='ltr'><strong>discretas</strong></span> <span class='ocrx_word' id='word_1_462' title='bbox 1716 3089 1851 3146; x_wconf 67' lang='lat' dir='ltr'><strong>(edes</strong></span> <span class='ocrx_word' id='word_1_463' title='bbox 1875 3082 2034 3155; x_wconf 61' lang='lat' dir='ltr'><strong>uxorii</strong></span> 
     </span>
    </p>
   </div>
   <div class='ocr_carea' id='block_1_64' title="bbox 2194 3075 3766 3193">
    <p class='ocr_par' dir='ltr' id='par_1_64' title="bbox 2197 3075 3766 3193">
     <span class='ocr_line' id='line_1_64' title="bbox 2197 3075 3766 3162; baseline -0.015 -11"><span class='ocrx_word' id='word_1_464' title='bbox 2197 3110 2262 3150; x_wconf 91' lang='lat' dir='ltr'><strong>ue</strong></span> <span class='ocrx_word' id='word_1_465' title='bbox 2289 3094 2375 3149; x_wconf 90' lang='lat' dir='ltr'><strong>hic</strong></span> <span class='ocrx_word' id='word_1_466' title='bbox 2411 3096 2727 3162; x_wconf 78' lang='lat' dir='ltr'><strong>Anonymus</strong></span> <span class='ocrx_word' id='word_1_467' title='bbox 2756 3085 2841 3142; x_wconf 90' lang='lat' dir='ltr'><strong>his</strong></span> <span class='ocrx_word' id='word_1_468' title='bbox 2885 3082 3135 3140; x_wconf 56' lang='lat' dir='ltr'><strong>versibus</strong></span> <span class='ocrx_word' id='word_1_469' title='bbox 3165 3090 3288 3136; x_wconf 91' lang='lat' dir='ltr'><strong>octo</strong></span> <span class='ocrx_word' id='word_1_470' title='bbox 3322 3078 3563 3149; x_wconf 86' lang='lat' dir='ltr'><strong>priorum</strong></span> <span class='ocrx_word' id='word_1_471' title='bbox 3595 3075 3766 3130; x_wconf 82' lang='lat' dir='ltr'><strong>Vero-</strong></span> 
     </span>
     <span class='ocr_line' id='line_1_65' title="bbox 2297 3171 3347 3193; baseline 0 0"><span class='ocrx_word' id='word_1_472' title='bbox 2297 3187 2307 3193; x_wconf 95' lang='lat'><strong>.</strong></span> <span class='ocrx_word' id='word_1_473' title='bbox 2510 3184 2521 3193; x_wconf 94' lang='lat'><strong>.</strong></span> <span class='ocrx_word' id='word_1_474' title='bbox 3124 3171 3296 3193; x_wconf 37' lang='grc' dir='ltr'><strong>μωιε.</strong></span> <span class='ocrx_word' id='word_1_475' title='bbox 3335 3188 3347 3193; x_wconf 86' lang='grc'><strong>-</strong></span> 
     </span>
    </p>
   </div>
   <div class='ocr_carea' id='block_1_65' title="bbox 458 3184 2055 3280">
    <p class='ocr_par' dir='ltr' id='par_1_65' title="bbox 458 3184 2055 3280">
     <span class='ocr_line' id='line_1_66' title="bbox 458 3184 2055 3280; baseline -0.026 -11"><span class='ocrx_word' id='word_1_476' title='bbox 458 3228 567 3269; x_wconf 71' lang='lat' dir='ltr'><strong>sua:</strong></span> <span class='ocrx_word' id='word_1_477' title='bbox 590 3227 653 3271; x_wconf 85' lang='lat' dir='ltr'><strong>ac</strong></span> <span class='ocrx_word' id='word_1_478' title='bbox 679 3192 921 3280; x_wconf 78' lang='lat' dir='ltr'><strong>uirginis,</strong></span> <span class='ocrx_word' id='word_1_479' title='bbox 973 3201 1282 3267; x_wconf 83' lang='lat' dir='ltr'><strong>divisamque</strong></span> <span class='ocrx_word' id='word_1_480' title='bbox 1324 3186 1673 3265; x_wconf 87' lang='lat' dir='ltr'><strong>germanitatis</strong></span> <span class='ocrx_word' id='word_1_481' title='bbox 1701 3184 1833 3237; x_wconf 87' lang='lat' dir='ltr'><strong>inter</strong></span> <span class='ocrx_word' id='word_1_482' title='bbox 1855 3191 2055 3234; x_wconf 76' lang='lat' dir='ltr'><strong>sorores</strong></span> 
     </span>
    </p>
   </div>
   <div class='ocr_carea' id='block_1_66' title="bbox 456 3266 2051 3368">
    <p class='ocr_par' dir='ltr' id='par_1_66' title="bbox 456 3266 2051 3368">
     <span class='ocr_line' id='line_1_67' title="bbox 456 3266 2051 3368; baseline -0.024 -7"><span class='ocrx_word' id='word_1_483' title='bbox 456 3307 746 3362; x_wconf 82' lang='lat' dir='ltr'><strong>societatem</strong></span> <span class='ocrx_word' id='word_1_484' title='bbox 759 3266 1161 3368; x_wconf 57' lang='lat' dir='ltr'><strong>essejusserat,</strong></span> <span class='ocrx_word' id='word_1_485' title='bbox 1187 3266 1261 3344; x_wconf 87' lang='lat' dir='ltr'><strong>uti</strong></span> <span class='ocrx_word' id='word_1_486' title='bbox 1290 3284 1514 3341; x_wconf 83' lang='lat' dir='ltr'><strong>traditur</strong></span> <span class='ocrx_word' id='word_1_487' title='bbox 1547 3292 1696 3336; x_wconf 86' lang='lat' dir='ltr'><strong>num.</strong></span> <span class='ocrx_word' id='word_1_488' title='bbox 1716 3275 1782 3331; x_wconf 85' lang='grc'><strong>17</strong></span> <span class='ocrx_word' id='word_1_489' title='bbox 1803 3314 1817 3341; x_wconf 90' lang='grc'><em>,</em></span> <span class='ocrx_word' id='word_1_490' title='bbox 1846 3288 1900 3343; x_wconf 92' lang='lat' dir='ltr'><strong>p.</strong></span> <span class='ocrx_word' id='word_1_491' title='bbox 1924 3266 2051 3337; x_wconf 82' lang='lat'><strong>769,</strong></span> 
     </span>
    </p>
   </div>
   <div class='ocr_carea' id='block_1_67' title="bbox 461 3370 2053 3469">
    <p class='ocr_par' dir='ltr' id='par_1_67' title="bbox 461 3370 2053 3469">
     <span class='ocr_line' id='line_1_68' title="bbox 461 3370 2053 3469; baseline -0.024 -14"><span class='ocrx_word' id='word_1_492' title='bbox 461 3396 603 3469; x_wconf 87' lang='lat' dir='ltr'><strong>quod</strong></span> <span class='ocrx_word' id='word_1_493' title='bbox 635 3400 1006 3465; x_wconf 79' lang='lat' dir='ltr'><strong>argumentum</strong></span> <span class='ocrx_word' id='word_1_494' title='bbox 1028 3394 1111 3443; x_wconf 81' lang='lat' dir='ltr'><strong>est</strong></span> <span class='ocrx_word' id='word_1_495' title='bbox 1134 3382 1360 3440; x_wconf 86' lang='lat' dir='ltr'><strong>evidens</strong></span> <span class='ocrx_word' id='word_1_496' title='bbox 1381 3422 1395 3445; x_wconf 95' lang='lat'><strong>,</strong></span> <span class='ocrx_word' id='word_1_497' title='bbox 1424 3374 1616 3432; x_wconf 70' lang='lat' dir='ltr'><strong>mediae</strong></span> <span class='ocrx_word' id='word_1_498' title='bbox 1635 3370 1829 3426; x_wconf 89' lang='lat' dir='ltr'><strong>domus</strong></span> <span class='ocrx_word' id='word_1_499' title='bbox 1852 3370 2053 3436; x_wconf 83' lang='lat' dir='ltr'><strong>partem</strong></span> 
     </span>
    </p>
   </div>
   <div class='ocr_carea' id='block_1_68' title="bbox 461 3456 2055 3555">
    <p class='ocr_par' dir='ltr' id='par_1_68' title="bbox 461 3456 2055 3555">
     <span class='ocr_line' id='line_1_69' title="bbox 461 3456 2055 3555; baseline -0.026 -8"><span class='ocrx_word' id='word_1_500' title='bbox 461 3489 529 3547; x_wconf 87' lang='lat' dir='ltr'><strong>ad</strong></span> <span class='ocrx_word' id='word_1_501' title='bbox 555 3487 811 3543; x_wconf 82' lang='lat' dir='ltr'><strong>indiciam</strong></span> <span class='ocrx_word' id='word_1_502' title='bbox 838 3488 1141 3555; x_wconf 88' lang='lat' dir='ltr'><strong>spectasse;</strong></span> <span class='ocrx_word' id='word_1_503' title='bbox 1169 3475 1211 3529; x_wconf 88' lang='lat' dir='ltr'><strong>si</strong></span> <span class='ocrx_word' id='word_1_504' title='bbox 1240 3473 1382 3529; x_wconf 89' lang='lat' dir='ltr'><strong>enim</strong></span> <span class='ocrx_word' id='word_1_505' title='bbox 1408 3484 1472 3526; x_wconf 81' lang='lat' dir='ltr'><strong>ex</strong></span> <span class='ocrx_word' id='word_1_506' title='bbox 1501 3466 1603 3520; x_wconf 88' lang='lat' dir='ltr'><strong>alia</strong></span> <span class='ocrx_word' id='word_1_507' title='bbox 1630 3462 1763 3519; x_wconf 89' lang='lat' dir='ltr'><strong>urbe</strong></span> <span class='ocrx_word' id='word_1_508' title='bbox 1784 3456 2055 3514; x_wconf 84' lang='lat' dir='ltr'><strong>Veronam</strong></span> 
     </span>
    </p>
   </div>
   <div class='ocr_carea' id='block_1_69' title="bbox 463 3549 2055 3644">
    <p class='ocr_par' dir='ltr' id='par_1_69' title="bbox 463 3549 2055 3644">
     <span class='ocr_line' id='line_1_70' title="bbox 463 3549 2055 3644; baseline -0.024 -6"><span class='ocrx_word' id='word_1_509' title='bbox 463 3580 806 3644; x_wconf 84' lang='lat' dir='ltr'><strong>advenisset,</strong></span> <span class='ocrx_word' id='word_1_510' title='bbox 855 3549 1123 3629; x_wconf 63' lang='lat' dir='ltr'><strong>Maximus</strong></span> <span class='ocrx_word' id='word_1_511' title='bbox 1161 3582 1257 3637; x_wconf 90' lang='lat' dir='ltr'><strong>pro</strong></span> <span class='ocrx_word' id='word_1_512' title='bbox 1286 3559 1466 3619; x_wconf 84' lang='lat' dir='ltr'><strong>hostili</strong></span> <span class='ocrx_word' id='word_1_513' title='bbox 1496 3566 1550 3614; x_wconf 90' lang='lat' dir='ltr'><strong>et</strong></span> <span class='ocrx_word' id='word_1_514' title='bbox 1586 3568 1777 3611; x_wconf 87' lang='lat' dir='ltr'><strong>averso</strong></span> <span class='ocrx_word' id='word_1_515' title='bbox 1818 3551 1869 3603; x_wconf 91' lang='lat' dir='ltr'><strong>in</strong></span> <span class='ocrx_word' id='word_1_516' title='bbox 1912 3549 2055 3602; x_wconf 90' lang='lat' dir='ltr'><strong>illam</strong></span> 
     </span>
    </p>
   </div>
   <div class='ocr_carea' id='block_1_70' title="bbox 461 3642 2056 3731">
    <p class='ocr_par' dir='ltr' id='par_1_70' title="bbox 461 3642 2056 3731">
     <span class='ocr_line' id='line_1_71' title="bbox 461 3642 2056 3731; baseline -0.023 0"><span class='ocrx_word' id='word_1_517' title='bbox 461 3675 642 3731; x_wconf 90' lang='lat' dir='ltr'><strong>animo</strong></span> <span class='ocrx_word' id='word_1_518' title='bbox 666 3686 785 3729; x_wconf 90' lang='lat' dir='ltr'><strong>eam</strong></span> <span class='ocrx_word' id='word_1_519' title='bbox 806 3668 969 3725; x_wconf 91' lang='lat' dir='ltr'><strong>domo</strong></span> <span class='ocrx_word' id='word_1_520' title='bbox 992 3674 1047 3720; x_wconf 90' lang='lat' dir='ltr'><strong>et</strong></span> <span class='ocrx_word' id='word_1_521' title='bbox 1071 3661 1205 3718; x_wconf 88' lang='lat' dir='ltr'><strong>urbe</strong></span> <span class='ocrx_word' id='word_1_522' title='bbox 1227 3656 1429 3730; x_wconf 87' lang='lat' dir='ltr'><strong>pellere</strong></span> <span class='ocrx_word' id='word_1_523' title='bbox 1448 3695 1463 3720; x_wconf 94' lang='lat'><strong>,</strong></span> <span class='ocrx_word' id='word_1_524' title='bbox 1487 3667 1551 3708; x_wconf 91' lang='lat' dir='ltr'><strong>ac</strong></span> <span class='ocrx_word' id='word_1_525' title='bbox 1576 3652 1633 3706; x_wconf 87' lang='lat' dir='ltr'><strong>in</strong></span> <span class='ocrx_word' id='word_1_526' title='bbox 1658 3663 1805 3703; x_wconf 87' lang='lat' dir='ltr'><strong>suam</strong></span> <span class='ocrx_word' id='word_1_527' title='bbox 1830 3642 2056 3715; x_wconf 88' lang='lat' dir='ltr'><strong>patriam</strong></span> 
     </span>
    </p>
   </div>
   <div class='ocr_carea' id='block_1_71' title="bbox 465 3741 1809 3834">
    <p class='ocr_par' dir='ltr' id='par_1_71' title="bbox 465 3741 1809 3834">
     <span class='ocr_line' id='line_1_72' title="bbox 465 3741 1809 3834; baseline -0.025 -8"><span class='ocrx_word' id='word_1_528' title='bbox 465 3766 745 3825; x_wconf 85' lang='lat' dir='ltr'><strong>remittere</strong></span> <span class='ocrx_word' id='word_1_529' title='bbox 771 3758 1056 3834; x_wconf 80' lang='lat' dir='ltr'><strong>patuisset.</strong></span> <span class='ocrx_word' id='word_1_530' title='bbox 1087 3752 1195 3812; x_wconf 90' lang='lat' dir='ltr'><strong>Sed</strong></span> <span class='ocrx_word' id='word_1_531' title='bbox 1226 3760 1562 3807; x_wconf 89' lang='lat' dir='ltr'><strong>transeamus</strong></span> <span class='ocrx_word' id='word_1_532' title='bbox 1591 3743 1655 3798; x_wconf 89' lang='lat' dir='ltr'><strong>ad</strong></span> <span class='ocrx_word' id='word_1_533' title='bbox 1685 3741 1809 3795; x_wconf 88' lang='lat' dir='ltr'><strong>alia.</strong></span> 
     </span>
    </p>
   </div>
   <div class='ocr_carea' id='block_1_72' title="bbox 535 3832 2061 3916">
    <p class='ocr_par' dir='ltr' id='par_1_72' title="bbox 535 3832 2061 3916">
     <span class='ocr_line' id='line_1_73' title="bbox 535 3832 2061 3916; baseline -0.023 0"><span class='ocrx_word' id='word_1_534' title='bbox 535 3832 842 3916; x_wconf 82' lang='lat' dir='ltr'><strong>Secundum</strong></span> <span class='ocrx_word' id='word_1_535' title='bbox 870 3852 1253 3908; x_wconf 87' lang='lat' dir='ltr'><strong>documentum</strong></span> <span class='ocrx_word' id='word_1_536' title='bbox 1282 3839 1550 3912; x_wconf 85' lang='lat' dir='ltr'><strong>colligitur</strong></span> <span class='ocrx_word' id='word_1_537' title='bbox 1577 3851 1646 3891; x_wconf 81' lang='lat' dir='ltr'><strong>ex</strong></span> <span class='ocrx_word' id='word_1_538' title='bbox 1686 3832 1906 3903; x_wconf 86' lang='lat' dir='ltr'><strong>antiqua</strong></span> <span class='ocrx_word' id='word_1_539' title='bbox 1935 3838 2061 3883; x_wconf 91' lang='lat' dir='ltr'><strong>octo</strong></span> 
     </span>
    </p>
   </div>
   <div class='ocr_carea' id='block_1_73' title="bbox 468 3922 2061 4030">
    <p class='ocr_par' dir='ltr' id='par_1_73' title="bbox 468 3922 2061 4030">
     <span class='ocr_line' id='line_1_74' title="bbox 468 3922 2061 4030; baseline -0.023 -18"><span class='ocrx_word' id='word_1_540' title='bbox 468 3955 707 4030; x_wconf 90' lang='lat' dir='ltr'><strong>priorum</strong></span> <span class='ocrx_word' id='word_1_541' title='bbox 735 3945 1127 4007; x_wconf 85' lang='lat' dir='ltr'><strong>Veronensium</strong></span> <span class='ocrx_word' id='word_1_542' title='bbox 1160 3938 1461 3998; x_wconf 86' lang='lat' dir='ltr'><strong>antistitum</strong></span> <span class='ocrx_word' id='word_1_543' title='bbox 1493 3933 1668 3997; x_wconf 85' lang='lat' dir='ltr'><strong>serie,</strong></span> <span class='ocrx_word' id='word_1_544' title='bbox 1701 3943 1860 3999; x_wconf 88' lang='lat' dir='ltr'><strong>quam</strong></span> <span class='ocrx_word' id='word_1_545' title='bbox 1894 3922 2061 3995; x_wconf 88' lang='lat' dir='ltr'><strong>pluri-</strong></span> 
     </span>
    </p>
   </div>
   <div class='ocr_carea' id='block_1_74' title="bbox 467 4015 2060 4106">
    <p class='ocr_par' dir='ltr' id='par_1_74' title="bbox 467 4015 2060 4106">
     <span class='ocr_line' id='line_1_75' title="bbox 467 4015 2060 4106; baseline -0.023 -1"><span class='ocrx_word' id='word_1_546' title='bbox 467 4051 567 4106; x_wconf 88' lang='lat' dir='ltr'><strong>bus</strong></span> <span class='ocrx_word' id='word_1_547' title='bbox 610 4042 977 4103; x_wconf 87' lang='lat' dir='ltr'><strong>monumentis</strong></span> <span class='ocrx_word' id='word_1_548' title='bbox 1017 4034 1341 4094; x_wconf 80' lang='lat' dir='ltr'><strong>custoditam</strong></span> <span class='ocrx_word' id='word_1_549' title='bbox 1389 4028 1689 4103; x_wconf 87' lang='lat' dir='ltr'><strong>diligenter</strong></span> <span class='ocrx_word' id='word_1_550' title='bbox 1720 4015 2060 4091; x_wconf 83' lang='lat' dir='ltr'><strong>accepimus,</strong></span> 
     </span>
    </p>
   </div>
   <div class='ocr_carea' id='block_1_75' title="bbox 468 4111 2062 4212">
    <p class='ocr_par' dir='ltr' id='par_1_75' title="bbox 468 4111 2062 4212">
     <span class='ocr_line' id='line_1_76' title="bbox 468 4111 2062 4212; baseline -0.021 -16"><span class='ocrx_word' id='word_1_551' title='bbox 468 4138 646 4212; x_wconf 88' lang='lat' dir='ltr'><strong>quoad</strong></span> <span class='ocrx_word' id='word_1_552' title='bbox 688 4151 754 4192; x_wconf 81' lang='lat' dir='ltr'><strong>ex</strong></span> <span class='ocrx_word' id='word_1_553' title='bbox 795 4131 1135 4205; x_wconf 67' lang='lat' dir='ltr'><strong>praeiudicata</strong></span> <span class='ocrx_word' id='word_1_554' title='bbox 1165 4123 1401 4205; x_wconf 83' lang='lat' dir='ltr'><strong>Zenonis</strong></span> <span class='ocrx_word' id='word_1_555' title='bbox 1430 4136 1545 4176; x_wconf 65' lang='grc' dir='ltr'><strong>τιτνο</strong></span> <span class='ocrx_word' id='word_1_556' title='bbox 1592 4114 1859 4175; x_wconf 88' lang='lat' dir='ltr'><strong>sententia</strong></span> <span class='ocrx_word' id='word_1_557' title='bbox 1902 4111 2062 4166; x_wconf 89' lang='lat' dir='ltr'><strong>aliam</strong></span> 
     </span>
    </p>
   </div>
   <div class='ocr_carea' id='block_1_76' title="bbox 470 4209 2065 4292">
    <p class='ocr_par' dir='ltr' id='par_1_76' title="bbox 470 4209 2065 4292">
     <span class='ocr_line' id='line_1_77' title="bbox 470 4209 2065 4292; baseline -0.023 -3"><span class='ocrx_word' id='word_1_558' title='bbox 470 4232 668 4289; x_wconf 86' lang='lat' dir='ltr'><strong>seriem</strong></span> <span class='ocrx_word' id='word_1_559' title='bbox 718 4224 1047 4285; x_wconf 82' lang='lat' dir='ltr'><strong>recentiores</strong></span> <span class='ocrx_word' id='word_1_560' title='bbox 1090 4218 1305 4292; x_wconf 85' lang='lat' dir='ltr'><strong>proprio</strong></span> <span class='ocrx_word' id='word_1_561' title='bbox 1349 4222 1519 4269; x_wconf 89' lang='lat' dir='ltr'><strong>marte</strong></span> <span class='ocrx_word' id='word_1_562' title='bbox 1565 4209 1914 4278; x_wconf 82' lang='lat' dir='ltr'><strong>compingere</strong></span> <span class='ocrx_word' id='word_1_563' title='bbox 1961 4214 2065 4255; x_wconf 88' lang='lat' dir='ltr'><strong>non</strong></span> 
     </span>
    </p>
   </div>
   <div class='ocr_carea' id='block_1_77' title="bbox 472 4293 2062 4381">
    <p class='ocr_par' dir='ltr' id='par_1_77' title="bbox 472 4293 2062 4381">
     <span class='ocr_line' id='line_1_78' title="bbox 472 4293 2062 4381; baseline -0.021 -1"><span class='ocrx_word' id='word_1_564' title='bbox 472 4323 811 4381; x_wconf 72' lang='lat' dir='ltr'><strong>dubitarunt.</strong></span> <span class='ocrx_word' id='word_1_565' title='bbox 840 4316 915 4371; x_wconf 86' lang='lat' dir='ltr'><strong>Ea</strong></span> <span class='ocrx_word' id='word_1_566' title='bbox 962 4313 1131 4371; x_wconf 88' lang='lat' dir='ltr'><strong>series</strong></span> <span class='ocrx_word' id='word_1_567' title='bbox 1169 4308 1600 4375; x_wconf 75' lang='lat' dir='ltr'><strong>Panvinioteste</strong></span> <span class='ocrx_word' id='word_1_568' title='bbox 1640 4299 1900 4370; x_wconf 83' lang='lat' dir='ltr'><strong>Antiquit.</strong></span> <span class='ocrx_word' id='word_1_569' title='bbox 1932 4293 2062 4350; x_wconf 85' lang='lat' dir='ltr'><strong>Ver.</strong></span> 
     </span>
    </p>
   </div>
   <div class='ocr_carea' id='block_1_78' title="bbox 472 4388 2069 4483">
    <p class='ocr_par' dir='ltr' id='par_1_78' title="bbox 472 4388 2069 4483">
     <span class='ocr_line' id='line_1_79' title="bbox 472 4388 2069 4483; baseline -0.022 -9"><span class='ocrx_word' id='word_1_570' title='bbox 472 4418 570 4474; x_wconf 92' lang='lat' dir='ltr'><strong>lib.</strong></span> <span class='ocrx_word' id='word_1_571' title='bbox 604 4430 684 4480; x_wconf 84' lang='lat' dir='ltr'><strong>tv,</strong></span> <span class='ocrx_word' id='word_1_572' title='bbox 718 4427 838 4483; x_wconf 92' lang='lat' dir='ltr'><strong>cap.</strong></span> <span class='ocrx_word' id='word_1_573' title='bbox 865 4410 932 4475; x_wconf 78' lang='lat'><strong>5,</strong></span> <span class='ocrx_word' id='word_1_574' title='bbox 964 4406 1238 4476; x_wconf 80' lang='lat' dir='ltr'><strong>legebatur</strong></span> <span class='ocrx_word' id='word_1_575' title='bbox 1265 4405 1317 4457; x_wconf 92' lang='lat' dir='ltr'><strong>in</strong></span> <span class='ocrx_word' id='word_1_576' title='bbox 1350 4399 1580 4456; x_wconf 78' lang='lat' dir='ltr'><strong>Historia</strong></span> <span class='ocrx_word' id='word_1_577' title='bbox 1610 4391 1875 4465; x_wconf 88' lang='lat' dir='ltr'><strong>imperiali</strong></span> <span class='ocrx_word' id='word_1_578' title='bbox 1905 4388 2069 4444; x_wconf 73' lang='lat' dir='ltr'><strong>Joan-</strong></span> 
     </span>
    </p>
   </div>
   <div class='ocr_carea' id='block_1_79' title="bbox 475 4483 2148 4581">
    <p class='ocr_par' dir='ltr' id='par_1_79' title="bbox 475 4483 2148 4581">
     <span class='ocr_line' id='line_1_80' title="bbox 475 4483 2148 4581; baseline -0.02 -12"><span class='ocrx_word' id='word_1_579' title='bbox 475 4513 591 4577; x_wconf 73' lang='lat' dir='ltr'><strong>nis’,</strong></span> <span class='ocrx_word' id='word_1_580' title='bbox 619 4508 773 4581; x_wconf 82' lang='lat' dir='ltr'><strong>cujus</strong></span> <span class='ocrx_word' id='word_1_581' title='bbox 811 4504 839 4578; x_wconf 68' lang='grc' dir='ltr'>ᾗ</span> <span class='ocrx_word' id='word_1_582' title='bbox 868 4505 894 4559; x_wconf 98' lang='grc'><strong>1</strong></span> <span class='ocrx_word' id='word_1_583' title='bbox 937 4501 1264 4559; x_wconf 89' lang='lat' dir='ltr'><strong>mentionem</strong></span> <span class='ocrx_word' id='word_1_584' title='bbox 1322 4496 1575 4577; x_wconf 89' lang='lat' dir='ltr'><strong>fecimus;</strong></span> <span class='ocrx_word' id='word_1_585' title='bbox 1604 4502 1653 4547; x_wconf 91' lang='lat' dir='ltr'><strong>et</strong></span> <span class='ocrx_word' id='word_1_586' title='bbox 1699 4505 1824 4563; x_wconf 84' lang='lat' dir='ltr'><strong>pars</strong></span> <span class='ocrx_word' id='word_1_587' title='bbox 1854 4484 2069 4558; x_wconf 88' lang='lat' dir='ltr'><strong>quidem</strong></span> <span class='ocrx_word' id='word_1_588' title='bbox 2100 4483 2148 4544; x_wconf 85' lang='grc' dir='ltr'><strong>ι)</strong></span> 
     </span>
    </p>
   </div>
   <div class='ocr_carea' id='block_1_80' title="bbox 475 4580 2072 4680">
    <p class='ocr_par' dir='ltr' id='par_1_80' title="bbox 475 4580 2072 4680">
     <span class='ocr_line' id='line_1_81' title="bbox 475 4580 2072 4680; baseline -0.021 -16"><span class='ocrx_word' id='word_1_589' title='bbox 475 4607 595 4680; x_wconf 88' lang='lat' dir='ltr'><strong>ejus</strong></span> <span class='ocrx_word' id='word_1_590' title='bbox 641 4604 693 4660; x_wconf 89' lang='lat' dir='ltr'><strong>in</strong></span> <span class='ocrx_word' id='word_1_591' title='bbox 745 4615 861 4657; x_wconf 91' lang='lat' dir='ltr'><strong>rem</strong></span> <span class='ocrx_word' id='word_1_592' title='bbox 906 4606 1142 4652; x_wconf 88' lang='lat' dir='ltr'><strong>nostram</strong></span> <span class='ocrx_word' id='word_1_593' title='bbox 1190 4592 1496 4664; x_wconf 80' lang='lat' dir='ltr'><strong>praecipua,</strong></span> <span class='ocrx_word' id='word_1_594' title='bbox 1547 4603 1667 4657; x_wconf 71' lang='lat' dir='ltr'><strong>quae</strong></span> <span class='ocrx_word' id='word_1_595' title='bbox 1715 4580 2072 4655; x_wconf 84' lang='lat' dir='ltr'><strong>posteriorum</strong></span> 
     </span>
    </p>
   </div>
   <div class='ocr_carea' id='block_1_81' title="bbox 475 4674 2076 4773">
    <p class='ocr_par' dir='ltr' id='par_1_81' title="bbox 475 4674 2076 4773">
     <span class='ocr_line' id='line_1_82' title="bbox 475 4674 2076 4773; baseline -0.019 -17"><span class='ocrx_word' id='word_1_596' title='bbox 475 4698 713 4773; x_wconf 88' lang='lat' dir='ltr'><strong>quinque</strong></span> <span class='ocrx_word' id='word_1_597' title='bbox 741 4694 1118 4764; x_wconf 89' lang='lat' dir='ltr'><strong>episcoporum</strong></span> <span class='ocrx_word' id='word_1_598' title='bbox 1150 4685 1390 4743; x_wconf 89' lang='lat' dir='ltr'><strong>ordinem</strong></span> <span class='ocrx_word' id='word_1_599' title='bbox 1432 4680 1646 4752; x_wconf 88' lang='lat' dir='ltr'><strong>prodit,</strong></span> <span class='ocrx_word' id='word_1_600' title='bbox 1676 4678 1986 4733; x_wconf 87' lang='lat' dir='ltr'><strong>continetur</strong></span> <span class='ocrx_word' id='word_1_601' title='bbox 2024 4674 2076 4727; x_wconf 91' lang='lat' dir='ltr'><strong>in</strong></span> 
     </span>
    </p>
   </div>
   <div class='ocr_carea' id='block_1_82' title="bbox 476 4771 2081 4863">
    <p class='ocr_par' dir='ltr' id='par_1_82' title="bbox 476 4771 2081 4863">
     <span class='ocr_line' id='line_1_83' title="bbox 476 4771 2081 4863; baseline -0.021 -9"><span class='ocrx_word' id='word_1_602' title='bbox 476 4771 544 4854; x_wconf 77' lang='lat' dir='ltr'><strong>eo</strong></span> <span class='ocrx_word' id='word_1_603' title='bbox 573 4795 905 4863; x_wconf 85' lang='lat' dir='ltr'><strong>fragmento,</strong></span> <span class='ocrx_word' id='word_1_604' title='bbox 933 4784 1075 4857; x_wconf 89' lang='lat' dir='ltr'><strong>quod</strong></span> <span class='ocrx_word' id='word_1_605' title='bbox 1105 4798 1173 4838; x_wconf 83' lang='lat' dir='ltr'><strong>ex</strong></span> <span class='ocrx_word' id='word_1_606' title='bbox 1199 4780 1289 4835; x_wconf 88' lang='lat' dir='ltr'><strong>illa</strong></span> <span class='ocrx_word' id='word_1_607' title='bbox 1321 4774 1581 4846; x_wconf 84' lang='lat' dir='ltr'><strong>imperiali</strong></span> <span class='ocrx_word' id='word_1_608' title='bbox 1634 4771 1863 4828; x_wconf 81' lang='lat' dir='ltr'><strong>Historia</strong></span> <span class='ocrx_word' id='word_1_609' title='bbox 1892 4783 2081 4823; x_wconf 88' lang='lat' dir='ltr'><strong>manu-</strong></span> 
     </span>
    </p>
   </div>
   <div class='ocr_carea' id='block_1_83' title="bbox 475 4858 2082 4957">
    <p class='ocr_par' dir='ltr' id='par_1_83' title="bbox 475 4858 2082 4957">
     <span class='ocr_line' id='line_1_84' title="bbox 475 4858 2082 4957; baseline -0.021 -13"><span class='ocrx_word' id='word_1_610' title='bbox 475 4858 681 4957; x_wconf 72' lang='lat' dir='ltr'><strong>scripta</strong></span> <span class='ocrx_word' id='word_1_611' title='bbox 727 4880 883 4938; x_wconf 89' lang='lat' dir='ltr'><strong>nobis</strong></span> <span class='ocrx_word' id='word_1_612' title='bbox 927 4873 1197 4945; x_wconf 79' lang='lat' dir='ltr'><strong>excerpsit</strong></span> <span class='ocrx_word' id='word_1_613' title='bbox 1245 4858 1607 4938; x_wconf 79' lang='lat' dir='ltr'><strong>Hieronymus</strong></span> <span class='ocrx_word' id='word_1_614' title='bbox 1649 4861 1984 4918; x_wconf 88' lang='lat' dir='ltr'><strong>Tartarotius</strong></span> <span class='ocrx_word' id='word_1_615' title='bbox 2030 4858 2082 4912; x_wconf 94' lang='lat' dir='ltr'><strong>in</strong></span> 
     </span>
    </p>
   </div>
   <div class='ocr_carea' id='block_1_84' title="bbox 478 4953 2084 5036">
    <p class='ocr_par' dir='ltr' id='par_1_84' title="bbox 478 4953 2084 5036">
     <span class='ocr_line' id='line_1_85' title="bbox 478 4953 2084 5036; baseline -0.02 -1"><span class='ocrx_word' id='word_1_616' title='bbox 478 4980 596 5036; x_wconf 69' lang='lat' dir='ltr'><strong>haec</strong></span> <span class='ocrx_word' id='word_1_617' title='bbox 623 4976 786 5033; x_wconf 82' lang='lat' dir='ltr'><strong>verba</strong></span> <span class='ocrx_word' id='word_1_618' title='bbox 814 4993 828 5027; x_wconf 88' lang='lat'><strong><em>:</em></strong></span> <span class='ocrx_word' id='word_1_619' title='bbox 854 4968 1046 5026; x_wconf 83' lang='lat' dir='ltr'><strong>Beatus</strong></span> <span class='ocrx_word' id='word_1_620' title='bbox 1067 4964 1206 5021; x_wconf 85' lang='lat' dir='ltr'><strong>Zeno</strong></span> <span class='ocrx_word' id='word_1_621' title='bbox 1237 4964 1505 5035; x_wconf 84' lang='lat' dir='ltr'><strong>episcopus</strong></span> <span class='ocrx_word' id='word_1_622' title='bbox 1536 4956 1839 5012; x_wconf 73' lang='lat' dir='ltr'><strong>Veronensis</strong></span> <span class='ocrx_word' id='word_1_623' title='bbox 1859 4995 1873 5019; x_wconf 92' lang='lat'><strong>,</strong></span> <span class='ocrx_word' id='word_1_624' title='bbox 1906 4953 2084 5005; x_wconf 87' lang='lat' dir='ltr'><strong>doctor</strong></span> 
     </span>
    </p>
   </div>
   <div class='ocr_carea' id='block_1_85' title="bbox 478 5030 2083 5146">
    <p class='ocr_par' dir='ltr' id='par_1_85' title="bbox 478 5030 2083 5146">
     <span class='ocr_line' id='line_1_86' title="bbox 478 5030 2083 5146; baseline -0.021 -18"><span class='ocrx_word' id='word_1_625' title='bbox 478 5072 748 5146; x_wconf 86' lang='lat' dir='ltr'><strong>egregius,</strong></span> <span class='ocrx_word' id='word_1_626' title='bbox 800 5074 1009 5121; x_wconf 83' lang='lat' dir='ltr'><strong>octavus</strong></span> <span class='ocrx_word' id='word_1_627' title='bbox 1053 5057 1285 5135; x_wconf 80' lang='lat' dir='ltr'><strong>ejusdem</strong></span> <span class='ocrx_word' id='word_1_628' title='bbox 1331 5053 1549 5107; x_wconf 80' lang='lat' dir='ltr'><strong>ciuitatis</strong></span> <span class='ocrx_word' id='word_1_629' title='bbox 1599 5049 1888 5118; x_wconf 83' lang='lat' dir='ltr'><strong>episcopus.</strong></span> <span class='ocrx_word' id='word_1_630' title='bbox 1928 5030 2083 5103; x_wconf 55' lang='lat' dir='ltr'><strong>:Nam</strong></span> 
     </span>
    </p>
   </div>
   <div class='ocr_carea' id='block_1_86' title="bbox 481 5137 2085 5235">
    <p class='ocr_par' dir='ltr' id='par_1_86' title="bbox 481 5137 2085 5235">
     <span class='ocr_line' id='line_1_87' title="bbox 481 5137 2085 5235; baseline -0.021 -14"><span class='ocrx_word' id='word_1_631' title='bbox 481 5137 704 5235; x_wconf 46' lang='lat' dir='ltr'><strong>pvost&#39;S.‘</strong></span> <span class='ocrx_word' id='word_1_632' title='bbox 727 5158 1048 5222; x_wconf 80' lang='lat' dir='ltr'><strong>Proculum,</strong></span> <span class='ocrx_word' id='word_1_633' title='bbox 1079 5153 1169 5225; x_wconf 88' lang='lat' dir='ltr'><strong>qui</strong></span> <span class='ocrx_word' id='word_1_634' title='bbox 1207 5155 1420 5220; x_wconf 86' lang='lat' dir='ltr'><strong>quartus</strong></span> <span class='ocrx_word' id='word_1_635' title='bbox 1463 5144 1559 5213; x_wconf 76' lang='lat' dir='ltr'><strong>{uit</strong></span> <span class='ocrx_word' id='word_1_636' title='bbox 1589 5142 1883 5211; x_wconf 79' lang='lat' dir='ltr'><strong>episcOpus,</strong></span> <span class='ocrx_word' id='word_1_637' title='bbox 1917 5137 2085 5208; x_wconf 83' lang='lat' dir='ltr'><strong>ponti-</strong></span> 
     </span>
    </p>
   </div>
   <div class='ocr_carea' id='block_1_87' title="bbox 481 5231 2080 5332">
    <p class='ocr_par' dir='ltr' id='par_1_87' title="bbox 481 5231 2080 5332">
     <span class='ocr_line' id='line_1_88' title="bbox 481 5231 2080 5332; baseline -0.021 -16"><span class='ocrx_word' id='word_1_638' title='bbox 481 5262 693 5332; x_wconf 77' lang='lat' dir='ltr'><strong>ﬁcatum</strong></span> <span class='ocrx_word' id='word_1_639' title='bbox 719 5253 938 5325; x_wconf 74' lang='lat' dir='ltr'><strong>suscepit</strong></span> <span class='ocrx_word' id='word_1_640' title='bbox 967 5250 1030 5307; x_wconf 91' lang='lat' dir='ltr'><strong>S.</strong></span> <span class='ocrx_word' id='word_1_641' title='bbox 1061 5246 1378 5305; x_wconf 83' lang='lat' dir='ltr'><strong>Saturninus</strong></span> <span class='ocrx_word' id='word_1_642' title='bbox 1396 5282 1411 5307; x_wconf 93' lang='lat'><strong>,</strong></span> <span class='ocrx_word' id='word_1_643' title='bbox 1438 5238 1519 5317; x_wconf 87' lang='lat' dir='ltr'><strong>cui</strong></span> <span class='ocrx_word' id='word_1_644' title='bbox 1549 5236 1778 5290; x_wconf 78' lang='lat' dir='ltr'><strong>Lucilius</strong></span> <span class='ocrx_word' id='word_1_645' title='bbox 1805 5231 2080 5295; x_wconf 82' lang='lat' dir='ltr'><strong>successit,</strong></span> 
     </span>
    </p>
   </div>
   <div class='ocr_carea' id='block_1_88' title="bbox 482 5324 2079 5427">
    <p class='ocr_par' dir='ltr' id='par_1_88' title="bbox 482 5324 2079 5427">
     <span class='ocr_line' id='line_1_89' title="bbox 482 5324 2079 5427; baseline -0.023 -16"><span class='ocrx_word' id='word_1_646' title='bbox 482 5365 593 5427; x_wconf 81' lang='lat' dir='ltr'><strong>post</strong></span> <span class='ocrx_word' id='word_1_647' title='bbox 616 5366 765 5424; x_wconf 84' lang='lat' dir='ltr'><strong>quem</strong></span> <span class='ocrx_word' id='word_1_648' title='bbox 795 5324 1134 5405; x_wconf 79' lang='lat' dir='ltr'><strong>S.Gricinus</strong></span> <span class='ocrx_word' id='word_1_649' title='bbox 1177 5339 1389 5399; x_wconf 80' lang='lat' dir='ltr'><strong>doctor,</strong></span> <span class='ocrx_word' id='word_1_650' title='bbox 1430 5332 1510 5386; x_wconf 84' lang='lat' dir='ltr'><strong>cui</strong></span> <span class='ocrx_word' id='word_1_651' title='bbox 1548 5328 1613 5383; x_wconf 88' lang='grc' dir='ltr'><strong>Β.</strong></span> <span class='ocrx_word' id='word_1_652' title='bbox 1645 5326 1782 5382; x_wconf 90' lang='lat' dir='ltr'><strong>Zeno</strong></span> <span class='ocrx_word' id='word_1_653' title='bbox 1822 5324 2079 5380; x_wconf 78' lang='lat' dir='ltr'><strong>successit.</strong></span> 
     </span>
    </p>
   </div>
   <div class='ocr_carea' id='block_1_89' title="bbox 484 5418 2081 5502">
    <p class='ocr_par' dir='ltr' id='par_1_89' title="bbox 484 5418 2081 5502">
     <span class='ocr_line' id='line_1_90' title="bbox 484 5418 2081 5502; baseline -0.023 1"><span class='ocrx_word' id='word_1_654' title='bbox 484 5445 636 5502; x_wconf 86' lang='lat' dir='ltr'><strong>Hune</strong></span> <span class='ocrx_word' id='word_1_655' title='bbox 659 5443 911 5500; x_wconf 88' lang='lat' dir='ltr'><strong>eumdem</strong></span> <span class='ocrx_word' id='word_1_656' title='bbox 939 5436 1184 5493; x_wconf 89' lang='lat' dir='ltr'><strong>ordinem</strong></span> <span class='ocrx_word' id='word_1_657' title='bbox 1208 5432 1263 5486; x_wconf 89' lang='lat' dir='ltr'><strong>in</strong></span> <span class='ocrx_word' id='word_1_658' title='bbox 1290 5423 1571 5482; x_wconf 86' lang='lat' dir='ltr'><strong>vetustiori</strong></span> <span class='ocrx_word' id='word_1_659' title='bbox 1595 5427 1811 5476; x_wconf 85' lang='lat' dir='ltr'><strong>auctore</strong></span> <span class='ocrx_word' id='word_1_660' title='bbox 1834 5418 2081 5486; x_wconf 86' lang='lat' dir='ltr'><strong>legimus,</strong></span> 
     </span>
    </p>
   </div>
   <div class='ocr_carea' id='block_1_90' title="bbox 397 5511 2084 5612">
    <p class='ocr_par' dir='ltr' id='par_1_90' title="bbox 397 5511 2084 5612">
     <span class='ocr_line' id='line_1_91' title="bbox 397 5511 2084 5612; baseline -0.021 -15"><span class='ocrx_word' id='word_1_661' title='bbox 397 5565 400 5568; x_wconf 60' lang='lat'><strong><em>~</em></strong></span> <span class='ocrx_word' id='word_1_662' title='bbox 486 5538 574 5612; x_wconf 91' lang='lat' dir='ltr'><strong>qui</strong></span> <span class='ocrx_word' id='word_1_663' title='bbox 602 5535 914 5609; x_wconf 87' lang='lat' dir='ltr'><strong>rhythmum</strong></span> <span class='ocrx_word' id='word_1_664' title='bbox 943 5530 1012 5587; x_wconf 91' lang='lat' dir='ltr'><strong>de</strong></span> <span class='ocrx_word' id='word_1_665' title='bbox 1038 5529 1274 5585; x_wconf 74' lang='lat' dir='ltr'><strong>Verona:</strong></span> <span class='ocrx_word' id='word_1_666' title='bbox 1304 5518 1555 5593; x_wconf 64' lang='lat' dir='ltr'><strong>laudibus</strong></span> <span class='ocrx_word' id='word_1_667' title='bbox 1595 5514 1828 5585; x_wconf 88' lang='lat' dir='ltr'><strong>scripsit.</strong></span> <span class='ocrx_word' id='word_1_668' title='bbox 1861 5511 1919 5566; x_wconf 72' lang='grc' dir='ltr'><strong>ιιι</strong></span> <span class='ocrx_word' id='word_1_669' title='bbox 1947 5524 2084 5579; x_wconf 89' lang='lat' dir='ltr'><strong>opu-</strong></span> 
     </span>
    </p>
   </div>
   <div class='ocr_carea' id='block_1_91' title="bbox 484 5604 2090 5691">
    <p class='ocr_par' dir='ltr' id='par_1_91' title="bbox 484 5604 2090 5691">
     <span class='ocr_line' id='line_1_92' title="bbox 484 5604 2090 5691; baseline -0.022 0"><span class='ocrx_word' id='word_1_670' title='bbox 484 5632 696 5691; x_wconf 89' lang='lat' dir='ltr'><strong>sculum</strong></span> <span class='ocrx_word' id='word_1_671' title='bbox 726 5630 781 5686; x_wconf 90' lang='lat' dir='ltr'><strong>in</strong></span> <span class='ocrx_word' id='word_1_672' title='bbox 826 5643 926 5684; x_wconf 91' lang='lat' dir='ltr'><strong>ms.</strong></span> <span class='ocrx_word' id='word_1_673' title='bbox 958 5622 1242 5682; x_wconf 88' lang='lat' dir='ltr'><strong>Lobiensis</strong></span> <span class='ocrx_word' id='word_1_674' title='bbox 1285 5611 1602 5672; x_wconf 79' lang='lat' dir='ltr'><strong>monasterii</strong></span> <span class='ocrx_word' id='word_1_675' title='bbox 1648 5609 1921 5663; x_wconf 91' lang='lat' dir='ltr'><strong>inventum</strong></span> <span class='ocrx_word' id='word_1_676' title='bbox 1951 5604 2090 5674; x_wconf 92' lang='lat' dir='ltr'><strong>(quo</strong></span> 
     </span>
    </p>
   </div>
   <div class='ocr_carea' id='block_1_92' title="bbox 488 5694 2140 5794">
    <p class='ocr_par' dir='ltr' id='par_1_92' title="bbox 488 5694 2140 5794">
     <span class='ocr_line' id='line_1_93' title="bbox 488 5694 2140 5794; baseline -0.023 -6"><span class='ocrx_word' id='word_1_677' title='bbox 488 5708 1091 5794; x_wconf 68' lang='lat' dir='ltr'><strong>allatum‘credipotest</strong></span> <span class='ocrx_word' id='word_1_678' title='bbox 1119 5733 1149 5773; x_wconf 90' lang='lat' dir='ltr'><strong>a</strong></span> <span class='ocrx_word' id='word_1_679' title='bbox 1181 5707 1442 5771; x_wconf 76' lang='lat' dir='ltr'><strong>Ratherio</strong></span> <span class='ocrx_word' id='word_1_680' title='bbox 1466 5705 1722 5777; x_wconf 80' lang='lat' dir='ltr'><strong>episcopo</strong></span> <span class='ocrx_word' id='word_1_681' title='bbox 1740 5744 1756 5772; x_wconf 93' lang='lat'><strong>,</strong></span> <span class='ocrx_word' id='word_1_682' title='bbox 1782 5715 1903 5759; x_wconf 87' lang='lat' dir='ltr'><strong>cum</strong></span> <span class='ocrx_word' id='word_1_683' title='bbox 1932 5712 1965 5754; x_wconf 87' lang='lat' dir='ltr'><strong>a</strong></span> <span class='ocrx_word' id='word_1_684' title='bbox 1992 5694 2095 5752; x_wconf 89' lang='lat' dir='ltr'><strong>Ve-</strong></span> <span class='ocrx_word' id='word_1_685' title='bbox 2130 5760 2140 5777; x_wconf 34' lang='grc' dir='ltr'><strong><em>ί</em></strong></span> 
     </span>
    </p>
   </div>
   <div class='ocr_carea' id='block_1_93' title="bbox 2157 3171 3369 3254">
    <p class='ocr_par' dir='ltr' id='par_1_93' title="bbox 2157 3171 3369 3254">
     <span class='ocr_line' id='line_1_94' title="bbox 2157 3171 3369 3254; baseline -0.014 -10"><span class='ocrx_word' id='word_1_686' title='bbox 2157 3187 2404 3244; x_wconf 88' lang='lat' dir='ltr'><strong>nensium</strong></span> <span class='ocrx_word' id='word_1_687' title='bbox 2437 3184 2817 3254; x_wconf 87' lang='lat' dir='ltr'><strong>episc0porutn</strong></span> <span class='ocrx_word' id='word_1_688' title='bbox 2848 3176 3092 3232; x_wconf 90' lang='lat' dir='ltr'><strong>ordinem</strong></span> <span class='ocrx_word' id='word_1_689' title='bbox 3124 3171 3301 3243; x_wconf 89' lang='lat' dir='ltr'><strong>prodit</strong></span> <span class='ocrx_word' id='word_1_690' title='bbox 3335 3188 3369 3227; x_wconf 11' lang='lat'><strong>:7</strong></span> 
     </span>
    </p>
   </div>
   <div class='ocr_carea' id='block_1_94' title="bbox 2250 3285 3596 3353">
    <p class='ocr_par' dir='ltr' id='par_1_94' title="bbox 2250 3285 3596 3353">
     <span class='ocr_line' id='line_1_95' title="bbox 2250 3285 3596 3353; baseline -0.015 -3"><span class='ocrx_word' id='word_1_691' title='bbox 2250 3300 2473 3351; x_wconf 88' lang='lat' dir='ltr'><strong>Primum</strong></span> <span class='ocrx_word' id='word_1_692' title='bbox 2498 3296 2712 3346; x_wconf 72' lang='lat' dir='ltr'><strong>Veronae</strong></span> <span class='ocrx_word' id='word_1_693' title='bbox 2737 3291 3014 3353; x_wconf 72' lang='lat' dir='ltr'><strong>praedicavit</strong></span> <span class='ocrx_word' id='word_1_694' title='bbox 3033 3288 3292 3353; x_wconf 74' lang='lat' dir='ltr'><strong>Euprepus</strong></span> <span class='ocrx_word' id='word_1_695' title='bbox 3314 3285 3596 3353; x_wconf 75' lang='lat' dir='ltr'><strong>episcopus,</strong></span> 
     </span>
    </p>
   </div>
   <div class='ocr_carea' id='block_1_95' title="bbox 2316 3348 3488 3414">
    <p class='ocr_par' dir='ltr' id='par_1_95' title="bbox 2316 3348 3488 3414">
     <span class='ocr_line' id='line_1_96' title="bbox 2316 3348 3488 3414; baseline -0.015 -2"><span class='ocrx_word' id='word_1_696' title='bbox 2316 3348 2575 3413; x_wconf 84' lang='lat' dir='ltr'><strong>Secundus</strong></span> <span class='ocrx_word' id='word_1_697' title='bbox 2598 3348 2951 3414; x_wconf 83' lang='lat' dir='ltr'><strong>Dimidrianus,</strong></span> <span class='ocrx_word' id='word_1_698' title='bbox 2980 3348 3163 3403; x_wconf 84' lang='lat' dir='ltr'><strong>tertius</strong></span> <span class='ocrx_word' id='word_1_699' title='bbox 3184 3348 3488 3414; x_wconf 76' lang='lat' dir='ltr'><strong>Simplicius,</strong></span> 
     </span>
    </p>
   </div>
   <div class='ocr_carea' id='block_1_96' title="bbox 2322 3403 3546 3485">
    <p class='ocr_par' dir='ltr' id='par_1_96' title="bbox 2322 3403 3546 3485">
     <span class='ocr_line' id='line_1_97' title="bbox 2322 3403 3546 3485; baseline -0.016 -11"><span class='ocrx_word' id='word_1_700' title='bbox 2322 3403 2805 3485; x_wconf 32' lang='lat' dir='ltr'><strong>“qua-rttis&#39;l’roeuhts:</strong></span> <span class='ocrx_word' id='word_1_701' title='bbox 2821 3403 3075 3466; x_wconf 72' lang='lat' dir='ltr'><strong>confessor</strong></span> <span class='ocrx_word' id='word_1_702' title='bbox 3100 3420 3264 3485; x_wconf 70' lang='lat' dir='ltr'><strong>pastor</strong></span> <span class='ocrx_word' id='word_1_703' title='bbox 3290 3403 3546 3485; x_wconf 70' lang='lat' dir='ltr'><strong>egregius,</strong></span> 
     </span>
    </p>
   </div>
   <div class='ocr_carea' id='block_1_97' title="bbox 2254 3473 3454 3549">
    <p class='ocr_par' dir='ltr' id='par_1_97' title="bbox 2254 3473 3454 3549">
     <span class='ocr_line' id='line_1_98' title="bbox 2254 3473 3454 3549; baseline -0.015 -10"><span class='ocrx_word' id='word_1_704' title='bbox 2254 3473 2467 3549; x_wconf 71' lang='lat' dir='ltr'><strong>Quintus</strong></span> <span class='ocrx_word' id='word_1_705' title='bbox 2493 3482 2920 3549; x_wconf 81' lang='lat' dir='ltr'><strong>fuit_Satu_ru_inns,</strong></span> <span class='ocrx_word' id='word_1_706' title='bbox 2947 3484 2997 3549; x_wconf 83' lang='lat' dir='ltr'><strong>e_t</strong></span> <span class='ocrx_word' id='word_1_707' title='bbox 3021 3473 3195 3549; x_wconf 68' lang='lat' dir='ltr'><strong>sextus</strong></span> <span class='ocrx_word' id='word_1_708' title='bbox 3220 3473 3454 3546; x_wconf 82' lang='lat' dir='ltr'><strong>Lucilius,</strong></span> 
     </span>
    </p>
   </div>
   <div class='ocr_carea' id='block_1_98' title="bbox 2317 3539 3504 3613">
    <p class='ocr_par' dir='ltr' id='par_1_98' title="bbox 2317 3539 3504 3613">
     <span class='ocr_line' id='line_1_99' title="bbox 2317 3539 3504 3613; baseline -0.018 -12"><span class='ocrx_word' id='word_1_709' title='bbox 2317 3550 2570 3613; x_wconf 86' lang='lat' dir='ltr'><strong>Septimus</strong></span> <span class='ocrx_word' id='word_1_710' title='bbox 2591 3544 2684 3596; x_wconf 81' lang='lat' dir='ltr'><strong>fuit</strong></span> <span class='ocrx_word' id='word_1_711' title='bbox 2705 3539 2936 3613; x_wconf 67' lang='lat' dir='ltr'><strong>Grieinus</strong></span> <span class='ocrx_word' id='word_1_712' title='bbox 2955 3539 3125 3613; x_wconf 51' lang='lat' dir='ltr'><strong>docto!</strong></span> <span class='ocrx_word' id='word_1_713' title='bbox 3151 3543 3203 3586; x_wconf 90' lang='lat' dir='ltr'><strong>et</strong></span> <span class='ocrx_word' id='word_1_714' title='bbox 3225 3539 3504 3613; x_wconf 70' lang='lat' dir='ltr'><strong>episcopus,</strong></span> 
     </span>
    </p>
   </div>
   <div class='ocr_carea' id='block_1_99' title="bbox 2316 3595 3677 3673">
    <p class='ocr_par' dir='ltr' id='par_1_99' title="bbox 2316 3595 3677 3673">
     <span class='ocr_line' id='line_1_100' title="bbox 2316 3595 3677 3673; baseline -0.018 -8"><span class='ocrx_word' id='word_1_715' title='bbox 2316 3595 2532 3665; x_wconf 57' lang='lat' dir='ltr'><strong>citatius</strong></span> <span class='ocrx_word' id='word_1_716' title='bbox 2555 3595 2719 3673; x_wconf 82' lang='lat' dir='ltr'><strong>pastor</strong></span> <span class='ocrx_word' id='word_1_717' title='bbox 2744 3614 2796 3656; x_wconf 90' lang='lat' dir='ltr'><strong>et</strong></span> <span class='ocrx_word' id='word_1_718' title='bbox 2818 3603 3068 3655; x_wconf 82' lang='lat' dir='ltr'><strong>confessor</strong></span> <span class='ocrx_word' id='word_1_719' title='bbox 3086 3599 3222 3650; x_wconf 89' lang='lat' dir='ltr'><strong>Zeno</strong></span> <span class='ocrx_word' id='word_1_720' title='bbox 3248 3595 3427 3660; x_wconf 82' lang='lat' dir='ltr'><strong>martyr</strong></span> <span class='ocrx_word' id='word_1_721' title='bbox 3450 3595 3677 3659; x_wconf 77' lang='lat' dir='ltr'><strong>inclytus.</strong></span> 
     </span>
    </p>
   </div>
   <div class='ocr_carea' id='block_1_100' title="bbox 2163 3705 3826 3801">
    <p class='ocr_par' dir='ltr' id='par_1_100' title="bbox 2163 3705 3826 3801">
     <span class='ocr_line' id='line_1_101' title="bbox 2163 3705 3826 3801; baseline -0.019 -18"><span class='ocrx_word' id='word_1_722' title='bbox 2163 3724 2361 3801; x_wconf 73' lang='lat' dir='ltr'><strong>[cxvn]</strong></span> <span class='ocrx_word' id='word_1_723' title='bbox 2399 3723 2522 3778; x_wconf 68' lang='lat' dir='ltr'><strong>llaec</strong></span> <span class='ocrx_word' id='word_1_724' title='bbox 2550 3705 2927 3791; x_wconf 86' lang='lat' dir='ltr'><strong>episcoporum</strong></span> <span class='ocrx_word' id='word_1_725' title='bbox 2956 3714 3126 3770; x_wconf 89' lang='lat' dir='ltr'><strong>series</strong></span> <span class='ocrx_word' id='word_1_726' title='bbox 3150 3711 3363 3783; x_wconf 87' lang='lat' dir='ltr'><strong>plurimi</strong></span> <span class='ocrx_word' id='word_1_727' title='bbox 3390 3705 3635 3763; x_wconf 87' lang='lat' dir='ltr'><strong>faeienda</strong></span> <span class='ocrx_word' id='word_1_728' title='bbox 3658 3711 3766 3764; x_wconf 81' lang='lat' dir='ltr'><strong>est,</strong></span> <span class='ocrx_word' id='word_1_729' title='bbox 3824 3734 3826 3777; x_wconf 47' lang='grc' dir='ltr'>ρ</span> 
     </span>
    </p>
   </div>
   <div class='ocr_carea' id='block_1_101' title="bbox 2162 3798 3826 3893">
    <p class='ocr_par' dir='ltr' id='par_1_101' title="bbox 2162 3798 3826 3893">
     <span class='ocr_line' id='line_1_102' title="bbox 2162 3798 3826 3893; baseline -0.019 -17"><span class='ocrx_word' id='word_1_730' title='bbox 2162 3821 2363 3893; x_wconf 88' lang='lat' dir='ltr'><strong>quippe</strong></span> <span class='ocrx_word' id='word_1_731' title='bbox 2417 3830 2538 3871; x_wconf 92' lang='lat' dir='ltr'><strong>cum</strong></span> <span class='ocrx_word' id='word_1_732' title='bbox 2565 3810 2838 3869; x_wconf 89' lang='lat' dir='ltr'><strong>custodire</strong></span> <span class='ocrx_word' id='word_1_733' title='bbox 2885 3809 3174 3878; x_wconf 87' lang='lat' dir='ltr'><strong>diligenter</strong></span> <span class='ocrx_word' id='word_1_734' title='bbox 3222 3801 3483 3859; x_wconf 81' lang='lat' dir='ltr'><strong>Ecclesiis</strong></span> <span class='ocrx_word' id='word_1_735' title='bbox 3526 3798 3770 3855; x_wconf 63' lang='lat' dir='ltr'><strong>maxime:</strong></span> <span class='ocrx_word' id='word_1_736' title='bbox 3824 3852 3826 3867; x_wconf 46' lang='grc' dir='ltr'><strong>Ι</strong></span> 
     </span>
    </p>
   </div>
   <div class='ocr_carea' id='block_1_102' title="bbox 2168 3876 3826 3989">
    <p class='ocr_par' dir='ltr' id='par_1_102' title="bbox 2168 3876 3826 3989">
     <span class='ocr_line' id='line_1_103' title="bbox 2168 3876 3826 3989; baseline -0.017 -21"><span class='ocrx_word' id='word_1_737' title='bbox 2168 3899 2289 3981; x_wconf 85' lang='lat' dir='ltr'><strong>fuit,</strong></span> <span class='ocrx_word' id='word_1_738' title='bbox 2314 3924 2462 3967; x_wconf 65' lang='lat' dir='ltr'><strong>curre</strong></span> <span class='ocrx_word' id='word_1_739' title='bbox 2478 3922 2601 3963; x_wconf 90' lang='lat' dir='ltr'><strong>eum</strong></span> <span class='ocrx_word' id='word_1_740' title='bbox 2619 3904 2754 3989; x_wconf 82' lang='lat' dir='ltr'><strong>illos</strong></span> <span class='ocrx_word' id='word_1_741' title='bbox 2775 3903 2828 3957; x_wconf 91' lang='lat' dir='ltr'><strong>in</strong></span> <span class='ocrx_word' id='word_1_742' title='bbox 2858 3876 3130 3972; x_wconf 79' lang='lat' dir='ltr'><strong>diptychis</strong></span> <span class='ocrx_word' id='word_1_743' title='bbox 3151 3912 3212 3953; x_wconf 78' lang='lat' dir='ltr'><strong>ex</strong></span> <span class='ocrx_word' id='word_1_744' title='bbox 3230 3895 3421 3951; x_wconf 88' lang='lat' dir='ltr'><strong>ordine</strong></span> <span class='ocrx_word' id='word_1_745' title='bbox 3441 3876 3703 3955; x_wconf 84' lang='lat' dir='ltr'><strong>scribere,</strong></span> <span class='ocrx_word' id='word_1_746' title='bbox 3723 3894 3770 3941; x_wconf 88' lang='lat' dir='ltr'><strong>et</strong></span> 
     </span>
    </p>
   </div>
   <div class='ocr_carea' id='block_1_103' title="bbox 2118 3989 3826 4063">
    <p class='ocr_par' dir='ltr' id='par_1_103' title="bbox 2118 3989 3826 4063">
     <span class='ocr_line' id='line_1_104' title="bbox 2118 3989 3826 4063; baseline -0.016 1"><span class='ocrx_word' id='word_1_747' title='bbox 2118 4038 2119 4041; x_wconf 57' lang='grc' dir='ltr'><strong>η</strong></span> <span class='ocrx_word' id='word_1_748' title='bbox 2167 4008 2308 4063; x_wconf 89' lang='lat' dir='ltr'><strong>inter</strong></span> <span class='ocrx_word' id='word_1_749' title='bbox 2323 4005 2609 4061; x_wconf 86' lang='lat' dir='ltr'><strong>missarum</strong></span> <span class='ocrx_word' id='word_1_750' title='bbox 2622 3997 2883 4055; x_wconf 90' lang='lat' dir='ltr'><strong>solemnia</strong></span> <span class='ocrx_word' id='word_1_751' title='bbox 2898 3995 2963 4050; x_wconf 89' lang='lat' dir='ltr'><strong>ad</strong></span> <span class='ocrx_word' id='word_1_752' title='bbox 2982 3991 3275 4049; x_wconf 87' lang='lat' dir='ltr'><strong>secundum</strong></span> <span class='ocrx_word' id='word_1_753' title='bbox 3295 3989 3550 4057; x_wconf 76' lang='lat' dir='ltr'><strong>Memento</strong></span> <span class='ocrx_word' id='word_1_754' title='bbox 3566 3998 3767 4045; x_wconf 70' lang='lat' dir='ltr'><strong>omnes,</strong></span> <span class='ocrx_word' id='word_1_755' title='bbox 3824 4032 3826 4037; x_wconf 94' lang='lat'><strong>.</strong></span> 
     </span>
    </p>
   </div>
   <div class='ocr_carea' id='block_1_104' title="bbox 2168 4076 3826 4161">
    <p class='ocr_par' dir='ltr' id='par_1_104' title="bbox 2168 4076 3826 4161">
     <span class='ocr_line' id='line_1_105' title="bbox 2168 4076 3826 4161; baseline -0.018 -4"><span class='ocrx_word' id='word_1_756' title='bbox 2168 4104 2332 4157; x_wconf 83' lang='lat' dir='ltr'><strong>etiam</strong></span> <span class='ocrx_word' id='word_1_757' title='bbox 2384 4102 2638 4161; x_wconf 83' lang='lat' dir='ltr'><strong>sanctos,</strong></span> <span class='ocrx_word' id='word_1_758' title='bbox 2681 4094 2914 4149; x_wconf 87' lang='lat' dir='ltr'><strong>recitare</strong></span> <span class='ocrx_word' id='word_1_759' title='bbox 2955 4105 3022 4146; x_wconf 85' lang='lat' dir='ltr'><strong>ex</strong></span> <span class='ocrx_word' id='word_1_760' title='bbox 3068 4087 3289 4156; x_wconf 86' lang='lat' dir='ltr'><strong>antiqua</strong></span> <span class='ocrx_word' id='word_1_761' title='bbox 3334 4081 3617 4152; x_wconf 83' lang='lat' dir='ltr'><strong>disciplina</strong></span> <span class='ocrx_word' id='word_1_762' title='bbox 3664 4090 3781 4132; x_wconf 29' lang='lat' dir='ltr'><strong>mos.</strong></span> <span class='ocrx_word' id='word_1_763' title='bbox 3824 4076 3826 4153; x_wconf 70' lang='grc' dir='ltr'>ξ</span> 
     </span>
    </p>
   </div>
   <div class='ocr_carea' id='block_1_105' title="bbox 2171 4150 3826 4251">
    <p class='ocr_par' dir='ltr' id='par_1_105' title="bbox 2171 4150 3826 4251">
     <span class='ocr_line' id='line_1_106' title="bbox 2171 4150 3826 4251; baseline -0.018 -2"><span class='ocrx_word' id='word_1_764' title='bbox 2171 4194 2336 4251; x_wconf 91' lang='lat' dir='ltr'><strong>fuerit</strong></span> <span class='ocrx_word' id='word_1_765' title='bbox 2363 4201 2473 4248; x_wconf 89' lang='lat' dir='ltr'><strong>tum</strong></span> <span class='ocrx_word' id='word_1_766' title='bbox 2507 4190 2559 4245; x_wconf 92' lang='lat' dir='ltr'><strong>in</strong></span> <span class='ocrx_word' id='word_1_767' title='bbox 2590 4176 2844 4248; x_wconf 85' lang='lat' dir='ltr'><strong>Oriente,</strong></span> <span class='ocrx_word' id='word_1_768' title='bbox 2876 4193 2990 4237; x_wconf 90' lang='lat' dir='ltr'><strong>tum</strong></span> <span class='ocrx_word' id='word_1_769' title='bbox 3020 4183 3071 4237; x_wconf 89' lang='lat' dir='ltr'><strong>in</strong></span> <span class='ocrx_word' id='word_1_770' title='bbox 3104 4177 3399 4235; x_wconf 87' lang='lat' dir='ltr'><strong>Occidente</strong></span> <span class='ocrx_word' id='word_1_771' title='bbox 3426 4150 3489 4230; x_wconf 83' lang='lat' dir='ltr'><strong>in</strong></span> <span class='ocrx_word' id='word_1_772' title='bbox 3518 4189 3636 4230; x_wconf 85' lang='lat' dir='ltr'><strong>eam</strong></span> <span class='ocrx_word' id='word_1_773' title='bbox 3668 4170 3772 4223; x_wconf 84' lang='lat' dir='ltr'><strong>fere</strong></span> 
     </span>
    </p>
   </div>
   <div class='ocr_carea' id='block_1_106' title="bbox 2171 4271 3771 4355">
    <p class='ocr_par' dir='ltr' id='par_1_106' title="bbox 2171 4271 3771 4355">
     <span class='ocr_line' id='line_1_107' title="bbox 2171 4271 3771 4355; baseline -0.021 -9"><span class='ocrx_word' id='word_1_774' title='bbox 2171 4290 2476 4351; x_wconf 87' lang='lat' dir='ltr'><strong>rationem,</strong></span> <span class='ocrx_word' id='word_1_775' title='bbox 2505 4296 2668 4355; x_wconf 88' lang='lat' dir='ltr'><strong>quam</strong></span> <span class='ocrx_word' id='word_1_776' title='bbox 2709 4280 2968 4336; x_wconf 85' lang='lat' dir='ltr'><strong>discimus</strong></span> <span class='ocrx_word' id='word_1_777' title='bbox 3010 4292 3077 4333; x_wconf 83' lang='lat' dir='ltr'><strong>ex</strong></span> <span class='ocrx_word' id='word_1_778' title='bbox 3121 4274 3263 4330; x_wconf 89' lang='lat' dir='ltr'><strong>libro</strong></span> <span class='ocrx_word' id='word_1_779' title='bbox 3305 4271 3771 4335; x_wconf 82' lang='lat' dir='ltr'><strong>Sacramentorum</strong></span> 
     </span>
    </p>
   </div>
   <div class='ocr_carea' id='block_1_107' title="bbox 2172 4354 3826 4453">
    <p class='ocr_par' dir='ltr' id='par_1_107' title="bbox 2172 4354 3826 4453">
     <span class='ocr_line' id='line_1_108' title="bbox 2172 4354 3826 4453; baseline -0.022 -11"><span class='ocrx_word' id='word_1_780' title='bbox 2172 4385 2231 4442; x_wconf 92' lang='lat' dir='ltr'><strong>S.</strong></span> <span class='ocrx_word' id='word_1_781' title='bbox 2266 4380 2508 4453; x_wconf 79' lang='lat' dir='ltr'><strong>Gregorii</strong></span> <span class='ocrx_word' id='word_1_782' title='bbox 2526 4354 2679 4435; x_wconf 80' lang='lat' dir='ltr'><strong>edito</strong></span> <span class='ocrx_word' id='word_1_783' title='bbox 2718 4389 2749 4429; x_wconf 89' lang='lat' dir='ltr'><strong>a</strong></span> <span class='ocrx_word' id='word_1_784' title='bbox 2798 4371 3059 4429; x_wconf 84' lang='lat' dir='ltr'><strong>Menardo</strong></span> <span class='ocrx_word' id='word_1_785' title='bbox 3105 4385 3135 4423; x_wconf 92' lang='lat' dir='ltr'><strong>e</strong></span> <span class='ocrx_word' id='word_1_786' title='bbox 3183 4381 3288 4423; x_wconf 89' lang='lat' dir='ltr'><strong>ms.</strong></span> <span class='ocrx_word' id='word_1_787' title='bbox 3317 4362 3657 4424; x_wconf 74' lang='lat' dir='ltr'><strong>Corbeieusi,</strong></span> <span class='ocrx_word' id='word_1_788' title='bbox 3690 4354 3772 4409; x_wconf 78' lang='lat' dir='ltr'><strong>ubi</strong></span> 
     </span>
    </p>
   </div>
   <div class='ocr_carea' id='block_1_108' title="bbox 2177 4440 3826 4534">
    <p class='ocr_par' dir='ltr' id='par_1_108' title="bbox 2177 4440 3826 4534">
     <span class='ocr_line' id='line_1_109' title="bbox 2177 4440 3826 4534; baseline -0.022 -2"><span class='ocrx_word' id='word_1_789' title='bbox 2177 4480 2290 4533; x_wconf 72' lang='lat' dir='ltr'><strong>haec</strong></span> <span class='ocrx_word' id='word_1_790' title='bbox 2348 4474 2616 4529; x_wconf 87' lang='lat' dir='ltr'><strong>habentur</strong></span> <span class='ocrx_word' id='word_1_791' title='bbox 2647 4469 2697 4521; x_wconf 87' lang='lat' dir='ltr'><strong>in</strong></span> <span class='ocrx_word' id='word_1_792' title='bbox 2731 4464 2896 4520; x_wconf 80' lang='lat' dir='ltr'><strong>Missa</strong></span> <span class='ocrx_word' id='word_1_793' title='bbox 2936 4478 3029 4534; x_wconf 89' lang='lat' dir='ltr'><strong>pro</strong></span> <span class='ocrx_word' id='word_1_794' title='bbox 3060 4461 3301 4531; x_wconf 80' lang='lat' dir='ltr'><strong>defuncto</strong></span> <span class='ocrx_word' id='word_1_795' title='bbox 3329 4455 3569 4525; x_wconf 78' lang='lat' dir='ltr'><strong>episwpo</strong></span> <span class='ocrx_word' id='word_1_796' title='bbox 3590 4494 3605 4518; x_wconf 91' lang='lat'><strong>,</strong></span> <span class='ocrx_word' id='word_1_797' title='bbox 3637 4452 3769 4518; x_wconf 76' lang='lat' dir='ltr'><strong>infra</strong></span> 
     </span>
    </p>
   </div>
   <div class='ocr_carea' id='block_1_109' title="bbox 2178 4542 3774 4630">
    <p class='ocr_par' dir='ltr' id='par_1_109' title="bbox 2178 4542 3774 4630">
     <span class='ocr_line' id='line_1_110' title="bbox 2178 4542 3774 4630; baseline -0.018 -6"><span class='ocrx_word' id='word_1_798' title='bbox 2178 4569 2427 4624; x_wconf 85' lang='lat' dir='ltr'><strong>actionem</strong></span> <span class='ocrx_word' id='word_1_799' title='bbox 2455 4574 2586 4620; x_wconf 90' lang='lat' dir='ltr'><strong>tom.</strong></span> <span class='ocrx_word' id='word_1_800' title='bbox 2647 4577 2704 4616; x_wconf 88' lang='lat' dir='ltr'><strong>tn</strong></span> <span class='ocrx_word' id='word_1_801' title='bbox 2739 4559 2973 4630; x_wconf 87' lang='lat' dir='ltr'><strong>Operum</strong></span> <span class='ocrx_word' id='word_1_802' title='bbox 3000 4556 3058 4611; x_wconf 89' lang='lat' dir='ltr'><strong>S.</strong></span> <span class='ocrx_word' id='word_1_803' title='bbox 3084 4552 3326 4624; x_wconf 87' lang='lat' dir='ltr'><strong>Gregorii</strong></span> <span class='ocrx_word' id='word_1_804' title='bbox 3354 4565 3478 4620; x_wconf 87' lang='lat' dir='ltr'><strong>pag.</strong></span> <span class='ocrx_word' id='word_1_805' title='bbox 3499 4547 3607 4602; x_wconf 70' lang='grc'><strong>215</strong></span> <span class='ocrx_word' id='word_1_806' title='bbox 3634 4564 3646 4600; x_wconf 90' lang='lat'><strong>:</strong></span> <span class='ocrx_word' id='word_1_807' title='bbox 3679 4542 3774 4599; x_wconf 84' lang='lat' dir='ltr'><strong>Su-</strong></span> 
     </span>
    </p>
   </div>
   <div class='ocr_carea' id='block_1_110' title="bbox 2186 4642 3774 4734">
    <p class='ocr_par' dir='ltr' id='par_1_110' title="bbox 2186 4642 3774 4734">
     <span class='ocr_line' id='line_1_111' title="bbox 2186 4642 3774 4734; baseline -0.02 -14"><span class='ocrx_word' id='word_1_808' title='bbox 2186 4680 2276 4734; x_wconf 81' lang='lat' dir='ltr'><strong>per</strong></span> <span class='ocrx_word' id='word_1_809' title='bbox 2301 4662 2563 4733; x_wconf 82' lang='lat' dir='ltr'><strong>diplycha.</strong></span> <span class='ocrx_word' id='word_1_810' title='bbox 2592 4642 2851 4712; x_wconf 81' lang='lat' dir='ltr'><strong>Memento</strong></span> <span class='ocrx_word' id='word_1_811' title='bbox 2874 4654 3048 4718; x_wconf 86' lang='lat' dir='ltr'><strong>etiam,</strong></span> <span class='ocrx_word' id='word_1_812' title='bbox 3068 4651 3306 4713; x_wconf 87' lang='lat' dir='ltr'><strong>Domine,</strong></span> <span class='ocrx_word' id='word_1_813' title='bbox 3334 4643 3643 4717; x_wconf 76' lang='lat' dir='ltr'><strong>famulorum</strong></span> <span class='ocrx_word' id='word_1_814' title='bbox 3671 4651 3774 4691; x_wconf 85' lang='lat' dir='ltr'><strong>tuo-</strong></span> 
     </span>
    </p>
   </div>
   <div class='ocr_carea' id='block_1_111' title="bbox 2184 4736 3775 4823">
    <p class='ocr_par' dir='ltr' id='par_1_111' title="bbox 2184 4736 3775 4823">
     <span class='ocr_line' id='line_1_112' title="bbox 2184 4736 3775 4823; baseline -0.017 -12"><span class='ocrx_word' id='word_1_815' title='bbox 2184 4773 2303 4813; x_wconf 87' lang='lat' dir='ltr'><strong>rum</strong></span> <span class='ocrx_word' id='word_1_816' title='bbox 2335 4754 2429 4810; x_wconf 80' lang='grc' dir='ltr'><strong>ιιι.</strong></span> <span class='ocrx_word' id='word_1_817' title='bbox 2454 4797 2468 4819; x_wconf 84' lang='grc'><strong><em>,</em></strong></span> <span class='ocrx_word' id='word_1_818' title='bbox 2497 4752 2701 4823; x_wconf 82' lang='lat' dir='ltr'><strong>quinos</strong></span> <span class='ocrx_word' id='word_1_819' title='bbox 2732 4742 3100 4820; x_wconf 49' lang='lat' dir='ltr'><strong>prwcesserun&#39;t</strong></span> <span class='ocrx_word' id='word_1_820' title='bbox 3145 4752 3191 4797; x_wconf 87' lang='lat' dir='ltr'><strong>et</strong></span> <span class='ocrx_word' id='word_1_821' title='bbox 3245 4738 3507 4794; x_wconf 88' lang='lat' dir='ltr'><strong>dormiunt</strong></span> <span class='ocrx_word' id='word_1_822' title='bbox 3533 4736 3588 4789; x_wconf 85' lang='lat' dir='ltr'><strong>in</strong></span> <span class='ocrx_word' id='word_1_823' title='bbox 3610 4744 3775 4788; x_wconf 82' lang='lat' dir='ltr'><strong>somno</strong></span> 
     </span>
    </p>
   </div>
   <div class='ocr_carea' id='block_1_112' title="bbox 2188 4826 3772 4924">
    <p class='ocr_par' dir='ltr' id='par_1_112' title="bbox 2188 4826 3772 4924">
     <span class='ocr_line' id='line_1_113' title="bbox 2188 4826 3772 4924; baseline -0.018 -18"><span class='ocrx_word' id='word_1_824' title='bbox 2188 4851 2349 4924; x_wconf 82' lang='lat' dir='ltr'><strong>pacis.</strong></span> <span class='ocrx_word' id='word_1_825' title='bbox 2381 4849 2513 4905; x_wconf 87' lang='lat' dir='ltr'><strong>Post</strong></span> <span class='ocrx_word' id='word_1_826' title='bbox 2547 4846 2666 4915; x_wconf 75' lang='lat' dir='ltr'><strong>qua:</strong></span> <span class='ocrx_word' id='word_1_827' title='bbox 2709 4843 2925 4898; x_wconf 90' lang='lat' dir='ltr'><strong>nomina</strong></span> <span class='ocrx_word' id='word_1_828' title='bbox 2966 4838 3169 4919; x_wconf 80' lang='lat' dir='ltr'><strong>scripta</strong></span> <span class='ocrx_word' id='word_1_829' title='bbox 3201 4835 3256 4891; x_wconf 91' lang='lat' dir='ltr'><strong>in</strong></span> <span class='ocrx_word' id='word_1_830' title='bbox 3285 4830 3554 4903; x_wconf 80' lang='lat' dir='ltr'><strong>uiplyehis</strong></span> <span class='ocrx_word' id='word_1_831' title='bbox 3594 4826 3772 4883; x_wconf 86' lang='lat' dir='ltr'><strong>recita-</strong></span> 
     </span>
    </p>
   </div>
   <div class='ocr_carea' id='block_1_113' title="bbox 2191 4921 3773 5010">
    <p class='ocr_par' dir='ltr' id='par_1_113' title="bbox 2191 4921 3773 5010">
     <span class='ocr_line' id='line_1_114' title="bbox 2191 4921 3773 5010; baseline -0.021 -7"><span class='ocrx_word' id='word_1_832' title='bbox 2191 4948 2419 5010; x_wconf 87' lang='lat' dir='ltr'><strong>bantur;</strong></span> <span class='ocrx_word' id='word_1_833' title='bbox 2445 4942 2584 4998; x_wconf 87' lang='lat' dir='ltr'><strong>unde</strong></span> <span class='ocrx_word' id='word_1_834' title='bbox 2611 4938 2891 5009; x_wconf 89' lang='lat' dir='ltr'><strong>sequitur:</strong></span> <span class='ocrx_word' id='word_1_835' title='bbox 2925 4934 3057 4989; x_wconf 80' lang='lat' dir='ltr'><strong>Item</strong></span> <span class='ocrx_word' id='word_1_836' title='bbox 3080 4940 3190 5001; x_wconf 84' lang='lat' dir='ltr'><strong>post</strong></span> <span class='ocrx_word' id='word_1_837' title='bbox 3213 4929 3481 4984; x_wconf 82' lang='lat' dir='ltr'><strong>lectionem</strong></span> <span class='ocrx_word' id='word_1_838' title='bbox 3498 4966 3513 4991; x_wconf 92' lang='lat'><strong>,</strong></span> <span class='ocrx_word' id='word_1_839' title='bbox 3538 4921 3773 4979; x_wconf 85' lang='lat' dir='ltr'><strong>nimirum</strong></span> 
     </span>
    </p>
   </div>
   <div class='ocr_carea' id='block_1_114' title="bbox 2189 5010 3778 5111">
    <p class='ocr_par' dir='ltr' id='par_1_114' title="bbox 2189 5010 3778 5111">
     <span class='ocr_line' id='line_1_115' title="bbox 2189 5010 3778 5111; baseline -0.019 -15"><span class='ocrx_word' id='word_1_840' title='bbox 2189 5039 2562 5111; x_wconf 87' lang='lat' dir='ltr'><strong>diptyehorum</strong></span> <span class='ocrx_word' id='word_1_841' title='bbox 2582 5052 2594 5087; x_wconf 91' lang='lat'>:</span> <span class='ocrx_word' id='word_1_842' title='bbox 2617 5032 2761 5098; x_wconf 82' lang='lat' dir='ltr'><strong>Istis,</strong></span> <span class='ocrx_word' id='word_1_843' title='bbox 2786 5028 3026 5094; x_wconf 88' lang='lat' dir='ltr'><strong>Domine,</strong></span> <span class='ocrx_word' id='word_1_844' title='bbox 3050 5037 3097 5081; x_wconf 89' lang='lat' dir='ltr'><strong>et</strong></span> <span class='ocrx_word' id='word_1_845' title='bbox 3110 5022 3342 5079; x_wconf 85' lang='lat' dir='ltr'><strong>omnibus</strong></span> <span class='ocrx_word' id='word_1_846' title='bbox 3357 5020 3413 5074; x_wconf 88' lang='lat' dir='ltr'><strong>in</strong></span> <span class='ocrx_word' id='word_1_847' title='bbox 3429 5016 3631 5073; x_wconf 83' lang='lat' dir='ltr'><strong>Christo</strong></span> <span class='ocrx_word' id='word_1_848' title='bbox 3651 5010 3778 5084; x_wconf 74' lang='lat' dir='ltr'><strong>quie-</strong></span> 
     </span>
    </p>
   </div>
   <div class='ocr_carea' id='block_1_115' title="bbox 2188 5112 3778 5198">
    <p class='ocr_par' dir='ltr' id='par_1_115' title="bbox 2188 5112 3778 5198">
     <span class='ocr_line' id='line_1_116' title="bbox 2188 5112 3778 5198; baseline -0.02 -8"><span class='ocrx_word' id='word_1_849' title='bbox 2188 5133 2463 5198; x_wconf 81' lang='lat' dir='ltr'><strong>scentibus,</strong></span> <span class='ocrx_word' id='word_1_850' title='bbox 2493 5144 2599 5188; x_wconf 86' lang='lat' dir='ltr'><strong>etc.</strong></span> <span class='ocrx_word' id='word_1_851' title='bbox 2628 5129 2724 5184; x_wconf 84' lang='lat' dir='ltr'><strong>Hic</strong></span> <span class='ocrx_word' id='word_1_852' title='bbox 2753 5136 2932 5182; x_wconf 85' lang='lat' dir='ltr'><strong>autem</strong></span> <span class='ocrx_word' id='word_1_853' title='bbox 2964 5126 3102 5180; x_wconf 84' lang='lat' dir='ltr'><strong>ritus</strong></span> <span class='ocrx_word' id='word_1_854' title='bbox 3132 5125 3254 5192; x_wconf 83' lang='lat' dir='ltr'><strong>post</strong></span> <span class='ocrx_word' id='word_1_855' title='bbox 3281 5112 3551 5187; x_wconf 85' lang='lat' dir='ltr'><strong>Anonymi</strong></span> <span class='ocrx_word' id='word_1_856' title='bbox 3583 5115 3778 5180; x_wconf 73' lang='lat' dir='ltr'><strong>quoque</strong></span> 
     </span>
    </p>
   </div>
   <div class='ocr_carea' id='block_1_116' title="bbox 2189 5196 3781 5298">
    <p class='ocr_par' dir='ltr' id='par_1_116' title="bbox 2189 5196 3781 5298">
     <span class='ocr_line' id='line_1_117' title="bbox 2189 5196 3781 5298; baseline -0.019 -14"><span class='ocrx_word' id='word_1_857' title='bbox 2189 5224 2456 5298; x_wconf 88' lang='lat' dir='ltr'><strong>Pipiniani</strong></span> <span class='ocrx_word' id='word_1_858' title='bbox 2500 5231 2715 5277; x_wconf 66' lang='lat' dir='ltr'><strong>aetatem</strong></span> <span class='ocrx_word' id='word_1_859' title='bbox 2745 5220 2944 5292; x_wconf 78' lang='lat' dir='ltr'><strong>viguit,</strong></span> <span class='ocrx_word' id='word_1_860' title='bbox 2979 5225 3039 5272; x_wconf 93' lang='lat' dir='ltr'><strong>ut</strong></span> <span class='ocrx_word' id='word_1_861' title='bbox 3075 5219 3140 5270; x_wconf 81' lang='lat' dir='ltr'><strong>ex</strong></span> <span class='ocrx_word' id='word_1_862' title='bbox 3171 5211 3498 5268; x_wconf 87' lang='lat' dir='ltr'><strong>testimoniis</strong></span> <span class='ocrx_word' id='word_1_863' title='bbox 3528 5206 3691 5286; x_wconf 83' lang='lat' dir='ltr'><strong>liquet</strong></span> <span class='ocrx_word' id='word_1_864' title='bbox 3716 5196 3781 5249; x_wconf 82' lang='lat' dir='ltr'><strong>al-</strong></span> 
     </span>
    </p>
   </div>
   <div class='ocr_carea' id='block_1_117' title="bbox 2193 5279 3779 5378">
    <p class='ocr_par' dir='ltr' id='par_1_117' title="bbox 2193 5279 3779 5378">
     <span class='ocr_line' id='line_1_118' title="bbox 2193 5279 3779 5378; baseline -0.02 -3"><span class='ocrx_word' id='word_1_865' title='bbox 2193 5279 2315 5376; x_wconf 67' lang='lat' dir='ltr'><strong>latis</strong></span> <span class='ocrx_word' id='word_1_866' title='bbox 2342 5334 2372 5372; x_wconf 72' lang='grc' dir='ltr'><strong>ιι</strong></span> <span class='ocrx_word' id='word_1_867' title='bbox 2401 5318 2461 5370; x_wconf 88' lang='grc' dir='ltr'><strong>Ρ.</strong></span> <span class='ocrx_word' id='word_1_868' title='bbox 2492 5315 2764 5378; x_wconf 79' lang='lat' dir='ltr'><strong>Marteue,</strong></span> <span class='ocrx_word' id='word_1_869' title='bbox 2795 5279 2991 5374; x_wconf 35' lang='lat' dir='ltr'><strong>(emat,</strong></span> <span class='ocrx_word' id='word_1_870' title='bbox 3022 5308 3089 5363; x_wconf 90' lang='lat' dir='ltr'><strong>de</strong></span> <span class='ocrx_word' id='word_1_871' title='bbox 3120 5304 3355 5373; x_wconf 88' lang='lat' dir='ltr'><strong>antiquis</strong></span> <span class='ocrx_word' id='word_1_872' title='bbox 3378 5279 3635 5356; x_wconf 58' lang='lat' dir='ltr'><strong>Ecclesiae</strong></span> <span class='ocrx_word' id='word_1_873' title='bbox 3666 5287 3779 5345; x_wconf 75' lang='lat' dir='ltr'><strong>ltiti-</strong></span> 
     </span>
    </p>
   </div>
   <div class='ocr_carea' id='block_1_118' title="bbox 2194 5385 3781 5476">
    <p class='ocr_par' dir='ltr' id='par_1_118' title="bbox 2194 5385 3781 5476">
     <span class='ocr_line' id='line_1_119' title="bbox 2194 5385 3781 5476; baseline -0.021 -8"><span class='ocrx_word' id='word_1_874' title='bbox 2194 5412 2294 5468; x_wconf 90' lang='lat' dir='ltr'><strong>bns</strong></span> <span class='ocrx_word' id='word_1_875' title='bbox 2318 5410 2413 5464; x_wconf 88' lang='lat' dir='ltr'><strong>lib.</strong></span> <span class='ocrx_word' id='word_1_876' title='bbox 2448 5393 2492 5475; x_wconf 51' lang='grc' dir='ltr'><strong>ιζ</strong></span> <span class='ocrx_word' id='word_1_877' title='bbox 2538 5421 2658 5476; x_wconf 86' lang='lat' dir='ltr'><strong>cap.</strong></span> <span class='ocrx_word' id='word_1_878' title='bbox 2688 5406 2753 5471; x_wconf 78' lang='grc'><strong>4,</strong></span> <span class='ocrx_word' id='word_1_879' title='bbox 2783 5411 2889 5457; x_wconf 88' lang='lat' dir='ltr'><strong>art.</strong></span> <span class='ocrx_word' id='word_1_880' title='bbox 2928 5404 2989 5468; x_wconf 88' lang='lat'><strong>7,</strong></span> <span class='ocrx_word' id='word_1_881' title='bbox 3034 5415 3183 5455; x_wconf 90' lang='lat' dir='ltr'><strong>num.</strong></span> <span class='ocrx_word' id='word_1_882' title='bbox 3210 5397 3315 5460; x_wconf 64' lang='lat'><strong>24,</strong></span> <span class='ocrx_word' id='word_1_883' title='bbox 3346 5407 3465 5464; x_wconf 88' lang='lat' dir='ltr'><strong>pag.</strong></span> <span class='ocrx_word' id='word_1_884' title='bbox 3493 5387 3619 5444; x_wconf 66' lang='lat'><strong>408.</strong></span> <span class='ocrx_word' id='word_1_885' title='bbox 3656 5385 3781 5439; x_wconf 79' lang='lat' dir='ltr'><strong>lnlcr</strong></span> 
     </span>
    </p>
   </div>
   <div class='ocr_carea' id='block_1_119' title="bbox 2197 5482 3778 5558">
    <p class='ocr_par' dir='ltr' id='par_1_119' title="bbox 2197 5482 3778 5558">
     <span class='ocr_line' id='line_1_120' title="bbox 2197 5482 3778 5558; baseline -0.017 0"><span class='ocrx_word' id='word_1_886' title='bbox 2197 5503 2313 5558; x_wconf 79' lang='lat' dir='ltr'><strong>luce</strong></span> <span class='ocrx_word' id='word_1_887' title='bbox 2343 5491 2577 5556; x_wconf 85' lang='lat' dir='ltr'><strong>maxime</strong></span> <span class='ocrx_word' id='word_1_888' title='bbox 2609 5494 3016 5552; x_wconf 88' lang='lat' dir='ltr'><strong>memorandum</strong></span> <span class='ocrx_word' id='word_1_889' title='bbox 3049 5491 3263 5546; x_wconf 89' lang='lat' dir='ltr'><strong>videtur</strong></span> <span class='ocrx_word' id='word_1_890' title='bbox 3292 5485 3421 5541; x_wconf 88' lang='lat' dir='ltr'><strong>illud</strong></span> <span class='ocrx_word' id='word_1_891' title='bbox 3448 5499 3514 5539; x_wconf 78' lang='lat' dir='ltr'><strong>ex</strong></span> <span class='ocrx_word' id='word_1_892' title='bbox 3555 5482 3778 5537; x_wconf 71' lang='lat' dir='ltr'><strong>Romam</strong></span> 
     </span>
    </p>
   </div>
   <div class='ocr_carea' id='block_1_120' title="bbox 2199 5566 3779 5653">
    <p class='ocr_par' dir='ltr' id='par_1_120' title="bbox 2199 5566 3779 5653">
     <span class='ocr_line' id='line_1_121' title="bbox 2199 5566 3779 5653; baseline -0.02 0"><span class='ocrx_word' id='word_1_893' title='bbox 2199 5596 2392 5653; x_wconf 90' lang='lat' dir='ltr'><strong>ordine</strong></span> <span class='ocrx_word' id='word_1_894' title='bbox 2437 5590 2696 5649; x_wconf 73' lang='lat' dir='ltr'><strong>Ecclesia:</strong></span> <span class='ocrx_word' id='word_1_895' title='bbox 2731 5586 3115 5645; x_wconf 81' lang='lat' dir='ltr'><strong>Ambianensis</strong></span> <span class='ocrx_word' id='word_1_896' title='bbox 3162 5596 3306 5637; x_wconf 86' lang='lat' dir='ltr'><strong>anno</strong></span> <span class='ocrx_word' id='word_1_897' title='bbox 3336 5577 3510 5643; x_wconf 72' lang='lat' dir='ltr'><strong>tuo,</strong></span> <span class='ocrx_word' id='word_1_898' title='bbox 3542 5575 3632 5630; x_wconf 84' lang='lat' dir='ltr'><strong>ubi</strong></span> <span class='ocrx_word' id='word_1_899' title='bbox 3659 5566 3779 5625; x_wconf 78' lang='lat' dir='ltr'><strong>seti-</strong></span> 
     </span>
    </p>
   </div>
   <div class='ocr_carea' id='block_1_121' title="bbox 2201 5671 3780 5763">
    <p class='ocr_par' dir='ltr' id='par_1_121' title="bbox 2201 5671 3780 5763">
     <span class='ocr_line' id='line_1_122' title="bbox 2201 5671 3780 5763; baseline -0.02 -15"><span class='ocrx_word' id='word_1_900' title='bbox 2201 5704 2349 5763; x_wconf 86' lang='lat' dir='ltr'><strong>ptum</strong></span> <span class='ocrx_word' id='word_1_901' title='bbox 2377 5688 2616 5759; x_wconf 83' lang='lat' dir='ltr'><strong>legitur:</strong></span> <span class='ocrx_word' id='word_1_902' title='bbox 2668 5685 2955 5748; x_wconf 82' lang='lat' dir='ltr'><strong>Memento,</strong></span> <span class='ocrx_word' id='word_1_903' title='bbox 3005 5677 3242 5741; x_wconf 62' lang='lat' dir='ltr'><strong>Domine,</strong></span> <span class='ocrx_word' id='word_1_904' title='bbox 3276 5684 3323 5729; x_wconf 85' lang='lat' dir='ltr'><strong>et</strong></span> <span class='ocrx_word' id='word_1_905' title='bbox 3366 5687 3576 5740; x_wconf 84' lang='lat' dir='ltr'><strong>eorum,</strong></span> <span class='ocrx_word' id='word_1_906' title='bbox 3626 5671 3780 5732; x_wconf 59' lang='lat' dir='ltr'><strong>ncntpb&#39;</strong></span> 
     </span>
    </p>
   </div>
  </div>
