3826 6226
136 232 196 284 73
840 237 1286 302 ΠΙ88ΕΒΤΛΤΙΟ
1325 242 1365 308 1,
1410 243 1496 298 DE
1537 248 1594 301 8.
1637 245 1690 301 ΖΙ

1837 247 2084 305 TRACT.
2131 253 2216 307 ET
2256 254 2530 312 ASTATE.
2730 262 2734 266 “
3314 276 3379 329 ἰι

137 340 365 433 Firmini,
397 352 530 412 etc.,
568 346 663 402 ubi
706 364 827 403 xxx:
862 352 1231 417 episcoporum
1264 351 1502 418 ejusdem
1535 355 1682 408 urbis
1710 369 1759 428 Α
1789 359 1838 410 in
1869 362 2227 415 recentiorum
2262 380 2392 419 vero
2433 364 2727 430 sententia.
2763 379 2822 423 ut
2865 372 3009 427 Zeno
3038 376 3102 429 ad
3152 377 3379 433 Gallieni

134 430 326 488 nomine
354 448 735 502 recensentur;
766 453 861 493 nec
898 455 1003 492 non
1033 439 1177 493 aliud
1205 456 1270 495 ex
1298 442 1494 497 Missali
1536 444 1680 499 Moz-

134 523 351 580 zarabico
374 527 664 583 cardinalis
689 527 917 583 Ximenii
940 570 955 595 ,
989 531 1040 583 in
1073 546 1179 600 quo
1211 510 1365 603 longa
1399 534 1686 590 Toletano-

132 634 233 674 rum
256 620 543 676 antistitum
564 622 739 676 series
762 620 1083 690 describitur
1104 625 1243 693 apud
1275 627 1523 681 eumdem
1551 627 1685 680 Mar-

133 720 257 779 tene,
284 725 380 769 art.
406 714 490 778 12,
521 729 643 785 pag.
676 714 1002 786 660.Neque
1026 716 1394 773 difﬁcultatem
1424 719 1580 775 iaciat
1599 762 1613 788 ,
1643 719 1689 773 si

134 820 221 860 non
250 805 298 860 in
326 806 566 862 omnibus
592 804 883 862 Missalium
914 808 1257 877 antiquorum
1283 809 1589 867 Canonibus
1620 815 1686 871 ad

134 895 361 977 Memento
394 899 629 952 omnium
665 898 925 970 cujusque
964 900 1207 956 ecclesias
1250 890 1549 959 antistitum
1590 922 1688 962 no-

134 990 254 1044 mina
273 988 637 1046 describantur
658 1007 825 1046 :~nam
852 992 975 1049 alibi
1007 993 1323 1065 plerumque
1341 996 1568 1052 adnotas
1591 998 1684 1054 Ill.

134 1094 173 1135 ρι
194 1081 273 1135 Ill.
301 1093 543 1137 memento
574 1084 838 1152 insertas,
870 1101 967 1153 pro
994 1085 1191 1156 quibus
1241 1104 1383 1144 nunc
1430 1089 1504 1145 Ν.
1534 1102 1580 1145 et
1612 1091 1686 1147 Ν.

132 1174 381 1229 suffectum
409 1185 489 1230 est
510 1217 525 1241 ,
555 1192 621 1232 ex
648 1177 916 1250 diptycbis
945 1180 1105 1248 ipsis,
1131 1181 1213 1234 vel
1244 1181 1353 1237 alio
1378 1183 1537 1236 simili
1568 1198 1686 1238 mo-

132 1274 360 1319 numento
386 1267 798 1322 nominabantur
827 1270 944 1338 ejus
970 1271 1071 1325 loci
1116 1286 1306 1326 omnes
1338 1274 1573 1340 prepriae
1603 1289 1688 1328 se-

132 1355 200 1410 dis
238 1355 494 1426 episeOpi,
540 1345 681 1413 unde
724 1361 776 1412 in
821 1376 922 1415 ms.
970 1362 1281 1417 Colbertino
1322 1361 1500 1429 2585,
1548 1364 1687 1433 apud

131 1449 349 1503 eumdem
389 1449 622 1506 Martene
661 1460 784 1521 post
825 1451 945 1507 hrec
986 1454 1183 1519 verba,
1234 1453 1487 1509 Memento
1537 1457 1689 1509 etiam

132 1540 327 1595 Domine
353 1544 658 1613 famulorum
685 1544 1098 1615 [animarumque
1139 1557 1348 1600 tuarum
1375 1546 1467 1601 Ill.
1503 1556 1550 1602 et
1594 1547 1686 1603 Ill.

131 1634 321 1689 additur
339 1678 351 1699 ,
375 1637 728 1707 episcoporum
749 1638 1012 1704 prmentis
1043 1639 1286 1694 ecclesia.
1320 1637 1395 1693 Ex
1423 1623 1687 1710 ejusmodi

1787 457 1999 504 aetatem
2044 454 2333 525 pertingat,
2366 458 2451 512 hic
2486 472 2613 515 ante
2641 460 2699 518 8.
2734 463 3018 519 Proculum
3062 471 3380 526 sratuendus

1770 531 1901 603 est,
1944 557 2063 596 cum
2094 544 2336 601 Gallieno
2370 552 2633 616 pOSICI'iOI'
2662 552 2715 607 S.
2754 554 2967 610 Proculi
3000 568 3133 614 retas
3159 560 3377 617 aliunde

1718 696 1719 699 η
1786 640 2073 695 statuatur,
2133 646 2189 688 ut
2229 653 2350 690 mox
2401 640 2718 696 videbimus.
2772 642 2943 701 Porro
2978 648 3035 703 S.
3092 650 3376 707 Proculum

1788 732 1913 777 ante
1942 724 2209 780 Zenonem
2241 742 2453 799 semper
2491 737 2729 802 agnitum
2777 739 3015 806 pluribus
3057 743 3181 798 aliis
3218 744 3377 816 hujus

1790 816 2031 870 ecclesiae
2054 821 2418 875 monumentis
2440 823 2638 891 liquet:
2672 819 2869 899 quippe
2896 829 2954 886 8.
2977 832 3235 890 Proculus
3253 847 3379 892 ante

1792 905 1849 962 S.
1868 906 2138 962 Zenonem
2158 922 2486 967 memoratur
2501 913 2715 989 [vam]
2736 930 3045 978 constanter
3058 925 3111 978 in
3129 928 3379 983 omnibus

1789 999 2024 1068 antiquis
2056 1002 2338 1056 missarum
2368 1004 2694 1073 Canonibus,
2729 1014 3085 1083 oratiunibus,
3112 1020 3379 1089 epigram-

1792 1092 1948 1145 matis
1972 1107 2035 1146 ae
2063 1093 2283 1149 litaniis.
2340 1096 2412 1150 Ita
2444 1114 2529 1151 ex.
2568 1114 2650 1167 gr.
2692 1098 2745 1152 in
2786 1103 3001 1160 Canone
3032 1118 3257 1175 quatuor
3286 1128 3373 1167 ve-

1791 1182 2056 1252 tustarum
2073 1183 2317 1238 codicum
2346 1194 2544 1239 nostra:
2572 1187 2898 1246 Veronensis
2928 1197 3172 1251 ecclesia-
3202 1217 3215 1253 :
3248 1202 3379 1257 Pro-

1789 1272 1893 1323 culi
1921 1282 1965 1324 et
1988 1272 2243 1338 Zenonis;
2273 1276 2331 1332 in
2354 1276 2553 1332 litaniis
2582 1288 2757 1335 autem
2786 1283 3009 1341 alterius
3040 1306 3140 1343 ltlS.
3169 1295 3379 1364 capitu-

1792 1361 1921 1417 laris
1971 1363 2212 1432 ejusdem
2270 1367 2512 1423 ecclesias
2546 1387 2557 1421 :
2592 1370 2650 1426 S.
2712 1371 2953 1443 Procule,
2988 1377 3048 1434 S.
3099 1361 3260 1449 Zeno,
3311 1385 3374 1442 S.

1791 1452 2078 1516 Theodore,
2127 1464 2232 1509 etc.
2275 1456 2476 1512 Eodem
2523 1460 2712 1517 ordine
2749 1463 2913 1521 iidem
2961 1472 3130 1526 sancti
3170 1472 3377 1532 descri-

1791 1545 1988 1600 buntur
2012 1546 2062 1600 in
2093 1548 2408 1617 quibusdam
2435 1554 2786 1621 orationibus,
2809 1573 2942 1628 quas
2971 1562 3054 1617 hic
3077 1574 3380 1634 postremus

1790 1641 2097 1712 eapitnlaris
2109 1642 2277 1698 codex
2299 1643 2542 1711 exhibet,
2573 1662 2670 1702 nec
2700 1665 2804 1703 non
2830 1652 2880 1704 in
2908 1652 3152 1711 Romano
3175 1658 3377 1717 Ordine

132 1725 473 1797 diptyehorum
498 1727 690 1784 ordine
730 1731 1040 1802 Anonymus
1068 1731 1375 1799 Pipinianns
1399 1734 1685 1803 genuinam
1720 1739 1765 1799 Β
1792 1734 1973 1788 saeculi
2026 1733 2174 1795 n0ni.
2226 1752 2383 1805 quem
2430 1754 2497 1792 ex
2541 1740 2648 1792 alio
2675 1755 2776 1794 ms.
2806 1744 3021 1811 capituli
3053 1746 3383 1809 Veronensis

132 1821 345 1891 priorum
379 1822 764 1878 Veronensium
816 1825 1113 1880 antistitum
1159 1826 1354 1881 seriem
1400 1827 1601 1882 rescire
1639 1836 1695 1882 et

133 1914 343 1970 scribere
393 1916 598 1985 potuit,
644 1918 787 1971 sicut
833 1917 976 1971 illam
1026 1917 1378 1988 descripsisse
1420 1919 1692 1975 credimus

134 2005 451 2076 Hampertum
480 2009 790 2079 episcopum
820 2010 1160 2069 Brixianum.
1195 2012 1284 2081 qui
1314 2012 1548 2083 sequiori
1577 2029 1693 2069 arvo

134 2097 179 2153 in
212 2114 449 2155 sermone
476 2100 545 2156 de
584 2100 963 2158 Translatione
988 2102 1047 2158 8.
1093 2103 1371 2177 Philastrii
1395 2103 1690 2175 longiorem

134 2194 282 2249 multo
303 2194 667 2265 episcoporum
703 2194 1075 2250 Brixianorum
1106 2194 1352 2250 ordinem
1376 2235 1391 2260 ,
1421 2204 1477 2251 et
1519 2195 1693 2267 dipty-

133 2282 233 2338 chis
262 2286 435 2355 utique
463 2286 732 2357 cognitum
759 2328 774 2351 ,
808 2287 939 2342 solis
959 2287 1264 2342 nominibus
1302 2286 1555 2356 prodidit.
1602 2288 1693 2341 Hae
1738 2337 1739 2341 η

134 2375 273 2444 igitur
298 2377 553 2447 ejusmodi
582 2394 795 2448 quoque
823 2388 1294 2434 monumentorum
1326 2381 1495 2434 series
1516 2420 1531 2445 ,
1574 2394 1694 2448 quas

133 2482 191 2522 ex
216 2470 310 2522 ritu
336 2478 439 2523 tam
464 2470 684 2539 antiquo
712 2484 775 2523 ac
816 2469 1045 2537 simplici
1092 2469 1505 2538 proﬁciscuntur
1523 2510 1538 2530 .
1587 2485 1694 2524 non

133 2561 201 2615 uti
226 2560 276 2615 in
302 2562 609 2628 posterioris
639 2561 741 2615 :evi
769 2561 1028 2631 eatalogis
1054 2561 1319 2627 inventa),
1347 2562 1442 2617 sed
1474 2561 1697 2631 perinde

131 2666 186 2707 ac
204 2653 242 2706 si
269 2668 330 2707 ex
359 2652 485 2719 ipsis
508 2651 749 2723 antiquis
776 2651 1046 2722 diptychis
1072 2663 1253 2708 essent
1298 2662 1525 2719 sumptio
1543 2694 1559 2716 .
1606 2668 1699 2708 ve-

133 2758 237 2797 rum
260 2743 589 2813 antiquorum
616 2758 829 2813 quoque
864 2744 1239 2814 episcoporum
1282 2744 1381 2799 sibi
1403 2744 1698 2800 succeden-

134 2834 248 2888 tium
272 2834 502 2889 ordinem
533 2833 816 2889 continere
841 2833 1123 2889 credenda:
1146 2842 1287 2900 sunt,
1318 2850 1381 2889 ac
1403 2850 1474 2891 ex
1504 2834 1694 2891 iisdem

134 2926 295 2995 plures
334 2940 545 2989 errores
592 2925 791 2994 corrigi
839 2926 1105 2980 tutissime
1158 2935 1421 2994 possunt,
1468 2936 1526 2981 ut
1571 2941 1694 2982 cor-

133 3018 315 3074 rexisse
336 3018 546 3089 quidem
572 3018 727 3074 nohis
754 3016 1002 3073 videmur
1028 3019 1385 3074 recentiorem
1415 3018 1696 3074 Ravenna-

1794 1824 2113 1882 Franciscus
2162 1826 2509 1884 Blancliinius
2557 1832 2727 1886 edidit
2771 1834 2821 1886 in
2866 1834 3268 1909 Prolegomenis
3312 1824 3381 1902 ad

1793 1918 2159 1987 Anastasium,
2189 1930 2317 1976 tom.
2350 1937 2427 1989 ιιι,
2462 1937 2584 1993 pag.
2616 1924 2710 1989 5|,
2735 1940 2798 1979 ac
2831 1928 3044 1984 tandem
3074 1931 3129 1987 in
3160 1934 3378 2009 inscrip-

1795 2011 1937 2064 tione
1983 2011 2224 2079 ejusdem
2272 2016 2447 2068 mtatis
2500 2014 2551 2068 in
2592 2014 2650 2070 S.
2698 2015 2916 2073 Helenae
2962 2023 3161 2093 templo
3209 2028 3385 2089 adhuc

1793 2099 2081 2169 existente,
2114 2109 2273 2174 Quam
2302 2104 2441 2174 apud
2476 2105 2777 2175 Ugliellium
2812 2109 2987 2179 legere
3040 2116 3263 2187 quisque
3289 2137 3384 2191 po-

1795 2196 1920 2250 terit
1951 2205 2097 2251 tomo
2113 2199 2303 2267 quinto
2323 2214 2444 2270 pag.
2479 2200 2601 2255 781.
2634 2201 2775 2255 Idem
2804 2205 2937 2259 ordo
2964 2207 3385 2277 deprehenditur

1794 2288 1954 2340 etiam
1988 2288 2038 2339 in
2071 2290 2305 2363 antiquis
2336 2290 2533 2343 litaniis
2568 2306 2598 2344 e
2631 2308 2731 2346 tus.
2791 2294 3115 2356 Floriaccnsi
3148 2320 3386 2378 nongen-

1797 2385 1971 2472 t_orum
1993 2392 2263 2472 annorum
2283 2378 2441 2472 editis
2466 2396 2495 2433 a
2521 2380 2581 2433 P.
2620 2381 2856 2440 Martene
2885 2400 3021 2457 part.
3053 2392 3088 2447 3
3106 2393 3174 2450 de
3200 2398 3377 2472 Antiq.

1797 2466 2053 2521 Ecclesia:
2088 2467 2317 2535 llitibus,
2350 2469 2441 2524 lib.
2475 2486 2550 2535 ιιι,
2570 2487 2691 2543 cap.
2719 2474 2803 2540 15,
2835 2492 2953 2549 pag.
2982 2480 3105 2536 592.
3130 2485 3185 2541 Id
3206 2466 3384 2546 autem

1796 2573 1892 2612 cur
1936 2557 2129 2612 factum
2177 2559 2354 2623 luerit,
2394 2562 2537 2616 nulla
2566 2564 2667 2625 alia
2700 2581 2984 2625 occurrere
3014 2585 3191 2643 potest
3221 2583 3378 2649 ratio,

1796 2646 1901 2703 nisi
1922 2650 2064 2719 quod
2092 2649 2149 2705 S.
2177 2649 2431 2719 Proculus
2462 2662 2619 2708 aetate
2645 2661 2981 2724 praecesserit
3006 2662 3060 2720 8.
3088 2646 3381 2738 Zenonem,

1797 2739 1885 2823 qui
1914 2745 2225 2811 cmteroqul,
2273 2756 2392 2796 cum
2423 2742 2748 2800 Veronensis
2770 2749 3003 2806 civitatis
3051 2755 3119 2809 sit
3158 2773 3383 2831 magnus

1798 2840 2072 2899 patronus,
2127 2839 2183 2887 et
2230 2832 2475 2887 universa
2520 2834 2572 2887 in
2607 2834 2843 2891 Ecclesia
2894 2842 3064 2896 multo
3094 2847 3377 2922 celebrior,

1797 2933 1855 2979 ut
1898 2924 2111 2980 dissert.
2161 2925 2196 2980 5
2237 2925 2604 2993 ostendemus,
2632 2929 2677 2983 si
2729 2946 2834 2986 non
2867 2933 3183 3004 impedisset
3208 2954 3381 3011 :ctas,

1795 3016 2058 3071 nominari
2089 3018 2262 3087 primo
2287 3018 2405 3072 loco
2426 3018 2720 3075 debuisset.
2751 3022 2827 3077 Ex
2858 3024 2939 3080 bis
2971 3029 3255 3088 missarum
3286 3037 3386 3092 Ca-

134 3116 229 3163 tum
269 3110 637 3181 episcoporum
677 3109 955 3174 ordinem,
1007 3118 1137 3164 tom.
1172 3125 1227 3165 tv
1264 3109 1497 3180 Operum
1542 3110 1687 3165 card.

1799 3107 2024 3162 nonibus
2069 3116 2122 3162 et
2164 3107 2360 3162 litaniis
2400 3108 2698 3179 fragmenta
2732 3113 2836 3169 iiuc
2867 3118 3189 3185 pertinentia
3233 3124 3385 3183 dabi-

135 3200 337 3266 Norisii,
367 3217 482 3274 pag.
511 3201 654 3267 976,
698 3201 910 3271 aliaque
952 3201 1155 3271 jamdiu
1195 3203 1597 3261 cmendavimus
1635 3202 1688 3256 in

135 3292 238 3347 aliis
264 3294 482 3349 aliorum
506 3285 885 3364 episcOporum
909 3294 1187 3349 ordinibus
1210 3286 1263 3349 in
1292 3310 1457 3363 opere
1486 3295 1549 3348 de
1573 3293 1693 3347 0νὶ-

136 3385 312 3453 ginibus
333 3388 675 3455 antiquiorum
696 3384 723 3440 l
732 3384 870 3439 talia:
887 3386 1209 3440 ecclesiarum
1232 3404 1292 3440 ac
1316 3385 1368 3438 Μ
1377 3386 1687 3456 etrapoleon,

137 3478 258 3546 quod
298 3478 487 3533 multos
532 3486 660 3533 ante
701 3492 873 3533 annos
920 3477 1297 3544 lucubratum,
1345 3492 1465 3531 cum
1510 3475 1692 3529 licebit

137 3567 368 3635 perlicere
385 3611 399 3635 ,
428 3568 625 3639 publici
646 3567 785 3639 juris
809 3567 1098 3634 faciemus,
1131 3568 1309 3639 ibique
1335 3568 1403 3622 de
1429 3566 1690 3637 ejusmodi

136 3660 469 3731 eatalogorum
495 3674 561 3715 ac
584 3658 957 3730 diptycliorum
988 3659 1304 3714 auctoritate
1333 3666 1387 3713 et
1413 3672 1508 3712 usu
1539 3657 1689 3731 plura

137 3754 238 3810 tuse
262 3756 515 3825 disputata
560 3751 818 3809 invenies.
852 3750 1033 3822 Neque
1060 3765 1187 3805 vero
1208 3751 1252 3805 si
1279 3765 1398 3819 qua:
1442 3748 1572 3803 falsa
1599 3762 1693 3818 po-

136 3845 421 3901 sterioribus
450 3844 705 3915 catalogis
728 3845 927 3919 inserta
962 3851 1118 3908 sunt,
1161 3840 1510 3911 objiciuntur,
1542 3848 1601 3893 ut
1626 3853 1693 3892 ex

138 3936 194 3991 iis
230 3937 421 3995 ordinis
456 3936 616 3993 etiam
656 3934 1027 4005 episcoporum
1072 3932 1203 3987 ﬁdes
1241 3933 1523 3995 elevetur;
1567 3944 1690 3984 nam

138 4026 235 4085 sola
258 4033 622 4101 episcoporum
646 4028 861 4082 nomina
884 4027 935 4081 in
965 4025 1206 4081 ordinem
1239 4024 1528 4081 distributa
1552 4022 1691 4078 sumi

141 4132 397 4192 potuerunt
423 4140 486 4179 ex
529 4120 796 4193 diptycbis
834 4121 888 4175 in
910 4119 1104 4190 quibus
1124 4119 1258 4173 nihil
1282 4128 1477 4189 praeter
1504 4132 1691 4173 eorum

142 4214 330 4270 nomina
361 4215 703 4287 legebantur,
732 4221 788 4265 ut
819 4210 1043 4281 proinde
1073 4210 1187 4266 lucc
1227 4210 1397 4265 series
1427 4210 1555 4263 satis
1582 4217 1692 4263 tuta

142 4312 186 4358 et.
222 4304 616 4359 verahabeuda
658 4304 764 4367 sit;
804 4303 869 4357 ad
917 4301 1167 4357 historica
1208 4310 1389 4356 autem
1440 4301 1576 4355 facta
1606 4301 1693 4356 vel

142 4400 389 4455 clironicas
417 4400 575 4455 etiam
600 4405 756 4453 notas
778 4396 933 4467 quod
952 4396 1204 4466 pertinet,
1229 4410 1353 4450 eum
1384 4395 1499 4451 haec
1523 4394 1694 4450 aliun—

1797 3214 1916 3256 mus
1937 3200 2121 3253 eadem
2148 3198 2367 3254 dissert.
2398 3201 2454 3265 3,
2477 3216 2595 3270 cap.
2622 3202 2678 3266 4,
2705 3202 2796 3258 ubi
2818 3204 2886 3259 ad
2921 3209 3123 3264 cultum
3155 3212 3386 3274 Zenonis

1795 3291 2182 3347 ostendendum
2212 3294 2567 3361 opportunior
2607 3294 2708 3348 erit
2740 3294 2909 3351 locus.
2951 3298 3065 3356 Hoc
3092 3285 3272 3361 autem
3293 3279 3388 3364 ar-

1781 3391 2129 3451 .gumentum,
2160 3381 2302 3452 quod
2353 3397 2422 3437 ex
2468 3383 2683 3452 antiqua
2733 3385 2951 3453 quidem
3003 3392 3292 3454 traditione
3335 3372 3417 3457 et.

1796 3490 1923 3529 vero
1949 3475 2139 3529 ordine
2178 3474 2439 3543 originem
2485 3475 2653 3540 ducit,
2699 3475 2971 3549 Anonymi
3001 3498 3215 3555 quoque
3244 3490 3388 3561 Ρίρί-

1795 3565 1939 3619 niani
1990 3566 2185 3620 seriem
2233 3564 2518 3635 genuinam
2559 3567 2844 3622 conﬁrmat
2886 3572 3144 3643 miriﬁce,
3188 3588 3242 3634 et
3290 3597 3385 3639 eos

1794 3665 1994 3724 aperta:
2022 3654 2274 3709 novitatis
2302 3662 2357 3709 et
2395 3654 2601 3711 erroris
2642 3660 2906 3729 coarguit,
2940 3664 3047 3732 qui,
3075 3671 3240 3726 veteri
3281 3673 3386 3732 hoc

1796 3748 1985 3802 ordine
2028 3746 2287 3803 derelicto
2352 3747 2433 3801 vel
2486 3759 2817 3820 contempto,
2856 3767 3051 3811 novum
3098 3760 3263 3818 alium
3315 3768 3385 3822 ad

1795 3838 2322 3909 pracjudicia'tuenda
2354 3839 2719 3897 invebendum
2752 3852 3021 3914 putarunt.

1870 3931 2038 3986 Porro
2065 3940 2125 3986 ut
2148 3931 2214 3986 ad
2244 3931 2473 3988 Zenonis
2504 3943 2712 3992 aetatem
2736 3951 2801 3990 ex
2834 3937 2931 3993 hac
2953 3937 3218 4016 Anonymi
3248 3951 3389 4007 serie

1797 4024 2135 4079 statuendam
2183 4025 2477 4090 veniamus,
2521 4025 2577 4082 S.
2624 4026 2879 4083 Proculus
2924 4031 3124 4090 ibidem
3164 4052 3388 4109 quartus

1775 4126 1898 4190 est,
1926 4127 2113 4205 sextus
2141 4128 2317 4174 autem
2364 4118 2421 4176 8.
2454 4118 2691 4175 Lucillus
2712 4161 2725 4187 ,
2766 4136 2992 4191 quorum
3036 4123 3389 4205 utrorumque

1797 4219 2011 4265 {etatem
2042 4225 2106 4265 ex
2151 4210 2271 4265 aliis
2316 4213 2675 4266 monumentis
2718 4214 3052 4283 exploratam
3105 4222 3388 4284 habemus.

1798 4301 1855 4358 S.
1888 4303 2146 4359 Proculus
2172 4314 2361 4374 quarto
2388 4306 2585 4360 smculo
2616 4305 2833 4362 ineunte
2860 4309 2910 4363 in
2939 4310 3075 4367 vivis
3101 4329 3237 4381 erat,
3263 4335 3387 4378 cum

1799 4394 2118 4450 Maximiano
2149 4395 2446 4465 imperante
2476 4396 2742 4451 Veronam
2780 4398 2924 4454 ducti
2959 4400 3111 4461 fuere
3141 4406 3240 4465 SS.
3272 4411 3393 4468 Fir-

143 4488 197 4543 de
237 4492 363 4545 sumi
404 4490 689 4545 debuerint
710 4531 726 4554 ,
774 4504 869 4558 pro
911 4495 1383 4543 monumentorum
1417 4502 1449 4542 e
1498 4487 1691 4556 quibus
1718 4492 1771 4551 D
1798 4501 1917 4541 mus
1945 4497 1997 4541 et
2017 4486 2289 4550 Rusticus,
2320 4487 2407 4557 qui
2436 4486 2664 4542 subinde
2691 4492 2948 4562 martyrio
2973 4501 3219 4554 coronati
3241 4512 3389 4569 sunt,

145 4592 196 4630 ea
227 4564 379 4649 petita
420 4579 671 4645 fuerunt,
729 4577 936 4633 ratione
981 4578 1066 4633 vel
1113 4592 1237 4632 vera
1262 4618 1277 4643 ,
1318 4577 1402 4631 vel
1451 4575 1689 4631 fabulosa

146 4671 483 4743 episcoporum
522 4671 697 4727 ordini
731 4680 1017 4741 potuerunt
1047 4672 1329 4739 interseri,
1361 4680 1416 4726 et
1443 4685 1585 4741 saepe
1626 4684 1691 4725 ex

147 4761 363 4831 opinione
385 4764 524 4834 vulgi
553 4764 747 4818 tabulis
776 4763 964 4819 leviter
991 4764 1309 4818 adsentienti
1339 4764 1542 4817 intrusa
1570 4769 1695 4816 sunt

149 4857 368 4911 nonnulla
385 4899 400 4921 ,
453 4871 570 4926 quas
591 4858 661 4910 ab
681 4855 904 4931 eruditis
926 4855 1211 4911 falsissima
1233 4857 1687 4911 demonstrantur.

150 4944 273 5011 Quod
298 4949 551 5004 monitum
580 4950 847 5019 praecipue
875 4949 1123 5004 volumus
1143 4990 1158 5016 ,
1192 4965 1258 5004 ne
1290 4951 1410 5020 quis
1446 4948 1693 5007 omnibus

150 5045 313 5103 prater
335 5041 705 5113 episcoporum
744 5040 985 5097 ordinem
1011 5040 1280 5112 Anonymi
1322 5039 1585 5110 Pipiniani
1614 5038 1693 5093 di-

151 5130 230 5184 etis
255 5131 400 5189 iidem
425 5134 936 5191 accommodandam
967 5134 1275 5198 existimet;
1301 5148 1422 5188 cum
1472 5147 1531 5188 ea
1574 5146 1692 5202 qua:

148 5218 201 5277 de
223 5221 431 5284 Gallieni
454 5228 684 5285 Caesaris
727 5229 835 5283 lilia
875 5227 1140 5294 inseruit,
1170 5226 1301 5281 falsa
1344 5227 1489 5293 sint,
1522 5233 1579 5280 ut
1606 5240 1692 5280 se-

148 5317 300 5381 quuti
323 5320 654 5391 paragrapho
683 5319 1048 5375 ostendemus.

202 5401 439 5465 (laterum
468 5410 623 5481 hujus
658 5411 923 5480 Anonymi
951 5410 1146 5464 seriem
1168 5424 1215 5465 ‘e
1252 5408 1515 5481 diptychis
1546 5408 1690 5463 deri-

147 5506 292 5559 ηιιιιι
327 5519 393 5559 ne
433 5508 551 5575 quis
596 5504 829 5573 amplius
870 5503 1097 5568 dubitet,
1140 5504 1583 5570 IUCUICIlllaSimO,
1633 5510 1692 5557 ut

150 5591 275 5647 nobis
296 5596 496 5665 quidem
524 5596 761 5662 videtur,
789 5606 1107 5667 argumento
1135 5596 1459 5653 conﬁrmare
1489 5599 1683 5668 placet.

148 5677 194 5736 ln
224 5698 280 5740 ea
313 5689 441 5745 serie
464 5689 523 5745 S.
571 5686 832 5742 Proculus
861 5697 985 5744 autc
1025 5688 1083 5745 S.
1125 5687 1401 5746 Zenonem
1431 5690 1684 5761 ponitur:

456 5782 735 5843 PAIROL.
794 5779 906 5842 XI.

1799 4586 1856 4632 ut
1883 4578 2055 4647 palam
2088 4576 2145 4630 tit
2179 4592 2245 4632 ex
2272 4576 2503 4647 antiquis
2542 4577 2782 4646 ipsorum
2822 4578 2958 4637 actis
3001 4598 3033 4638 a
3076 4591 3397 4651 marcbione

1798 4667 2005 4723 Malieio
2024 4669 2182 4749 editis
2201 4669 2253 4723 in
2276 4669 2423 4724 calce
2443 4668 2494 4724 di
2504 4671 2801 4738 plumaticze
2831 4672 3090 4745 historiae,
3118 4696 3238 4753 pag.
3265 4685 3391 4743 505.

1798 4759 1856 4814 ln
1888 4760 2157 4815 nonnullis
2186 4761 2403 4831 quidem
2444 4771 2688 4817 actorum
2744 4777 2873 4818 mss.
2924 4782 3024 4836 pro
3068 4770 3396 4836 Maximiano

1799 4852 2115 4907 Maximinus
2161 4853 2369 4922 legitur,
2413 4852 2479 4906 ad
2507 4853 2660 4923 cujus
2692 4854 2919 4924 proinde
2950 4856 3239 4930 imperium
3266 4867 3401 4925 Pro-

1798 4949 1903 5003 culi
1927 4959 2140 5004 aetatem
2164 4948 2495 5003 evellendam
2525 4947 2742 5018 quidam
2768 4952 2976 5020 Opinati
3000 4968 3125 5012 sunt
3150 4978 3163 5012 :
3197 4972 3253 5016 at
3273 4979 3398 5021 cum

1795 5058 1858 5098 ex
1908 5041 2044 5098 actis
2074 5050 2251 5112 pateat
2295 5039 2675 5109 imperatorem
2724 5040 2777 5095 id
2821 5046 3097 5116 temporis;
3102 5049 3398 5116 Mediolani

1795 5132 1982 5199 fuisse,
2005 5132 2324 5187 Maximinus
2348 5142 2527 5187 autem
2559 5146 2622 5186 ea
2649 5130 2703 5185 in
2736 5133 2871 5188 urbe
2910 5151 3185 5209 nunquam
3210 5140 3396 5217 fuerit,

1795 5226 1997 5297 quippe
2020 5224 2110 5295 qui
2142 5225 2227 5278 vix
2261 5223 2465 5278 italiam
2518 5224 2814 5293 ingressus,
2864 5226 2916 5280 in
2958 5228 3225 5301 Aquileia:
3253 5238 3403 5297 obsi.

1795 5317 1956 5374 dione
1996 5327 2223 5372 mortem
2273 5315 2548 5384 oppetiit,
2611 5324 2669 5370 ut
2716 5326 2863 5373 recte
2917 5316 3165 5390 probavit
3212 5342 3398 5391 noster

1796 5410 1857 5465 P.
1884 5410 2080 5473 Petrus
2110 5406 2395 5462 Paduanus
2426 5422 2490 5461 ex
2524 5407 2713 5463 ordine
2754 5409 3222 5485 Conventualium,
3252 5404 3395 5494 apud

1793 5500 2099 5571 Ugbellium
2146 5510 2278 5553 tom.
2327 5514 2357 5551 v
2402 5496 2571 5552 Italia:
2592 5513 2786 5568 sacrae,
2839 5509 2965 5574 pag.
2992 5504 3119 5570 685,
3161 5523 3399 5585 cumque

1794 5593 2035 5665 pluribus
2077 5591 2345 5662 exemplis
2393 5592 2597 5664 liqueat
2636 5593 2754 5651 haec
2797 5598 2903 5653 duo
2950 5602 3164 5655 nomina
3197 5604 3391 5663 Maxi-

1791 5688 1955 5745 tuiani
1998 5695 2055 5744 et
2104 5685 2379 5743 Maximini
2430 5687 2483 5743 in
2536 5688 2813 5745 codicibus
2870 5693 3171 5762 promiscue
3227 5702 3392 5759 scribi
