3826 6226
378 242 450 296 75
1740 221 2278 282 PROLEGOMENA.
3621 233 3694 285 τη

380 355 643 424 facileque
698 347 986 410 confundi;
1032 345 1206 410 potior
1257 346 1367 398 imo
1397 350 1452 396 et
1497 343 1728 413 genuina
1759 341 2060 412 apparctA
2087 346 2235 414 quia
2279 344 2338 400 S.
2384 345 2670 400 Ambrosio
2717 353 3067 410 memoratur,
3118 352 3170 399 et
3220 359 3342 398 cum
3386 359 3475 408 ea,
3526 361 3692 411 quam

383 446 608 501 aliorum
662 440 905 496 codicum
955 436 1333 490 Maximinum):
1382 434 1732 488 scribentium
1780 432 1976 496 lectio,

384 556 503 610 qua:
533 535 744 609 quidem
786 534 836 587 in
868 531 1104 600 antiquis
1145 543 1275 582 mss.
1322 542 1457 598 quos
1488 527 1746 582 viderunt
1771 535 1826 580 et
1854 523 1983 579 alle-

383 641 575 704 garunt
623 625 866 684 Bollandi
902 625 1030 679 socii
1063 623 1128 677 ad
1174 621 1317 676 diem
1348 620 1419 673 ‘24
1448 621 1624 679 martii
1667 621 1720 674 in
1762 619 1819 673 S.
1854 617 1982 671 Pro-

387 727 516 790 culi,
540 724 753 777 iuventa
774 727 884 784 est;
910 716 1288 779 Maximianum
1318 712 1462 768 enim
1483 711 1768 766 Mediolani
1791 710 1980 774 fuisse,

389 813 924 888 persecutionemque
987 807 1281 863 intendisse
1338 805 1598 859 adverSus
1649 803 1979 858 christianos

389 909 724 965 notissimum
754 914 863 967 est;
915 918 977 956 ac
1019 901 1138 970 jure
1186 906 1467 968 propterea
1514 896 1573 951 S.
1624 895 1884 949 Proculus
1929 901 1982 946 et

393 1004 487 1060 SS.
547 1001 754 1056 Firmus
802 1013 864 1052 ac
911 996 1164 1050 Rusticus
1213 993 1266 1047 in
1304 991 1542 1060 antiquis
1589 987 1983 1060 Martyrologiis

391 1095 656 1158 omnibus,
690 1106 898 1147 necnon
943 1091 995 1143 in
1040 1086 1306 1155 Romano,
1341 1083 1649 1143 referuntur
1678 1082 1743 1135 ad
1775 1081 1985 1134 Diocle-

392 1191 518 1246 tiani
568 1187 982 1254 Maximianiqne
1037 1180 1503 1251 persecutionem,
1551 1193 1671 1247 quae
1725 1175 1985 1230 desmvire

391 1283 551 1352 cmpit
578 1297 666 1336 an.
699 1282 822 1338 505.
855 1281 1091 1347 Quartus
1119 1274 1296 1342 itaque
1343 1271 1672 1327 Veronensis
1701 1270 1986 1341 cpiscOpus

390 1384 580 1446 quarto
611 1376 830 1428 ineunte
857 1375 1053 1429 s:r.culo
1083 1373 1281 1429 floruit.

464 1469 798 1525 Accedamus
825 1468 890 1524 ad
920 1466 1262 1535 sextum,‘cui
1295 1477 1489 1518 nomen
1523 1459 1779 1522 Lucilius,
1806 1472 1899 1512 seu
1933 1465 1990 1509 ut

393 1565 449 1618 in
479 1564 634 1618 metri
689 1562 994 1634 Rhythmici
1026 1565 1240 1617 causam
1283 1557 1502 1626 scripsit
1547 1552 1864 1623 Anonymus
1896 1547 1986 1603 Pi-

397 1655 645 1723 pinianns
669 1652 943 1719 Lucillins,
970 1654 1104 1707 sicut
1131 1649 1388 1704 Isidorius
1417 1661 1514 1717 pro
1538 1644 1773 1698 Isidorus
1799 1641 1988 1697 eadem

2088 443 2408 488 tractatuum
2437 437 2641 488 auctori
2675 436 2940 503 superiori
2971 436 3147 506 capite
3174 433 3533 489 asserendam
3576 435 3694 487 evi-

2086 527 2402 583 dentissime
2430 527 2949 596 demonstravimus;
2982 543 3047 583 ac
3077 536 3362 598 propterea
3388 541 3548 580 error
3576 541 3698 578 ma-

2087 617 2315 673 nifcsms
2345 634 2465 673 esse
2492 620 2834 690 cognoscitur
2861 621 2980 686 ille,
3023 635 3128 689 quo
3165 618 3396 673 Zenonis
3438 615 3694 687 ejusdem

2086 723 2219 766 actas
2243 711 2310 765 ad
2340 711 2568 767 Gallieni
2602 713 2887 783 imperium
2914 713 3180 768 evehitur.
3207 712 3377 777 Quem
3401 725 3652 766 errorem
3678 751 3692 774 ,

2086 817 2208 857 cum
2254 800 2555 858 Coronatus
2585 802 2858 872 Notarius,
2888 821 2953 860 ex
2980 819 3087 874 quo
3115 802 3299 859 cmteri
3330 813 3693 872 acceperunt,

2087 897 2302 964 primus.
2340 897 2631 964 sparserit,
2663 904 2722 950 ut
2761 898 3011 966 superius
3042 897 3378 963 monuimus;
3429 911 3498 950 ne
3525 898 3696 964 Quem

2088 985 2377 1040 auctoritas
2411 986 2569 1055 hujus
2598 987 2682 1041 vel
2726 987 2919 1044 leviter
2949 970 3189 1056 moveat,
3221 988 3323 1044 etsi
3379 987 3513 1042 satis
3564 1002 3697 1042 esse

2046 1107 2050 1111 ι
2089 1079 2371 1170 deberent,
2400 1096 2521 1150 quae
2549 1080 2892 1136 documentis
2920 1085 3183 1138 hactenus
3233 1082 3530 1154 propositis
3555 1094 3698 1136 con-

2089 1175 2394 1241 stituimus,
2423 1174 2645 1244 majoris
2674 1184 2850 1231 tamen
2880 1176 3093 1232 roboris
3121 1177 3290 1248 gratia
3319 1175 3490 1246 ipsius
3519 1174 3700 1230 histo-

2091 1269 2224 1322 riam
2251 1269 2352 1324 huc
2375 1270 2730 1339 pertinentem
2759 1269 2824 1324 ad
2853 1284 3078 1324 examen
3109 1284 3308 1326 vocare
3329 1270 3461 1326 libet
3487 1287 3502 1324 :
3525 1283 3696 1339 quam

2091 1360 2143 1414 si‘
2167 1360 2288 1414 aliis
2335 1361 2602 1431 capitibus
2646 1361 2944 1417 fabulosam
2975 1371 3030 1416 et
3073 1361 3259 1419 falsam
3287 1361 3565 1417 evidenter
3598 1374 3698 1413 os-

2094 1452 2396 1519 tendemus,
2431 1453 2604 1523 palam
2639 1451 2882 1524 profecto
2921 1453 3013 1510 ﬁet
3051 1453 3286 1509 ebibisse
3325 1469 3447 1509 eum
3475 1469 3543 1508 ex
3571 1460 3701 1507 tur-

2093 1543 2219 1599 bido
2246 1546 2425 1616 aliquo
2451 1545 2620 1614 fonte,
2649 1555 2710 1601 ut
2737 1546 2866 1601 nihil
2891 1546 2943 1602 ei
2972 1561 3230 1618 cogamur
3255 1546 3422 1603 fidere
3447 1545 3500 1600 in
3532 1547 3703 1602 chr0-

2095 1639 2211 1692 nica
2236 1640 2494 1708 temporis
2521 1639 2820 1706 notatione,
2843 1656 2964 1696 cum
2993 1642 3292 1710 praisertim
3323 1640 3425 1696 hac
3456 1641 3510 1712 in
3541 1649 3704 1710 parte

397 1746 466 1802 de
511 1761 670 1801 causa
727 1746 1066 1802 scribendmn
1118 1757 1277 1800 versu
1317 1743 1477 1798 tertio
1523 1735 1763 1794 Malieius
1811 1745 1994 1790 noster
2023 1731 2072 1792 B
2101 1739 2178 1786 lot
2219 1731 2446 1802 antiqua.
2473 1733 2803 1788 documenta
2848 1734 2959 1804 jam
3005 1735 3342 1790 considerata
3391 1733 3567 1805 palam
3613 1749 3706 1790 re-

397 1838 658 1893 ostendit.‘
694 1837 849 1911 Apud
898 1839 955 1892 ὃ.
1006 1837 1266 1892 llilarium
1299 1833 1350 1889 in
1394 1833 1720 1902 Fragmento
1762 1828 1817 1893 2,
1867 1841 1986 1897 pag.

397 1933 520 1997 652,
560 1943 678 2004 post
709 1933 1019 2005 synodicam
1057 1930 1432 1987 Sardicensem
1466 1926 1532 1981 ad
1561 1925 1760 1981 iulium
1790 1923 1989 1991 Papam

395 2028 644 2098 leguntur
686 2026 1107 2095 subscriptiones
1155 2022 1532 2094 episcoporum
1575 2033 1682 2084 LIX,
1710 2017 1764 2071 in
1793 2014 1991 2085 quibus

397 2120 656 2190 vigesimo
686 2119 826 2186 loco,
863 2117 1048 2171 Lucius
1071 2116 1133 2170 ab
1161 2115 1319 2168 Italia
1346 2113 1408 2168 de
1454 2111 1680 2167 Verona.
1722 2108 1868 2164 Idem
1899 2108 1992 2161 ha-

397 2214 555 2269 betur
596 2213 737 2269 inter
775 2212 1198 2282 subscriptiones
1245 2210 1312 2263 ab
1343 2208 1535 2262 iisdem
1578 2203 1990 2263 Sardicensibus

398 2311 668 2379 CpiSCOpis
712 2307 980 2378 subjectas
1029 2306 1085 2362 S.
1115 2303 1396 2359 Athanasii
1447 2301 1639 2376 litteris
1681 2300 1746 2354 ad
1792 2299 1993 2354 elerum

400 2399 734 2465 Mareotidis,
765 2414 900 2469 quas
930 2413 995 2454 ex
1037 2395 1412 2467 antiquissimo
1453 2406 1554 2447 ms.
1586 2389 1805 2460 capituli
1833 2388 1996 2444 Vero-

403 2495 586 2549 nensis
628 2491 964 2547 clarissimus
1007 2487 1463 2555 doctissintusque
1504 2493 1688 2538 noster
1717 2481 1856 2537 civis
1899 2496 1998 2536 nu-

400 2590 634 2660 perrime
659 2587 906 2658 produxit
928 2589 978 2640 in
1002 2585 1196 2651 lucem,
1233 2594 1362 2637 tom.
1386 2598 1442 2635 ιιι
1469 2579 1753 2635 Observat.
1779 2577 1996 2641 Litter.,

399 2697 521 2753 pag.
570 2682 662 2737 58.
715 2680 865 2734 Lucii
918 2694 1014 2749 pro
1056 2677 1244 2732 Lucilii
1292 2690 1488 2730 nomen
1541 2660 1610 2728 ne
1653 2681 1888 2736 moveat,
1938 2667 1996 2724 S.

402 2777 728 2834 Athanasius
775 2774 1023 2830 eumdem
1076 2773 1166 2841 qui
1215 2771 1268 2826 in
1323 2767 1596 2841 synodicis
1641 2763 2001 2820 subscribitur

403 2871 619 2938 Lucius,
652 2869 860 2925 duobus
881 2870 932 2922 in
963 2868 1097 2922 locis
1128 2864 1388 2918 Lucillum
1410 2859 1737 2930 appellavit:
1771 2848 1828 2916 iri
1855 2855 2004 2933 Apoj

2097 1835 2355 1896 pugnent.

2099 1962 2128 2036 §
2159 1962 2248 2018 ιν.
2286 1994 2358 2004 —
2387 1961 2628 2019 Coronati
2661 1962 2870 2019 Notarii
2899 1964 3129 2020 narratio
3154 1979 3255 2034 qua
3279 1961 3511 2018 Gallieni
3533 1963 3709 2031 impe-

2168 2057 2353 2110 ratoris
2403 2065 2529 2116 mtas
2583 2054 2779 2111 Zenoni
2832 2056 3148 2125 attribuitur,
3191 2071 3448 2127 expensa,
3485 2055 3711 2126 fabulis

2169 2157 2363 2203 scatere
2391 2150 2692 2205 ostenditur.
3611 2154 3615 2157 ’

2168 2283 2498 2340 Coronatum
2537 2286 2816 2344 Notarium
2871 2285 3045 2342 Vitam
3094 2282 3172 2342 S.'
3200 2284 3435 2341 Zenonis
3466 2285 3710 2352 septimo

2099 2378 2183 2432 vel
2214 2389 2405 2432 octavo
2435 2381 2636 2434 s:eculo
2668 2380 2953 2450 scripsisse
2981 2381 3034 2434 in
3061 2379 3436 2436 admonitione
3473 2378 3540 2434 ad
3574 2377 3708 2433 Μο-

2104 2483 2344 2529 numenta
2385 2469 2709 2549 videbimus.
2757 2471 2854 2526 llic
2897 2481 3079 2526 autem
3126 2471 3193 2526 de
3225 2471 3284 2526 S.
3330 2470 3567 2525 Zenonis
3599 2473 3712 2526 vita

2103 2568 2324 2639 proprie
2351 2579 2564 2638 sumpta
2596 2567 2730 2637 nihil
2763 2566 2872 2622 fere
2900 2567 3108 2638 prodit,
3141 2567 3281 2621 adeo
3337 2573 3395 2619 ut
3431 2563 3502 2618 de
3529 2563 3714 2622 Zeno-

2106 2663 2191 2716 nis
2215 2662 2384 2731 ipsius
2411 2663 2577 2732 gestis
2609 2661 2742 2716 nihil
2776 2661 2968 2717 litteris
3012 2661 3269 2715 traditum
3309 2659 3590 2728 accepisse
3633 2659 3715 2712 vi-

2106 2755 2316 2810 deatur.
2335 2755 2440 2810 Sed
2468 2753 2926 2824 quemadmodum
2957 2753 3272 2817 Ratherius,
3297 2751 3492 2808 decimi
3521 2750 3713 2806 saeculi

2108 2848 2395 2919 episcopus
2414 2847 2762 2910 Veronensis,
2779 2845 2847 2900 de
2868 2845 2924 2902 S.
2943 2844 3186 2901 Metrone
3210 2842 3414 2914 aliquid
3433 2842 3712 2906 dicturus,

406 2966 542 3036 logia
573 2933 638 3018 ad
664 2963 1059 3026 Constantium,
1093 2973 1319 3014 numero
1350 2957 1405 3022 5,
1440 2951 1705 3024 pag.297,
1728 2951 2005 3010 “anno;
2110 2939 2178 2994 de
2217 2954 2326 3010 quo
2352 2939 2482 2994 nihil
2515 2939 2774 3007 scriptum
2814 2936 2985 2993 fuisse
3014 2936 3390 3008 conqueritur,
3432 2933 3483 2988 id
3524 2934 3715 2989 dicere

405 3059 433 3116 ὁ
470 3062 518 3113 ἐν
545 3061 748 3136 Βερωνί,
789 3055 1021 3109 Lucillus
1065 3052 1297 3115 Verouw,
1331 3061 1493 3118 quam
1519 3045 1709 3099 urbem
1742 3042 2004 3110 licetznon

2145 3041 2328 3086 oactus
2356 3029 2492 3097 fuit,
2523 3029 2662 3099 quod
2691 3030 2830 3100 plebs
2857 3029 3064 3084 indocta
3093 3027 3328 3093 canebat,
3358 3035 3416 3081 ut
3445 3026 3616 3096 liquet
3645 3040 3714 3079 ex

403 3115 649 3223 ἀρείεηέι
676 3115 930 3207 ξιιέιιιρι-τ,
963 3147 1248 3220 Apologia,
1282 3115 1430 3199 nu'm,
1462 3141 1550 3207 50,
1583 3154 1634 3210 ρ,
1668 3138 1802 3206 168,
1831 3147 2008 3193 tamen
2034 3115 2083 3182 C
2114 3127 2376 3196 opusculo
2406 3124 2648 3191 eiusdem
2683 3122 2926 3180 Ratherii
2961 3122 3254 3178 novissime
3283 3119 3432 3176 edito
3478 3120 3531 3173 in
3559 3119 3717 3172 calce

406 3246 638 3300 Luciltus
666 3244 866 3299 ibidem
899 3231 1072 3314 [crux]
1095 3232 1238 3294 ιιόιιο
1280 3237 1400 3292 loco
1426 3234 1729 3305 appellatus
1754 3233 1896 3287 inter
1914 3246 2012 3287 eos

408 3340 693 3408 episcopos
745 3336 834 3405 qui
884 3331 1192 3388 Sardicensi
1223 3329 1307 3385 vel
1335 3327 1721 3396 interfuerunt,
1773 3325 1855 3379 vel
1883 3340 2014 3380 con-

409 3436 716 3493 senserunt,
741 3423 1070 3481 Veronensis
1096 3438 1217 3478 esse
1263 3420 1628 3491 cognoscitur,
1668 3417 1956 3472 distinctus
1982 3430 2011 3469 a

411 3522 596 3585 Lucio,
628 3521 718 3591 qui
750 3519 1088 3588 sexagesimo
1117 3517 1233 3570 loco
1273 3513 1576 3582 descriptus
1623 3521 1739 3580 est,
1791 3510 2014 3565 alterius

415 3614 564 3669 urbis
575 3613 881 3682 episcopus,
901 3620 957 3664 ιιι
979 3609 1032 3664 in
1056 3610 1165 3680 ipsa
1191 3607 1405 3678 quidem
1432 3604 1687 3678 synodica
1703 3601 2012 3660 Sardicensi

413 3709 551 3761 alter
576 3721 604 3759 a
639 3705 937 3760 Verone‘nsi
969 3701 1159 3757 eodem
1197 3700 1414 3755 nomine
1443 3697 1818 3752 subscribitur.
1851 3694 2016 3765 igitur

414 3799 609 3854 Lucius
641 3799 726 3851 hic
752 3796 1012 3868 (Lucillns
1046 3794 1181 3849 forte
1206 3795 1276 3848 ob
1306 3808 1521 3862 parvam
1563 3799 1825 3846 staturam
1852 3788 2014 3844 dimi-

417 3891 600 3945 nutive
630 3889 786 3958 vulgo
813 3886 1013 3958 dictus)
1042 3887 1178 3941 inter
1208 3884 1558 3940 Sardicenses
1586 3882 1772 3936 Patres
1799 3880 1900 3936 fuit
1920 3895 2008 3934 an.

417 3984 540 4049 547,
585 3980 692 4035 imo
736 3996 798 4034 ex
846 3977 1219 4032 Athanasiana:
1246 3975 1522 4045 Apologia:
1542 3973 1721 4028 verbis
1761 3974 1828 4026 ad
1872 3971 2014 4024 Gon-

421 4076 672 4130 stantium
706 4074 844 4127 inter
876 4073 1025 4148 vivos
1054 4071 1226 4125 adhuc
1255 4070 1416 4123 fuisse
1443 4068 1816 4134 videtur,cum
1846 4065 2013 4121 Atha-

419 4168 737 4223 nasiuscmn
757 4165 948 4218 librum
969 4163 1205 4232 scripsit,
1231 4162 1280 4215 id
1295 4170 1374 4216 cst
1401 4175 1541 4214 anno
1564 4158 1692 4224 356,
1718 4159 1800 4213 vel
1823 4159 2010 4212 saltem

419 4263 472 4315 id
504 4259 759 4329 temporis
811 4273 933 4312 eum
981 4256 1305 4310 Athahasins
1360 4255 1544 4307 vivum
1596 4251 1895 4322 appellans,
1945 4256 2014 4304 de.

417 4357 536 4421 ejus
567 4360 738 4405 morte
766 4350 894 4402 nihil
913 4349 1172 4402 audierat.
1197 4344 1425 4417 Hujusce
1445 4344 1516 4397 rei
1537 4345 1673 4396 testis
1691 4352 1783 4407 est,
1812 4340 2004 4409 inquit,

424 4441 831 4497 Fortunatianus
881 4440 1126 4508 Aquileia:
1170 4438 1455 4508 episcopus.
1494 4435 1604 4488 Hoc
1634 4435 1803 4503 ipsum
1850 4441 2012 4504 potest

424 4536 583 4605 putris
629 4534 777 4587 llosii
809 4532 1093 4586 testimonio
1134 4529 1450 4598 con/irmuri.
1482 4526 1643 4580 Testis
1674 4527 1790 4579 item
1821 4525 2018 4594 Crispi-

422 4642 518 4678 nus
574 4624 795 4687 Patavii,
852 4622 1081 4676 Lucillus
1120 4620 1348 4681 Verouaz,
1394 4617 1674 4688 Dionysius
1731 4615 1920 4680 Leidis,
1971 4625 2016 4668 et

437 4716 732 4769 Vincentius
769 4717 822 4768 in
867 4713 1150 4781 Campania
1193 4711 1482 4780 epismpus.
1532 4707 1595 4759 Et
1633 4709 1752 4776 quia
1793 4705 2019 4775 defuncti

426 4818 540 4861 sunt
577 4805 912 4870 Maximinus,
945 4815 1076 4868 ctc.,
1107 4802 1298 4871 quibus
1327 4785 1655 4852 Athanasius
1692 4796 1955 4850 Lucillum
1985 4808 2016 4848 a

428 4898 694 4952 defuncus
715 4897 1070 4965 distinguens,
1106 4894 1281 4946 vivum
1305 4901 1490 4958 aperte
1521 4887 1766 4945 credidit.
1801 4887 1953 4941 Nunc
1975 4887 2020 4940 si

429 5001 648 5060 quartus
669 4990 991 5043 Veronensis
1019 4986 1300 5055 episcopus
1321 4983 1578 5037 Proculus
1599 4982 1814 5034 ineunte
1831 4987 2022 5046 quarto

431 5084 624 5136 ςιυριιῐο
653 5082 851 5146 floruit,
887 5090 1069 5134 sextus
1097 5087 1274 5130 autem
1316 5074 1555 5129 Lucillus
1597 5073 1812 5127 vivebat
1850 5072 2024 5125 adhuc

435 5185 551 5245 post
580 5176 812 5229 medium
849 5173 987 5227 idem
1023 5170 1460 5230 s:eculum,anno
1483 5165 1608 5227 356,
1629 5168 1747 5234 quis
1781 5181 1882 5218 non
1910 5175 2022 5218 sta-

436 5273 528 5323 tim
561 5268 815 5336 intelligat
865 5269 1005 5336 (cum
1050 5249 1117 5317 ile
1144 5261 1374 5329 calalogi
1419 5259 1608 5313 ordine
1644 5257 2023 5326 ambigendum

436 5377 499 5414 cx
531 5361 687 5414 dictis
720 5374 824 5412 non
857 5359 945 5425 sit)
987 5357 1279 5417 Zenonem,
1320 5354 1409 5422 qni
1439 5363 1658 5405 octavus
1690 5361 2023 5416 recensetnr,

437 5457 708 5520 aliquanto
749 5461 868 5521 post
898 5451 1038 5503 hunc
1071 5466 1300 5509 annum,
1341 5457 1396 5499 nt
1438 5445 1758 5499 intertnedio
1797 5447 2026 5513 septimo

441 5544 675 5596 ;\l|lla|lll
703 5542 917 5595 Grieino
941 5542 1134 5610 aliquid
1167 5538 1424 5607 temporis
1455 5538 1577 5592 licet
1607 5536 1905 5591 brevissimi
1937 5537 2030 5590 tri-

444 5639 651 5693 buatur.
695 5637 742 5687 in
773 5635 1132 5686 Veronensmn
1182 5631 1490 5684 cathedram
1521 5629 1853 5693 ascendisse;
1886 5629 2029 5698 quod

448 5745 574 5784 sure
603 5739 811 5796 tempus
828 5728 1027 5796 optime
1051 5728 1294 5793 congruit
1319 5739 1438 5777 eum
1460 5731 1614 5777 :ctatc
1632 5721 1747 5789 ejus
1777 5722 2030 5787 Zenonis,

2113 3216 2257 3272 Libri
2280 3215 2315 3270 Ι
2321 3218 2430 3286 uris
2453 3215 2618 3271 ciuilis
2640 3215 2780 3270 urbis
2798 3214 3019 3291 Veronae
3043 3231 3061 3268 :
3089 3213 3161 3268 ita
3185 3212 3513 3276 Coronatus,
3541 3211 3717 3279 scrip-

2117 3320 2268 3365 turus
2292 3291 2471 3380 aliqua
2500 3309 2569 3364 de
2614 3308 2672 3364 S.
2719 3307 2960 3375 Zenone,
2993 3305 3062 3361 de
3106 3320 3214 3376 quo
3249 3304 3384 3359 nihil
3426 3313 3713 3359 exaratum

2114 3405 2325 3470 calamo
2355 3412 2662 3473 repererat,
2716 3415 2780 3456 ea
2811 3400 2986 3456 solum
3017 3399 3248 3468 prodere
3276 3396 3462 3451 debuit
3492 3411 3614 3465 qua:
3645 3396 3715 3450 ob

2115 3496 2481 3552 celebritatem
2499 3505 2554 3549 et
2575 3493 2986 3548 admirationem
3003 3489 3189 3561 populi
3207 3488 3402 3544 animis
3420 3487 3714 3556 impressa,

2116 3591 2364 3662 populari
2390 3588 2622 3660 quadam
2654 3586 2942 3642 traditione
2972 3583 3285 3639 ferebantur
3321 3580 3571 3652 qumdam
3627 3580 3714 3633 ni-

2116 3683 2314 3737 mirum
2342 3680 2570 3751 insignia
2591 3679 2876 3743 miracula,
2900 3677 2968 3733 de
2988 3677 3184 3747 quibus
3202 3673 3509 3730 diuturnior
3532 3672 3718 3740 vigere

2116 3778 2256 3832 solet
2308 3775 2589 3841 memoria,
2645 3789 2765 3845 qua:
2808 3763 2994 3828 tamen
3040 3771 3157 3841 ipsa
3184 3785 3251 3826 ex
3281 3769 3463 3840 populi
3494 3767 3716 3838 ingenio

2119 3871 2302 3926 multis
2349 3869 2566 3935 additis,
2611 3868 2736 3924 aliis
2779 3867 3031 3935 demptis,
3087 3863 3171 3918 vel
3202 3862 3426 3917 mutatis
3470 3876 3498 3914 a
3531 3859 3716 3914 nativo

2117 3971 2262 4018 statu
2318 3962 2546 4017 multum
2592 3959 2848 4026 detiCere,
2886 3967 2943 4013 et
2987 3956 3136 4010 falsis
3175 3953 3452 4010 nonnullis
3499 3953 3716 4006 addita-

2119 4054 2316 4108 mentis
2342 4054 2411 4107 ita
2445 4050 2797 4106 contaminari
2831 4057 3251 4112 consueverunt,
3280 4055 3338 4102 ut
3361 4046 3491 4118 quid
3522 4061 3716 4100 verum

2120 4143 2384 4197 falsumve
2405 4143 2494 4209 sit,
2524 4142 2820 4196 internosci
2849 4150 2904 4195 et
2932 4141 3096 4196 statui
3128 4140 3429 4212 saepissime
3454 4146 3712 4209 nequeat.

2121 4236 2270 4291 llauc
2301 4235 2556 4291 Coronati
2597 4234 2986 4300 narrationem,
3015 4247 3134 4304 quae
3164 4229 3466 4287 Gallienum
3505 4228 3717 4300 tangit,

2122 4328 2299 4399 legere
2327 4327 2528 4396 poteris
2554 4341 2703 4380 num.
2730 4325 2764 4380 4
2785 4333 2840 4380 et
2859 4341 2976 4395 seq.
2996 4325 3046 4378 in
3076 4325 3188 4393 ipsa
3212 4323 3353 4388 Vita,
3379 4336 3542 4392 quam
3573 4323 3717 4375 inter

2124 4420 2469 4473 Monumenta
2514 4421 2775 4491 integram
2823 4417 2998 4487 primo
3044 4417 3166 4471 loco
3195 4415 3466 4470 dabimus.
3502 4413 3558 4467 ln
3593 4427 3717 4467 eam

2042 4495 2094 4555 D
2123 4528 2273 4577 vero,
2307 4521 2363 4567 ut
2383 4511 2542 4584 [cxx]
2592 4524 2752 4580 quam
2786 4507 3164 4578 improbabilia
3195 4506 3361 4561 multa
3408 4505 3713 4568 contineat,

2123 4606 2350 4677 quisque
2377 4605 2687 4674 perSpiciat,
2713 4602 2828 4656 lliBC
2856 4617 2996 4656 nunc
3017 4600 3282 4659 adnotare
3313 4599 3508 4670 placet.
3529 4597 3716 4651 Primo

2124 4701 2315 4754 mirum
2347 4697 2477 4752 illud
2509 4699 2703 4751 factum
2752 4710 2860 4764 quo
2882 4695 3036 4748 unica
3069 4690 3302 4749 Gallieni
3335 4692 3462 4757 lilia,
3493 4690 3717 4745 Zenone

2124 4793 2188 4847 ad
2216 4794 2597 4862 imperatorem
2627 4803 2724 4858 per
2760 4787 2976 4841 nuntios
3013 4787 3209 4851 accito,
3243 4801 3271 4838 a
3304 4786 3551 4840 daemone
3582 4784 3718 4840 Iibe-

2125 4894 2237 4938 rata
2269 4883 2492 4953 mirifice
2533 4879 2781 4942 traditur,
2809 4878 2945 4933 adeo
2976 4878 3185 4946 insigne
3226 4887 3280 4932 et
3318 4877 3560 4931 solemne
3589 4892 3713 4933 esse

2126 4963 2334 5040 debuit,
2389 4985 2445 5026 ut
2477 4970 2788 5026 incredibile
2832 4969 2993 5039 plane
3037 4970 3104 5021 sit
3143 4968 3286 5038 quod
3339 4983 3431 5037 per
3476 4973 3716 5038 quinque

2128 5068 2342 5121 circiter
2385 5064 2576 5117 sarcula
2610 5060 2742 5115 nihil
2769 5060 2836 5115 de
2869 5061 2960 5113 illo
2993 5060 3190 5114 litteris
3221 5060 3488 5130 quispiam
3533 5061 3716 5130 prodi-

2128 5159 2289 5225 derit,
2322 5159 2633 5225 primusque
2659 5153 2747 5222 qui
2771 5152 2887 5221 ejus
2908 5150 3090 5205 fecerit
3113 5152 3463 5217 mentionem,
3482 5151 3715 5218 septimo

2130 5253 2215 5305 vel
2243 5261 2449 5304 octavo
2489 5247 2686 5302 saeculo
2717 5247 3015 5301 Coronatus
3059 5244 3309 5301 Notarius
3357 5245 3536 5300 fuerit.
3581 5243 3714 5296 Dein

2137 5362 2282 5398 nntn.
2316 5342 2371 5407 5,
2399 5342 2787 5396 monasterimn
2828 5340 2879 5393 in
2914 5353 3020 5409 quo
3047 5339 3105 5395 S.
3134 5340 3278 5395 Zeno
3307 5354 3430 5394 cum
3471 5336 3716 5406 pluribus

2133 5437 2249 5490 aliis
2294 5447 2346 5490 et
2376 5435 2564 5488 eodem
2614 5433 2830 5502 quidem
2882 5431 3112 5486 Zenonis
3168 5432 3386 5486 nomine
3433 5428 3715 5500 appellatis

2132 5529 2368 5598 degeret,
2415 5529 2637 5582 \‘erome
2664 5525 2932 5595 publicum
2968 5524 3133 5577 fuisse
3165 5524 3450 5587 indicatur,
3478 5521 3620 5588 quod
3650 5519 3714 5573 de

2138 5623 2305 5676 tribus
2329 5622 2510 5688 primis
2539 5620 2768 5682 saseulis,
2799 5632 2919 5670 cum
2950 5615 3243 5668 Christiani
3279 5613 3713 5680 persecutionum

2139 5733 2298 5772 causa
2327 5716 2618 5778 latitantes,
2670 5711 2800 5764 nihil
2832 5707 3060 5775 publica:
3117 5704 3491 5759 aedilicatiouis
3531 5706 3714 5774 pt'tcl'e-
