3826 6226
195 323 262 379 77
658 316 665 325 '
1013 327 1454 385 DlSSEltTATlU
1491 331 1531 396 ι,
1574 328 1660 385 DE
1689 328 1745 386 s.
1781 328 1936 385 ΖΕΝ.
1964 330 2211 386 TRACT.
2247 331 2334 387 ET
2363 329 2636 386 agraria.
3377 318 3443 372 78

191 433 412 500 rebant,
434 433 758 492 incredibile
778 436 993 492 omnino
1019 448 1120 494 est.
1146 441 1410 496 Praeterea
1437 441 1770 510 imperatoris
1797 445 1842 503 Α
1874 454 2049 511 patum
2084 443 2399 499 certioribus
2429 455 2688 497 annorum
2717 438 2974 495 limitibus
3005 430 3444 511 circumscribere

189 525 416 581 nomine
443 525 594 582 Zeno
643 536 858 598 rogatus
888 537 944 583 ut
972 528 1130 582 tiliam
1162 531 1276 598 ejus
1298 546 1327 584 a
1351 531 1592 586 daemone
1618 547 1776 585 vexa-

191 626 307 671 tam
337 628 571 682 sanaret,
603 633 724 673 cum
766 633 832 674 eo
861 619 1127 690 profectus
1155 615 1407 689 eiecisset
1431 622 1773 684 darmonium,

187 724 445 762 coronam
500 711 751 780 regalem,
799 726 953 780 quam
1002 713 1115 781 ipse
1166 711 1440 766 Gallienus
1489 713 1778 781 imperator

187 800 364 866 capite
415 815 508 852 suo
550 799 797 870 gestabat,
852 799 920 854 ab
961 801 1151 856 eodem
1203 803 1477 870 accepisse
1527 801 1772 866 traditur,

187 905 356 959 quam
388 907 510 946 mox
542 893 860 962 pauperibus
889 891 1160 948 distribuit
1191 911 1204 947 :
1235 904 1510 952 cum.ante
1537 893 1778 948 Aurelia-

188 997 325 1036 num
358 983 410 1036 id
435 985 1045 1052 generisornamentum
1075 985 1334 1041 Romanis
1366 984 1778 1055 imperatoribus

188 1087 303 1125 non
338 1074 496 1128 fuerit
531 1073 585 1128 in
620 1089 738 1128 usu.
770 1074 902 1142 Quis
931 1075 1055 1130 dein
1088 1077 1223 1130 tueri
1249 1076 1599 1146 probabiliter
1629 1085 1777 1145 pote-

186 1163 263 1218 rit
306 1166 581 1220 ethnieuin
647 1166 1024 1235 imperatorem
1079 1167 1285 1224 Zenoni
1326 1170 1662 1224 concessisse
1719 1175 1778 1221 ut

185 1256 336 1310 idola
364 1260 536 1312 omnia
562 1260 863 1327 destrueret,
910 1270 957 1314 et
993 1262 1046 1314 in
1074 1260 1262 1315 Christi
1294 1263 1493 1315 nomine
1540 1260 1776 1315 ecclesias

185 1349 505 1418 fabricaret;
552 1350 730 1420 idque,
763 1365 884 1405 cum
919 1352 963 1406 is
992 1352 1259 1407 Veronam
1306 1352 1625 1420 repetiisset,
1666 1351 1776 1404 fac-

187 1451 309 1497 tum
354 1442 517 1498 fuisse
539 1442 563 1493 τ
589 1442 659 1496 ita
685 1452 742 1497 ut
769 1457 890 1497 cum
922 1457 990 1498 ne
1019 1457 1122 1496 una
1161 1442 1375 1512 quidem
1408 1442 1615 1510 publica
1643 1440 1770 1494 alibi

186 1533 504 1588 christianis
557 1532 784 1590 ecclesia
838 1533 1031 1599 fuerit,
1081 1533 1306 1588 Verona:
1355 1548 1448 1600 per
1500 1532 1771 1588 Zenonem

186 1624 534 1694 imperatoris
575 1626 691 1695 ejus
720 1624 970 1686 mandato
993 1625 1175 1694 plures
1199 1623 1398 1680 fuerint
1426 1635 1772 1689 constructat,

187 1717 264 1770 uti
314 1715 556 1785 proditur
597 1733 650 1770 n.
683 1717 732 1769 7.
767 1715 872 1772 Sed
923 1717 1075 1786 plura
1099 1715 1226 1785 alia,
1271 1699 1398 1787 qua;
1438 1715 1772 1771 considerari

1877 536 2020 588 licet.
2077 537 2294 591 Sextum
2374 537 2736 590 Veronensetn
2813 534 3122 602 episcopum
3181 526 3442 580 Lucillum

1876 623 2075 679 vixisse
2105 641 2192 677 an.
2235 626 2359 690 556,
2384 636 2473 680 aut
2520 628 2706 679 saltem
2739 623 3019 694 (siquidem
3066 618 3262 674 obicrit
3288 618 3444 685 paulo

1877 716 2021 782 ante)
2050 714 2224 768 vivum
2257 731 2321 770 eo
2360 730 2501 768 anno
2536 717 2602 768 ab
2629 715 2919 768 Athanasio
2945 710 3235 781 judicatum
3284 707 3448 761 fuisse

1878 803 2177 860 luculenter
2209 806 2548 874 probayimus
2574 804 2601 874 §
2634 807 2688 859 5.
2713 805 2919 859 Lucillo
2957 812 3132 855 autem
3164 800 3408 856 Gricinus
3432 838 3445 860 ,

1878 910 1972 951 seu
2002 897 2291 953 Grichinus
2319 912 2383 952 ex
2425 898 2786 964 catalogorum
2825 896 3013 949 ordine
3038 894 3296 961 septimus
3327 906 3447 944 suc-

1878 988 2040 1044 CeSsit
2072 1005 2087 1041 :
2121 987 2262 1055 hunc
2289 996 2468 1042 autem
2500 995 2724 1041 octavus
2770 985 2981 1053 excepit
3008 983 3063 1036 S.
3094 981 3257 1046 Zeno,
3290 997 3445 1047 quem

1877 1079 2091 1146 quidem
2143 1079 2400 1143 Brichini,
2457 1081 2530 1134 uti
2584 1077 2857 1147 appellat,
2913 1089 3279 1132 successorem
3335 1073 3448 1140 ipse

1878 1169 2036 1224 etiam
2053 1171 2293 1225 Andreas
2312 1171 2584 1225 Dandulus
2612 1172 2663 1224 in
2690 1169 2955 1238 Chronico
2986 1165 3234 1238 prodidit,
3255 1166 3345 1219 lib.
3374 1181 3449 1230 tv,

1878 1273 1995 1329 cap.
2027 1262 2080 1326 5,
2109 1270 2236 1315 tom.
2269 1278 2347 1317 xn
2387 1262 2583 1316 Rerum
2630 1262 2823 1327 italic.,
2853 1276 2973 1330 pag.
3006 1260 3111 1314 .55.
3141 1255 3449 1312 Porro-Ze—

1879 1364 2073 1404 nonem
2102 1352 2209 1406 vita
2229 1353 2339 1422 jam
2366 1354 2626 1419 tunctum,
2665 1368 2784 1407 cum
2827 1353 2882 1408 S.
2916 1351 3228 1405 Ambrosius
3255 1349 3319 1402 ad
3353 1348 3453 1418 Sy—

1877 1448 2082 1516 agrium
2131 1448 2379 1516 scripsit,
2408 1448 2594 1502 eadem
2644 1448 2796 1500 tertio
2837 1445 3172 1515 paragrapho
3215 1441 3451 1497 ostendi-

1878 1555 2018 1595 mus.
2053 1526 2198 1595 llanc
2219 1552 2394 1595 autem
2424 1540 2689 1594 Ambrosii
2717 1539 2995 1606 epistolam
3024 1536 3257 1591 editores
3283 1535 3452 1590 Bene-

1879 1630 2063 1684 dictini
2110 1631 2333 1702 afligunt
2382 1646 2522 1686 anno
2547 1631 2761 1685 circiter
2792 1629 2915 1693 580,
2970 1629 3037 1680 ita
3083 1638 3255 1681 tamen
3295 1637 3353 1682 ut
3399 1628 3450 1680 in

1878 1722 2069 1778 ordine
2095 1722 2470 1794 chronologico
2507 1722 2850 1791 epistolurum
2889 1721 3170 1774 advertant
3219 1734 3312 1774 eos
3363 1720 3453 1788 qui

185 1816 436 1874 possent,
468 1808 778 1863 omittamus
809 1825 822 1861 :
855 1807 969 1864 haec
998 1809 1140 1863 enim
1170 1807 1235 1862 ad
1267 1809 1587 1863 narrationis
1614 1807 1772 1877 hujus
1800 1814 1848 1874 B
1877 1813 2017 1868 hunc
2045 1830 2244 1868 annum
2284 1814 2532 1884 ingerunt
2560 1826 2610 1868 et
2645 1813 2937 1875 inculcant,
2981 1813 3176 1865 nullam
3205 1811 3457 1881 opinionis

183 1899 506 1972 ﬁgmentum
532 1902 1004 1958 demonstrandum
1019 1904 1157 1974 apud
1183 1903 1621 1974 idoneosjudices
1643 1905 1774 1960 satis

184 2007 459 2064 superque
484 2003 628 2050 sunt.
654 1995 712 2050 Si
735 2011 861 2051 vero
882 1996 1082 2065 aliquid
1104 1998 1214 2050 veri
1240 1996 1378 2050 inter
1401 1996 1771 2066 improbabilia

185 2086 337 2151 latet,
369 2087 499 2141 illttd
529 2105 690 2143 unutn
721 2088 990 2157 conjicere
1037 2076 1342 2158 possumus,
1378 2092 1492 2166 haec
1533 2089 1773 2144 Corona-

185 2185 292 2231 tutn
341 2185 408 2232 ex‘
450 2180 591 2249 vulgi
645 2179 927 2234 traditione
974 2178 1090 2234 sine
1134 2180 1242 2234 ullo
1285 2179 1532 2235 examine
1579 2181 1773 2235 litteris

183 2268 507 2337 prodidisse.
543 2269 821 2324 Traditum
855 2270 1093 2324 fortassis
1126 2267 1297 2326 fuerat
1352 2272 1640 2342 antiquitus
1670 2271 1774 2326 Ze-

182 2377 379 2416 nonem
415 2361 695 2431 cujusdam
720 2361 946 2416 Gallieni
974 2361 1135 2416 filiam
1155 2378 1183 2415 a
1211 2365 1453 2418 dmmone
1479 2364 1736 2417 liberasse
1756 2404 1770 2428 ,

182 2465 233 2508 et
263 2469 385 2506 cum
421 2454 580 2522 vulgo
610 2461 764 2506 notus
790 2462 936 2507 esset
975 2453 1252 2507 Gallienus
1289 2454 1600 2520 imperator,
1642 2451 1772 2507 Gal-

182 2545 708 2614 lieni‘imperatoris
759 2545 922 2597 tiliam
975 2559 1004 2598 a
1051 2543 1268 2600 Zenone
1310 2545 1585 2598 liberatam
1637 2544 1772 2598 tradi

181 2640 363 2707 C(Bpil.
391 2639 450 2692 In
473 2637 829 2708 scriptoribus
849 2638 946 2692 arvi
971 2638 1287 2707 posterioris
1307 2637 1570 2707 ejusmodi
1597 2638 1774 2715 lapsus

182 2731 491 2801 frequentes
527 2738 837 2797 occurrunt,
870 2739 929 2784 ut
954 2745 1075 2784 cum
1118 2729 1362 2799 quaedam
1397 2745 1483 2783 ex.
1515 2745 1597 2800 gr.
1640 2747 1773 2798 pra:-

181 2824 356 2878 sidum
385 2823 601 2878 nomina
629 2821 1017 2892 imperatorum
1060 2823 1370 2876 nominibus
1396 2821 1591 2875 similia
1618 2837 1775 2891 repe-

182 2919 380 2982 rerint,
433 2916 792 2986 imperatores
838 2931 903 2969 ex
956 2916 1271 2984 praesidibus
1316 2915 1562 2970 fecerint.
1616 2915 1774 2970 Forte

183 3008 459 3062 Gallienus
491 3004 602 3072 ille,
635 3005 789 3076 cujus
830 3006 1036 3059 unicam
1061 3005 1229 3060 ﬁliam
1271 3005 1328 3062 S.
1364 3005 1506 3061 Zeno
1544 3008 1770 3070 curavit,

187 3098 375 3152 Palatii
404 3100 578 3166 (locus
619 3108 703 3154 est
753 3100 895 3154 inter
943 3100 1258 3154 Tridentum
1305 3111 1360 3155 et
1409 3101 1669 3155 Veronam
1718 3100 1770 3154 in

1875 1921 1982 1960 sua:
2030 1907 2275 1960 rationem
2329 1905 2556 1960 reddere.
2604 1904 2715 1969 Nos
2742 1903 2955 1979 quidem
3001 1903 3279 1972 aliquanto
3335 1911 3458 1971 post

1877 1999 2020 2053 hunc
2045 2014 2246 2054 annum
2269 2041 2284 2067 ,
2314 2015 2419 2054 non
2449 2009 2629 2054 autem
2651 1999 2836 2063 citius,
2881 2011 2973 2051 eas
3001 1996 3206 2050 litteras
3234 1995 3300 2049 ab
3331 1997 3457 2048 Ant-

1877 2091 2058 2146 brosio
2101 2092 2254 2146 datas
2301 2091 2424 2145 inde
2478 2090 2797 2159 conjicimus
2846 2088 2988 2159 quod
3029 2087 3259 2142 Zenoois
3309 2101 3454 2141 mors

1876 2198 1980 2237 non
2030 2183 2211 2248 citius,
2245 2182 2336 2238 sed
2383 2181 2556 2236 serius
2598 2179 2907 2236 collocanda
2939 2180 3155 2233 aliunde
3191 2178 3452 2233 videatur.

1873 2273 1990 2327 Non
2013 2275 2190 2334 citius,
2217 2281 2275 2325 ut
2301 2272 2551 2327 idoneum
2584 2281 2845 2326 statuatur
2867 2281 3096 2341 tempus,
3121 2287 3234 2340 quo.
3258 2271 3314 2325 S.
3352 2269 3458 2339 epi-

1876 2379 2072 2433 scopus
2126 2363 2513 2418 Veronensium
2583 2364 2961 2418 liberalitatem
3021 2364 3071 2416 in
3124 2363 3452 2433 captivorum

1875 2455 2246 2525 redemptione
2289 2455 2551 2526 insignem
2597 2454 2977 2511 commendare
3024 2454 3265 2524 potuerit
3299 2463 3450 2507 tract.

1879 2547 1946 2601 12
1997 2547 2090 2602 lib.
2120 2564 2158 2614 ι,
2207 2547 2563 2618 ᾳιιωηυίᾱθηι
2599 2547 2899 2616 redemptio
2923 2555 3026 2599 tam
3055 2544 3285 2600 celebris
3329 2559 3458 2598 exe-

1877 2639 2075 2694 cutioni
2123 2639 2360 2693 mandari
2418 2654 2521 2692 non
2571 2638 2777 2709 potuit,
2831 2637 2935 2692 nisi
2972 2637 3283 2707 aliquandiu
3331 2646 3454 2705 post

1878 2731 2440 2800 lladrianopolitanam
2466 2747 2715 2800 pugnam,
2738 2731 2789 2784 in
2821 2745 2920 2795 qua
2942 2730 3140 2784 Valens
3163 2730 3301 2784 diem
3326 2729 3458 2784 obiit

1881 2837 2065 2875 mense
2087 2821 2325 2891 Augusto
2352 2821 2474 2897 anni
2528 2821 2654 2886 378,
2699 2830 2755 2874 ut
2794 2835 2857 2875 ex
2890 2819 3195 2890 disputatis,
3240 2836 3356 2890 cap.
3389 2820 3455 2886 2,

1879 2914 1906 2984 §
1933 2914 1985 2977 7,
2010 2913 2268 2984 colligere
2295 2915 2518 2990 quisque
2551 2920 2746 2981 potest.
2766 2911 2948 2967 Serius
2967 2927 3094 2966 vero
3121 2928 3186 2967 eo
3209 2928 3294 2966 an.
3329 2912 3453 2974 580,

1880 3010 1960 3064 vel
2007 3007 2148 3063 anno
2198 3008 2464 3078 sequenti,
2510 3007 2738 3062 Zenonis
2771 3016 2995 3060 mortem
3028 3007 3285 3062 accidisse
3328 3007 3456 3061 illttd

1883 3117 1987 3156 noo
2045 3100 2466 3171 improbabiliter
2496 3100 2706 3167 suadet,
2738 3103 2875 3169 qttod
2925 3101 2975 3154 in
3025 3099 3456 3176 frequentissimo

186 3189 444 3244 Antonini
475 3188 760 3245 ltinerario
788 3190 1142 3261 memoratus)
1173 3191 1418 3262 degebat,
1449 3201 1505 3245 ut
1534 3192 1774 3246 marehio
1800 3190 1843 3250 C
1879 3193 2184 3250 Occidentis
2234 3193 2462 3248 concilio
2505 3192 2761 3260 Aquileiae
2809 3192 2990 3246 habito
3043 3209 3130 3246 an.
3186 3193 3310 3258 38],
3365 3194 3452 3248 ubi

180 3281 360 3351 Scipio
385 3281 626 3336 Maﬂeius
659 3284 712 3336 in
741 3283 968 3352 epistola
1001 3284 1065 3337 ad
1088 3283 1329 3339 Coletum
1362 3287 1560 3339 inserta
1587 3296 1715 3339 tom.
1744 3301 1774 3339 v

182 3374 346 3429 Italia:
373 3391 542 3430 sacra:
561 3418 576 3441 ,
602 3391 726 3446 pag.
752 3375 881 3441 675,
908 3377 1210 3432 observavit
1241 3395 1253 3430 :
1285 3388 1339 3433 et
1363 3394 1482 3432 cum
1513 3380 1648 3434 idem
1684 3379 1774 3434 ille

182 3469 248 3522 ob
283 3469 515 3523 nominis
544 3468 952 3524 similitudinem
990 3486 1053 3524 ex
1085 3470 1356 3541 additione
1394 3473 1536 3542 vulgi
1578 3472 1628 3525 in
1675 3456 1773 3526 im-

183 3567 484 3628 peratorem
525 3560 835 3630 migrasset,
885 3561 988 3615 alia
1039 3561 1408 3630 improbabilia
1454 3565 1501 3617 ei
1531 3563 1772 3618 historia:

187 3652 416 3706 subinde
449 3652 664 3706 fuerunt
693 3652 892 3720 addita,
923 3670 1038 3721 quae
1072 3670 1100 3705 a
1147 3653 1415 3709 Coronato
1445 3665 1690 3726 suscepta
1720 3666 1773 3711 et

184 3743 382 3810 scripta
406 3741 777 3798 inveniuntur.
803 3743 906 3800 Sed
938 3745 1086 3815 plura
1111 3745 1163 3799 in
1186 3745 1269 3800 his
1290 3738 1768 3816 conjeclationibns

184 3832 477 3893 insumere.
505 3847 696 3889 vanum
740 3836 896 3904 plane
921 3848 973 3890 et
994 3836 1266 3907 indignum
1295 3839 1582 3894 credimus.
1606 3840 1770 3908 Quid-

182 3924 306 3992 quid
342 3926 499 3993 igitur
531 3935 613 3980 est
637 3925 704 3980 de
731 3928 938 3996 origine
966 3927 1125 3996 hujus
1152 3927 1367 4004 fabulas,
1406 3946 1525 3997 qua:
1573 3929 1771 3996 Gallic-

185 4033 308 4070 num
331 4019 711 4087 imperatorem
735 4021 1000 4084 inculcat;
1025 4022 1204 4075 caitcri
1233 4037 1420 4077 omnes
1450 4005 1573 4076 licet
1593 4039 1770 4092 quatn«

187 4109 388 4177 plures,
419 4119 476 4163 at
497 4125 611 4165 aevo
643 4110 858 4181 quidem
889 4112 1233 4180 posteriores,
1267 4115 1353 4182 qui
1383 4114 1522 4190 illam
1551 4133 1581 4169 e
1604 4114 1775 4170 Coro.

184 4212 306 4256 nato
356 4205 635 4273 excepisse
677 4215 974 4258 noscuntur
1002 4205 1093 4276 (ita
1132 4217 1188 4258 ιιι
1215 4222 1280 4260 ex
1316 4206 1506 4260 eodem
1549 4208 1767 4262 totidem

183 4310 322 4366 sirpe
342 4297 516 4351 verbis
531 4306 829 4368 repetatur,
858 4313 920 4352 ac
945 4297 994 4351 in
1020 4299 1161 4367 ipsas
1180 4297 1522 4366 antiphonas,
1547 4314 1770 4368 re5p0n-

183 4390 320 4443 soria
358 4399 410 4442 et
463 4388 694 4460 hymnos
736 4390 864 4444 inde
894 4389 1320 4460 immigraverit)
1361 4406 1464 4445 non
1512 4393 1768 4466 majorem

187 4481 344 4537 Iidem
378 4483 692 4538 merentur:
725 4495 779 4538 et
821 4484 921 4538 hac
947 4485 1154 4539 ratione
1190 4485 1431 4538 evulsmn
1477 4485 1688 4540 tandem
1715 4495 1769 4541 et

1877 3287 2056 3356 plures
2083 3285 2421 3339 ﬁnitimarum
2456 3285 2749 3354 praisertim
2782 3286 2990 3354 tit-bium
3021 3286 3255 3354 episcopi
3288 3285 3454 3339 inter-

1877 3379 2132 3448 fuerunt,
2169 3379 2493 3433 Veronensis
2535 3393 2638 3432 non
2691 3388 2946 3446 appareat
2981 3377 3163 3447 :qttod
3204 3379 3302 3432 etsi
3335 3378 3454 3431 aliis

1875 3473 1942 3528 de
1995 3476 2173 3528 causis
2219 3473 2436 3527 evenire
2469 3472 2634 3540 potuit
2682 3473 2810 3540 quin
2852 3471 2916 3523 ad
2965 3479 3188 3524 mortem
3253 3471 3455 3525 refera—

1875 3581 1994 3621 mus
2048 3565 2160 3636 (alii
2207 3567 2350 3621 enim
2399 3564 2600 3632 aliquot
2644 3564 2889 3618 similiter
2915 3561 3159 3632 abfucre)
3193 3570 3366 3618 tamen
3400 3563 3450 3616 id

1874 3673 1992 3712 eam
2026 3659 2160 3711 forte
2199 3655 2383 3710 habuit
2421 3671 2667 3719 causam,
2703 3653 2842 3721 quod
2874 3653 3088 3710 Zenone
3119 3664 3351 3719 mortuo,
3395 3652 3448 3706 id

1876 3751 2131 3812 temporis
2161 3746 2276 3801 hare
2303 3746 2462 3804 sedes
2486 3755 2718 3800 vacaret.
2745 3746 2832 3798 Sic
2853 3746 2992 3800 enim
3024 3759 3232 3815 inquom
3259 3759 3456 3798 memo-

1875 3850 2007 3893 rata:
2084 3837 2436 3910 redetnptioni
2508 3848 2715 3905 tempus
2781 3835 3115 3904 relinquitur.
3187 3835 3453 3904 Quidquid

1872 3941 2049 3985 autem
2095 3930 2145 3984 id
2172 3938 2274 3992 est,
2328 3929 2511 3997 procul
2539 3928 2702 3982 dubio
2744 3928 2882 3980 inter
2906 3943 3104 3980 annum
3134 3925 3237 3981 356
3263 3935 3314 3980 et
3336 3926 3450 3980 .380

1871 4023 2086 4076 circiter
2116 4021 2346 4074 Zenonis
2369 4018 2605 4088 episc0pi
2630 4031 2758 4071 aztas
2790 4017 3063 4071 statuenda
3096 4029 3196 4071 est.

1943 4113 2076 4168 Huic
2122 4113 2266 4166 :ctati
2296 4127 2456 4180 quam
2486 4111 2624 4166 belle
2654 4121 2950 4179 congruant
2971 4112 3147 4162 omnia
3171 4125 3288 4179 qua:
3317 4125 3452 4179 prre-

1871 4207 2057 4261 scrtim
2104 4221 2168 4260 ex
2211 4204 2524 4259 tractatibus
2563 4203 2741 4272 aliqua
2789 4202 3045 4270 temporis
3075 4212 3197 4255 nota
3227 4202 3450 4271 signatis

1871 4297 2349 4351 animadvertimus
2379 4295 2555 4364 capite
2586 4293 2854 4357 secundo,
2889 4301 3172 4362 antequam
3202 4291 3451 4347 declara-

1871 4407 2011 4456 mus,
2045 4391 2223 4454 liceat,
2253 4403 2457 4458 quaeso,
2498 4388 2614 4443 sine
2658 4388 2760 4441 ulla
2793 4386 3027 4442 audacia:
3068 4401 3290 4440 censura
3338 4387 3449 4455 epi-

1871 4499 2121 4560 scopatus
2159 4491 2274 4558 ejus
2322 4489 2528 4549 initium
2572 4487 2665 4558 (de
2710 4486 2815 4542 line
2857 4486 2998 4540 enim
3027 4485 3254 4540 certiora
3287 4483 3453 4538 docu-

184 4587 430 4627 eversum
478 4574 692 4643 penitus
730 4572 877 4628 vides
907 4571 1340 4642 fundamentum,
1390 4575 1476 4629 ctti
1517 4575 1762 4630 inclitum
1795 4567 1842 4625 D
1874 4593 2050 4637 meum
2109 4575 2473 4651 suggessimus
2500 4578 2950 4650 )_conjeotatione
2998 4575 3226 4641 quadam
3256 4615 3271 4640 ,
3329 4590 3450 4643 qua:

184 4665 247 4721 de
294 4666 521 4721 Zenonis
546 4676 706 4721 aetate
732 4665 958 4722 Gallieni
991 4668 1272 4737 imperium
1302 4666 1594 4737 attingente
1625 4682 1759 4737 pra:-

177 4757 432 4826 judicium
455 4759 715 4813 innititur.
742 4758 858 4813 Hoc
877 4767 1055 4830 autem
1084 4759 1280 4828 posito,
1310 4759 1430 4828 quis
1454 4757 1762 4813 hac'narra-

189 4851 328 4904 tione
357 4859 512 4921 atque
550 4849 866 4920 praajudicio
906 4850 1186 4921 neglectis,
1238 4865 1344 4904 non
1376 4850 1544 4919 magis
1573 4864 1762 4904 assen-

187 4941 416 4995 tiendum
445 4953 590 5009 putet
636 4942 700 4997 iis
727 4943 1063 4997 documentis
1085 4943 1279 5013 quibus
1303 4941 1359 4998 S.
1391 4941 1538 4997 Zeno
1563 4942 1762 4996 saeculo

187 5045 376 5105 quarto
422 5037 617 5090 vixisse
668 5036 1048 5091 convincitur?
1097 5046 1153 5089 ut
1200 5035 1279 5091 sic
1329 5035 1502 5088 altero
1548 5021 1765 5089 Zénone

188 5129 429 5196 excluso,
457 5145 614 5198 quem
647 5128 973 5185 Veronensis
1004 5129 1244 5185 Ecclesia
1293 5144 1560 5199 nunquam
1597 5143 1764 5198 agno-

187 5224 292 5291 vit,
346 5223 436 5280 ille
482 5241 668 5279 eorum
712 5226 1032 5280 traCtatuutn
1079 5234 1265 5280 auctor
1331 5222 1610 5290 habeatur,
1680 5222 1767 5276 cui

189 5315 270 5370 isti
293 5327 352 5371 et
399 5318 447 5373 in
477 5335 646 5385 .mss.,
675 5328 729 5373 et
758 5335 786 5372 a
831 5319 1073 5390 pluribus
1102 5318 1475 5391 scriptoribus,
1515 5327 1569 5373 et
1597 5316 1779 5386 ipsius»

189 5407 425 5462 ecclesia!
471 5409 789 5466 Veronensis
839 5410 1128 5466 traditione
1165 5409 1597 5466 constantissime
1639 5408 1757 5462 vin-

189 5501 444 5560 dieantur.

192 5591 352 5668 [usi]
368 5595 399 5668 §
415 5595 619 5654 V.—-S.
650 5592 873 5654 Zenonis
898 5607 1022 5652 tetas
1047 5598 1197 5651 certis
1232 5596 1417 5664 ﬁnibus
1451 5597 1645 5662 clausa,
1661 5611 1764 5666 qua

459 5707 570 5744 ctuti
597 5691 771 5745 omnia
809 5690 1078 5745 convenire
1108 5696 1472 5745 monstrantur.

259 5782 335 5838 Ex
379 5781 626 5840 hactenus
670 5783 982 5841 constitutis
1009 5783 1302 5852 Scriptoris
1343 5782 1510 5839 nostri
1554 5783 1792 5852 episcoa

1873 4673 2038 4727 menti
2085 4672 2339 4737 occurrit,
2371 4671 2627 4733 indicare,
2657 4661 2741 4723 ita
2762 4679 2936 4723 tamen
2962 4678 3019 4722 ut
3048 4682 3155 4722 non
3181 4664 3451 4719 affirmare

1875 4766 2164 4836 quidquam
2206 4765 2436 4819 velimus
2465 4808 2478 4830 ,
2531 4763 2625 4818 sed
2678 4763 2727 4817 id
2777 4763 2931 4817 unice
2979 4774 3278 4830 proponere
3305 4757 3447 4826 qurd

1868 4859 1961 4912 alii
1988 4857 2285 4912 consultius
2335 4857 2646 4912 exatninent
2671 4899 2684 4920 ,
2713 4855 3147 4923 melioribusque,
3176 4855 3217 4906 si
3243 4863 3454 4920 repere-

1869 4947 1996 5017 rint,
2027 4950 2201 5006 edocti
2243 4949 2626 5018 monumentis,
2656 4950 2768 5004 sive
2797 4955 3070 5017 respuant,
3105 4947 3215 5000 sive
3256 4944 3450 4999 contir-

1869 5051 2036 5097 ment.
2086 5045 2160 5096 Ex
2199 5051 2494 5097 memorata
2526 5041 2794 5095 Ambrosii
2834 5038 3050 5108 cpistola
3082 5051 3224 5090 num.
3258 5035 3318 5087 2i
3356 5049 3447 5103 pa-

1871 5143 1989 5201 tet,
2039 5134 2291 5190 indiciam
2347 5135 2606 5203 virginem
2649 5133 2756 5201 jam
2789 5129 3120 5185 benedictam
3161 5143 3187 5177 a
3233 5125 3447 5180 Zenone

1870 5227 2146 5296 episcopo,
2183 5226 2438 5280 habitasse
2461 5241 2565 5280 una
2614 5241 2732 5277 cum
2764 5221 3087 5284 Marcellina,
3117 5219 3282 5288 ipsius
3314 5218 3444 5272 Am-

1872 5317 2036 5374 brosii
2063 5333 2269 5384 sorore,
2315 5319 2491 5373 Roma:
2531 5318 2753 5371 indomo
2791 5323 2980 5379 nostra,
3017 5313 3187 5382 inquit
3211 5313 3440 5366 Ambro-

1810 5423 1814 5429 ’
1868 5408 2002 5475 sius,
2034 5409 2178 5464 nobis
2206 5410 2518 5474 absentibus,
2551 5409 2601 5461 id
2625 5415 2706 5462 est
2725 5421 2845 5460 cum
2867 5405 3182 5460 Ambrosius
3204 5402 3439 5458 nonduin

1869 5501 2152 5569 episcopus
2181 5499 2451 5555 Romanas
2477 5499 2620 5552 aedes
2650 5497 2867 5552 domum
2897 5512 3047 5551 suam
3083 5483 3441 5566 agnosceret,

1868 5591 1922 5646 in
1946 5591 2135 5661 quibus
2159 5591 2399 5646 habitare
2429 5595 2495 5646 de
2524 5605 2672 5645 more
2702 5591 2935 5653 soleret;
2969 5574 3127 5644 secus
3159 5585 3449 5657 praeteriis-

1870 5693 1952 5740 sct
1981 5691 2034 5738 et
2058 5683 2318 5740 formulas
2355 5684 2409 5751 in
2438 5684 2587 5738 domo
2611 5694 2808 5750 nostra,
2835 5697 2955 5737 cum
2987 5682 3180 5737 domus
3209 5680 3445 5750 episcopi

1873 5794 1980 5836 non
2028 5776 2132 5831 alia
2178 5778 2248 5833 sit
2285 5777 2384 5832 nisi
2415 5776 2736 5847 episcopalis
2764 5776 2983 5840 donius;
3020 5782 3076 5831 et
3112 5772 3234 5829 illas
3257 5773 3444 5827 absen-
