3826 6226
361 242 432 298 79

1719 229 2247 300 PROLEGOMENA.

3558 237 3630 310 ΒΦ

360 362 493 415 tibus
533 356 676 413 nobis
699 355 934 427 ,-quibus
964 350 1205 409 indicare
1241 348 1454 406 videtur
1493 360 1553 402 se
1584 346 1652 402 ab
1679 360 1744 402 ea
1783 346 1944 402 domo
1971 349 2029 420 A_
2047 347 2190 419 quod
2239 349 2291 404 in
2339 349 2503 405 veleri
2546 350 2682 406 libro
2711 351 3183 410 Sacramentorum
3232 353 3479 409 ecclesiae
3508 356 3638 408 Am-

365 461 478 506 tum
501 436 670 507 veluti
699 461 824 502 casu
869 445 1124 510 abfuisse,
1155 440 1297 513 quod
1347 456 1452 494 non
1502 439 1606 494 nisi
1644 439 1696 493 in
1737 448 1950 509 tempus

367 555 492 600 ante
542 543 906 614 episcopatum
951 537 1067 608 ejus
1114 531 1274 590 cadit.
1329 531 1490 603 Atqui
1531 531 1588 587 S.
1635 530 1951 586 Ambrosius

368 641 735 710 episcopatum
782 631 913 688 adiit
954 646 1043 685 an.
1076 627 1202 684 374.
1241 626 1409 718 Igitur
1449 633 1574 680 ante
1611 638 1809 718 annum
1848 623 1953 679 374

369 733 565 790 indicia
596 746 624 785 a
651 729 870 785 Zenone
894 725 1150 795 episcopo
1174 717 1513 787 consecrata,
1544 718 1731 774 Roma:
1761 717 1953 773 fuerat.

374 825 555 896 Itaque
585 821 817 878 Zenonis
846 816 1085 892 episcOpi
1115 814 1266 871 initia
1307 822 1433 869 ante
1463 812 1604 868 hunc
1623 825 1821 866 annum
1850 809 1956 866 574

374 913 684 976 collocanda
712 920 868 976 sunt;
898 925 962 966 ac
986 917 1270 979 praeterea,
1305 917 1362 961 ut
1387 921 1598 975 aquum
1629 913 1836 972 tempus
1861 901 1958 957 de-

375 1021 463 1068 tur
490 1018 544 1067 et
573 1008 815 1067 Romano
860 988 1080 1060 Indicia
1117 1000 1300 1057 itineri
1327 1016 1390 1055 ac
1416 1014 1589 1054 mora:
1610 999 1662 1053 in
1690 995 1960 1052 Ambrosii

378 1102 603 1163 adibus.
626 1107 682 1156 et
713 1099 934 1169 insuper
953 1088 1351 1152 consecratioui
1371 1107 1436 1147 ac
1471 1090 1772 1160 probationi
1813 1087 1962 1159 ejus-

377 1195 500 1252 dem
515 1192 742 1249 Verona
761 1206 857 1260 per
887 1189 1190 1254 Zenonem,
1206 1195 1268 1242 ut
1287 1202 1355 1242 ne
1381 1200 1409 1239 a
1427 1185 1644 1240 Zenone
1667 1184 1754 1238 vix
1781 1191 1964 1238 creato

378 1285 617 1342 antistite
640 1282 823 1353 paucis
839 1278 1032 1355 [Lxxu]
1060 1279 1336 1336 mensibus
1366 1277 1608 1347 probata,
1633 1284 1689 1331 et
1719 1264 1988 1348 virginali‘

377 1379 499 1436 velo
527 1374 782 1447 imposito
795 1367 1088 1430 benedicta
1118 1371 1298 1440 fuerit,
1332 1369 1474 1440 quod
1502 1366 1774 1424 Ambrosii
1804 1367 1968 1422 verba

381 1483 680 1540 sensusque
705 1482 812 1522 non
835 1465 1132 1533 recipiunt;
1154 1461 1304 1518 Zeno
1321 1462 1594 1532 aliquanto
1615 1468 1741 1515 ante
1771 1473 1968 1513 annum

381 1573 594 1640 quoque
618 1564 725 1622 375
754 1562 1124 1632 episcopatum
1153 1559 1381 1630 adeptus
1408 1557 1512 1613 dici
1543 1546 1721 1612 debet.
1758 1555 1890 1610 Dein
1918 1553 1971 1608 in

383 1659 632 1716 omnibus
659 1655 896 1726 antiquis
922 1651 1254 1710 Veronensis
1284 1649 1531 1706 ecclesia:
1555 1648 1707 1726 libris
1737 1655 1846 1702 tres
1868 1660 1968 1700 no-

2052 443 2341 510 brosianae,
2374 460 2533 516 quem
2577 446 2848 503 Pamelius
2891 448 3080 514 edidit,
3126 462 3245 503 cum
3276 462 3326 498 vi
3373 445 3497 499 idus
3536 446 3638 499 de-

2053 536 2287 592 cembris
2339 536 2396 593 S.
2441 537 2671 594 Zenonis
2711 540 2875 596 missa
2925 539 3264 605 describitur,
3296 548 3406 593 tum
3462 538 3517 591 in
3574 552 3639 592 ea

2055 630 2227 684 oratio
2254 630 2445 700 legitur
2470 612 2602 702 pag.
2628 631 2757 700 458,
2782 647 2904 702 qua
2933 630 3001 687 de
3030 630 3368 686 ordinatione
3396 626 3640 698 ejusdem

2057 722 2114 777 S.
2148 723 2384 794 episcopi
2409 724 2652 779 meminit
2673 727 3007 796 apertissime
3035 724 3120 779 liis
3143 723 3357 778 verbis:
3393 720 3644 791 Omnipo-

2059 823 2168 870 tens
2201 816 2504 884 sempiterno
2538 817 2708 884 Deus”,
2749 818 2834 888 qui
2867 817 3067 871 beatum
3092 814 3346 876 Zenonem
3375 816 3644 884 confesso-

2060 924 2169 961 rem
2193 917 2335 962 tuum
2361 899 2752 979 Pontiﬁcalibus
2795 908 2975 979 infulis
2999 897 3272 972 decorasti,
3301 917 3406 962 etc.
3438 904 3645 962 Eodem

2062 1014 2276 1070 quoque
2327 999 2416 1055 die
2457 1000 2808 1056 ordinationis
2856 999 3048 1054 festum
3095 997 3381 1054 notabatur
3437 997 3491 1053 in
3535 1011 3644 1053 ms.

2064 1093 2450 1164 martyrologio
2479 1093 2824 1150 Veronensis
2862 1090 3105 1147 ecclesiae
3155 1104 3246 1144 an.
3295 1089 3455 1157 1274,
3503 1089 3649 1160 quod

2067 1184 2265 1256 Bagata
2309 1194 2365 1240 et
2394 1185 2641 1259 Perettus
2665 1185 2898 1256 allegant
2940 1184 2990 1238 in
3022 1184 3386 1238 monumentis
3414 1183 3649 1254 antiquis

2070 1278 2164 1334 SS.
2195 1278 2571 1350 episcoporum
2601 1278 3014 1350 Veronensium,
3046 1291 3164 1348 pag.
3195 1275 3281 1343 i6,
3300 1285 3357 1331 et
3384 1285 3651 1347 praeterea

2069 1370 2123 1424 in
2168 1372 2299 1441 ipsis
2354 1370 2735 1427 vetustioribus
2779 1369 2938 1441 hujus
2985 1369 3232 1426 ecclesia
3262 1370 3650 1437 monumentis,

2069 1462 2159 1532 qui
2189 1455 2376 1517 eodem
2431 1461 2518 1516 die
2565 1460 2796 1516 basilica
2837 1459 3228 1516 dedicationem
3278 1469 3489 1527 notant,
3540 1475 3653 1515 non

2071 1555 2250 1610 omnia
2275 1555 2326 1608 in
2356 1555 2522 1610 sacris
2548 1552 2738 1609 ofﬁciis
2765 1553 2832 1609 de
2861 1555 3106 1610 ecclesia
3132 1553 3476 1610 dedicatione
3504 1561 3652 1619 sunt,

2072 1660 2131 1704 ut
2160 1649 2274 1706 fere
2301 1649 2474 1704 solent
2523 1649 2576 1704 in
2605 1649 2815 1704 caeteris
2857 1647 3029 1715 libris,
3085 1662 3208 1704 cum
3259 1646 3654 1705 dedicationem

387 1761 568 1819 tantur
588 1749 726 1815 dies,
750 1720 805 1803 in
826 1746 1020 1818 quibus
1046 1742 1280 1799 Zenonis
1300 1741 1557 1798 memoria
1580 1720 1748 1794 sacris
1775 1736 1967 1792 ofﬁciis
1995 1730 2044 1791 B
2071 1744 2297 1815 alicujus
2315 1742 2554 1806 ecclesia:
2575 1740 2950 1798 celebrandam
2972 1741 3277 1812 designant,
3297 1740 3441 1813 quod
3468 1741 3657 1798 videre

387 1843 762 1900 celebrabatur
791 1857 805 1893 :
839 1837 1018 1893 Pridie
1045 1837 1161 1891 idus
1201 1832 1663 1912 aprilis-depositio
1708 1829 1769 1886 S.
1803 1828 1970 1884 Zeno.

365 1912 503 2004 Inis,
557 1952 632 1991 xu
673 1933 779 1988 Ital.
821 1931 963 2006 junii
991 1928 1264 1984 translatio
1305 1926 1365 1983 S.
1398 1925 1643 1991 Zenonis,
1690 1937 1742 1977 vr
1783 1922 1856 1976 id.
1887 1919 1984 1974 des

389 2031 604 2087 cembris
633 2027 890 2082 dedicatio
930 2023 1152 2080 ecclesia
1189 2020 1252 2089 S.
1280 2018 1523 2075 Zenonis.
1550 2012 1612 2072 In
1648 2031 1756 2071 uno
1782 2031 1972 2071 mona-

391 2120 561 2178 sterio
609 2117 849 2174 basilica
898 2114 956 2170 S.
986 2111 1219 2168 Zenonis
1249 2116 1593 2164 monumenta
1622 2106 1820 2172 omnia,
1856 2119 1976 2174 qua

392 2214 598 2284 reliqua
628 2219 775 2278 sunt,
800 2209 927 2265 licet
957 2222 1062 2263 non
1094 2205 1317 2276 multum
1342 2203 1584 2272 antiqua,
1615 2209 1840 2272 quatuor
1859 2199 1977 2254 dies

399 2295 569 2364 festos
600 2305 894 2370 adnotant;
934 2301 1148 2356 additur
1198 2297 1342 2353 enim
1401 2295 1591 2352 festum
1623 2293 1978 2349 ordinationis

399 2404 469 2461 S.
516 2399 771 2463 Zenonis,
801 2397 903 2452 hoc
946 2409 1052 2449 uno
1097 2390 1404 2448 discrimine
1443 2397 1503 2444 ut
1536 2403 1642 2459 quo
1685 2386 1774 2442 die
1801 2401 1856 2440 vr

399 2493 512 2550 deo.
542 2491 661 2546 aliis
703 2490 918 2560 signant
944 2486 1311 2540 dedicationem
1355 2481 1578 2538 ecclesia
1625 2480 1687 2536 S.
1733 2478 1977 2543 Zenonis,

399 2586 456 2641 bi
488 2584 609 2641 libri
640 2583 729 2652 qui
759 2583 826 2636 ad
865 2581 1109 2636 eamdem
1135 2576 1410 2633 basilicam
1438 2574 1729 2645 pertinent,
1782 2573 1981 2641 majus-

400 2692 506 2749 que
550 2675 620 2731 de
645 2673 764 2745 ejus
785 2670 1122 2738 dedicatione
1154 2665 1385 2722 officium
1424 2665 1719 2750 celebrare,
1746 2662 1984 2718 caeteris-

388 2770 510 2843 't]ue
541 2766 794 2838 praferre
823 2763 1158 2825 debuissent,
1187 2756 1562 2815 celebrandam
1605 2764 1791 2812 notent
1840 2754 1985 2810 ordi-

407 2862 662 2916 nationem
688 2856 752 2918 S.
779 2855 1019 2919 Zenonis,
1042 2863 1095 2910 et
1116 2850 1321 2906 duobus
1348 2849 1534 2904 diebus
1565 2857 1707 2918 post,
1741 2845 1792 2901 id
1819 2854 1903 2901 est
1932 2861 1984 2900 tv
2048 2860 2057 2864 ·

407 2953 484 3008 id.
515 2950 811 3013 decembris,
839 2945 1071 3002 basilica
1095 2940 1483 2999 dedicationem
1521 2938 1822 3009 designent.
1849 2935 1986 2993 Vide

409 3041 717 3114 paschalem
742 3037 958 3112 Cyclum
978 3035 1206 3090 solarem
1237 3031 1510 3109 mobilem,
1536 3025 1625 3086 ari.
1654 3028 1817 3095 1455,
1837 3042 1987 3085 com-

2073 1842 2157 1890 est
2195 1835 2249 1889 in
2278 1833 2636 1888 monumentis
2658 1847 2686 1887 a
2712 1832 3011 1888 venerabili
3050 1833 3344 1889 Thomasio
3372 1833 3533 1889 editis
3555 1874 3571 1898 ,
3603 1842 3660 1890 et

2075 1925 2129 1981 in
2157 1925 2586 1982 Sacramentario
2615 1924 2675 1982 S.
2706 1923 2947 1999 Gregorii
2973 1943 2987 1978 :
3011 1925 3107 1981 sed
3130 1926 3402 1997 pleraque,
3428 1940 3492 1981 ac
3521 1939 3659 1995 pra-

2076 2019 2261 2075 sertim
2289 2018 2444 2072 Missa
2466 2033 2531 2072 eo
2562 2017 2678 2087 ipso
2703 2017 2792 2074 die
2835 2019 3040 2090 signata
3067 2032 3130 2074 ac
3171 2017 3390 2074 recitata
3419 2057 3435 2083 ,
3467 2015 3534 2073 ad
3559 2012 3666 2072 Ze-'

2078 2114 2233 2168 nonis
2274 2110 2509 2181 episcopi
2542 2110 2738 2166 festum
2784 2112 3072 2181 pertinent,
3107 2121 3167 2167 ut
3210 2098 3292 2168 es.
3320 2111 3663 2167 documentis

2079 2213 2200 2276 post
2240 2202 2650 2260 dissertationes
2697 2204 3046 2276 subjiciendis
3094 2205 3314 2276 patebit.
3350 2204 3513 2260 Missa
3539 2204 3662 2275 qui-

2079 2297 2200 2376 dem
2229 2299 2289 2356 S.
2313 2299 2634 2370 Zmonis(S.
2657 2301 2897 2367 Zenonis,
2923 2303 3163 2373 inquam,
3193 2317 3299 2357 non
3330 2300 3665 2377 dedicationis

2080 2392 2460 2465 basilica)quod
2472 2395 2619 2449 estde
2633 2410 2800 2449 mense
2810 2394 3105 2458 decembris,
3123 2405 3447 2450 memoratur
3460 2392 3514 2447 in
3529 2392 3672 2447 dua;

2081 2484 2182 2540 bus
2204 2485 2402 2542 chartis
2418 2502 2509 2542 an.
2527 2486 2652 2546 922.
2671 2485 2886 2561 [usui]
2903 2502 3020 2558 pag.
3037 2487 3162 2554 7'52,
3176 2485 3318 2556 apud
3335 2485 3665 2557 Ugliellium,

2085 2587 2215 2634 tom.
2244 2595 2294 2644 ν,
2325 2591 2379 2636 et
2403 2597 2491 2636 an.
2527 2581 2686 2646 1038,
2721 2597 2840 2651 pag.
2867 2580 2993 2647 πει,
3023 2591 3077 2637 et
3099 2581 3341 2652 festivitas
3364 2579 3671 2636 S.‘Zenonis

2084 2687 2253 2726 mense
2287 2671 2536 2727 decembri
2559 2674 2612 2728 in
2630 2674 2731 2727 alia
2753 2671 2936 2727 charta
2951 2687 3038 2726 an.
3057 2670 3189 2734 865,
3230 2686 3348 2742 pag.
3373 2671 3497 2727 72L
3522 2670 3672 2726 Tan-

2085 2760 2229 2829 dem,
2244 2765 2383 2833 quod
2399 2764 2568 2834 pluris
2581 2765 2934 2830 estomnium,
2951 2764 3002 2819 in
3025 2762 3162 2819 libro
3175 2763 3670 2827 Sacramentorum,

2088 2868 2244 2923 quem
2273 2857 2373 2911 sub
2402 2856 2598 2911 Ottone
2627 2871 2753 2927 rege
2791 2856 3051 2926 scriptum
3095 2855 3149 2910 in
3207 2855 3567 2911 Admonitione
3605 2855 3675 2909 ad

2088 2958 2414 3003 monumenta
2431 2949 2752 3016 videbimus,
2773 2964 2874 3004 nec
2894 2964 3000 3004 non
3029 2949 3080 3003 in
3102 2948 3209 3003 alio
3229 2945 3490 3006 Vaticano
3510 2940 3678 3016 3806,

2090 3039 2273 3092 saeculi
2305 3038 2519 3094 circiter
2546 3057 2623 3105 is,
2651 3040 2720 3096 de
2768 3056 2876 3110 quo
2923 3040 3120 3097 ibidem
3164 3042 3268 3097 erit
3308 3055 3491 3097 sermo
3513 3082 3530 3106 .
3554 3041 3685 3097 dua:

412 3111 667 3209 positum,
696 3111 795 3204 qui
830 3130 883 3186 in
922 3129 1228 3186 ambulacro
1273 3126 1390 3196 ejus
1433 3124 1743 3180 monasterii
1771 3123 1983 3187 visitur,

2098 3129 2362 3184 orationes
2413 3129 2519 3184 diei
2576 3131 3017 3187 vui.decembris
3070 3130 3403 3203 adsignata,
3458 3131 3577 3188 initi
3654 3147 3686 3187 a

414 3245 513 3287 nec
535 3243 640 3284 non
691 3223 1010 3282 breviarium
1041 3220 1391 3288 monasticum
1417 3231 1519 3273 ms.
1547 3217 1720 3290 qui-in
1749 3213 1989 3286 ejusdem

340 3388 341 3391 η
414 3320 736 3379 bibliotheca
783 3329 1046 3380 servatur,
1076 3323 1131 3369 et
1175 3312 1341 3368 libros
1384 3309 1846 3374 membranaceos,
1904 3306 1996 3377 qui

417 3415 585 3472 choro
614 3411 928 3475 inserviunt,
961 3407 1156 3478 quique
1183 3405 1392 3462 caeteris
1420 3402 1782 3460 monumentis
1810 3399 1995 3455 viden-

420 3517 508 3562 tur
535 3503 881 3575 antiquiores.
911 3498 1070 3568 Quid,
1100 3497 1312 3560 amabo,
1355 3494 1459 3550 soli
1485 3493 1781 3549 Zenoniani
1812 3505 2001 3546 mona-

422 3597 508 3653 chi
536 3596 603 3651 ad
629 3609 766 3667 quos
802 3607 864 3648 ea
895 3590 1113 3646 basilica
1163 3585 1486 3657 pertinebat,
1513 3583 1681 3670 ipsius
1707 3581 2002 3670 dedicatio.

423 3694 510 3751 nis
534 3693 746 3758 festum,
774 3686 918 3760 quod
944 3683 1154 3741 caeteris
1181 3667 1574 3752 praeferendum
1611 3667 2007 3749 erat,'transfe_-

423 3784 615 3840 rebant
667 3781 721 3835 in
773 3779 931 3833 aliam
988 3774 1152 3837 diem,
1200 3780 1261 3826 ut
1300 3772 1475 3826 locum
1515 3768 1708 3825 darent
1737 3766 1916 3822 ofﬁcio
1941 3765 2010 3822 de

429 3873 761 3931 ordinatione
785 3869 844 3925 S.
878 3864 1135 3928 Zenonis,
1161 3861 1233 3924 de
1260 3875 1362 3931 qua
1404 3860 1494 3916 alii
1523 3859 1655 3916 nihil
1682 3847 2012 3914 celebritatis

429 3961 783 4036 peragerent?
831 3958 890 4014 Si
931 3955 987 4012 id
1014 3955 1235 4023 antiquo
1278 3950 1532 4022 peculiari
1582 3949 1762 4019 aliquo
1792 3963 1861 4003 ex
1907 3947 2015 4002 ritu

431 4054 707 4117 manabat,
759 4063 859 4105 nec
917 4045 1127 4100 noviter
1179 4042 1351 4097 fuerat
1393 4040 1667 4095 inventum
1717 4038 2016 4111 (antiquum

434 4164 566 4207 sane
599 4146 875 4202 insinuant
912 4151 1035 4209 qua
1079 4131 1469 4204 subjiciemus),
1497 4123 1744 4200 proiecto
1771 4131 1848 4185 ita
1871 4129 2021 4184 dedi-

437 4243 579 4301 catio
616 4237 859 4296 ecclesia
906 4230 965 4288 S.
1017 4227 1249 4284 Zenonis
1299 4240 1352 4278 vi
1402 4224 1474 4279 id.
1515 4222 1816 4278 decembris
1855 4221 2022 4278 collo-

439 4331 610 4390 cauda
638 4337 739 4391 est,
764 4334 822 4380 ut
847 4323 900 4377 in
931 4318 1177 4376 eumdem
1212 4329 1425 4386 quoque
1447 4313 1588 4368 diem
1617 4312 1733 4382 ejus
1758 4311 2024 4367 ordinatio

2094 3222 2311 3278 Zenone
2379 3221 2740 3291 pontiﬁcatus,
2782 3237 2877 3279 seu
2925 3223 3301 3293 ordinationis,
3353 3223 3688 3299 mentionem

2093 3314 2347 3376 similiter
2407 3315 2638 3381 iaciunt;
2698 3315 2750 3370 in
2813 3315 3022 3387 Secreta
3077 3317 3220 3372 enim
3265 3317 3344 3372 sic
3395 3315 3629 3376 habetur
3675 3334 3687 3368 :

2102 3407 2262 3481 Deus,
2290 3408 2373 3476 qui
2403 3409 2709 3480 fulgentibus
2753 3409 3043 3481 margaritis
3081 3411 3278 3467 clarum
3324 3411 3496 3466 lum».
3526 3407 3692 3481 infers

2103 3504 2317 3567 mundo,
2344 3501 2430 3571 qui
2471 3501 2614 3557 beato
2659 3501 2968 3572 Pontiﬁcius
2993 3501 3096 3576 (sic
3137 3503 3190 3558 in
3241 3502 3470 3558 laudatis
3496 3517 3690 3567 manu-

2107 3597 2343 3666 scriptis,
2394 3597 2449 3651 in
2502 3596 2737 3653 editione
2787 3591 2964 3653 autem
2995 3585 3233 3653 Romana
3274 3594 3694 3663 Sacramentsrii

2109 3685 2424 3758 Gregoriani
2452 3688 2520 3744 ab
2543 3689 2747 3760 Angela
2790 3689 2966 3746 Bucca
2996 3697 3302 3760 procurata,
3331 3689 3420 3758 ubi
3446 3687 3566 3767 hac
3593 3705 3697 3746 ea-

2110 3781 2236 3859 dem
2265 3781 2425 3837 missa
2453 3781 2776 3849 continetur,
2817 3780 3176 3854 Pontificatui)
3205 3781 3424 3839 Zenonis
3449 3791 3702 3837 aternam

2113 3859 2180 3927 in"
2212 3873 2350 3942 caelis
2396 3889 2638 3928 coronam
2681 3874 2861 3945 gloria
2909 3875 3234 3947 praparasti,
3272 3881 3400 3939 etc.,
3457 3873 3702 3943 apertius

2116 3972 2292 4021 autem
2336 3965 2391 4021 in
2441 3964 2684 4022 oratione
2709 3965 2776 4019 ad
2806 3957 3224 4020 Cominunionem
3250 3981 3270 4018 :
3303 3963 3460 4030 Deus,
3488 3962 3580 4032 qui
3610 3962 3705 4017 tali

2118 4055 2340 4110 ecclesia
2377 4056 2540 4126 fecisti
2562 4056 2873 4127 pontiﬁcem,
2899 4056 3148 4111 nimirum
3176 4054 3237 4111 S.
3261 4053 3536 4110 Zenonem
3565 4067 3703 4122 pon-

2122 4135 2316 4202 fiﬁcem
2339 4145 2686 4202 consecrasti.
2713 4144 2953 4216 lntegras
2975 4144 3421 4214 hasceorationes
3444 4143 3497 4200 in
3523 4142 3707 4200 Missis

2122 4235 2344 4292 inferius
2383 4236 2747 4293 describendis
2793 4238 2960 4309 leges.
3012 4231 3424 4293 Ex‘hlsautem'
3454 4235 3560 4291 erit
3597 4250 3708 4292 non

2125 4344 2305 4396 nemo,
2333 4329 2424 4399 qui
2453 4328 2583 4384 illud
2604 4327 2876 4400 conjiciat,
2905 4328 3046 4401 quod
3069 4327 3195 4384 olim
3225 4326 3386 4392 forte,
3416 4335 3708 4399 antequam

441 4421 710 4485 inciderit,
726 4431 884 4489 quam
907 4427 1037 4470 sane
1056 4423 1198 4467 nunc
1217 4423 1283 4464 eo
1302 4407 1390 4462 die
1412 4421 1476 4462 ex
1501 4415 1769 4475 p05trema
1783 4403 1994 4459 ﬁomau

2131 4420 2187 4477 S.
2220 4419 2450 4476 Zenonis
2478 4419 2696 4482 basilica
2722 4419 3062 4476 dedicaretur
3081 4419 3280 4475 saeculo
3310 4433 3474 4486 nono,
3501 4430 3556 4476 vr
3596 4417 3708 4474 kal.

444 4511 807 4586 Martyrologii
831 4499 1482 4564 recensioneVeronensis
1506 4497 1742 4556 Ecclesia
1761 4497 2022 4554 celebrat.
2049 4494 2105 4557 D
2129 4511 2429 4574 decembris
2476 4510 2832 4569 ordinationis
2872 4512 3133 4577 memoria
3181 4512 3234 4567 in
3296 4511 3465 4582 noris
3515 4507 3714 4566 ofﬁciis

444 4606 707 4680 Equidem
739 4602 794 4657 in
835 4599 1039 4671 pariete
1075 4594 1222 4651 chori
1253 4606 1393 4647 nunc
1418 4605 1586 4662 nuper
1609 4588 1848 4645 demoliti
1885 4589 2024 4644 anti-

446 4717 566 4774 quae
586 4696 806 4767 insignis
832 4691 1097 4763 parocbia
1122 4685 1383 4742 Brisiana
1413 4683 1471 4739 S.
1498 4683 1752 4748 Zenonis,
1785 4697 1902 4754 qua
1930 4683 2030 4737 Pa-

451 4793 594 4850 troni
651 4791 841 4844 festum
885 4786 994 4854 jam
1034 4780 1159 4836 inde
1202 4780 1270 4833 ab
1313 4776 1545 4846 antiquis
1589 4776 1923 4844 temporibus
1963 4775 2030 4829 ad

452 4894 758 4943 nostrorum
793 4875 1104 4931 memoriam
1133 4870 1410 4924 hominum
1433 4867 1738 4922 celebrabat
1759 4882 1810 4920 γι
1833 4867 1906 4921 id.
1941 4866 2035 4922 deo

453 4978 688 5039 cembris
714 4975 820 5030 ritu
857 4968 1190 5026 Confessoris
1227 4948 1519 5025 Pontiﬁcis,
1552 4964 1749 5029 pictura
1779 4961 2037 5016 cerneba-

455 5086 542 5131 tur
567 5069 750 5127 saculi
771 5065 986 5121 circiter
1014 5074 1125 5124 stv,
1162 5071 1282 5125 qua
1309 5059 1792 5117 consecrationem,
1824 5066 1918 5106 seu
1949 5067 2038 5105 or-

458 5164 785 5221 dinationem
816 5158 875 5213 S.
904 5149 1138 5210 Zenonis
1165 5146 1431 5204 referebat
1453 5160 1574 5199 cum
1609 5144 1754 5200 hisce
1780 5142 2038 5212 subjectis

465 5254 742 5313 versiculis
774 5271 788 5306 :

440 5377 442 5379 '
557 5368 782 5417 Sacr-stur
803 5361 955 5422 Zeno,
973 5361 1177 5422 renovat
1198 5353 1430 5422 solemnia
1450 5351 1703 5414 templum.

619 5427 718 5476 Vos
737 5426 851 5475 date
873 5417 998 5482 tura,
1012 5421 1076 5482 pii
1100 5433 1111 5467 :
1130 5421 1225 5467 sint
1248 5417 1326 5479 pia
1346 5423 1454 5465 tura
1477 5426 1667 5477 preces.

540 5529 739 5600 Quibus
774 5526 977 5582 duobus
1025 5523 1245 5592 pictura
1273 5531 1327 5576 et
1355 5520 1744 5576 versiculorum
1791 5521 2036 5577 testimo-

469 5626 568 5681 niis
594 5637 711 5680 eam
741 5618 884 5675 diem
915 5615 972 5670 S.
991 5613 1220 5669 Zenonis
1244 5611 1566 5666 ordinationi
1595 5626 1803 5668 sacram
1830 5622 2043 5669 vetusta

475 5717 755 5776 traditione
801 5707 965 5764 fuisse
1013 5705 1248 5763 habitam
1299 5703 1454 5773 plane
1499 5704 1847 5773 significatur.
1903 5706 2042 5774 Quid

2130 4605 2303 4659 li’eret.
2334 4603 2404 4660 At
2437 4603 2627 4660 eodem
2663 4603 2750 4660 die
2773 4614 3086 4660 consecrata
3113 4603 3343 4660 subinde
3370 4602 3613 4673 basilica,
3646 4605 3714 4660 de

2131 4710 2234 4766 qua
2269 4694 2504 4750 facienda
2544 4703 2691 4750 esset
2723 4695 3011 4766 quotannis
3047 4695 3286 4761 mentio,
3316 4695 3388 4750 ita
3438 4694 3716 4764 utriusque

2136 4788 2257 4842 festi
2283 4786 2582 4842 celebritas
2593 4786 2777 4858 juncta
2807 4787 2972 4844 fuisse
2996 4787 3228 4854 videtur,
3259 4796 3332 4842 ut.
3359 4786 3559 4858 aliquid
3588 4785 3720 4858 qui-

2137 4877 2256 4932 dem
2301 4877 2368 4933 de
2416 4877 2754 4935 dedicatione
2793 4879 3045 4935 basilicae'
3078 4879 3350 4937 diceretur
3400 4881 3462 4933 in»
3498 4877 3716 4944 ofﬁciis,

2141 4968 2397 5037 pleraque
2417 4979 2591 5024 tamen
2619 4969 2794 5024 adhuc
2817 4970 2886 5026 de
2909 4969 3266 5036 ordinatione,
3295 4985 3388 5027 seu
3413 4969 3478 5026 de
3499 4955 3721 5025 Zenone

2145 5060 2217 5112 uti
2261 5060 2510 5128 episcOpo
2540 5060 2901 5116 retinerentur
2931 5079 2944 5116 :
2975 5063 3190 5119 interim
3219 5078 3346 5120 vero
3366 5062 3721 5120 dedicatioiiis

2144 5149 2339 5206 festum
2392 5163 2574 5223 utpote
2627 5157 2895 5212 recentius
2937 5156 2991 5211 in
3018 5159 3188 5214 'libris
3219 5159 3501 5216 ritualibus
3543 5159 3725 5215 notari

2145 5242 2328 5307 capit,
2352 5251 2416 5322 ut
2439 5259 2468 5298 a
2501 5245 2666 5298 titulis
2703 5255 2758 5298 et
2785 5245 3108 5300 calendariis
3135 5247 3487 5302 ordinationis
3513 5248 3728 5307 mentio

2145 5335 2344 5388 sensim
2370 5335 2650 5391 deciderit.
2699 5336 2758 5391 In
2790 5336 2903 5406 ipsa
2929 5344 3111 5391 autem
3161 5337 3383 5392 basilica
3411 5337 3723 5393 Zenoniana

2143 5441 2265 5483 cum
2309 5427 2633 5497 pracipuum
2665 5426 3030 5496 dedicationis
3052 5425 3304 5507 ofﬁcium,
3335 5441 3444 5482 non
3483 5441 3726 5483 comme-

2149 5519 2376 5576 moratio
2419 5520 2642 5588 simplex
2688 5519 2907 5598 agenda.
2936 5528 3110 5584 esset;
3141 5526 3354 5574 retento
3394 5507 3460 5574 ea
3486 5517 3726 5598 antiqua

2146 5612 2235 5669 die
2260 5612 2611 5669 ordinationis
2631 5611 2832 5679 ofﬁcio,
2859 5611 3094 5667 ofﬁcium
3124 5608 3477 5665 dedicationis
3501 5608 3554 5665 in
3581 5607 3721 5666 diem

2147 5705 2308 5762 aliam
2338 5704 2651 5763 translatum
2682 5703 2801 5771 fuit,
2833 5700 3280 5774 quemadmodum
3306 5700 3426 5757 aliis
3468 5699 3723 5771 exemplis
