3826 6226
361 222 430 277 ,5
905 215 908 218 -
1549 178 1563 236 Γ
1726 203 2258 260 PROLEGOMENA.
3136 165 3141 168 ’
3583 209 3649 263 si

360 332 614 409 praemitti
646 330 859 386 solitam
889 325 1087 396 prodit,
1120 332 1174 377 et
1217 323 1406 391 aquam
1437 319 1686 389 baptismi
1717 319 1945 375 calefae-
1974 323 2024 381 Α
2052 337 2170 392 qua:
2203 331 2311 375 tum
2339 324 2596 387 temporis
2623 304 2752 374 nihil
2783 319 3141 387 offenderent,
3175 329 3296 389 post
3323 330 3486 387 natas
3519 337 3652 375 vero

363 406 497 493 tam,
525 441 587 480 ac
613 439 706 495 per
730 420 945 476 eanales
972 406 1226 470 continuo
1246 414 1623 468 decurrentem
1653 412 1716 466 in'
1735 426 1949 467 sacrum
1994 485 2001 490 _

366 523 604 582 fontem,
657 521 712 569 et
772 509 1050 567 denarium
1121 504 1376 574 singulari
1432 503 1588 573 plane
1643 502 1948 558 testimonio

369 607 653 681 baptizatis
683 602 933 659 traditum
965 597 1184 664 indicat,
1234 603 1430 666 praeter
1474 595 1578 650 alia
1613 596 1778 650 multa
1828 613 1950 667 qum

367 705 433 760 ad
463 698 968 758 catechumenorum
1014 704 1240 746 examen
1286 696 1435 743 certo
1466 687 1674 743 dierum
1723 694 1949 743 numero

368 795 670 858 definitum,
706 789 771 844 ad
800 787 900 850 sal,
941 785 1140 850 oleum,
1166 783 1266 851 la‘c,
1313 791 1519 837 vestem
1555 781 1764 847 albam,
1812 781 1948 836 alia-

369 906 472 961 que
495 883 789 956 spoliatius
818 880 871 933 in
895 874 1231 947 baptiSmatis
1259 876 1364 928 ritu
1389 872 1625 930 celebria
1653 873 1947 944 pertinent.

369 977 758 1038 Eucharistiam
783 973 885 1028 sub
907 979 1130 1040 utraque
1157 968 1337 1038 specie
1360 969 1628 1032 traditam,
1653 976 1708 1023 et
1728 969 1950 1022 domum

367 1074 539 1129 adhuc
557 1071 622 1125 eo'
639 1066 837 1123 sazculo
859 1063 1197 1134 deportatant
1225 1061 1324 1114 sub
1349 1061 1527 1130 specie
1555 1060 1724 1130 panis,
1753 1060 1950 1116 solem-

369 1166 548 1222 uitatis
580 1160 847 1234 paschalis
875 1156 1224 1212 cmremonias
1262 1153 1464 1210 aﬂabre
1509 1152 1841 1225 descriptas,
1869 1153 1953 1225 je-

364 1259 634 1330 juniorum
651 1247 1201 1321 Quadragesimalium
1224 1246 1643 1314 observantiam,
1664 1245 1967 1316 conjugum

370 1350 423 1407 id
463 1345 719 1416 temporis
767 1340 1185 1407 continentiam,
1221 1336 1484 1392 cadavera
1533 1337 1952 1393 christiauorum

370 1438 424 1497 in
456 1439 699 1496 ecclesiis
731 1435 902 1507 palam
935 1431 1201 1500 exposita,
1232 1429 1359 1485 dum
1407 1444 1556 1484 sacra
1587 1427 1761 1484 officia
1795 1444 1953 1499 pera-
2045 1482 2047 1484 .

298 1554 302 1558 '
372 1543 646 1608 gerentur,
699 1539 753 1585 et
807 1529 955 1600 plura
1008 1526 1069 1581 id'
1112 1525 1324 1596 generis
1371 1525 1535 1578 multa
1593 1526 1955 1594 prmtermitti—

374 1646 490 1684 mus
535 1641 654 1698 quae
706 1639 771 1679 ex
827 1619 1004 1676 Indice
1054 1617 1306 1674 facillime
1344 1615 1585 1687 colliges.
1641 1615 1775 1672 Vide
1817 1632 1956 1687 prae-
2004 1642 2007 1643 ν

371 1723 555 1788 sertim
585 1732 702 1788 quae
729 1714 795 1769 de
821 1709 1028 1785 [Lxxvt]
1046 1711 1146 1765 ritu
1169 1709 1448 1763 ordinandi
1473 1700 1764 1777 ministros,
1784 1725 1846 1765 ac
1872 1726 1966 1774 re:
1984 1705 2032 1765 B

373 1809 691 1870 conciliandi
759 1806 1081 1878 pmnitentes
1155 1803 1226 1855 in-
1259 1801 1532 1872 paschale,
1581 1802 1957 1872 antiquissimo

376 1907 532 1977 plane
579 1901 815 1958 Omnium
873 1897 1213 1958 testimonio,
1255 1892 1362 1947 imo
1410 1905 1465 1948 et
1501 1895 1660 1948 unico
1715 1893 1958 1963 proditur

379 2007 532 2055 tract.
567 1996 636 2051 50
683 1994 774 2048 lib.
807 2008 864 2054 n,
895 1990 1035 2045 unde
1061 1990 1236 2058 ignota
1258 1988 1514 2041 hactenus
1544 1987 1837 2056 disciplina:
1869 2003 1957 2043 ec-

377 2091 691 2149 clesiastica:
718 2086 901 2141 notitia
949 2082 1189 2148 elicitur,
1230 2097 1331 2151 qua
1380 2079 1709 2136 eruditorum
1755 2081 1960 2151 aliquot

379 2193 696 2239 communes
743 2175 1031 2244 cceteroqui
1075 2175 1356 2229 sententiae
1384 2183 1719 2240 evertuntur,
1748 2173 1832 2229 vel
1860 2190 1960 2230 ex-

380 2274 628 2344 ceptione
660 2269 836 2340 aliqua
861 2266 1107 2321 notanda:
1138 2274 1280 2319 sunt.
1618 2258 1626 2263 ’

453 2365 704 2434 δράίιοω
726 2362 792 2415 ad
820 2358 1045 2428 insignia
1076 2357 1326 2428 dogmata
1354 2356 1727 2412 constituenda
1779 2357 1966 2413 confe-

381 2465 525 2524 runt,
562 2453 919 2525 frequentiora
946 2454 1091 2506 sunt.
1138 2450 1240 2503 Pro
1281 2459 1502 2518 peccato
1531 2447 1778 2518 originali
1818 2463 1966 2503 asse-

383 2549 551 2604 rendo
580 2549 650 2600 ita
678 2558 960 2614 expresse,
995 2542 1120 2596 licet
1162 2555 1255 2610 per
1281 2540 1497 2610 figuras,
1531 2540 1787 2610 loquitur,
1836 2541 1965 2596 utsi

385 2645 442 2700 S.
473 2625 800 2712 Augustinus
821 2637 1011 2692 hortfrn
1032 2643 1347 2690 tractatuum
1377 2635 1648 2689 habuisset
1669 2637 1963 2705 exemplar,

387 2736 519 2789 nihil
549 2729 894 2787 dubitandum
942 2730 1011 2782 sit
1055 2728 1418 2797 quin-contra
1469 2727 1669 2796 Pelagii
1718 2726 1968 2782 lueresim

389 2827 530 2880 hunc
561 2826 770 2878 Patrem
813 2822 1183 2893 gravissimum
1208 2818 1541 2874 auctoritatis
1573 2835 1634 2875 ac
1666 2820 1968 2876 traditionis

387 2909 554 2990 gratia
599 2917 906 2984 objecisset.
953 2913 1084 2967 Vide
1140 2921 1294 2966 tract.
1356 2911 1422 2967 16
1473 2912 1567 2967 lib.
1616 2929 1656 2979 ι,
1715 2930 1858 2968 mnn.
1911 2915 1965 2981 5,

389 3011 572 3064 adnot.
605 3009 691 3074 iii,
724 3007 812 3060 ubi
844 3005 1084 3059 omnium
1121 3017 1398 3072 poenarum
1444 3005 1815 3072 temporalium
1844 3020 1971 3060 cau-

2056 413 2290 469 hmreses
2321 412 2560 483 lixasque
2586 411 2844 467 formulas
2872 411 3159 482 displicent
3185 453 3199 477 ,
3229 427 3294 467 ac
3325 411 3651 481 detorqueri

2053 507 2104 560 in
2136 506 2331 562 malum
2365 520 2581 560 sensum
2606 513 2849 574 possunt.
2873 504 3008 559 Hinc
3033 504 3085 558 in
3114 502 3454 558 vindicandis
3483 518 3656 572 expo-

2056 601 2355 668 nendisque
2382 599 2433 654 id
2462 599 2678 670 generis
2710 598 3072 654 locutionibus
3091 603 3219 653 ‘cum
3249 596 3654 652 catholicorum

2058 709 2249 764 magna
2275 708 2489 762 semper
2517 707 2643 747 cura
2672 690 2791 756 fuit,
2833 701 2943 746 tum
2973 691 3238 746 editorum
3278 705 3339 744 ea
3386 699 3654 754 censetur

2053 785 2345 855 praecipua,
2375 783 2513 838 adeo
2543 795 2598 838 ut
2641 785 2684 838 si
2722 782 2863 854 quis,
2897 783 2985 838 ubi
3026 783 3095 838 sit
3121 798 3278 854 Opus,
3315 782 3382 838 ab
3412 797 3480 838 ea
3515 781 3655 838 defi-

2053 879 2181 942 ciat,
2210 876 2540 948 imperfectze
2565 876 2818 933 editionis
2841 877 2964 944 jure
2994 879 3295 932 accusetur.
3326 873 3519 947 Itaque
3552 877 3653 932 Ze-

2054 969 2212 1024 nonis
2235 970 2537 1025 locutiones
2566 985 2630 1025 ac
2655 969 2950 1026 sententias
2981 969 3187 1039 aliquas
3225 968 3503 1026 vindicare
3542 970 3652 1024 dis-

2054 1062 2361 1121 sertationis
2391 1062 2550 1132 hujus
2576 1062 2702 1128 erit,
2727 1077 2886 1132 quam
2917 1077 3016 1132 pro
3057 1049 3503 1122 vindicandarum
3547 1080 3649 1119 nu-

2054 1172 2204 1215 mero
2235 1158 2286 1212 in
2316 1157 2500 1214 decem
2528 1158 2702 1228 capita
2723 1157 3088 1213 distinximus.

2445 1294 2674 1368 [Luvnj
2707 1294 2930 1352 CAPUT
2962 1294 3001 1351 Ι.

2056 1402 2286 1452 ΩυΕΒΔΙ
2313 1402 2380 1442 DE
2411 1403 2636 1444 BTERNA
2663 1404 2816 1444 VEBBI
2837 1405 2923 1444 DEI
2947 1403 3316 1451 GEIBBATIONB
3345 1406 3392 1447 8.
3425 1407 3654 1448 ΖΒΝΟΝΙΞ

2131 1494 2392 1536 ῑοιιιιυιιε
2425 1496 2458 1536 Δ
2484 1496 2697 1536 ΡΕτΑνιι
2737 1497 2971 1538 οεηεωιλ
3011 1499 3400 1554 νιιωιολιητωι,
3440 1501 3656 1541 εΔιιυι·

2130 1589 2339 1638 θειουε
2365 1588 2658 1632 SENTENTIA
2683 1589 3003 1630 EXPONITUB.

2331 1689 2358 1760 ᾗ
2385 1688 2427 1744 Ι.
2457 1719 2525 1730 --
2553 1687 2864 1760 PrOpom'tur
2895 1689 3088 1746 Petavii
3112 1708 3344 1751 censura.
3421 1723 3428 1729 -

2130 1801 2186 1857 Si
2230 1815 2346 1857 eam
2375 1801 2720 1881 locutionem,
2749 1817 2852 1872 qua
2881 1801 3119 1857 divinum
3147 1803 3375 1859 Verbum
3427 1819 3456 1858 λ
3490 1803 3658 1860 Patre

2063 1905 2170 1949 tum
2225 1894 2554 1963 processisse
2613 1893 2865 1947 traditum
2915 1904 3021 1961 est,
3067 1908 3187 1949 cum
3232 1894 3301 1950 de
3365 1897 3657 1951 creatione

2061 1984 2245 2040 mundi
2267 1983 2546 2038 consilium
2577 1993 2789 2053 captum
2834 1982 2952 2050 fuit,
2977 1984 3042 2038 P.
3075 1983 3358 2057 Dionysius
3388 1986 3647 2041 Petavius

2062 2077 2348 2132 Societatis
2377 2076 2503 2131 Jesu
2533 2076 2742 2146 insigne
2770 2083 3144 2131 ornamentum
3187 2077 3325 2146 apud
3367 2093 3536 2132 unum
3572 2078 3658 2133 vel

2062 2171 2290 2225 alterum
2314 2183 2379 2223 ex
2403 2167 2764 2222 Anteniczenis
2783 2167 3030 2222 Patribus
3045 2175 3234 2222 nactus
3251 2177 3422 2236 esset;
3449 2168 3656 2236 adhuc,

2063 2265 2236 2335 quoad
2268 2262 2382 2317 ﬁeri
2413 2261 2580 2327 licet,
2611 2261 2797 2317 fuisset
2823 2261 3224 2332 interpretanda
3245 2304 3260 2328 ,
3292 2279 3357 2319 ne
3387 2263 3656 2320 Arianum

2065 2371 2282 2413 sensum
2308 2358 2584 2410 continere
2621 2353 2901 2420 videretur
2926 2373 2938 2407 :
2966 2354 3049 2410 vel
3094 2359 3139 2409 si
3166 2355 3384 2411 dubium
3407 2372 3535 2412 esse
3566 2372 3661 2426 po-

2068 2451 2276 2512 tuisset,
2312 2461 2381 2501 ne
2425 2445 2638 2501 Ariana:
2667 2446 2946 2504 sententia:
2974 2461 3112 2501 unus
3139 2454 3231 2502 aut
3269 2449 3405 2503 alter
3427 2449 3659 2518 quibus-

2068 2543 2189 2596 dam
2222 2540 2580 2596 loeutionibus
2603 2539 3023 2618 praecinuisset;
3068 2551 3188 2594 cum
3232 2553 3338 2594 non
3366 2553 3568 2596 omnes
3594 2541 3660 2595 iis

2070 2633 2257 2702 primis
2315 2631 2644 2701 temporibus
2689 2630 2927 2684 definitae
2978 2638 3034 2685 et
3071 2631 3350 2686 enucleate
3393 2633 3659 2702 exposita:

2071 2724 2267 2778 fuerint
2337 2723 2579 2778 formulae
2637 2723 2828 2792 quibus
2885 2721 3133 2776 catholici
3186 2722 3253 2777 de
3306 2725 3660 2793 generatione

2075 2817 2233 2872 Verbi
2263 2817 2542 2886 loquentes
2587 2818 2882 2881 uterentur,
2925 2815 3247 2884 parcendum
3279 2815 3508 2886 Petavio
3540 2832 3660 2871 cre-

2070 2911 2344 2975 deremus,
2375 2911 2418 2963 si
2455 2923 2694 2963 errorem
2739 2919 2830 2962 aut
2856 2911 3057 2963 erroris
3085 2909 3378 2978 perieulum
3413 2925 3520 2964 non
3567 2924 3660 2963 exe

2072 3019 2284 3070 cusans,
2319 3003 2412 3058 sed
2453 3002 2704 3072 prodens,
2732 3002 3025 3056 cavendum
3059 3002 3389 3058 monuisset.-
3420 3003 3493 3057 At
3534 3017 3657 3056 cum

390 3123 503 3163 sam
527 3110 578 3160 in
615 3104 846 3175 priorum
879 3108 1152 3171 parentum
1179 3101 1389 3169 culpam
1415 3101 1753 3170 apertissime
1780 3101 1966 3170 refert,
1995 3085 2040 3146 C
2076 3113 2181 3151 non
2215 3113 2351 3150 unus
2382 3087 2474 3149 aut
2503 3097 2657 3161 alter,
2692 3096 2784 3149 sed
2815 3095 2996 3165 plures
3017 3095 3358 3149 .Antenicmni
3386 3095 3658 3164 iidemque

391 3217 442 3256 et
485 3207 639 3254 tract.
687 3198 752 3251 15
799 3194 1039 3264 ejusdem
1083 3193 1203 3247 libri
1247 3191 1390 3246 nunt.
1428 3192 1516 3258 η,
1564 3209 1626 3247 ac
1670 3195 1966 3263 praisettim

395 3301 550 3346 tract.
586 3289 651 3344 59
681 3297 734 3342 ct
761 3285 830 3339 42
863 3286 960 3355 lib.
1005 3301 1062 3362 tt,
1098 3285 1183 3340 ubi
1213 3294 1440 3340 mortuos
1466 3286 1713 3353 primum,
1769 3287 1856 3356 qui
1905 3287 1971 3342 ad

393 3384 652 3450 baptisma
685 3378 964 3442 accedunt,
997 3376 1119 3431 dein
1149 3392 1274 3430 vero
1305 3378 1439 3430 vivos
1471 3376 1711 3431 redditos
1756 3379 1804 3432 in
1837 3378 1970 3448 bap-

394 3480 608 3531 tismate
627 3472 926 3536 affirmans,
972 3470 1276 3538 veterisque
1304 3469 1537 3524 hominis
1567 3471 1617 3524 in
1650 3471 1972 3540 baptismate

392 3569 567 3625 necati
595 3555 924 3621 mentionem
952 3563 1171 3629 faciens,
1199 3562 1267 3617 de
1291 3563 1534 3633 originali
1558 3563 1710 3634 culpa
1740 3564 1969 3619 animam

392 3663 672 3719 occidente
702 3668 886 3729 aperte
916 3665 1161 3712 testatur.
1190 3655 1560 3726 Exploratiora
1591 3669 1736 3722 sunt,
1763 3673 1881 3728 qua:
1905 3659 1972 3712 de

391 3755 725 3824 baptismatis
767 3751 980 3815 virtute,
1037 3749 1088 3800 in
1138 3763 1245 3817 quo
1291 3749 1469 3801 omnia
1514 3748 1715 3817 quaevis
1756 3759 1970 3817 peccata

392 3848 549 3918 plane
573 3835 853 3908 delentur,
880 3840 946 3896 de
971 3839 1283 3895 charactere
1303 3839 1391 3909 qui
1415 3839 1466 3892 in
1489 3840 1753 3909 baptismo
1778 3840 1972 3895 animae

395 3937 737 4008 imprimitur,
782 3949 879 3988 nec
907 3932 1074 3987 deleri
1103 3946 1333 4002 unquam
1367 3941 1540 4001 potest
1572 3933 1590 4005 (
1619 3932 1759 3986 unde
1789 3933 1970 3987 iterari

395 4033 447 4086 id
503 4032 894 4083 sacramentum
946 4024 1192 4094 nequit),
1221 4024 1286 4078 de
1329 4027 1530 4093 gratia,
1578 4039 1696 4094 qua:
1743 4025 1794 4078 in
1841 4025 1972 4094 bap-

305 4116 311 4126 ’
395 4121 606 4178 tismate
645 4133 751 4174 non
778 4117 963 4172 eadem
996 4116 1272 4178 omnibus,
1306 4115 1398 4169 scd
1441 4131 1537 4185 pro
1579 4117 1726 4171 vario
1755 4118 1973 4171 merito-

397 4233 513 4271 rum
544 4211 853 4269 discrimiue
879 4209 1050 4279 major
1070 4218 1124 4263 et
1147 4208 1319 4262 minor
1343 4207 1641 4274 confertur,
1676 4209 1742 4263 de
1774 4225 1970 4279 puero-

397 4322 514 4363 rum
553 4315 606 4362 et
645 4304 924 4360 infantium
969 4301 1233 4370 baptismo
1256 4343 1269 4367 ,
1301 4301 1368 4355 de
1404 4303 1782 4356 communione
1819 4318 1973 4358 sanc-

397 4410 596 4465 torum,
618 4391 686 4454 δέ
710 4389 904 4452 virtute
927 4395 1155 4450 clavium
1191 4396 1465 4462 Ecclesite,
1495 4397 1561 4452 de
1582 4397 1846 4453 sacrificio
1876 4413 1972 4468 pro

2074 3187 2500 3259 prmstantissimi
2534 3187 2722 3241 Patres
2748 3202 2865 3241 eam
2898 3187 3222 3242 locutionem
3257 3201 3548 3256 usurpasse
3580 3190 3661 3240 in-

2077 3282 2220 3362 venti
2268 3282 2503 3347 fuerint,
2537 3280 2908 3335 abstinendum
2959 3281 3057 3352 ipsi
3087 3282 3307 3336 omnino
3350 3292 3469 3336 erat
3498 3286 3566 3336 ab
3597 3298 3658 3336 ea

2076 3383 2201 3428 nota
2241 3388 2380 3441 quae,
2431 3371 2474 3426 si
2528 3372 2650 3441 quid
2700 3372 2941 3436 valeret,
2995 3373 3295 3426 traditionis
3339 3383 3395 3427 et
3439 3373 3657 3426 Patrum

2076 3463 2380 3518 auctoritati
2415 3463 2700 3531 plurimum
2726 3463 3052 3526 detraheret,
3079 3477 3176 3516 nec
3196 3463 3522 3531 aperiendus
3543 3459 3658 3515 ha:-

2075 3555 2257 3611 reticis
2299 3554 2474 3608 aditus
2503 3594 2517 3618 ,
2547 3566 2602 3607 ut
2644 3555 2745 3608 hoc
2792 3553 3044 3608 catholici
3074 3554 3476 3624 doctissimique
3505 3556 3660 3608 theo-
3699 3557 3702 3560 ’

2075 3649 2179 3719 logi
2214 3647 2519 3702 testimonio
2561 3646 2817 3702 adversus
2848 3646 3181 3713 traditionem
3228 3657 3280 3702 et
3321 3646 3509 3701 Patres
3553 3664 3657 3701 non

2077 3739 2194 3792 sine
2223 3724 2417 3806 magno
2460 3736 2842 3791 catholicorum
2873 3737 3179 3807 dogmatum
3218 3737 3528 3807 prasjudicio
3576 3739 3656 3790 in-

2075 3839 2374 3898 surgerent.
2403 3827 2534 3883 Cum
2567 3844 2725 3898 porro
2758 3845 2861 3884 non
2895 3821 3226 3883 Antenicazni
3255 3830 3429 3884 solum
3457 3820 3660 3899 aliquot

2075 3921 2279 3988 Patres,
2309 3919 2405 3975 sed
2435 3920 2672 3974 nonnulli
2702 3920 2864 3976 etiam
2896 3919 3110 3975 NiCaatta
3152 3921 3358 3992 synodo
3385 3926 3645 3991 posterio~

2075 4027 2162 4068 res
2188 4053 2203 4079 ,
2239 4014 2326 4082 qui
2376 4012 2632 4077 adversus
2658 4013 2888 4066 Arianos
2934 4027 3030 4081 pro
3060 4023 3204 4067 recta
3244 4011 3346 4066 fide
3393 4016 3658 4068 acerrime

2077 4105 2419 4168 dimicarunt,
2467 4103 2654 4157 eadem
2691 4103 2940 4169 loquendi
2973 4101 3198 4156 formula
3245 4103 3324 4157 usi
3357 4103 3658 4173 deprehen-

2076 4199 2302 4266 dantur,
2333 4198 2517 4252 videre
2565 4198 2803 4268 profecw
2838 4197 3030 4253 debeat
3078 4199 3126 4252 ei
3168 4198 3419 4253 locutioni
3457 4212 3658 4255 rectum

2077 4292 2510 4361 catholicumque
2533 4306 2752 4346 sensum
2777 4293 2949 4346 inesse
2971 4297 3243 4361 oportere,
3270 4292 3358 4362 qui
3382 4292 3450 4347 ab
3467 4295 3658 4347 Ariana
3710 4349 3721 4355 ,

2080 4385 2269 4441 haeresi
2303 4385 2588 4454 plurimum
2612 4384 2809 4449 distet;
2837 4391 3034 4438 etcum
3064 4383 3117 4437 in
3139 4399 3204 4437 eo
3228 4383 3478 4440 laborare
3499 4385 3661 4440 debe-

399 4493 644 4560 mortuis,
667 4487 1972 4560 deexhomologesi,seuconfessioneetpmniten-
1999 4469 2051 4527 D
2079 4477 2190 4544 bal.
2223 4487 2279 4531 ιιι
2319 4477 2458 4531 hum
2497 4488 2737 4560 εθιξευηὶν
2785 4475 3108 4544 quicumque
3150 4475 3239 4542 είῐν
3289 4486 3504 4532 erueret
3551 4489 3656 4531 ιυῐιι

398 4584 466 4640 tia
501 4593 867 4652 peccatorum,
897 4579 965 4634 de
996 4586 1251 4649 perpetua
1288 4579 1347 4633 Β.
1383 4578 1614 4651 Virginis
1653 4570 1831 4636 Mariae
1855 4583 1970 4649 ,vir-

397 4673 651 4745 ginttate,
684 4673 907 4737 aliisque
941 4669 995 4724 id
1034 4671 1248 4741 generis
1277 4671 1520 4742 pluribus
1546 4671 1801 4728 Ecclesiae
1843 4675 1973 4745 dog-

401 4763 630 4818 matibus
654 4761 948 4829 frequentia
972 4773 1025 4815 et
1046 4761 1309 4816 luculenta
1331 4747 1618 4835 suppetunt
1642 4765 1969 4833 testimonia,

403 4864 458 4907 ut
485 4848 891 4918 recenserejam
919 4852 1110 4918 pigeat.
1131 4850 1239 4906 Sed
1268 4851 1380 4907 haec
1411 4852 1676 4910 iiidl'ca'sse
1700 4855 1932 4913 sufficiat
1958 4875 1972 4913 :

404 4946 556 5015 plura
587 4943 822 4997 inveniet
849 4942 936 5010 qui
964 4942 1171 5011 legerit.

475 5036 615 5090 lutei-
643 5043 722 5088 tot
759 5043 934 5087 autem
965 5048 1026 5087 ac
1063 5043 1171 5090 tam
1201 5034 1508 5106 praestantia
1537 5039 1814 5096 catholicae
1855 5043 1978 5099 fidei

409 5126 733 5188 testimonia,
766 5123 947 5192 negari
981 5125 1084 5176 noti
1116 5135 1291 5193 poteSt
1335 5127 1459 5196 qnin
1489 5130 1662 5198 aliqua
1693 5144 1978 5188 occurrant

405 5215 563 5284 paulo
585 5212 817 5275 duriora;
845 5213 962 5282 quai
992 5213 1262 5269 offendere
1286 5231 1392 5269 non
1427 5218 1599 5272 nullos
1631 5228 1871 5288 potuere.
1902 5221 1974 5277 At

409 5309 506 5359 hoc
533 5319 652 5359 cum
697 5305 945 5358 omnibus
972 5306 1206 5375 antiquis
1232 5320 1513 5363 connnune
1539 5319 1637 5363 est.
1668 5309 1799 5365 Cum
1830 5313 1973 5368 enim

407 5397 508 5450 alia
557 5397 676 5449 aliis
718 5393 1044 5465 temporibus
1078 5409 1131 5451 et
1170 5399 1300 5454 locis
1342 5401 1498 5457 Verba
1550 5416 1612 5457 ac
1677 5404 1977 5462 locutiones

408 5486 937 5552 adhiberentur,.nec
966 5485 1176 5542 exorta!
1201 5501 1383 5545 essent
1413 5494 1644 5549 haereses
1683 5510 1799 5564 quae
1851 5512 1978 5551 cau-

405 5585 570 5636 tiores
590 5580 940 5636 reddiderunt
962 5583 1165 5646 Patres,
1193 5582 1424 5655 lixasque
1449 5587 1698 5658 loquendi
1723 5589 1978 5647 formulas

407 5680 687 5749 invexere,
726 5682 947 5755 liberius
975 5683 1312 5754 loquentibus
1363 5685 1615 5740 nonnulla
1647 5685 1981 5759 exciderunt,

2081 4587 2208 4626 vero
2239 4570 2291 4622 in
2318 4569 2558 4623 eamdem
2586 4555 2926 4621 sententiam
2973 4576 3047 4622 tot
3077 4568 3453 4622 Antenicaenos
3476 4563 3688 4624 Patres'

2082 4661 2453 4732 interpretari,
2504 4676 2609 4714 non
2653 4675 2779 4714 vero
2832 4658 3016 4714 Ariani
3066 4659 3230 4715 ferme
3278 4663 3476 4716 erroris
3526 4667 3660 4732 prmo

2081 4763 2324 4807 centores
2374 4764 2562 4804 omnes
2611 4750 2908 4804 traducere.
2959 4753 3024 4802 At
3070 4749 3336 4816 Petavius,
3367 4755 3661 4827 Antenicm-

2079 4847 2162 4900 nis
2212 4846 2417 4914 aliquot
2476 4843 2720 4897 Patribus
2773 4843 2910 4896 male
2973 4841 3265 4910 traductis,
3330 4859 3450 4899 cum
3522 4846 3660 4901 venit

2079 4939 2144 4992 ad
2211 4937 2265 4993 S.
2324 4938 2594 4991 Zenonem
2658 4935 2966 5005 episcopum
3035 4934 3438 5002 Veronensem,
3497 4953 3656 5002 eum,

2079 5044 2235 5100 quem
2305 5038 2422 5099 post
2469 5027 2738 5083 Niczenam
2785 5025 3043 5097 synodum
3096 5025 3373 5082 florentem
3416 5029 3657 5084 subindi-

2080 5129 2195 5187 cat,
2234 5134 2331 5174 nec
2375 5135 2479 5173 non
2534 5121 2785 5174 adversus
2826 5119 3049 5172 Arianos
3092 5118 3451 5173 testimonium
3480 5121 3659 5174 dicen-

2081 5220 2184 5263 tem
2229 5209 2422 5264 alicubi
2453 5211 2668 5280 allegat,
2709 5225 2811 5264 una
2852 5224 2972 5264 cum
2995 5209 3159 5264 Mario
3190 5209 3484 5276 Victorino,
3517 5210 3657 5279 ejuso

2081 5301 2202 5354 dem
2251 5302 2433 5354 saeculi
2480 5303 2759 5369 scriptore,
2793 5300 2861 5356 ob
2905 5301 3108 5370 aliquot
3155 5301 3269 5369 ejus
3315 5302 3528 5370 generis
3585 5302 3658 5356 ln-

2082 5393 2320 5446 cutiones
2367 5392 2418 5445 in
2463 5393 2700 5460 ejusdem
2746 5395 2947 5449 erroris
2993 5391 3351 5462 suspicionem
3401 5391 3657 5448 inducere

2086 5484 2218 5537 nihil
2244 5485 2470 5538 dubitat.
2501 5483 2806 5540 Recitemus
2835 5493 2999 5540 totam
3030 5487 3146 5555 ejus
3192 5485 3489 5553 longiorem
3533 5485 3657 5539 licet

2085 5591 2386 5643 censuram,
2433 5593 2499 5632 ne
2542 5579 2666 5648 quid
2700 5579 2970 5633 videamur
3018 5578 3336 5650 importare,
3370 5579 3491 5629 cum
3520 5590 3657 5646 pra:-

2088 5679 2271 5736 scrtim
2313 5693 2375 5736 ea
2428 5679 2528 5735 hoc
2575 5682 2749 5753 capite
2790 5669 3083 5758 i'efellenda
3141 5673 3293 5752 nobis
3338 5672 3428 5730 sit.
3482 5671 3659 5748 Itaque
