3826 6226
137 352 194 406 8Γὶ
493 358 495 361 ’
965 355 1413 411 DISSERTATIO
1453 356 1514 422 ll,
1561 357 1646 410 DE
1689 360 1747 413 Β.
1790 359 2080 416 ZENONIS
2125 362 2490 419 DOCTRINA.
3327 371 3396 422 illi

135 469 457 527 consideratis
479 472 703 528 Patrum
729 471 1106 542 antiquiorum,
1134 473 1328 539 quibus
1357 475 1690 542 succensuit,
1723 480 1776 538 Α
1801 486 1925 531 trem
1947 477 2182 532 arbitrati
2205 490 2344 545 sunt,
2370 497 2429 534 ac
2447 481 2644 534 tametsi
2674 481 2735 536 de
2762 479 2932 534 Patris
2954 497 3060 534 esse
3087 482 3395 549 substantia,

138 561 428 618 testimoniis
450 605 462 623 .
498 565 861 632 Athenagora:
884 604 900 628 ,
928 562 1159 631 Tatiani,
1189 563 1472 634 Theophili
1513 566 1702 620 Antio-

135 651 293 717 cheni,
333 652 654 708 Tertulliani
697 663 860 724 atque
909 652 1190 722 Lactantii,
1241 655 1356 710 haec
1389 655 1458 710 de
1485 656 1702 714 Zenone

139 745 311 800 similia
364 747 619 816 loquente
678 761 804 801 mox
853 746 1068 816 subjicit
1121 746 1214 802 lib.
1261 763 1278 801 ι
1321 747 1387 803 de
1418 748 1698 815 Trinitate,

133 853 236 906 cap.
257 837 308 901 5,
332 852 478 892 num.
509 837 544 890 7
573 855 588 892 :
613 839 686 893 Ac
697 837 762 892 de
777 839 1148 910 antiquioribus
1176 839 1377 908 quidem
1399 841 1508 894 istis
1530 842 1698 896 minus

133 939 194 983 est
233 930 531 997 mirandum,
581 932 656 984 sic
707 947 794 985 eos
837 933 899 985 de
946 933 1106 986 diuini
1159 930 1312 985 Verbi
1359 934 1697 1004 productione

131 1021 338 1074 sensisse.
385 1020 645 1075 Zenonem
680 1016 1021 1078 Veronensem
1071 1025 1361 1096 episcOpum
1428 1028 1554 1080 satis
1603 1030 1698 1080 ad-

132 1113 288 1164 mirari
337 1129 563 1179 nequeo,
615 1114 705 1182 qui
751 1131 980 1169 sermone
1028 1118 1173 1170 tertio
1227 1117 1291 1171 de
1335 1128 1524 1172 retenta
1569 1117 1695 1172 Filii

137 1202 214 1254 Dei
236 1204 595 1275 generatione(
634 1220 776 1260 nunc
805 1217 958 1261 tract.
1006 1208 1040 1262 5
1087 1208 1180 1262 lib.
1229 1210 1310 1280 ll)
1361 1211 1537 1275 eadem
1579 1229 1695 1265 cum

133 1296 294 1360 priscis
331 1295 429 1348 illis
470 1298 793 1352 existimem
834 1300 1050 1357 videtur.
1083 1300 1430 1370 Principium,
1475 1303 1690 1372 fratres,

131 1386 291 1468 inquit,
339 1385 594 1441 Dominus
637 1396 820 1443 noster
867 1389 1213 1445 incontauter
1267 1404 1349 1446 est
1407 1391 1688 1448 Christus:

131 1491 267 1544 quem
288 1487 406 1531 ante
443 1479 622 1531 omnia
673 1479 870 1534 sazcula
898 1479 1059 1535 Pater
1096 1483 1275 1538 adhuc
1316 1493 1602 1555 utcumque
1642 1489 1692 1540 in

132 1583 285 1628 semet
313 1574 425 1641 ipso
457 1574 620 1642 Deus,
646 1575 816 1629 beatae
845 1577 1219 1646 perpetuitatis
1261 1578 1551 1634 indiscreta
1584 1582 1694 1651 Spi-

133 1669 252 1718 ritus
282 1666 605 1734 plenitudine
626 1668 809 1721 nescio
830 1683 935 1738 qua
961 1684 1054 1723 sua
1083 1671 1414 1726 conscientia
1434 1675 1688 1743 velatum,

134 1754 237 1809 Filii
264 1770 362 1810 non
392 1758 510 1811 sine
537 1757 756 1822 aﬂ’ectu,
790 1759 885 1813 sed
918 1759 1034 1815 sine
1063 1761 1373 1818 discrimine
1399 1766 1693 1835 amplecte-

1808 570 1911 624 sive
1931 581 2133 636 natura,
2171 571 2365 626 Filium
2396 584 2699 639 assererem,
2731 591 2830 644 qua
2859 589 2961 626 una
2991 590 3046 626 re
3074 575 3137 627 ab
3168 577 3359 629 crcteris
3379 619 3392 635 ,

1807 677 1921 727 qua:
1950 673 2194 716 crcaturrc
2222 667 2431 734 prOprie
2455 675 2718 729 vorantur,
2751 664 2892 718 illius
2930 664 3274 718 conditionem
3312 667 3393 720 di-

1805 768 1997 806 versam
2023 755 2316 823 faciebant;
2358 774 2459 810 non
2509 758 2676 810 minus
2719 768 2885 809 tamen
2930 772 3085 825 quam
3137 768 3398 814 creaturas

1804 844 2002 897 initium
2029 844 2289 911 habuisse,
2320 848 2415 900 hoc
2445 857 2517 899 est
2551 849 2757 900 minime
2783 863 2846 900 ea:
2888 856 3080 900 artemo
3099 848 3396 918 distinctam

1805 937 2116 1004 [typostasim
2179 938 2336 1005 fuisse
2385 946 2760 1006 putarunt:cx
2808 937 3004 1006 quibus
3053 938 3258 1006 antiqui
3311 939 3389 993 illi

1803 1023 2011 1088 Patres,
2043 1035 2098 1078 ct
2119 1025 2265 1080 Zeno
2284 1042 2404 1080 cum
2438 1027 2571 1096 ipsis
2597 1027 2963 1102 consentiens,
2997 1028 3088 1081 Dei
3116 1026 3310 1082 Filium
3335 1030 3385 1082 iu

1804 1123 2048 1182 tempore
2074 1117 2336 1185 genitum,
2370 1117 2588 1172 Petavio
2622 1116 2937 1185 interprete,
2971 1117 3342 1187 prodiderunt.

1871 1209 1938 1260 At
1963 1209 2102 1275 quod
2128 1209 2171 1262 is
2193 1209 2382 1263 mirari
2404 1226 2460 1264 se
2483 1207 2718 1262 affirmat
2743 1209 2811 1262 de
2830 1208 3068 1273 Zenone,
3094 1211 3182 1279 qui
3207 1211 3383 1265 eadem

1799 1315 1914 1350 cum
1943 1300 2124 1367 priscis
2154 1303 2470 1355 existimasse
2498 1302 2719 1364 videtur,
2757 1317 2851 1354 seu
2885 1313 2940 1354 ut
2973 1301 3233 1356 Victorini
3269 1303 3402 1366 loca_

1799 1389 2237 1445 consideraturus
2267 1394 2342 1445 ait
2375 1408 2523 1446 num.
2551 1391 2608 1457 8,
2637 1408 2745 1445 esse
2770 1393 2921 1445 etiam
2951 1394 3080 1445 inter
3112 1394 3388 1448 catholicos

1799 1483 2199 1551 posterioresque
2247 1485 2462 1538 Nicena
2519 1485 2717 1553 synodo
2751 1485 3043 1554 Scriptores
3066 1487 3262 1554 aliquos
3303 1489 3392 1556 qui

1797 1574 1850 1626 in
1879 1575 2055 1626 eadem
2082 1590 2188 1628 esse
2235 1591 2393 1628 causa
2423 1575 2696 1640 videntur;
2727 1575 2780 1628 id
2819 1577 3006 1630 mirari
3050 1592 3149 1630 nos
3189 1580 3394 1646 mquitts

1797 1663 2096 1718 dixerimus
2140 1664 2206 1718 de
2253 1665 2496 1732 Petavio,
2544 1664 2635 1735 qui
2682 1664 2872 1720 Patres
2923 1665 3180 1720 Arianam
3230 1668 3391 1724 etiam

1797 1752 2048 1808 Incresim
2091 1755 2491 1827 impugnantes,
2525 1756 2770 1824 ejusdem
2816 1757 3042 1825 erroris,
3095 1774 3258 1828 quem
3290 1761 3394 1814 int-

133 1847 282 1903 batur.
315 1849 421 1904 Sed
475 1852 898 1921 excogitatarum
928 1837 1251 1910 utordiuem
1285 1857 1574 1916 instrueret
1607 1877 1684 1918 re-

1821 1855 2056 1913 mgnant,
2089 1860 2210 1901 reos
2241 1847 2556 1900 traduxerit.
2587 1845 2772 1917 Neque
2800 1847 2866 1901 ad
2886 1845 3032 1902 hunc
3065 1857 3145 1903 tot
3172 1850 3392 1905 Patrum

133 1955 254 2005 rum,
277 1940 559 2020 ineliabilis
589 1943 676 1996 illa
702 1943 872 1998 virtus
898 1945 1568 2020 incomprehensibilisque
1598 1972 1690 2010 sa-

134 2018 309 2096 pientia
337 2045 366 2086 e
395 2033 616 2102 regione
635 2034 814 2089 cordis
837 2045 1045 2090 eructat
1072 2039 1318 2106 verbum,
1350 2018 1692 2114 omnipoten-

141 2124 200 2176 lia
225 2138 278 2178 se
302 2135 570 2196 propagat.
605 2127 681 2182 De
709 2127 818 2182 Deo
851 2133 1087 2184 nascitur
1120 2133 1279 2198 Deus,
1316 2143 1483 2190 totum
1516 2137 1691 2196 Patris

139 2214 341 2280 habens,
371 2217 502 2271 nihil
530 2217 798 2289 derogans
828 2220 1006 2286 Patri,
1052 2233 1158 2278 etc.
1197 2225 1480 2292 Quomodo
1510 2241 1688 2287 autem

135 2322 387 2375 generatus
430 2311 496 2364 sit
533 2312 636 2392 qui
678 2315 955 2381 processit,
1005 2314 1272 2373 dementis
1301 2317 1400 2375 ‘est
1451 2323 1684 2392 opinari.

135 2397 344 2471 Namque
369 2387 629 2471 temperat
658 2418 716 2458 se
749 2413 971 2482 propter
1003 2422 1182 2462 rerum
1204 2419 1451 2464 naturam
1482 2387 1650 2468 Pilius
1670 2455 1686 2481 ,

140 2507 197 2544 ne
223 2501 416 2547 eterna:
448 2494 745 2562 majestatis
779 2496 1063 2552 Dominum
1097 2502 1268 2567 possit
1313 2503 1496 2556 mundi
1537 2506 1689 2562 istius

136 2582 440 2635 mediocritas
459 2583 744 2639 sustinere.
763 2582 897 2639 Cum
917 2587 1143 2656 imperat
1162 2587 1406 2664 [uxvnt]
1425 2592 1582 2649 Pater
1595 2610 1687 2650 or-

134 2671 240 2725 bem
263 2671 386 2739 fieri,
413 2688 549 2742 opus
561 2689 681 2728 cum
699 2673 846 2730 dicto
860 2679 1168 2748 completur
1193 2696 1222 2734 a
1243 2680 1400 2737 Filio.
1428 2683 1527 2738 Hic
1548 2684 1686 2740 Zeno
1733 2678 1739 2685 ’

147 2762 334 2818 Verbum
359 2764 451 2820 Dei
475 2784 539 2822 ea:
563 2762 703 2824 omni
727 2775 1009 2828 mter-nitate
1029 2775 1080 2829 in
1101 2773 1275 2829 Patris
1304 2779 1420 2832 sinu
1446 2789 1492 2832 et
1514 2795 1686 2835 essen-

134 2857 214 2920 tia,
245 2859 363 2912 velut
396 2861 724 2916 indiscretum
759 2873 809 2918 et
837 2867 1054 2935 afﬁxam
1097 2867 1324 2938 ha'sisse,
1375 2872 1685 2944 latuissequc

134 2951 408 3006 demonstrat
435 2970 456 3008 ξ
484 2965 658 3026 postea
699 2973 816 3011 vero
860 2975 976 3011 cum
1011 2959 1327 3032 designatum
1355 2979 1387 3016 α
1429 2980 1482 3017 se
1513 2981 1683 3018 rerum

134 3043 470 3100 universitatem
491 3048 660 3102 moliri
686 3048 856 3117 uellet,
883 3067 997 3104 eum
1048 3053 1216 3121 ipsum
1257 3070 1321 3108 ea:
1351 3071 1461 3110 sese
1488 3073 1680 3127 prepa-

133 3151 262 3202 gasse
288 3153 342 3190 ac
367 3141 593 3209 genuisse
636 3141 794 3209 dicit;
839 3150 990 3215 atque
1017 3145 1149 3200 hanc
1184 3148 1402 3217 primam
1431 3165 1456 3202 e
1485 3151 1681 3205 duabus

1798 1951 2079 1990 censorem
2133 1938 2294 2016 plane
2340 1938 2674 2008 purgandum
2720 1954 2784 1994 ea
2831 1939 3125 1995 declaratio
3172 1942 3393 2009 suflicit,

1797 2043 1954 2098 quam
1974 2029 2284 2085 Praefationi
2313 2031 2678 2102 inseruitcap.
2702 2032 2754 2097 1,
2774 2047 2922 2087 num.
2956 2031 3044 2100 12,
3071 2033 3158 2088 ubi
3181 2033 3393 2102 Patres,

1794 2138 1929 2191 quos
1980 2125 2050 2178 ita
2097 2125 2431 2195 perstringit,
2490 2140 2597 2180 non
2656 2140 2756 2192 re,
2809 2126 2906 2180 sed
2961 2127 3202 2197 loquendi
3255 2127 3391 2182 dun-

1794 2227 1936 2269 taxat
1969 2219 2120 2270 modo
2142 2218 2392 2273 dissidere
2411 2220 2475 2272 ab
2497 2221 2683 2274 usitata
2702 2219 3084 2289 pratscriptione
3105 2223 3395 2287 contendit;

1793 2310 1932 2378 quod
1964 2310 2102 2364 idem
2159 2310 2326 2365 fusius
2369 2313 2652 2381 profitetur
2697 2313 2790 2366 lib.
2842 2327 2880 2379 ι,
2911 2325 3031 2380 cap.
3063 2314 3118 2378 ϐ,
3149 2329 3298 2368 num.
3330 2316 3389 2368 ιι.

1793 2401 1930 2462 Quid
1960 2401 2104 2453 enim
2135 2401 2337 2469 profuit
2383 2401 2434 2455 id
2479 2403 2649 2459 semel
2696 2412 2752 2457 et
2801 2403 2995 2457 iterum
3051 2419 3298 2473 monere,
3343 2405 3390 2460 si

1793 2491 1907 2559 ipsa
1943 2491 2152 2544 illorum
2185 2493 2495 2549 testimonia
2529 2495 2766 2564 allegatis
2790 2536 2802 2559 ,
2836 2509 3024 2549 earum
3057 2495 3388 2553 locutionum

1792 2582 2318 2652 interpretandarum
2351 2587 2616 2641 rationein
2661 2601 2768 2640 non
2815 2586 3065 2657 subjicit,
3095 2589 3189 2643 sed
3220 2589 3292 2644 ita
3322 2607 3385 2646 ea

1790 2676 1980 2729 recitat
2001 2685 2160 2748 atque
2186 2679 2401 2756 ingerit,
2436 2691 2498 2734 ac
2520 2681 2564 2736 si
2588 2694 2670 2748 re,
2701 2695 2811 2734 non
2836 2679 3092 2751 loquendi
3119 2680 3385 2738 duntaxat

1789 2772 1973 2840 modo,
2009 2772 2086 2825 illi
2109 2773 2397 2830 dissentire
2421 2775 2590 2830 videri
2621 2765 3140 2846 possinti'Hanetici
3163 2779 3381 2848 quidem

1790 2863 2122 2919 recentiores
2149 2852 2240 2934 qui
2272 2866 2530 2922 extremis
2562 2867 2713 2922 hisce
2759 2867 3102 2938 temporibus
3130 2871 3386 2925 Arianam

1788 2953 2289 3025 haeresim'jamdiu
2343 2959 2609 3028 sepultam
2658 2961 3091 3028 exsuscitarunt,
3138 2977 3247 3017 non
3297 2977 3384 3031 ea,

1787 3063 1947 3116 quam
2001 3047 2136 3102 locis
2186 3047 2416 3104 laudatis
2466 3045 2721 3104 Petavius
2771 3050 2986 3115 indidi.,
3020 3050 3386 3109 declaratione

1787 3149 2030 3204 utuntur,
2064 3155 2174 3209 quo
2224 3140 2447 3195 eosdem
2492 3141 2680 3196 Patres
2729 3157 2788 3196 re
2851 3142 2956 3196 sibi
3006 3144 3308 3200 contrarios
3335 3155 3394 3201 et

134 3243 227 3281 esse
283 3229 618 3288 nativitatibus
667 3251 817 3304 quam
892 3237 947 3289 in
997 3241 1318 3306 sequentibus
1362 3242 1678 3298 sermonibus

1821 3230 1906 3284 olo
1955 3231 2204 3301 loquendi
2254 3233 2433 3318 modo.
2465 3233 2705 3288 faventes
2751 3235 3076 3304 praeferant,
3109 3235 3202 3291 sed
3243 3238 3389 3308 ipsas

135 3320 278 3389 (nunc
308 3333 450 3379 tract.
494 3326 526 3380 7
556 3338 611 3381 et
637 3327 670 3383 8
705 3328 801 3383 lib.
828 3330 1136 3398 tt)ea:ponit.
1166 3331 1236 3384 1d
1262 3333 1431 3403 ipsum
1456 3347 1502 3389 et
1530 3347 1678 3390 ante-

135 3412 387 3469 cedentibus
411 3417 604 3472 duobus
629 3422 943 3475 sermonibus
975 3421 1100 3494 (qui
1132 3439 1273 3477 nunc
1311 3437 1437 3480 sunt
1468 3437 1622 3482 tract.
1648 3429 1682 3482 5

134 3513 177 3556 et
198 3507 229 3560 4
256 3507 476 3575 ejusdem
507 3511 627 3567 libri
661 3529 697 3566 tt
721 3511 741 3583 )
768 3517 952 3584 aperit,
983 3518 1070 3586 qui
1108 3516 1171 3570 de
1199 3529 1390 3573 wterna
1430 3522 1555 3576 Filii
1584 3522 1682 3578 Dei

135 3601 419 3665 generatione
433 3603 665 3675 inscripti
681 3616 817 3660 sunt.
840 3607 975 3662 Nam
1000 3611 1050 3662 in
1068 3613 1235 3680 primo
1254 3615 1420 3686 (nunc
1446 3626 1597 3671 tract.
1624 3618 1678 3688 ὅ)

135 3694 366 3755 paululum
415 3699 691 3752 immutatis
760 3701 921 3756 verbis
950 3745 965 3769 ,
1025 3715 1294 3775 postquam
1371 3712 1680 3778 principium

135 3783 244 3836 dixit
268 3803 363 3841 esse
388 3787 644 3845 Christum
666 3834 679 3856 ,
708 3794 780 3847 ita
825 3795 1052 3865 loquitur
1077 3813 1096 3852 .'
1125 3798 1292 3866 Quem
1327 3813 1451 3858 ante
1501 3807 1680 3860 omnia

133 3878 300 3931 secula
327 3880 474 3936 Pater
513 3885 562 3938 in
596 3886 860 3955 profundo
887 3903 999 3942 suae
1038 3905 1210 3946 sacrae
1243 3895 1441 3948 mentis
1480 3911 1681 3953 arcano

134 3967 476 4041 insuspicabili,
507 3989 574 4028 ac
598 3977 698 4030 soli
733 3976 836 4030 sibi
867 3987 994 4033 nota
1037 3984 1375 4037 conscientia
1419 3985 1538 4040 Filii
1573 4003 1679 4043 non

134 4061 230 4114 sine
276 4062 474 4132 ailectu,
526 4070 620 4122 sed
668 4069 786 4124 sine
842 4073 1175 4130 revelamine
1227 4078 1675 4146 amplectebatur.

135 4148 562 4220 lgiturineﬂ’abilis
597 4160 684 4214 illa
715 4161 1386 4238 incomprehensibilisque
1417 4174 1678 4240 sapientia

135 4246 409 4312 sapientiam
431 4290 446 4316 ,
477 4253 869 4335 omnipotentia
908 4256 1352 4328 omnipmentiam
1393 4278 1674 4338 propagat.

138 4337 195 4392 be
221 4343 317 4397 Deo
352 4347 581 4402 nascitur
627 4348 786 4414 Deus,
837 4352 905 4406 de
941 4352 1178 4422 ingenito
1220 4356 1524 4426 unigenitus
1555 4337 1581 4426 ,ν
1613 4361 1680 4417 de

137 4433 229 4488 solo
253 4439 406 4504 solus,
461 4441 527 4494 de
559 4452 674 4497 toto
720 4451 882 4512 totus,
940 4446 1007 4501 de
1051 4463 1178 4502 vero
1211 4465 1392 4515 verus,
1454 4453 1520 4508 de
1560 4471 1682 4523 per-

137 4525 250 4583 fecto
277 4533 552 4601 perfectus;
599 4545 768 4592 totum
801 4539 974 4594 Putris
1000 4541 1226 4609 habens,
1258 4544 1388 4606 nihil
1415 4546 1678 4617 derogans

1787 3338 1974 3378 eorum
2009 3326 2330 3390 locutiones,
2367 3339 2501 3395 quas
2532 3324 2785 3380 Petavius
2819 3335 2931 3382 toto
2969 3327 3022 3381 in
3051 3327 3255 3384 lumine
3285 3344 3375 3382 ex-

1786 3417 1988 3484 posuit,
2022 3432 2156 3471 unas
2187 3419 2489 3486 arripiunt,
2526 3428 2583 3471 ut
2625 3432 2741 3485 eos,
2791 3419 2910 3488 ipso
2959 3419 3180 3476 Petavio
3211 3429 3383 3491 teste,

1784 3523 1969 3564 secum
2001 3512 2240 3564 sensisse
2272 3511 2556 3565 suadeant.
2577 3511 2892 3565 Nostrarum
2909 3513 3124 3583 quidem
3153 3517 3393 3585 partium-

1786 3603 1838 3655 Μ
1893 3605 2264 3658 tantummodo
2311 3615 2478 3670 esset,
2537 3621 2701 3659 unum
2751 3603 3020 3661 Zenonem
3072 3612 3141 3662 ab
3191 3611 3379 3664 horum

1786 3696 2035 3763 manibus
2054 3695 2532 3767 eripere,ejusque
2556 3698 2856 3752 locutiones
2887 3697 3192 3763 vindicare;
3224 3699 3384 3769 idque

1787 3789 1962 3859 ipsum
1993 3791 2177 3859 paucis
2223 3804 2529 3860 proponere
2575 3791 2708 3846 satis
2739 3801 2903 3857 esset,
2934 3791 3214 3861 siquidem
3261 3809 3381 3861 qua:

1785 3882 1851 3936 ab
1881 3883 2003 3936 aliis
2033 3883 2085 3936 in
2118 3883 2235 3952 ejus
2267 3884 2527 3938 vindicias
2559 3885 2758 3954 scripta
2791 3895 2948 3950 sunt,
2988 3898 3110 3938 cum
3147 3884 3381 3939 Nicaeum

1787 3976 1914 4030 lidci
1967 3977 2307 4031 traditionem
2360 3978 2752 4042 defenderunt,
2800 3992 2867 4032 ex
2911 3976 3146 4032 Zenonis
3199 3986 3382 4034 mente

1785 4070 1989 4139 scripta
2017 4069 2259 4122 fuissent.
2295 4073 2363 4122 At
2388 4083 2509 4122 cum
2537 4084 2600 4123 ea
2631 4084 2742 4124 non
2773 4070 3102 4127 adamussim
3144 4073 3384 4131 referant

1785 4161 2036 4215 Auctoris
2065 4163 2410 4226 sententiam,
2437 4176 2536 4216 nec
2553 4160 2712 4231 plane
2741 4162 3015 4219 vindicent
3042 4179 3235 4220 omnes
3265 4167 3384 4235 ejus

1776 4230 2105 4317 locutiones,
2149 4252 2374 4321 longiori
2395 4230 2762 4320 disputatione
2782 4253 2936 4308 nobis
2962 4256 3068 4308 erit
3097 4255 3378 4324 utendum,

1785 4346 1917 4398 Cum
1948 4359 2108 4413 porro
2137 4345 2341 4398 emdcm
2389 4345 2498 4399 fere
2544 4345 2851 4401 locutiones
2904 4346 3013 4400 sint
3058 4355 3378 4405 cmterorum

1785 4437 2001 4491 Patrum
2038 4451 2169 4507 quos
2216 4438 2465 4493 Petavius
2513 4439 2736 4508 pungit,
2792 4443 2904 4510 jam
2952 4455 3019 4496 ex
3060 4441 3382 4513 interpreta—

1789 4532 1932 4585 tione
1977 4546 2135 4600 qttam
2198 4531 2448 4586 dabimus
2480 4574 2494 4598 ,
2555 4532 2776 4588 Zenone
2829 4534 3101 4608 vindicato
3153 4547 3381 4592 caeteros

138 4616 272 4675 Patri.
320 4623 560 4681 Procedit
613 4628 665 4681 in
715 4631 1072 4698 nativitatem,
1106 4633 1341 4703 quierat
1393 4616 1681 4706 antequam

1827 4640 1999 4693 noque
2047 4640 2149 4678 una
2194 4627 2491 4682 vindicatos
2547 4626 2808 4694 habebis;
2859 4629 3017 4701 idque
3076 4638 3136 4685 ut
3184 4631 3382 4690 clarius

140 4726 405 4772 nasceretur
432 4719 480 4773 in
516 4719 696 4776 Patre.
729 4721 870 4791 Ergo
910 4719 1128 4792 Filium,
1162 4738 1432 4797 antequam
1463 4747 1494 4781 a
1525 4727 1682 4783 Patre

140 4805 399 4879 gigneretur,
430 4813 482 4866 in
509 4811 669 4867 Patre
689 4816 941 4869 exstitisse
964 4817 1220 4888 signiﬁcat
1239 4861 1254 4886 ,
1281 4823 1541 4890 generatio
1569 4837 1680 4874 vero

140 4906 175 4947 ει
197 4903 405 4958 nativitas
433 4921 538 4959 tum
565 4907 680 4975 fuit,
722 4923 834 4960 cum
863 4924 941 4961 res
983 4927 1154 4964 onmes
1197 4917 1467 4980 procreare
1497 4913 1678 4978 uoluit,

141 4993 316 5055 quodin
354 5001 567 5053 secundo
616 5017 847 5054 sermone
875 5000 1050 5072 (nunc
1092 5014 1251 5060 tract.
1288 5005 1361 5076 4)
1404 5006 1679 5059 declarat:

141 5077 272 5152 Cujus
291 5103 351 5142 ex
379 5105 489 5159 ore,
515 5096 763 5148 utrerum
790 5104 998 5162 natura,
1023 5111 1142 5165 qua:
1166 5111 1272 5150 non
1287 5107 1425 5165 erat,
1447 5097 1676 5167 fingere-

143 5181 224 5239 tur,
252 5181 464 5246 prodivit
505 5185 816 5256 unigenitus
861 5185 1029 5241 Filius
1079 5189 1258 5243 cordis
1311 5191 1428 5258 ejus
1484 5189 1678 5243 nobilis

143 5261 405 5338 inquilinus,
431 5275 622 5330 exinde
664 5277 894 5332 visibilis
921 5277 1173 5344 effectus,
1219 5280 1338 5349 quia
1390 5281 1676 5334 humanum

142 5371 276 5423 genus
324 5365 620 5422 visitaturus
647 5379 792 5434 erat,
838 5380 946 5426 etc.
998 5370 1306 5441 Cujusmodi
1352 5375 1678 5443 tmtiquorum

145 5450 220 5511 {ait
242 5469 268 5505 a
287 5457 417 5512 nobis
457 5461 713 5528 explicata
745 5463 840 5516 illa
867 5451 1136 5520 sententia.
1179 5467 1446 5521 Hactenus
1475 5469 1676 5522 Petavii

142 5553 347 5613 mura,
375 5552 610 5620 quicum
653 5557 942 5623 postremis
993 5560 1172 5613 verbis
1220 5561 1549 5628 antiquorum
1581 5576 1676 5630 ap-

144 5631 275 5697 pellat
299 5645 626 5710 sententiam,
661 5660 851 5700 eorum
884 5664 1052 5718 nuper
1097 5660 1514 5704 memoratorum
1553 5667 1678 5705 scn-

147 5725 326 5782 tentiatu
351 5735 594 5804 appellat,
625 5751 727 5806 qua
761 5737 823 5803 ii,
865 5748 922 5792 ut
960 5740 1150 5794 eodem
1194 5757 1338 5794 num.
1378 5743 1406 5795 7
1436 5743 1675 5809 dixerat,

156 5833 258 5890 mo,
284 5823 508 5901 dignitate
535 5847 596 5887 ac
645 5832 872 5906 potentia
901 5834 1212 5906 superiorem
1243 5851 1347 5893 esse
1385 5835 1546 5893 l'erbo
1575 5835 1675 5894 Pa-

1789 4718 2160 4787 per-Spiciatur,
2185 4719 2250 4773 de
2277 4720 2500 4789 singulis
2523 4721 2626 4775 sub
2657 4722 2812 4776 tinem
2837 4722 3062 4779 dicenda
3087 4735 3243 4778 erunt
3270 4739 3379 4779 tton

1787 4812 1954 4876 nulla,
2003 4822 2059 4865 ut
2104 4811 2392 4866 collatione
2440 4814 2879 4869 testimoniorum
2905 4816 3060 4872 alteri
3100 4832 3168 4873 ex
3197 4816 3380 4874 alteris

1785 4903 2118 4958 illustrentur
2148 4913 2201 4958 et
2228 4907 2636 4960 coulirmcntur.
3235 4914 3241 4920 ’

1787 5045 2034 5120 [LXXIX]§
2066 5045 2205 5100 ll.—
2237 5046 2296 5098 S.
2322 5044 2545 5098 Zenonis
2567 5045 2875 5111 testimonia,
2906 5047 3084 5116 quibus
3107 5045 3380 5101 Nicetium

1855 5142 2040 5211 dogma
2070 5139 2314 5192 adversus
2347 5140 2594 5191 Arianam
2627 5139 2860 5195 Itwresim
2891 5139 3076 5193 diserte
3101 5141 3381 5208 asseritur,

1853 5233 2164 5285 indicantur.

1855 5367 1935 5424 Ad
1982 5367 2254 5421 Zenonem
2316 5368 2474 5437 igitur
2523 5368 2668 5438 quod
2697 5369 2908 5435 attinet,
2942 5366 3071 5422 illud
3114 5367 3377 5438 principio

1783 5463 2056 5517 Pelavium
2113 5469 2361 5530 rogatum
2414 5462 2690 5528 volumus,
2729 5461 2912 5531 quidni
2968 5461 3246 5532 explorata
3285 5463 3377 5518 illa

1781 5557 1894 5622 ejus
1926 5552 2228 5608 testimonia
2262 5555 2621 5622 praemiserit,
2654 5556 2847 5623 quibus
2885 5570 3008 5608 cum
3047 5555 3373 5612 catholicam
3458 5564 3463 5569 '

1781 5646 2080 5700 doctrinam
2116 5647 2353 5699 tenuisse
2386 5648 2560 5714 palam
2592 5654 2695 5714 est,
2728 5647 2819 5698 illa
2843 5657 3017 5700 autem
3046 5647 3144 5699 tria
3172 5656 3378 5702 tantum

1783 5738 2018 5793 attulerit
2043 5740 2094 5792 itt
2124 5738 2384 5804 medium,
2411 5755 2532 5807 quae
2575 5739 2942 5794 dillicultatem
2976 5740 3284 5794 facessunt?
3319 5741 3379 5795 Si

1788 5834 1908 5903 quis
1953 5832 2235 5900 nimirutn,
2271 5842 2552 5903 postquam
2600 5833 2763 5888 multa
2819 5831 2945 5904 legit
2992 5832 3382 5907 collecta,qu:e
