3826 6226
3512 97 3814 330 η

446 324 511 375 S7
918 310 919 313 η
1024 402 1031 408 ,
1846 326 2371 382 ΡκηῐιιιῖΩΟΜΙῧΝΛ.
3664 340 3733 392 SS

447 443 786 499 manifestam
837 444 955 511 ejus
1010 443 1329 497 catholicam
1379 454 1616 496 utentem
1668 443 1897 512 produnt
1925 482 1937 503 ,
1982 444 2032 495 in
2064 445 2117 502 Λ
2143 452 2227 520 ιιιι·
2253 484 2266 507 ,
2299 458 2516 498 sensum
2561 447 2804 513 subesse,
2847 466 3005 519 quem
3031 466 3172 505 nunc
3205 450 3421 520 quidem
3445 454 3733 520 expiscan-

448 552 611 593 unum
651 538 734 591 vel
774 537 999 591 alterum
1037 535 1404 590 testimonium
1450 535 1606 603 paulo
1654 533 1925 588 difficilius
1956 536 2036 586 iu-

449 637 651 694 currat,
686 627 816 680 nihil
847 626 1172 692 movebitur,
1215 640 1341 680 cum
1380 627 1480 681 hoc
1511 641 1577 681 ex
1626 624 1730 679 illis
1758 625 2035 694 explican-

449 724 574 779 dum
614 722 895 792 intelligat.
928 720 997 775 At
1027 722 1071 776 si
1097 720 1213 776 haec
1258 722 1358 776 tria
1387 729 1592 775 tantum
1636 720 1903 789 legantur,
1938 734 2038 774 nec

448 816 550 868 alia
578 815 810 869 clariora
839 822 1123 883 suppetere
1157 828 1225 868 ex
1269 814 1563 868 emissione
1593 812 1857 883 quiSpiam
1890 812 2040 867 colli-

450 919 539 978 gat
564 951 578 973 ,
603 907 763 963 dultia
796 907 949 962 valde
979 908 1230 962 Auctoris
1258 908 1523 962 sententia
1555 906 1737 961 statim
1767 904 2036 971 redditur,

458 999 778 1070 Arianisque
807 1013 929 1053 eum
981 997 1183 1053 favisse
1222 997 1461 1068 suspicio
1498 997 1822 1052 obtrttditur.
1859 996 2047 1066 Itaque

452 1094 797 1150 obscuriores
841 1090 1076 1146 Zenonis
1119 1092 1416 1145 sententias
1463 1101 1751 1161 antequam
1799 1090 2042 1144 vindice-

454 1182 601 1253 mus,
639 1199 818 1258 aperta
851 1187 968 1257 ejus
1012 1186 1340 1248 testimonia,
1384 1184 1577 1253 quibus
1632 1200 1752 1239 cum
1812 1183 2043 1238 Nicaenis

452 1279 702 1334 Patribus
741 1279 941 1348 pariter
966 1278 1168 1341 sensit,
1200 1276 1356 1330 nobis
1393 1275 1479 1329 hic
1527 1274 1796 1330 recitanda
1843 1274 2043 1329 intelli-

452 1371 645 1439 gintns.
677 1370 747 1423 At
771 1376 983 1423 nitatem
1015 1368 1264 1421 Auctoris
1280 1368 1579 1437 probaturi,
1607 1368 1860 1435 pleraque
1887 1374 1940 1420 et
1964 1365 2046 1420 in-

449 1461 684 1531 signiora
701 1460 1018 1526 collegimus
1030 1459 1409 1513 dissertatione
1427 1458 1615 1524 prima,
1632 1473 1748 1524 cap.
1773 1458 1828 1522 2,
1853 1456 1881 1528 ᾗ
1903 1456 1959 1519 ﬁ,
1990 1466 2047 1511 ut

452 1556 742 1605 Auctorem
770 1551 1033 1605 adversus
1058 1549 1287 1601 Arianos
1317 1549 1656 1616 apertissime
1674 1548 2042 1612 dimicantem,

451 1655 645 1715 quarto
671 1644 869 1698 saeculo
896 1643 1147 1697 ﬂoruisse
1172 1649 1558 1696 statueremus.
1588 1642 1752 1711 Igitur
1781 1657 1846 1695 ne
1866 1652 2044 1695 actum

451 1750 692 1805 agamus,
722 1749 786 1789 ea
810 1742 867 1788 ut
886 1736 985 1788 hoc
1014 1734 1131 1787 loco
1158 1743 1372 1802 repetas
1392 1747 1454 1787 ac
1478 1732 1707 1802 relegas,
1736 1732 1923 1799 lector,
1950 1731 2046 1791 abs

2141 536 2266 589 dum
2290 546 2344 590 et
2370 539 2749 607 exponendum
2778 541 3141 611 aggredimur.

2143 713 2375 789 [Lxxx]§
2417 715 2502 771 111.
2536 746 2607 757 -
2639 717 2837 789 Objecti
2861 737 2893 775 a
2925 719 3135 779 Petavio
3160 733 3326 779 textus
3356 725 3732 794 expenduntur.

2350 807 2715 879 Interpretatio
2744 811 2885 867 Balli
2906 815 3243 884 proposita-et
3270 831 3510 888 expensa.

2216 989 2419 1044 Petavii
2442 990 2749 1047 criminatio
2779 991 2879 1046 fuit
2911 1008 3029 1048 eam
3060 994 3296 1051 Zenonis
3323 996 3487 1050 fuisse
3511 1006 3734 1053 senten-

2147 1080 2270 1133 tiam
2302 1097 2315 1131 :
2360 1078 2578 1135 Verbum
2610 1081 2791 1137 Deiex
2819 1085 2957 1138 omni
2977 1087 3255 1141 aeternitate
3304 1088 3358 1141 in
3402 1084 3572 1143 Patris
3611 1091 3735 1143 sinu

2146 1180 2190 1225 et
2220 1172 2442 1226 essentia
2461 1172 2595 1226 velut
2622 1174 2954 1229 indiscretum
2999 1188 3044 1231 et
3075 1178 3294 1248 afﬁxam
3320 1178 3526 1234 haesisse
3549 1181 3734 1236 latuis-

2145 1278 2294 1332 seque
2316 1280 2335 1317 :
2362 1264 2534 1332 postea
2553 1281 2671 1319 vero
2696 1283 2812 1320 cum
2841 1265 3047 1339 (Pater)
3078 1270 3391 1343 designatum
3414 1289 3446 1325 a
3482 1289 3533 1327 se
3550 1290 3734 1338 rerum

2148 1355 2524 1409 universitatem
2550 1356 2741 1410 molliri
2769 1358 2932 1424 vellet,
2964 1376 3078 1413 eum
3104 1361 3267 1430 ipsum
3297 1378 3363 1417 ea:
3385 1379 3493 1417 sese
3534 1381 3734 1437 prepa-

2147 1463 2292 1517 gasse
2341 1457 2386 1501 et
2441 1451 2690 1519 genuisse,
2721 1461 2873 1520 atque
2917 1454 3049 1506 hanc
3090 1455 3309 1522 primum
3349 1472 3377 1510 e
3403 1457 3597 1512 duabus
3624 1474 3736 1513 esse

2148 1540 2482 1605 nativitatem,
2512 1556 2665 1609 quant
2694 1541 2755 1596 S.
2803 1542 2944 1597 Zeno
2991 1545 3042 1599 in
3070 1548 3390 1616 sequentibus
3416 1550 3735 1603 serntonibas

2148 1632 2370 1700 exponit.
2418 1632 2544 1686 Haec
2582 1633 2703 1699 ille;
2744 1651 2862 1704 quae
2903 1650 3131 1692 censura
3173 1638 3280 1693 duo
3315 1640 3729 1709 complectitur:

2149 1724 2379 1791 primum
2409 1724 2613 1780 Zenoni
2659 1726 2798 1783 haud
2827 1731 3063 1797 agnitam
3095 1732 3257 1787 fuisse
3284 1742 3540 1788 :rternam
3562 1734 3734 1789 divini

457 1838 508 1883 te
539 1827 700 1881 etiam
725 1835 885 1895 atque
912 1826 1073 1879 etiam
1104 1826 1364 1894 petimus;
1406 1839 1512 1879 non
1544 1827 1717 1879 solum
1749 1826 1891 1878 enim
1929 1824 2043 1893 ejus
2077 1816 2121 1874 B
2150 1813 2309 1869 Verbi
2348 1818 2751 1887 generationem
2788 1860 2803 1885 ,
2837 1822 3035 1890 quippe
3076 1824 3163 1891 qui
3196 1824 3379 1878 docuit
3427 1824 3562 1879 idem
3590 1825 3732 1881 ver.

456 1913 694 1982 mtatem,
724 1919 819 1972 sed
850 1917 1170 1971 catholicam
1200 1917 1386 1980 etiam,
1410 1930 1568 1983 quam
1602 1916 1689 1969 hic
1743 1915 2038 1970 defenden-

455 2013 577 2065 dam
611 2011 970 2081 suscepimus,
997 2010 1239 2079 ejusdem
1268 2010 1588 2064 sententiam
1613 2009 1771 2078 plane
1791 2009 2046 2063 demons-

458 2113 619 2157 trant.
658 2101 877 2155 Videbis
907 2101 1052 2155 enim
1083 2115 1204 2156 eum
1231 2100 1516 2171 prmeipuis
1563 2102 1885 2155 Arianorum
1910 2100 2042 2155 effa-

458 2194 601 2248 tibns
622 2192 895 2248 contraria
927 2203 1292 2262 opponentem
1313 2233 1327 2256 ,
1366 2192 1506 2246 inter
1531 2207 1650 2261 quae
1696 2191 1783 2246 illa
1817 2206 2047 2259 przeser-

458 2286 553 2340 tim
584 2286 828 2341 invenies
857 2284 1215 2340 disertissime
1246 2285 1541 2352 proposita,
1564 2299 1683 2352 quae
1703 2274 1927 2352 objecta:
1954 2300 2047 2353 per

456 2378 737 2433 Petavium
769 2379 972 2433 erroris
999 2376 1294 2446 suSpicioni
1315 2390 1346 2431 e
1373 2375 1640 2429 diametro
1671 2374 2047 2440 adversantur,

459 2470 763 2541 cuiusmodi
794 2471 1037 2542 profecto
1054 2478 1185 2524 sunt
1216 2485 1279 2525 ea
1313 2469 1507 2539 quibus
1532 2467 1729 2523 Filium
1757 2469 1824 2521 al)
1845 2476 2051 2524 aeterno

459 2577 490 2618 a
513 2563 673 2617 Patre
689 2563 930 2632 genitum
963 2561 1282 2625 detendens,
1304 2574 1409 2613 non
1428 2566 1635 2613 tantum
1650 2568 1978 2614 eoreternum
1997 2569 2051 2613 et

456 2654 789 2724 coarqualent
821 2651 967 2706 Patri
1000 2651 1328 2715 confitetur;
1359 2650 1454 2704 sed
1487 2659 1541 2704 et
1562 2651 1722 2704 unius
1750 2665 1871 2705 cum
1893 2650 2053 2705 Patre

456 2747 807 2812 subStantiae;
838 2743 1063 2814 haecque
1084 2743 1154 2798 ita
1181 2755 1439 2812 expresse
1467 2755 1530 2795 ac
1557 2757 1623 2796 ex
1654 2744 1930 2811 preposito
1953 2753 2055 2796 sta-

461 2840 607 2909 tuit,
632 2847 690 2892 ut
718 2836 930 2907 objecta
959 2837 1119 2891 etiam
1168 2833 1238 2889 ab
1269 2835 1484 2889 Arianis
1534 2835 1708 2901 palam
1751 2833 1963 2889 refellat
1989 2850 2053 2889 ac

461 2933 651 2988 diluat.
694 2930 873 2987 Unum
912 2929 1017 2983 hoc
1053 2929 1171 2983 loco
1202 2927 1401 2983 ibidem
1434 2928 1859 2995 praetermissum
1889 2941 2055 2997 appo-

460 3039 652 3081 nemus
684 3023 1072 3086 testimonium,
1118 3034 1225 3091 quo
1270 3019 1404 3074 nihil
1448 3017 1707 3073 illustrius
1733 3018 1965 3083 exsistit,
1998 3028 2057 3072 ut

462 3118 735 3174 Zenonem
803 3116 873 3170 ab
922 3117 1153 3184 impacta
1208 3112 1395 3170 Ariani
1434 3111 1702 3182 dogmatis
1746 3112 2055 3181 suspicione

2152 1904 2273 1959 bum
2306 1907 2373 1960 ab
2402 1920 2605 1962 atterno
2634 1911 2683 1962 in
2715 1910 2871 1965 Patre
2898 1913 3113 1981 quidem
3138 1916 3321 1979 fuisse,
3345 1916 3439 1970 sed
3474 1918 3539 1970 ita
3569 1918 3737 1971 indis-

2147 2006 2376 2065 cretum,
2411 2009 2467 2052 ut
2497 2015 2599 2054 una
2626 2015 2747 2055 cum
2774 2003 2929 2057 Patre
2952 2016 3056 2057 non
3087 2005 3257 2060 solum
3287 1990 3611 2072 substantia,
3638 2008 3732 2063 sed

2148 2090 2308 2142 etiam
2364 2105 2594 2159 persona
2651 2091 2809 2149 fuerit
2860 2110 3024 2149 unum
3052 2105 3106 2150 et
3134 2096 3313 2151 idem:
3342 2099 3571 2154 alterum
3603 2078 3735 2173 vero

2149 2182 2397 2237 eumdem
2466 2183 2758 2239 Auctorem
2818 2186 3178 2251 existimasse,
3210 2187 3448 2244 Verbum
3484 2190 3731 2247 divinum

2151 2281 2261 2327 tum
2315 2274 2488 2329 solum
2538 2276 2869 2345 processisse
2917 2292 2982 2331 ex
3016 2277 3196 2343 Patre,
3246 2294 3366 2334 eum
3396 2280 3443 2334 is
3471 2282 3732 2337 mundum

2150 2383 2337 2423 creare
2365 2368 2617 2437 instituit,
2658 2380 2715 2426 nt
2746 2365 2838 2426 illo
2866 2381 3117 2442 tanquam
3159 2358 3451 2430 creationis
3487 2377 3734 2432 ministro

2152 2469 2423 2528 uteretur,
2474 2478 2593 2532 quas
2625 2464 2734 2517 Arii
2773 2475 2827 2519 et
2850 2460 3188 2521 Arianorum
3218 2470 3482 2523 sententia
3514 2469 3654 2527 fuit:
3683 2482 3730 2525 et

2155 2553 2292 2606 hanc
2321 2553 2667 2621 temporalem
2692 2554 2810 2608 Filii
2835 2557 3231 2625 processionem
3256 2572 3285 2609 a
3307 2558 3483 2627 Patre,
3508 2575 3631 2628 qua!
3649 2576 3734 2617 res

2154 2654 2363 2699 creatas
2401 2652 2605 2698 tantum
2651 2654 2878 2713 spectat,
2911 2661 3030 2701 eam
3075 2646 3195 2735 [iilii
3235 2649 3573 2706 nativitatem
3614 2665 3734 2706 esse

2155 2733 2403 2790 Petavius
2442 2737 2711 2791 existimat
2741 2778 2755 2803 ,
2803 2754 2959 2809 quam
3003 2733 3148 2794 Zeno
3178 2749 3403 2795 tractatu
3435 2744 3732 2812 praesertim

2156 2834 2345 2882 octavo
2376 2829 2595 2896 primaut
2635 2838 2828 2895 vocat,
2880 2829 2967 2885 ubi
3016 2830 3281 2909 distinctis
3303 2831 3513 2905 duabus
3536 2834 3734 2890 Christi

2158 2922 2526 2977 nativitatibus
2552 2924 2625 2977 ait
2650 2940 2662 2973 :
2696 2921 2886 2977 Prinne
2910 2924 3077 2991 itaque
3096 2924 3373 2978 nativitatis
3388 2924 3595 2983 Domini
3618 2944 3735 2982 nos-

2157 3018 2224 3069 tri
2269 3017 2320 3069 in
2357 3014 2533 3069 Patris
2561 3025 2604 3068 et
2652 3014 2775 3069 Filii
2820 3027 3014 3069 tantum
3060 3017 3365 3071 conscientia
3405 3028 3618 3073 manet:
3648 3035 3733 3072 nec

2157 3108 2431 3177 quidquam
2459 3108 2603 3162 habet
2644 3108 2981 3181 interjectum,
3028 3094 3190 3177 neque
3211 3111 3490 3178 consciunt,
3517 3117 3654 3183 quod
3678 3128 3736 3165 ea:

460 3208 849 3263 alienissimum
890 3219 1208 3275 cognoscas.
1263 3202 1509 3257 lnnuisse
1554 3201 1804 3255 nimirum
1853 3204 2054 3255 Auctor
2080 3188 2123 3250 C
2159 3200 2354 3269 paterni
2380 3200 2484 3253 oris
2511 3198 2699 3265 affectu
2729 3200 2969 3268 processit
2994 3216 3093 3252 uno
3118 3215 3384 3253 consensu.
3414 3203 3480 3254 At
3500 3200 3616 3255 haec
3632 3201 3733 3255 duo

464 3297 684 3353 Petavio
713 3296 950 3361 videtur,
984 3294 1077 3349 Dei
1109 3292 1441 3348 Filium'non
1466 3292 1533 3346 ab
1556 3302 1759 3347 mterno
1788 3293 2051 3360 genitum,

463 3388 562 3443 sed
588 3387 643 3441 in
672 3395 941 3455 tempore,
987 3393 1272 3453 antequam
1295 3384 1501 3439 scilicet
1530 3382 1690 3436 aliam
1722 3383 1883 3437 ullam
1904 3397 2055 3437 crea-

468 3488 642 3533 turam
664 3476 945 3532 conderet.
969 3475 1239 3529 At‘nonne
1264 3484 1420 3528 tract.
1449 3473 1481 3526 7
1512 3473 1604 3528 lib.
1631 3488 1693 3538 tt,
1736 3488 1831 3528 eos
1856 3471 2052 3528 confu-

466 3579 698 3631 taturus,
729 3567 822 3637 qui
853 3564 1164 3633 hoe‘i'psum
1194 3564 1551 3630 tradiderunt,
1574 3562 1666 3632 qui
1686 3564 1969 3628 nimirum,
1997 3576 2050 3619 ut

465 3661 582 3731 ipse
608 3662 841 3714 aitnum.
862 3659 915 3722 1,
964 3656 1147 3713 Dicunt
1174 3656 1378 3723 quidem
1406 3654 1500 3710 Dei
1531 3654 1729 3709 Filium
1754 3654 1942 3720 Deum,
1967 3657 2056 3709 sed

466 3767 569 3805 non
594 3766 659 3805 ea:
686 3748 844 3803 Patre
874 3749 1153 3802 nobilitatis
1180 3747 1513 3816 perpetuitate
1534 3735 1872 3816 progenitum,
1898 3749 2057 3818 fuisse

466 3848 683 3909 tempus,
711 3840 915 3908 quando
959 3855 1061 3892 non
1106 3839 1223 3906 fuit,
1253 3852 1413 3907 quam
1452 3838 1772 3892 sententiam
1812 3839 2056 3892 httreseos

435 3941 652 4003 'aperte
678 3940 830 3991 notat
859 3948 873 3984 :
909 3945 1107 4003 nonne,
1141 3931 1385 3999 inquam,
1433 3928 1601 3985 hocce
1648 3940 1867 3999 tempus,
1913 3931 2055 4001 quod

470 4000 735 4078 nativitati
760 4021 883 4076 Filii
918 4000 1210 4087 iribuitur,
1252 4021 1428 4090 palam
1477 4021 1654 4089 rejieit
1704 4037 1851 4075 num.
1885 4000 1940 4084 δέ
1974 4020 2057 4075 his

472 4112 695 4167 verbis:
748 4109 1025 4164 Videamus
1063 4128 1196 4164 nunc
1223 4152 1238 4176 ,
1282 4114 1469 4178 optime
1513 4112 1789 4166 Christiane
1818 4112 1935 4180 (sic
1963 4127 2057 4181 per

472 4202 699 4259 ironiam
742 4200 1000 4265 Arianum
1029 4200 1299 4270 appellat)
1326 4202 1751 4269 quemadmodum
1790 4204 1922 4255 inter
1953 4201 2059 4257 Pa-

474 4306 602 4350 trem
630 4305 677 4349 et
714 4293 908 4347 Filium
946 4303 1141 4363 tempus
1177 4292 1455 4362 infulcias?
1482 4292 1820 4348 Credibilene
1844 4296 1933 4347 est
1972 4308 2076 4355 as—,

474 4396 679 4443 sertum
700 4386 907 4454 usltiam
931 4384 1056 4438 alibi
1078 4399 1107 4437 a
1133 4383 1353 4437 Zenone
1370 4382 1471 4437 hoc
1489 4384 1627 4438 idem
1658 4394 1868 4452 tempus
1884 4428 1898 4450 ,
1917 4386 2059 4456 quod

477 4488 587 4534 tam
617 4491 877 4546 expresse
908 4476 1180 4529 hmreseos
1225 4473 1607 4541 reprehendit?
1653 4474 1805 4541 Quod
1852 4475 1897 4529 si
1938 4462 2059 4529 huic

2156 3306 2402 3348 censurae
2419 3289 2614 3360 capita,
2636 3292 2735 3345 etsi
2759 3290 3006 3363 videntur
3026 3290 3261 3356 diversa,
3290 3306 3350 3347 re
3379 3301 3559 3349 tamen
3579 3294 3733 3349 colli-

2155 3392 2275 3454 gata
2303 3392 2450 3447 sunt,
2480 3383 2818 3453 alterumque
2866 3383 2933 3438 ab
2960 3384 3133 3438 altero
3175 3384 3248 3439 ita
3297 3385 3532 3455 pendet,
3567 3397 3624 3442 ut
3649 3389 3731 3457 qui

2156 3474 2390 3544 primum
2442 3489 2507 3528 ex
2540 3474 2654 3541 ipso
2680 3472 2902 3527 Zenone
2946 3471 3220 3539 refellerit,
3256 3475 3386 3528 satis
3408 3475 3665 3531 refclterit
3686 3486 3735 3531 et

2156 3567 2428 3628 alterum,
2483 3566 2914 3635 catholicamque
2966 3566 3137 3622 sancti
3191 3566 3459 3621 Antistitis
3500 3577 3731 3622 mentem

2158 3642 2565 3725 doctrinamque
2593 3655 2661 3709 ab
2690 3655 2890 3709 Arione
2916 3654 3165 3724 dogmate
3186 3654 3505 3711 vindicatam
3531 3658 3733 3725 praesti—

2159 3748 2300 3802 terit.
2350 3747 2404 3803 Si
2433 3748 2575 3801 enim
2607 3748 2833 3816 primum
2879 3756 3100 3811 statuas,
3133 3746 3730 3816 probesqueteternam

2156 3854 2220 3895 ac
2265 3840 2535 3909 propriam
2587 3838 2757 3893 divini
2805 3839 2968 3894 Verbi
3007 3839 3403 3909 generationem
3436 3852 3467 3892 a
3517 3838 3732 3893 Zenone

2159 3931 2292 3987 satis
2320 3930 2673 3997 declaratam,
2704 3930 2830 3984 dum
2864 3931 3005 3985 idem
3028 3931 3277 3999 ‘Verbuhm
3317 3930 3493 3986 adhuc
3523 3933 3577 3987 in
3605 3948 3728 3989 con-

2157 4024 2380 4079 scientia
2403 4023 2577 4079 Patris
2595 4020 2827 4077 velatum
2867 4033 2920 4078 et
2941 4022 3177 4079 abditum
3210 4023 3525 4091 affirmavit,
3552 4027 3729 4080 statim

2158 4124 2431 4183 sequetur,
2460 4116 2681 4190 alteram
2710 4116 3130 4187 generationem,
3156 4130 3275 4184 quae
3302 4105 3478 4170 eidem
3508 4115 3686 4190 Verbo
3704 4132 3728 4172 a

2158 4204 2373 4279 Zenone
2396 4188 2664 4271 tribuitur,
2693 4206 2918 4275 primam
2950 4220 3055 4259 non
3087 4218 3226 4269 esse,
3259 4219 3484 4275 eamque
3515 4188 3730 4276 perinde

2160 4295 2551 4365 explicandam,
2585 4306 2642 4349 ut
2664 4296 2852 4365 primae
2894 4304 3107 4349 reterns:
3132 4296 3462 4365 generationi
3493 4296 3625 4352 nihil
3656 4311 3731 4351 rc-

2162 4397 2380 4458 pugnet,
2404 4396 2457 4441 et
2495 4388 2711 4451 Arianis
2737 4386 2868 4464 nihil
2895 4387 3128 4458 suffragii
3152 4388 3305 4442 ferat.

2233 4478 2414 4549 Itaque
2440 4479 2507 4535 ad
2557 4479 2783 4548 primum
2813 4479 2953 4550 quod
3009 4482 3257 4550 pertinet,
3305 4479 3435 4535 illud
3468 4480 3647 4551 ipsum
3682 4481 3728 4534 in

477 4568 792 4625 testimonio
821 4572 1018 4620 caetera
1056 4562 1221 4644 addas
1261 4562 1314 4615 in
1345 4563 1635 4631 superioris
1664 4562 2057 4619 dissertationis
2084 4546 2135 4606 D
2163 4546 2347 4638 primis
2378 4546 2741 4626 testimonium
2768 4546 2846 4627 cxi
2865 4546 3092 4627 tractatu
3114 4546 3506 4641 octavo,'quod
3521 4574 3728 4644 primum

478 4668 641 4729 caput
676 4658 734 4725 2,
757 4655 786 4727 §
813 4655 870 4721 2,
900 4652 1169 4723 conjecta,
1195 4638 1399 4721 quibus
1446 4661 1500 4705 et
1537 4650 1677 4704 hunc
1727 4665 1966 4731 errorem
2006 4664 2071 4731 et

481 4750 615 4805 alias
637 4747 958 4803 Arianorum
984 4743 1285 4801 locutiones
1300 4743 1501 4795 Auctor
1524 4755 1588 4795 ex
1619 4740 1882 4795 catholico
1903 4757 2062 4796 sensu

480 4842 655 4912 rejicit
674 4883 690 4907 ,
726 4850 835 4893 tum
868 4854 931 4893 es
956 4836 1207 4891 omnibus
1234 4835 1407 4903 palam
1434 4831 1545 4896 fiet,
1570 4847 1690 4886 eum
1714 4833 2061 4893 disertissime

480 4932 798 4988 catholicam
818 4929 1079 4983 adversus
1095 4927 1323 4981 Arianos
1346 4924 1594 4977 docuisse
1615 4938 1675 4976 ac
1703 4938 2067 4993 prepugnasse

480 5025 812 5078 doetrinam:
844 5021 955 5090 jam
989 5020 1052 5073 iis
1081 5019 1132 5072 in
1171 5016 1515 5080 testimoniis,
1536 5030 1655 5083 qu.e
1680 5014 1927 5067 Petavius
1958 5031 2059 5069 una

484 5115 785 5177 recensuit,
822 5111 1052 5166 alienam
1082 5117 1135 5163 et
1174 5108 1241 5162 ad
1267 5107 1492 5161 Arianos
1519 5104 1860 5160 accedentem
1887 5107 2059 5159 conti.

484 5206 599 5262 neri
629 5204 950 5260 sententiam
973 5216 1131 5257 nemo
1153 5200 1413 5269 suspicari
1430 5199 1552 5268 jure
1575 5199 1761 5268 possit,
1791 5197 1893 5251 nisi
1915 5212 2061 5251 eum-

484 5295 606 5350 dcm
641 5305 915 5350 auctorem
938 5294 1038 5349 sibi
1077 5292 1179 5361 ipsi
1211 5290 1493 5344 adversum
1519 5298 1571 5343 et
1599 5289 2055 5344 comradicentem

485 5388 759 5443 existimet
785 5404 797 5438 :
825 5386 919 5440 sed
951 5386 1125 5455 potius
1149 5400 1270 5438 eum
1301 5384 1588 5436 universim
1622 5395 1783 5449 pauca
1810 5382 2055 5451 qutedam

485 5478 709 5531 obscura
762 5479 874 5530 loca
924 5491 987 5529 ex
1039 5474 1279 5543 pluribus
1327 5486 1390 5525 ac
1417 5470 1713 5525 manifestis
1742 5469 2054 5540 explicanda

488 5567 614 5628 sint,
669 5580 772 5618 non
818 5575 995 5618 autem
1042 5579 1072 5618 e
1116 5574 1330 5627 contra;
1387 5576 1454 5615 ex
1506 5569 1582 5614 tot
1611 5574 1673 5614 ac
1721 5571 1826 5614 tam
1858 5561 2057 5629 apertis

429 5660 435 5669 ‘
488 5653 548 5708 S.
580 5652 812 5707 Zenonis
843 5652 1167 5705 testimoniis
1219 5652 1441 5705 evidens
1494 5663 1615 5703 esse
1664 5649 1842 5716 debet,
1892 5650 2054 5704 alium

490 5757 731 5813 prorsus,
763 5755 921 5811 quam
944 5745 1033 5809 qui
1056 5755 1084 5793 a
1110 5740 1327 5793 Petavio
1357 5740 1525 5793 tribus
1545 5738 1651 5792 illis
1678 5738 1809 5795 locis
1834 5741 2052 5810 subjici-

2159 4656 2356 4712 Christi
2376 4660 2707 4715 nativitatem
2732 4660 2999 4731 ingerens,
3052 4661 3301 4717 Petavius
3328 4676 3424 4731 pro
3454 4661 3729 4733 temporali

2160 4749 2430 4817 allegavit,
2479 4750 2545 4805 ad
2585 4759 2841 4806 aeternam
2890 4752 3228 4809 statuendam
3281 4754 3584 4810 luculenter
3608 4769 3727 4811 con-

2161 4836 2327 4892 ducit.
2360 4839 2489 4893 Cum
2538 4842 2677 4894 enim
2710 4843 2907 4897 ibidem
2954 4845 3118 4912 prima
3144 4845 3339 4901 Christi
3368 4849 3625 4902 nativitas
3650 4848 3726 4901 illa

2148 4942 2284 5016 ‘esse
2313 4930 2538 4994 dicatur,
2569 4946 2685 5001 qua:
2704 4935 2757 4986 in
2781 4932 2955 4987 Patris
2985 4947 3028 4989 et
3052 4934 3177 4989 Filii
3201 4946 3397 4993 tantum
3425 4940 3726 4995 conscientia

2164 5030 2349 5084 manet,
2380 5036 2469 5073 nec
2488 5022 2759 5091 quidquam
2807 5023 2952 5078 habet
2993 5026 3311 5101 interjectum
3349 5038 3401 5082 et
3444 5030 3726 5086 conscium:

2165 5109 2414 5164 nativitas
2469 5112 2705 5178 profecto
2765 5113 3028 5169 indicatur
3080 5115 3247 5185 divini
3308 5117 3471 5173 Verbi
3522 5136 3623 5190 pro
3664 5106 3753 5174 eo‘

2162 5207 2361 5254 teterno
2407 5211 2568 5266 statu,
2600 5216 2720 5281 eum
2748 5204 2894 5256 illum
2917 5216 3032 5258 ante
3055 5208 3223 5261 omnia
3238 5209 3431 5263 secula
3466 5209 3627 5266 Pater
3640 5210 3723 5265 ad-

2164 5288 2260 5341 huc
2303 5290 2535 5360 utrinque
2576 5291 2629 5343 in
2675 5294 2937 5363 semetipso
2963 5291 3130 5361 Deus,
3178 5298 3334 5353 beata:
3380 5300 3720 5368 perpetuitati!

2161 5379 2432 5443 indiscreta
2459 5383 2669 5442 spiritus
2697 5384 3025 5452 plenitudine,
3049 5391 3327 5459 nescioquo
3353 5407 3451 5444 sua
3470 5395 3719 5448 conscien-

2162 5469 2232 5523 tia
2257 5470 2493 5536 velatum,
2525 5468 2651 5526 Filii
2677 5489 2777 5526 non
2807 5476 2914 5529 sine
2943 5475 3151 5543 a/fectu,
3183 5478 3271 5531 sed
3296 5481 3407 5533 sine
3435 5483 3720 5541 discrimine

2160 5560 2569 5628 amplectebatur,
2617 5574 2673 5617 ut
2700 5563 2844 5619 Zeno
2868 5566 2943 5618 ait
2968 5569 3018 5620 in
3052 5568 3213 5635 priori
3237 5578 3413 5633 testu,
3444 5584 3607 5638 quem
3634 5574 3717 5627 Pe-

2159 5651 2329 5703 tavius
2351 5650 2547 5719 ohjeeit
2574 5668 2641 5707 ex
2667 5662 2891 5707 tractatu
2923 5655 2980 5717 5,
3000 5670 3112 5719 seu,
3138 5667 3193 5709 ut
3225 5657 3461 5724 loquitur
3484 5661 3715 5718 secundo

2162 5746 2329 5805 textu,
2348 5754 2413 5795 es
2443 5750 2598 5795 traCt.
2628 5742 2680 5807 4,
2709 5757 2828 5795 cum
2853 5752 3097 5798 eratante
3132 5745 3303 5807 omnia
3330 5761 3544 5805 manens
3570 5766 3708 5811 unus.
