3826 6226
167 339 216 388 in
899 299 912 307 ’
989 328 1434 386 litSSERTATIO
1467 328 1527 386 ιι,
1569 325 1655 379 nn
1693 325 1702 375 ε

1809 322 2076 378 [ENONIS
2117 322 2474 377 DOCTRINA.
3327 318 3394 373 90

168 465 199 502 t-t
223 451 343 502 idem
370 450 496 502 alter
525 467 584 502 cr
618 447 881 516 semetipso
911 446 960 497 in
987 445 1303 514 semetipsum
1347 441 1504 504 Deus,
1543 439 1717 492 secreti
1745 439 1799 497 Α
1823 437 1917 492 scd
1958 440 2084 493 illud
2119 449 2321 494 tantum
2355 442 2602 508 innuunt,
2628 441 2696 495 ita
2729 440 2891 495 fuisse
2922 438 3055 493 lianc
3083 438 3199 494 Filii
3236 451 3396 509 gene-

167 542 229 601 nti
255 541 381 594 δοιώ
414 541 690 592 conscius:
723 537 913 606 quibus
945 534 1183 602 utrisque
1225 533 1277 588 in
1312 533 1442 586 locis
1469 530 1711 586 eamdem

167 634 363 687 occulta:
410 630 774 701 generationis
801 627 1114 682 sententiam
1171 625 1487 679 inculcatam
1531 622 1712 688 vides,

170 739 269 793 quae
307 725 353 774 in
381 733 602 776 tractatu
637 723 690 786 8,
723 723 809 774 ubi
841 719 1058 789 proinde
1089 717 1227 772 banc
1259 717 1490 787 priorem
1524 716 1713 769 nativi-

170 825 307 868 tatem
337 815 420 868 tibi
449 831 546 866 non
578 814 689 867 licet
731 828 974 881 qnazrere,
1009 809 1210 879 inquit;
1240 811 1379 880 quod
1419 809 1621 895 scilicet
1651 824 1712 863 ea

170 905 285 961 Filio
307 908 465 961 Patris
488 900 795 960 conscientia
827 907 988 960 velato
1014 921 1077 960 ex
1110 914 1174 958 tr.
1206 905 1258 967 5,
1289 905 1502 970 Dcoque
1534 904 1713 957 secreti

169 1001 237 1055 ssi
256 1001 352 1054 solo
374 1001 588 1065 conscio,
618 1015 684 1054 ex
733 1008 886 1053 tract.
916 997 969 1063 4,
1002 999 1054 1051 in
1089 996 1258 1051 Patris
1288 1007 1334 1050 et
1366 994 1493 1050 Filii
1515 1004 1710 1048 tantum

171 1095 443 1147 conscientia
470 1095 727 1158 manserit,
755 1108 820 1150 ex
855 1106 920 1148 tr.
977 1092 1031 1148 8'.
1080 1092 1267 1164 Itaque
1317 1092 1372 1148 S.
1429 1091 1576 1147 Zeno
1608 1091 1709 1146 hoc

173 1193 232 1237 tr.
258 1185 287 1238 8
306 1185 564 1252 explicans
590 1184 754 1240 verba
783 1184 1105 1241 tr’actatuum
1132 1185 1166 1238 4
1187 1195 1242 1240 et
1268 1185 1321 1249 5,
1346 1184 1564 1239 Petavio
1593 1186 1711 1254 ipso

176 1275 326 1328 locum
340 1276 620 1338 indicante,
645 1277 708 1330 iis
735 1275 786 1330 in
800 1277 977 1332 verbis
990 1279 1207 1349 primam
1229 1277 1346 1331 Filii
1378 1278 1710 1330 nativitatem

171 1367 400 1435 agnoscit,
430 1382 584 1435 quam
627 1367 880 1423 Petavius
905 1384 969 1424 ex
1013 1370 1230 1425 Zenone
1271 1385 1375 1424 non
1407 1369 1587 1431 novit;
1616 1383 1715 1422 nec

172 1458 295 1511 illam
318 1461 518 1527 primam
543 1461 732 1524 innuit,
754 1478 909 1530 quam
926 1462 1173 1517 Petavius
1195 1465 1411 1531 primum
1429 1462 1708 1523 intellexit,

171 1565 275 1603 cum
324 1551 515 1605 scilicet
561 1555 963 1622 echgitatarum
991 1565 1047 1608 ut
1073 1556 1302 1608 ordinem
1327 1557 1595 1608 instrueret
1631 1571 1712 1607 re-

171 1662 284 1707 rum,
299 1643 554 1710 ineffabilia
578 1645 668 1696 illa
691 1646 848 1698 virtus
871 1646 1492 1716 incompreltensibtlisque
1516 1646 1716 1717 sapien-

172 1737 231 1788 tia
272 1753 295 1788 e
319 1739 510 1807 regione
537 1737 708 1790 cordis
735 1749 994 1791 eructasse
1045 1737 1268 1793 Verbum
1311 1738 1575 1814 proditur,
1620 1735 1713 1790 sed

1821 534 2081 587 rationem
2131 534 2370 589 abditam
2413 545 2465 591 et
2518 535 2750 592 velatam
2778 577 2790 600 ,
2825 544 2883 589 ut
2929 550 3026 605 pro
3069 549 3128 589 ea
3173 532 3397 587 rationis

1818 625 2096 696 prioritate
2117 668 2130 691 ,
2171 637 2457 697 antequam
2490 629 2555 684 dc
2589 628 2718 683 orbe
2749 627 3032 682 condendo
3067 626 3394 681 deliberare-

1819 728 1938 782 tur,
1966 719 2133 774 Filius
2173 720 2318 774 nullo
2343 721 2632 774 discrimine
2670 723 3002 776 extrinsecus
3047 717 3261 788 prodire
3306 730 3401 783 po-

1819 811 2013 874 tuerit;
2043 825 2104 864 ac
2131 820 2416 881 propterea
2451 812 2663 879 quidem
2689 851 2705 878 ,
2755 810 2895 882 quod
2945 819 3098 865 tract.
3125 810 3156 864 5
3179 806 3399 862 elTertur

1816 918 1912 973 per
1961 905 2122 959 verba
2169 905 2276 958 sine
2329 905 2643 969 discrimine,
2672 904 2721 958 id
2765 906 2937 972 ipsum
2972 904 3126 972 plane
3172 909 3338 982 tract.
3365 900 3398 953 5

1814 997 2098 1067 ewonitur
2125 1012 2219 1066 per
2239 996 2373 1063 haec,
2398 999 2506 1051 sine
2533 998 2865 1062 revelantine;
2893 997 3032 1066 quod
3051 983 3222 1066 ipstit'ft
3249 995 3397 1048 lucu-

1815 1090 2014 1144 lentius
2065 1089 2414 1145 eonllrmatur
2448 1106 2513 1145 ex
2568 1099 2795 1145 tractatu
2821 1091 2877 1154 4,
2926 1090 3012 1143 ubi
3060 1104 3164 1142 non
3195 1087 3298 1141 alia
3331 1086 3396 1140 dc

1813 1199 1973 1238 causa
2021 1185 2279 1239 latentem
2305 1186 2357 1239 in
2381 1184 2540 1239 Patre
2565 1184 2632 1239 ab
2655 1174 2858 1238 teter-uo
2881 1183 2972 1237 illo
2994 1182 3216 1237 rationis
3244 1181 3396 1250 signo

1771 1307 1776 1314 ο
1814 1275 2053 1329 divinum
2099 1275 2290 1329 Filium
2336 1276 2601 1345 agnoscit,
2652 1291 2807 1344 quam
2857 1275 2997 1343 quod
3043 1273 3188 1327 nullo
3221 1271 3398 1326 adhuc

1815 1377 2077 1436 concepto
2129 1367 2393 1422 condendi
2441 1368 2586 1422 orbis
2617 1367 2855 1432 decreto,
2888 1367 3112 1421 visibilis
3141 1382 3260 1421 esse
3290 1381 3396 1422 non

1817 1465 2046 1529 poterat,
2095 1457 2169 1510 uti
2217 1473 2345 1512 sane
2389 1473 2458 1512 ex
2505 1472 2571 1510 eo
2621 1458 2840 1511 decreto
2871 1457 3084 1510 visibilis
3111 1459 3396 1511 necessario

1818 1555 1933 1609 ﬁeri
1963 1555 2146 1609 debuit
2175 1573 2187 1608 :
2223 1555 2384 1627 Cujus
2435 1563 2496 1608 ea:
2546 1571 2650 1620 ore,
2686 1557 2957 1627 inquit,rut
2981 1572 3148 1610 rerum
3176 1567 3356 1610 natura
3379 1598 3393 1621 ,

1816 1664 1932 1717 qua:
1987 1664 2086 1701 non
2142 1657 2271 1714 erat,
2306 1651 2603 1716 ﬁngeretur,
2627 1649 2844 1718 prodivit
2876 1648 3159 1717 unigenitus
3189 1645 3356 1700 Filius
3380 1687 3396 1710 ,

1818 1741 1986 1792 cordis
2015 1743 2128 1812 ejus
2156 1741 2336 1795 nobilis
2358 1724 2656 1810 inquilinus,
2684 1741 2867 1795 eainde
2889 1739 3093 1794 visibilis
3119 1742 3396 1813 necessario

171 1830 316 1891 illam,
344 1846 437 1900 qua
461 1829 623 1906 Filius
651 1832 704 1884 in
749 1829 923 1886 Patris
951 1833 1076 1886 licet
1099 1832 1410 1886 conscientia
1434 1832 1652 1894 velatus,
1684 1845 1710 1882 a
1749 1829 2052 1896 B_e/fectus,
2084 1833 2203 1900 quia
2244 1831 2413 1884 orbem
2454 1842 2601 1885 terra:
2621 1841 2731 1884 erat
2770 1832 2880 1902 ipse
2928 1835 3182 1902 facturus,
3217 1831 3397 1884 ltuma—

169 1921 305 1975 Patre
328 1930 490 1978 tamen
522 1922 649 1978 Filii
679 1941 779 1977 non
809 1925 917 1978 sine
955 1924 1139 1992 affectu
1194 1925 1471 1995 amplexus
1511 1925 1710 1980 diserte

172 2012 391 2067 traditur.
441 2013 531 2068 His
580 2029 744 2084 porro
791 2033 857 2070 ex
906 2016 1490 2086 verbisargumentum
1523 2028 1706 2072 contra

170 2103 410 2158 Petavium
453 2104 762 2161 invincibile
802 2108 1038 2161 elicitur.
1097 2107 1230 2164 Cum
1279 2109 1422 2164 enim
1457 2110 1706 2167 ,divinum

171 2191 373 2248 Verbum
403 2211 494 2264 pro
527 2192 608 2252 eo
635 2207 826 2252 ceterno
854 2205 996 2252 statu
1029 2200 1046 2260 l
1055 2210 1171 2254 ante
1199 2202 1366 2255 omnia
1387 2203 1595 2266 sarcula,
1630 2203 1708 2255 in-

168 2286 288 2370 quit)
311 2289 474 2358 utique
499 2299 786 2370 antequam
810 2294 1212 2359 excogitatarum
1234 2298 1360 2349 ordo
1382 2297 1711 2350 instrueretur

169 2383 391 2444 rerum,id
409 2395 484 2438 est
507 2377 790 2454 antequam
820 2386 1159 2455 (prioritatem
1183 2391 1414 2456 rationis,
1435 2399 1490 2442 ut
1515 2390 1711 2443 schola:

169 2485 358 2536 vocant,
387 2476 615 2546 intellige
639 2477 659 2548 )
712 2477 781 2532 de
810 2478 1045 2532 creando
1066 2481 1196 2534 orbe
1219 2480 1492 2535 decretum
1518 2480 1671 2535 ﬁeret
1695 2498 1708 2544 ;

168 2578 295 2628 cum,
323 2565 542 2635 inquam,
569 2583 663 2637 pro
685 2568 786 2624 hoc
807 2579 1009 2626 aeterno
1032 2579 1170 2626 statu
1197 2572 1432 2627 divinum
1453 2573 1706 2638 Verbum,

171 2658 354 2711 tametsi
380 2657 544 2713 Patris
572 2662 902 2716 conscientia
921 2663 1179 2731 velatum,
1199 2665 1496 2720 alﬁrmetnr
1520 2665 1712 2732 Filius;

171 2767 286 2808 vere
307 2757 520 2824 genitus,
552 2773 786 2828 veraque
807 2745 1085 2830 generatio
1113 2763 1295 2831 procul
1320 2762 1485 2818 dubio
1514 2764 1712 2818 asseri-

170 2857 274 2906 tur:
303 2864 407 2902 nam
428 2893 441 2914 ,
469 2861 522 2906 ut
549 2852 691 2908 idem
716 2853 912 2909 fatetur
938 2853 1189 2910 Petavius
1211 2856 1415 2930 [Lxxn]
1449 2857 1540 2912 lib.
1576 2874 1605 2910 ν
1645 2858 1711 2913 de
1759 2889 1764 2895 -

167 2938 417 3008 'l'rinitate,
445 2958 560 3012 cap.
606 2945 660 3012 9,
694 2962 842 3000 num.
889 2948 988 3012 Η,
1032 2947 1200 3002 Filius
1245 2950 1352 3003 sine
1391 2950 1713 3020 generatione

169 3031 318 3084 nullus
344 3043 443 3098 est;
464 3049 577 3099 seu,
595 3046 656 3089 ut
682 3037 1254 3109 loquiturAngustinus
1277 3039 1371 3094 lib.
1395 3055 1425 3092 v
1447 3041 1513 3094 de
1536 3040 1708 3106 Trin.,

170 3137 296 3174 num.
314 3126 361 3188 7,
394 3123 513 3179 Ideo
533 3129 718 3198 quippe
738 3127 926 3194 Filius,
943 3131 1060 3197 quia
1077 3134 1306 3201 genitus;
1324 3146 1366 3186 ct
1387 3135 1504 3201 quia
1524 3132 1708 3198 Filiits,

1817 1929 2036 1994 numque
2079 1924 2373 1978 visitaturus
2417 1942 2575 1995 genus
2613 1941 2630 1978 :
2671 1925 2748 1977 sic
2781 1933 2985 1977 textum
3037 1924 3298 1993 integrum
3325 1938 3394 1977 ex

1814 2016 2064 2070 Omnibus
2098 2019 2226 2071 mss‘.
2253 2027 2303 2094 et
2332 2004 2568 2072 editione
2594 2017 2760 2084 prima
2789 2014 3055 2070 dedimus.
3083 2014 3214 2069 Hinc
3234 2029 3393 2084 porro

1813 2109 1879 2163 ad
1904 2110 2281 2178 explicandum
2320 2109 2549 2164 alterum
2582 2108 2882 2164 Petavianzc
2922 2123 3162 2163 censura:
3200 2118 3388 2178 caput,

1813 2201 2152 2272 Zenonisque
2184 2211 2416 2257 mentem
2444 2203 2847 2271 doctrinamque
2861 2200 3201 2273 aperiendam
3219 2200 3392 2256 aditus

1813 2296 2042 2364 amplior
2067 2306 2231 2364 patet.
2266 2295 2400 2350 Cum
2431 2296 2572 2350 enim
2597 2296 2745 2350 liisec
2782 2297 2834 2350 in
2863 2295 3038 2350 verbis
3062 2296 3389 2350 nativitatem

1815 2386 2098 2456 quamdam
2126 2386 2310 2441 divino
2342 2386 2517 2444 Verbo
2551 2387 2744 2443 tribuat
2781 2391 2832 2442 in
2855 2387 3068 2477 creandi
3092 2388 3240 2447 orbis
3265 2403 3392 2444 con-

1816 2477 1994 2532 silium
2023 2517 2038 2541 ,
2099 2478 2346 2547 inquiens
2386 2497 2398 2531 :
2433 2477 2663 2532 Prodivit
2712 2480 2997 2549 unigenitus
3029 2477 3215 2546 Filius,
3257 2489 3386 2547 etc.,

1814 2569 2008 2636 quibus
2051 2568 2336 2621 concinnat
2365 2570 2465 2622 alia
2489 2585 2551 2624 ex
2588 2581 2654 2622 tr.
2685 2570 2754 2624 5:
2785 2569 3203 2639 Excogitatarunt
3228 2579 3280 2623 ut
3305 2587 3388 2623 or-

1815 2661 1981 2720 dinent
2030 2661 2297 2715 instrueret
2344 2677 2535 2725 rerum,
2568 2660 2843 2727 ineffabili:
2884 2662 2975 2715 illa
3000 2663 3160 2716 virtus
3190 2664 3386 2717 incom-

1815 2751 2264 2822 prehensibilisque
2303 2753 2550 2824 sapientia
2581 2770 2607 2807 e
2631 2755 2834 2824 regione
2859 2755 3026 2807 cordis
3053 2765 3243 2810 eructat
3272 2772 3384 2809 ver-

1815 2845 1948 2906 bum,
1977 2845 2338 2913 omnipotentia
2367 2862 2420 2899 se
2455 2856 2737 2916 prapagat,;
2769 2862 2922 2912 cum,
2957 2848 3170 2918 inquam
3191 2889 3206 2914 ,
3240 2845 3386 2905 hisce

1816 2937 1866 2991 in
1899 2937 2075 2992 verbis
2102 2951 2239 2990 nova
2269 2937 2510 3006 quavdam
2545 2938 2792 2991 nativitas
2840 2938 3022 2994 divino
3070 2939 3246 2994 Verbo
3287 2943 3382 2994 tri-

1814 3027 2003 3081 buatur
2046 3028 2097 3081 in
2141 3027 2359 3082 creandi
2387 3028 2532 3083 orbis
2555 3027 2856 3101 -cnnsiliu‘m
2884 3070 2897 3095 ,
2952 3039 3148 3097 prmtcr
3194 3028 3336 3083 illam
3365 3071 3379 3096 ,

1814 3137 1971 3192 quam
2005 3122 2055 3174 in
2086 3122 2204 3197 sinu
2236 3121 2410 3176 Patris
2450 3122 2702 3176 latentem
2735 3121 2854 3176 aliis
2890 3123 3180 3188 prtemissis
3205 3123 3382 3178 verbis

170 3216 314 3282 utique
330 3219 532 3286 genitus.
557 3219 615 3274 Si
637 3235 766 3290 ergo
796 3220 963 3277 Filius
992 3225 1058 3278 ab
1086 3234 1310 3288 mterno,
1335 3236 1386 3279 et
1406 3225 1570 3280 Filius
1592 3227 1709 3295 qui-
1737 3211 1780 3273 C
1812 3214 2094 3269 confessus
2122 3223 2224 3280 est,
2275 3214 2409 3269 duas
2434 3210 2664 3284 quodam
2703 3213 2861 3268 modo
2891 3216 3195 3270 nativitates
3222 3215 3381 3270 Verbi

168 3307 268 3361 dem
308 3312 501 3378 genitus
539 3328 604 3367 ex
647 3313 880 3370 Zenonis
927 3319 1192 3373 sententia
1240 3318 1444 3372 exstitit
1471 3318 1708 3372 divinum

170 3398 400 3466 Verbum;
431 3405 611 3474 utique
662 3421 698 3464 a_
740 3405 898 3462 Patre
939 3407 1034 3463 fuit
1081 3409 1242 3464 etiam
1274 3409 1586 3464 distinctum
1616 3427 1627 3463 :
1659 3419 1714 3464 et

169 3489 269 3544 hinc
289 3492 386 3560 jam
418 3505 523 3548 tum
553 3513 710 3550 unum
739 3509 785 3550 et
809 3499 1048 3565 alterum,
1079 3501 1128 3554 id
1153 3509 1236 3556 est
1267 3515 1522 3570 personas
1552 3501 1706 3568 duas,

171 3579 342 3660 Filium}
363 3585 672 3658 Patremque
698 3589 974 3646 exstitisse
1019 3592 1156 3647 idem
1191 3593 1338 3648 Zeno
1366 3594 1540 3664 palam
1574 3593 1709 3649 fato-

169 3681 237 3726 tur
273 3686 487 3732 tractatu
517 3681 573 3745 4,
630 3682 681 3733 in
713 3697 833 3751 qua:
891 3682 1052 3738 verba
1087 3684 1328 3753 pluribus
1369 3684 1576 3755 egimus
1616 3684 1710 3739 ad-

166 3773 254 3818 ηῡι.
280 3766 329 3821 2.
360 3769 475 3824 Haec
503 3785 570 3825 ex
601 3770 732 3840 ipsis
753 3766 930 3838 locis,
962 3790 1080 3842 (iure
1119 3791 1148 3829 a
1180 3775 1399 3830 Petavio
1449 3775 1709 3845 objiciun-

166 3864 262 3921 tur,
305 3861 422 3914 satis
450 3871 654 3931 aperta.
689 3861 783 3918 His
828 3876 1003 3919 autem
1037 3866 1081 3920 si
1121 3867 1286 3921 addas
1318 3867 1520 3937 reliqua
1553 3868 1704 3921 testi-

166 3949 309 4001 monia
345 3953 594 4022 superiori
629 3955 962 4024 paragrapho
991 3956 1252 4020 indicata,
1281 3958 1480 4026 quibus
1503 3962 1705 4014 Auctor

163 4037 359 4095 divinum
412 4043 602 4098 Filium
645 4044 788 4100 Patri
819 4055 1166 4114 coretcrnum,
1216 4050 1474 4119 :equalem
1501 4093 1516 4116 ,
1562 4052 1704 4120 ejus-

163 4126 356 4200 demque
415 4135 727 4190 substa-ntite
791 4135 1091 4192 luculenter
1149 4139 1423 4208 defendit,
1468 4143 1578 4211 jam
1635 4143 1700 4198 ad

107 4289 109 4292 ι
162 4221 556 4294 Conﬁrmandam,
576 4243 672 4283 seu
696 4232 873 4299 potius
901 4231 1394 4302 demonstrandam,
1425 4238 1556 4290 satis
1581 4237 1703 4292 licet

163 4311 354 4381 obviam,
399 4321 810 4388 explicationem
841 4323 1027 4378 borum
1071 4335 1314 4384 ,textuum
1346 4367 1360 4394 ,
1410 4343 1474 4382 cx
1506 4330 1700 4397 quibus

163 4402 271 4497 idem
292 4407 445 4464 Filius
465 4426 493 4464 a
512 4411 670 4467 Patre
692 4413 757 4467 ab
778 4423 981 4468 aeterno
1001 4417 1213 4484 genitus
1229 4418 1506 4488 solumque
1527 4419 1699 4475 latens

163 4492 212 4546 iu
235 4495 384 4564 Patris
418 4505 744 4558 cooscientia
777 4506 1031 4572 probatus
1065 4507 1218 4562 nobis
1250 4520 1362 4575 est,
1393 4511 1522 4564 nihil
1555 4528 1696 4581 pra:-

164 4591 275 4640 terea
295 4589 632 4668 desiderabis.
1132 4667 1136 4670 ι

216 4675 269 4728 At
291 4681 420 4736 enim
448 4682 820 4738 difﬁcultatem
844 4684 1063 4740 Petavio
1093 4687 1342 4745 fecerunt
1364 4690 1473 4757 illa,
1500 4694 1692 4766 quibus

163 4759 287 4821 Pater
329 4771 513 4827 Filium
566 4775 844 4830 indiscreta
897 4766 1107 4846 spiritus
1153 4779 1466 4848 plenitudine
1512 4759 1557 4836 et
1586 4786 1694 4840 sine

165 4852 406 4915 discrimine
424 4866 691 4934 arnplexus
714 4867 904 4922 eodem
938 4877 1090 4924 tract.
1117 4869 1417 4927 Stradi'tnr.
1446 4873 1554 4928 Sed
1580 4877 1692 4932 lirec

165 4954 242 5039 ηοω
268 4949 504 5039 unitatem
549 4971 792 5024 personae
816 4973 915 5028 pro
939 4973 1006 5014 eo
1029 4969 1426 5030 teter-nostatu,
1451 4980 1544 5019 seu
1590 4982 1686 5035 po-

165 5036 240 5086 tius
261 5036 512 5102 prioritate
544 5046 632 5099 illa
663 5048 886 5102 rationis
908 5048 1200 5115 insinuant,
1227 5063 1280 5105 ut
1311 5053 1510 5109 Petavii
1533 5071 1684 5126 argu-

166 5134 352 5181 mentum
378 5133 670 5198 postularet
712 5137 922 5205 (secus,
947 5139 1157 5195 Patrem
1186 5152 1235 5196 et
1277 5142 1470 5197 Filium
1495 5161 1687 5203 vocare

165 5226 246 5269 non
264 5225 522 5288 potuisset,
551 5224 652 5278 nisi
687 5224 825 5282 forte
868 5229 922 5283 iu
956 5230 1390 5288 Sabellianorum
1427 5243 1479 5290 et
1507 5236 1684 5304 Patri-

167 5308 851 5389 msianorum'sententiam,
883 5314 1208 5388 qui‘Patrem
1232 5336 1285 5378 et
1302 5324 1495 5380 Filium
1518 5329 1681 5386 .voci-

166 5393 256 5458 bos,
298 5415 392 5462 non
427 5420 483 5458 re
521 5404 804 5458 distinctos
829 5407 1137 5463 tradidere:
1170 5429 1277 5480 quo
1305 5430 1430 5469 casu
1454 5416 1678 5472 duarum

168 5482 274 5542 inter
306 5507 412 5548 sese
440 5495 791 5564 pugnantium
833 5494 1110 5551 hmreseon
1161 5501 1406 5556 adsertor
1436 5519 1542 5558 uno
1586 5521 1678 5560 eo-

164 5571 341 5647 demnue
368 5595 589 5641 tractatu
633 5585 692 5642 S.
724 5585 874 5642 Zeno
899 5597 1214 5654 argueretur
1253 5605 1279 5641 a
1312 5593 1550 5658 Petavio,
1586 5596 1679 5651 Sa-

166 5660 359 5726 δειὶίειιε
380 5685 433 5729 et
456 5677 688 5739 Arianae,
715 5676 857 5744 quod
886 5691 987 5732 nec
1027 5677 1278 5745 possibile
1312 5680 1544 5743 videtur,
1579 5701 1678 5739 nec

167 5748 282 5813 alteri
305 5765 573 5836 contigisse
600 5769 839 5838 unquam
875 5766 986 5822 ullo
1014 5768 1262 5837 exemplo
1304 5769 1671 5842 probabitur),

1812 3305 2091 3375 agnovisse
2123 3304 2347 3358 videtur.
2637 3352 2642 3354 _

1883 3396 2066 3466 Itaque
2115 3395 2375 3467 Georgius
2426 3396 2607 3451 Bullus
2655 3397 2708 3450 in
2760 3397 3071 3465 defensione
3107 3397 3263 3454 Fidei
3294 3398 3384 3453 Ni-

1811 3505 1996 3556 carum,
2030 3502 2162 3546 sect.
2224 3493 2276 3560 '5,
2315 3507 2432 3561 cap.
2463 3492 2514 3557 9,
2543 3492 2569 3564 §
2600 3492 2653 3559 6,
2687 3507 2806 3548 cum
2839 3502 3092 3547 aeternam
3134 3493 3224 3548 Dei
3266 3492 3383 3546 Filii

1809 3585 2217 3652 generationem
2269 3587 2542 3656 prioribus
2585 3586 2765 3641 verbis
2814 3601 2844 3638 a
2877 3587 3092 3642 Zenone
3119 3587 3380 3641 adsertam

1808 3677 2117 3741 contendit,
2144 3688 2252 3732 tum
2284 3695 2414 3734 vero
2449 3679 2834 3744 posterioribus
2862 3679 3183 3750 descriptam
3232 3688 3382 3749 putat

1807 3769 2121 3823 nativitatem
2167 3771 2310 3824 illam
2360 3771 2411 3825 in
2465 3780 2724 3839 tempore,
2775 3784 2875 3840 qua
2909 3770 3072 3824 Filius
3115 3786 3181 3824 ex
3226 3772 3381 3826 Patre

1809 3861 2069 3930 processit
2102 3861 2167 3916 ad
2217 3862 2550 3942 condendum
2597 3862 2880 3915 universa:
2916 3861 2980 3915 Et
3009 3863 3115 3915 Ittec
3138 3903 3154 3930 ,
3184 3863 3380 3933 inquit,

1760 3972 1769 3979 ·
1807 3948 1937 4006 nihil
1962 3954 2107 4006 aliud
2129 3963 2220 4019 est,
2253 3971 2402 4024 quam
2435 3953 2576 4014 Filii,
2612 3970 2758 4022 quem
2792 3953 2944 4027 Pater
2968 3955 3110 4023 apud
3139 3969 3193 4009 se
3215 3966 3260 4008 et
3287 3957 3380 4008 sibi
3421 3985 3431 3992 -

1805 4045 1923 4109 soli,
1957 4053 2008 4097 ut
2030 4047 2103 4099 ita
2133 4046 2318 4112 dicam,
2352 4062 2415 4100 ex
2438 4058 2626 4100 aeterno
2656 4047 3050 4118 amplectebatur
3101 4049 3337 4102 revelatio
3361 4089 3376 4115 ,

1805 4138 1909 4191 sive
1931 4141 2042 4209 ejus
2072 4154 2133 4191 ea:
2162 4136 2318 4192 Patre
2359 4139 2580 4209 egressio
2608 4150 2653 4193 et
2675 4140 3024 4211 processio....
3055 4143 3122 4193 ad
3141 4128 3228 4195 res
3266 4156 3378 4210 qua!

1803 4247 1904 4283 non
1933 4242 2074 4284 erant
2098 4272 2112 4293 .
2163 4235 2562 4302 procreandum,
2597 4251 2745 4300 seque
2775 4236 2919 4289 rebus
2951 4235 3154 4301 creatis,
3186 4235 3376 4306 angelis

1804 4340 1981 4392 nempe
2023 4335 2067 4376 et
2107 4325 2413 4391 hominibus,
2469 4328 2915 4395 manifestandum.
2977 4327 3121 4383 llanc
3160 4327 3373 4398 quidem

1802 4415 2164 4495 temporalem
2204 4415 2368 4470 divini
2426 4417 2588 4473 Verbi
2645 4417 3130 4473 manifestatiancm
3180 4417 3299 4474 aliis
3344 4434 3372 4471 a

1801 4505 2048 4562 Patribus
2076 4509 2236 4563 etiam
2271 4519 2390 4578 post
2422 4510 2693 4564 Niczenum
2717 4511 3370 4574 concilitini,nat‘ivitatern

1723 4584 1776 4642 D
1799 4613 1862 4651 ac
1898 4601 2297 4666 processionem
2329 4603 2611 4671 quamdam
2648 4602 2818 4656 fuisse
2842 4612 3080 4656 vocatam
3102 4643 3118 4668 ,
3149 4601 3371 4658 inliciari

1798 4706 1901 4743 non
1937 4707 2253 4759 possumus;
2307 4694 2446 4746 inter
2497 4709 2630 4760 quos
2678 4694 3103 4762 exploratissimo
3132 4693 3404 4748 omnium‘

1795 4791 1980 4840 auctor
2024 4791 2278 4837 tractatus
2315 4783 2383 4836 de
2418 4783 2552 4838 Fide
2593 4784 2887 4838 orthodoxa
2929 4794 3116 4854 contra,
3147 4786 3370 4839 Arianos

1796 4871 1848 4924 in
1865 4871 2168 4940 Appendice
2188 4865 2457 4926 Ambrosii
2479 4870 2711 4940 Operam
2737 4874 2945 4941 inserti,
2970 4875 3055 4944 qui
3079 4874 3367 4942 Gregorius

1795 4961 2024 5015 Bmticus
2071 4961 2420 5029 probabiliter
2448 4962 2686 5017 creditur
2711 5005 2724 5028 ,
2757 4966 3030 5034 explicans
3058 4963 3182 5018 illud
3204 4964 3362 5017 Prov.

1797 5067 1884 5105 vui
1914 5070 1925 5103 :
1954 5050 2206 5105 Dominus
2231 5053 2440 5117 creavit,
2464 5052 2542 5104 vel
2561 5055 2788 5107 condidit
2816 5071 2894 5107 me
2923 5056 2974 5106 in
3001 5053 3142 5105 initio
3169 5053 3360 5106 viarum

1793 5158 2000 5210 suarum
2027 5183 2040 5205 ,
2073 5141 2186 5197 haec
2225 5141 2409 5195 scribit
2448 5127 2563 5209 cap.
2590 5142 2642 5206 2,
2677 5159 2795 5214 pag.
2819 5145 2925 5200 549
2945 5144 3106 5211 Αρρ.,
3139 5154 3267 5195 ιυηι.
3301 5158 3359 5208 ιι,

1793 5235 2101 5288 Ambrosii:
2134 5224 2256 5288 Non
2296 5234 2368 5287 ita
2394 5232 2530 5287 Deus
2569 5236 2866 5305 sapientiam
2912 5253 3053 5289 suam
3098 5236 3358 5300 condidit,

1787 5326 1934 5394 quasi
1961 5327 2238 5393 aliquando
2286 5328 2394 5380 sine
2417 5326 2664 5395 sapientia
2687 5314 2871 5396 fuerit;
2898 5330 2996 5398 secl
3015 5329 3127 5382 cum
3155 5334 3356 5386 initium

1786 5417 1983 5469 viarum
2032 5435 2238 5471 suarum
2293 5419 2449 5482 dicat,
2480 5417 2678 5468 initium
2730 5429 2893 5472 motus
2945 5416 3109 5490 operis
3137 5422 3359 5493 alicujus

1788 5508 2026 5570 ostendit,
2058 5517 2110 5560 ut
2156 5509 2249 5560 hoc
2285 5509 2482 5560 initium
2505 5506 2683 5558 ‘ltabeat
2713 5509 2960 5576 sapientia
2990 5507 3104 5575 Dei,
3133 5515 3268 5581 quod
3295 5517 3358 5569 de

1786 5597 1895 5652 Deo
1913 5600 2152 5666 processit
2169 5600 2236 5652 ad
2252 5600 2466 5653 creando
2479 5601 2664 5652 omnia.
2679 5641 2690 5652 .
2703 5639 2714 5651 .
2741 5599 2961 5672 [Luxu]
2979 5600 3158 5656 Creata
3178 5617 3248 5659 est
3271 5623 3349 5658 er-
3377 5585 3383 5602 ⁸

1784 5703 1846 5756 go
1868 5687 2130 5756 sapientia,
2159 5683 2258 5742 imo
2276 5689 2464 5758 genita,
2481 5704 2580 5740 non
2605 5690 2718 5756 sibi,
2745 5708 2856 5761 qua:
2885 5708 3083 5763 semper
3103 5705 3235 5762 erat,
3264 5698 3352 5749 sed

1784 5777 1880 5843 bis,
1904 5791 2017 5845 qua:
2036 5776 2098 5829 ab
2121 5793 2178 5830 ea
2209 5773 2320 5838 fieri
2352 5777 2628 5846 oportebat.
2666 5778 2730 5834 Et
2756 5779 3002 5838 similiter
3031 5787 3342 5845 etiatn,Pru-
