3826 6226
435 312 495 365 91
1809 311 2005 368 PROLI

2118 313 2348 369 ΝΕΝᾹ.
2504 314 2507 318 ’
3624 324 3710 374 re

432 425 645 479 dentins
695 423 890 495 hymno
925 424 982 479 il
1015 422 1082 476 de
1112 425 1226 494 ipsa
1269 426 1544 495 creatione
1591 423 1770 478 mundi
1825 434 2012 493 aperte
2037 428 2084 485 Α
2117 429 2209 482 Sed
2239 430 2522 485 consilium
2550 431 2935 503 decretumque
2974 434 3042 488 de
3090 433 3325 503 creando
3355 436 3510 502 orbe,
3551 441 3701 505 quod

431 519 703 574 disserens
726 558 742 583 ,

613 607 685 657 Ex
710 619 815 666 ore,
840 606 1006 665 inquit,
1036 604 1308 667 quamlibet
1332 605 1494 656 Patris

676 667 758 715 Sis
782 675 920 716 ortus
941 674 995 715 et
1012 668 1166 730 verbo
1190 669 1386 730 editus;

613 729 796 792 Tamen
813 735 1027 792 paterno
1053 729 1100 776 in
1125 735 1350 792 pectore,

673 787 855 850 Sophia
877 787 1070 842 calebat
1091 787 1240 852 prius.

429 877 632 944 Quibus
676 890 797 930 cum
838 875 1081 929 divinum
1127 875 1354 958 Verbum
1385 878 1580 948 saphia:
1614 876 1832 933 nomine
1861 876 2007 931 desi-

426 976 668 1038 gnatum,
699 967 750 1020 in
789 965 964 1020 Patris
990 976 1227 1035 pectore,
1251 977 1535 1038 antequam
1590 984 1652 1021 ea:
1697 984 1785 1021 ore
1837 967 2010 1020 Patris

429 1062 687 1124 oriretur,
735 1065 781 1111 et
832 1057 1065 1112 ederetur
1110 1059 1161 1111 in
1213 1059 1487 1114 creatione
1537 1058 1754 1124 mundi,
1784 1058 1894 1127 jam
1942 1058 2010 1112 ab

427 1165 631 1212 aeterno
661 1155 828 1210 fuisse
856 1155 1128 1220 insinuet,
1155 1155 1306 1222 juxta
1345 1155 1476 1210 Bulli
1508 1156 2006 1226 interpretationem

425 1264 547 1305 cum
567 1247 786 1304 Zenone
815 1245 1027 1301 videtur
1051 1248 1206 1317 plane
1228 1249 1535 1302 conciuere.

498 1338 604 1395 Sed
649 1338 789 1417 hanc
822 1339 1227 1409 generationem
1266 1354 1362 1395 seu
1403 1337 1890 1394 manifestationem
1915 1356 2010 1394 ex-

427 1441 631 1487 ternam
659 1447 690 1486 a
712 1431 929 1486 Zenone
957 1427 1184 1486 laudatis
1222 1446 1251 1485 a
1283 1430 1503 1486 Petavio
1529 1426 1662 1486 lacis
1686 1445 1750 1486 ex
1795 1439 1950 1486 tract.
1974 1430 2010 1486 4

426 1521 727 1579 et5fuisse
746 1522 1092 1593 appellatam,
1136 1530 1193 1576 ut
1245 1523 1447 1596 putavit
1501 1522 1704 1589 Bullus,
1754 1522 2008 1578 adsentiri

433 1631 538 1671 non
569 1620 876 1687 possumus.
936 1615 990 1671 Si
1033 1615 1153 1685 quis
1193 1616 1337 1670 enim
1369 1624 1513 1670 totos
1564 1626 1742 1670 textus
1777 1628 1915 1685 quos
1943 1631 2007 1671 ex

349 1703 352 1706 ⁴
429 1723 561 1764 mss.
609 1709 906 1780 praesertim
936 1708 1172 1778 integros
1198 1707 1485 1773 edidimus,
1517 1708 1736 1778 legerit;
1773 1709 2010 1778 profecto

2116 520 2184 573 ab
2235 531 2440 576 aeterno
2489 525 2674 594 utique
2704 538 2917 594 captum
2971 528 3108 590 fuit,
3139 525 3269 579 satis
3298 525 3570 593 iunuitur;
3603 533 3708 584 seti

2114 610 2351 680 apertius
2381 615 2708 668 convincunt
2733 615 2822 668 illa
2837 625 3096 671 tractatus
3115 617 3170 681 4,
3199 617 3287 672 ubi
3311 627 3589 687 postquam
3610 620 3710 674 di-

2113 702 2269 757 vinus
2320 701 2487 757 Filius
2515 703 2613 758 bac
2639 707 2986 774 generatione
3016 705 3278 775 prodiisse
3308 707 3535 763 traditus
3566 720 3648 765 est
3691 729 3706 763 :

2119 791 2187 845 Ut
2215 808 2386 844 rerum
2412 805 2598 847 natura
2646 810 2759 863 qua:
2798 810 2899 848 non
2951 806 3079 862 erat,
3135 797 3428 866 fingeretur,
3483 801 3712 868 prodierit

2112 882 2399 952 unigenitus
2437 882 2605 937 Filius
2625 924 2640 948 ,
2670 885 2840 938 cordis
2870 889 2980 958 ejus
3021 887 3204 940 nobilis
3232 887 3551 956 inquilinus;
3594 908 3712 947 non

2111 974 2289 1029 statim
2327 975 2465 1034 idem
2498 975 2666 1030 Filius
2696 976 3068 1033 manifestatus
3115 977 3315 1034 idcirco
3357 979 3657 1036 affirmatur
3691 1026 3708 1048 ,

2115 1067 2188 1120 uti
2216 1066 2351 1153 Bniii
2381 1067 2694 1138 bypotbesls
2725 1071 3019 1156 postularet
3043 1073 3110 1145 (si
3139 1073 3352 1144 quidem
3381 1091 3442 1130 ea
3475 1092 3709 1146 genera-

2113 1156 2186 1209 tio
2213 1156 2352 1211 idem
2400 1172 2463 1212 ac
2491 1157 2852 1214 manifestatio
2883 1160 3077 1234 fuerit)
3108 1163 3201 1217 sed
3233 1166 3437 1233 exinde,
3458 1167 3705 1234 additur,

2111 1250 2324 1305 visibilis
2372 1254 2654 1306 necessario
2683 1252 2911 1320 effectus,
2943 1256 3062 1324 quia
3091 1254 3261 1311 orbem
3291 1267 3440 1313 terrea
3453 1269 3564 1322 erat
3591 1263 3711 1329 ipse

2111 1343 2358 1412 facturus,
2373 1354 2473 1406 etc_.
2485 1388 2499 1410 ,
2519 1344 2605 1398 ubi
2620 1359 2779 1402 voces
2793 1347 2974 1400 exinde
2985 1347 3198 1401 visibilis
3211 1349 3454 1405 manifest
3464 1345 3708 1405 ationem

2111 1435 2307 1489 exinde
2333 1445 2773 1507 consequentem,
2804 1454 2963 1494 voces
2990 1450 3168 1495 autem
3199 1451 3306 1495 erat
3327 1446 3562 1512 [acturus
3583 1459 3707 1496 ma—

2111 1525 2504 1581 niiestationetn
2537 1529 2588 1582 in
2627 1529 2860 1583 creando
2895 1530 3234 1598 postmodum
3261 1531 3413 1596 orbe,
3437 1522 3532 1588 seu
3554 1542 3709 1587 stato

2113 1625 2354 1686 tempore
2378 1616 2607 1671 futuram
2644 1618 2774 1672 satis
2805 1618 3097 1674 declarant.
3131 1620 3418 1677 Enimvero
3446 1624 3488 1676 si
3524 1638 3702 1693 gene-

2111 1709 2248 1762 ratio
2302 1708 2388 1763 itic
2427 1709 2722 1773 asseritur,
2767 1726 2832 1765 ex
2871 1725 2973 1780 qua
3025 1712 3118 1765 Dei
3170 1711 3337 1766 Filius
3365 1712 3418 1766 in
3458 1709 3705 1796 creando

429 1799 702 1856 Zenonem
733 1800 800 1855 de
824 1808 1026 1876 aeterna
1052 1799 1283 1871 quadam
1309 1799 1552 1870 ejusdem
1580 1799 1740 1855 Verbi
1780 1815 2008 1870 genera-
2038 1805 2086 1864 B
2115 1801 2338 1856 subinde
2369 1802 2567 1856 mundo
2594 1803 2809 1856 visibilis
2837 1802 2954 1857 ﬁeri
2981 1803 3187 1867 debuit,
3207 1804 3418 1858 visibilis
3444 1813 3625 1859 autem
3649 1816 3713 1859 et

431 1894 598 1959 tione,
637 1907 755 1962 quae
803 1891 958 1948 alteri
1009 1893 1192 1948 latenti
1242 1892 1515 1964 prioribus
1554 1893 1734 1948 verbis
1778 1893 2006 1947 adsertae

428 1984 794 2056 liactenusque
824 1985 980 2039 nobis
1011 1984 1394 2039 demonstrata:
1415 2000 1523 2038 non
1547 1991 1830 2053 repugnet,
1862 1994 2010 2039 utro-

335 2110 337 2113 -
428 2092 532 2145 que
571 2077 620 2129 in
650 2082 877 2130 tractatu
909 2084 1103 2145 quarto
1136 2083 1191 2129 et
1240 2074 1428 2144 quinto
1457 2089 1762 2128 sermonem
1804 2073 2005 2139 facere,

428 2165 860 2238 exploratissimo
883 2165 1127 2237 liquebit.
1161 2164 1293 2221 Nam
1318 2166 1548 2238 primum
1582 2176 1813 2222 tractatu
1846 2169 1878 2222 5
1908 2169 2014 2238 agi-

333 2301 336 2306 -
431 2271 516 2315 tur
544 2257 612 2315 de
648 2260 736 2314 illa
771 2259 1047 2335 nativitate
1076 2257 1260 2326 Verbi,
1293 2275 1396 2312 non
1443 2260 1614 2313 Solum
1645 2274 1747 2329 qua
1778 2260 2011 2330 omnipo-

429 2355 589 2410 tentia
616 2352 831 2424 quidem
863 2369 915 2407 se
934 2362 1204 2424 propagat,
1236 2352 1344 2421 vel,
1369 2363 1427 2407 ut
1450 2352 1538 2406 alii
1567 2352 1782 2408 codices
1803 2354 2006 2423 legunt,

429 2456 766 2518 repmpagat;
794 2445 887 2501 sed
912 2447 1074 2500 simul
1103 2461 1206 2516 qua
1246 2446 1309 2499 de
1352 2444 1460 2498 Deo
1483 2447 1708 2500 nascitur
1734 2445 1895 2514 Deus,
1929 2460 2008 2502 to-

427 2552 535 2594 tum
561 2539 734 2594 Putris
760 2540 970 2607 habens,
994 2541 1122 2592 nihil
1156 2541 1403 2610 derogans
1433 2538 1600 2606 Patri,
1622 2551 1724 2594 etc.
1751 2540 1875 2596 "mc
1918 2559 2012 2597 au-

430 2645 534 2690 tem
567 2633 983 2689 manifestationi
1017 2649 1164 2689 mere
1202 2643 1438 2688 externte
1466 2643 1538 2688 -et
1579 2637 1857 2705 temporali
1903 2654 2008 2694 non

427 2733 759 2794 congruunt,
801 2725 1063 2795 planeque
1110 2725 1441 2795 respondent
1466 2742 1587 2780 cum
1622 2727 1684 2780 iis
1733 2743 1851 2797 qua:
1885 2730 2011 2782 toti-

425 2817 545 2870 dem
579 2813 688 2869 fere
716 2816 896 2870 verbis
917 2816 983 2870 de
1012 2826 1211 2870 aeterna
1241 2818 1422 2886 procul
1455 2817 1622 2871 dubio
1660 2819 2011 2886 generatione

427 2906 722 2961 recitantur
747 2916 813 2960 tr.
847 2907 880 2961 3
906 2925 916 2959 :
953 2905 1122 2978 Igitur
1150 2906 1423 2975 ine/rabilis
1454 2908 1545 2962 illa
1576 2909 2008 2979 incomprehensi-

426 2999 645 3069 bilisque
671 3000 923 3070 sapientia
950 3001 1274 3069 sapientiam,
1307 3001 1669 3071 omnipotentia
1696 3002 2012 3073 omnipoten-

424 3092 548 3144 tiam
569 3100 838 3162 prapagat.
877 3090 949 3144 De
981 3089 1087 3144 Deo
1111 3091 1338 3145 nascitur
1367 3091 1528 3157 Deus,
1558 3091 1619 3145 de
1646 3095 1867 3164 ingenito
1895 3094 2010 3146 uni-

2114 1895 2468 1964 manifestatus
2499 1895 2636 1948 idem
2667 1905 2794 1947 sunt
2830 1913 2843 1946 :
2879 1895 3158 1965 generatio
3187 1895 3326 1949 baud
3355 1896 3518 1951 dubie
3545 1912 3712 1952 asse—

2111 1985 2264 2050 ritur,
2295 1999 2360 2038 ex
2387 1999 2488 2052 qua
2517 1983 2632 2050 ipsa
2653 1994 2870 2037 externa
2917 1965 3539 2041 manifestatio.subinde
3570 2002 3706 2056 pro-

2113 2076 2246 2130 fecta
2276 2085 2374 2141 est,
2402 2085 2454 2130 et
2479 2089 2596 2146 qua:
2617 2074 2819 2132 idcirco
2847 2086 2970 2132 ante
3002 2078 3170 2147 ipsam
3202 2077 3703 2135 manifestationem

2112 2168 2164 2222 in
2198 2169 2309 2238 ipsa
2342 2169 2616 2223 creatione
2655 2168 2840 2224 mundi
2874 2168 3118 2224 effectam
3168 2170 3372 2240 (neque
3403 2173 3543 2225 enim
3573 2183 3710 2228 ante

2109 2247 2443 2330 res'creatas,
2465 2259 2556 2313 sed
2587 2262 2786 2314 creatis
2802 2259 2912 2329 jam
2947 2259 3104 2315 rebus
3135 2259 3380 2334 [LXXXIII]
3407 2261 3506 2318 Dei
3533 2260 3711 2318 Filius

2112 2351 2448 2406 manifestari
2498 2367 2590 2405 seu
2624 2351 2848 2407 visibilis
2878 2366 2998 2407 esse
3031 2352 3239 2424 potuit)
3295 2354 3496 2408 evenit.
3529 2354 3708 2423 Equi—

2111 2445 2231 2500 dem
2279 2444 2417 2499 banc
2447 2443 2692 2499 eamdem
2729 2444 3132 2513 generationem
3167 2447 3369 2499 Auctor
3399 2446 3707 2514 reSpiciens

2112 2545 2269 2590 tract.
2321 2535 2354 2590 6
2401 2535 2492 2588 lib.
2528 2547 2561 2588 tt
2609 2536 2720 2590 ait:
2756 2534 3063 2607 Unigenitus
3099 2535 3378 2606 prodiendo
3431 2539 3496 2590 de
3546 2537 3713 2592 Patre

2111 2640 2228 2683 ante
2279 2630 2527 2701 originem
2573 2644 2775 2692 rerum,
2823 2636 2927 2682 etc.
2973 2628 3060 2681 ubi
3119 2629 3179 2682 τὸ
3227 2639 3345 2682 ante
3393 2626 3553 2683 Verbi
3615 2645 3713 2700 ge-

2113 2724 2468 2789 nerationem,
2501 2733 2852 2792 quantumque
2901 2721 2994 2775 illa
3043 2722 3133 2785 sit,
3167 2721 3382 2792 origini,
3411 2735 3507 2776 seu
3542 2738 3709 2781 crea-

2112 2817 2246 2871 tioni
2273 2831 2442 2868 rerum
2471 2814 2722 2884 prmviam
2747 2823 2930 2883 aperte
2958 2812 3157 2883 prodit.
3204 2812 3320 2868 Non
3369 2827 3500 2882 ergo
3537 2828 3715 2883 gene-

2113 2911 2334 2964 rationis
2369 2908 2583 2962 nomine
2625 2909 2794 2977 ipsam
2828 2907 3338 2972 manifestationem,
3372 2906 3469 2962 sed
3498 2906 3708 2977 aliquid

2111 3002 2178 3055 ab
2232 3015 2292 3054 ea
2336 2999 2612 3054 diversum
2682 3000 2883 3052 Auctor
2927 2997 3155 3066 accepit.
3191 2997 3316 3051 llaec
3363 2996 3408 3051 si
3461 2999 3584 3067 quis
3639 3014 3706 3053 ex

2111 3093 2324 3148 Arianis
2351 3101 2607 3146 mternam
2639 3089 2759 3144 Filii
2807 3091 2895 3143 Dei
2936 3089 3337 3158 generationem
3380 3089 3710 3158 negantibus

424 3185 638 3254 genitus,
674 3186 736 3238 de
783 3185 890 3238 solo
919 3185 1079 3249 solus,
1105 3185 1166 3238 de
1193 3195 1296 3239 toto
1328 3195 1479 3250 totus,
1512 3186 1572 3239 de
1605 3203 1716 3240 vero
1747 3203 1910 3252 verus,
1945 3188 2007 3241 de
2033 3171 2077 3233 (Σ
2111 3183 2472 3250 afﬁrmasset,
2539 3183 2966 3252 intelligerentur
2999 3174 3249 3234 facillime
3293 3179 3363 3234 de
3418 3181 3708 3236 creatione

425 3279 648 3347 perfecto
672 3281 947 3346 perfectus,
994 3286 1153 3330 totum
1199 3268 1371 3331 Patris
1420 3278 1630 3344 habens,
1683 3276 1813 3331 nihil
1860 3278 2006 3332 dero.

423 3388 552 3441 gans
601 3369 798 3437 Patri;
843 3371 958 3426 ltzec
1008 3373 1149 3426 enim
1198 3373 1358 3426 verba
1400 3381 1453 3427 et
1496 3371 1740 3426 formulas
1784 3372 2004 3427 Patrum

424 3463 816 3518 catholicorum
847 3465 1098 3533 proprire,
1136 3464 1575 3534 ideittitatemque
1602 3463 2004 3518 substantialetn

427 3556 601 3610 Patris
647 3565 700 3611 et
747 3556 867 3610 Filii
914 3557 1086 3627 palam
1128 3555 1440 3627 prodentes,
1487 3559 1626 3612 sicut
1670 3556 1866 3612 cadere
1909 3573 2004 3610 ne-

422 3657 626 3718 queunt
657 3649 708 3702 in
741 3661 1067 3712 creaturam,
1096 3665 1216 3718 qua:
1242 3649 1407 3717 prima
1433 3651 1668 3703 omnium
1702 3651 1754 3702 in
1777 3650 2007 3703 creatio—

423 3756 544 3795 nem
576 3741 720 3795 orbis
748 3741 962 3796 condita
1007 3742 1097 3807 sit,
1133 3750 1189 3794 ut
1217 3741 1401 3796 Ariani
1431 3740 1756 3807 sentiebant,
1792 3740 2006 3794 eadem-

423 3850 526 3905 que
590 3834 656 3888 de
721 3850 880 3889 causa
936 3835 1232 3889 convenire
1299 3850 1403 3888 non
1455 3844 1678 3903 possunt
1735 3833 2006 3903 prolatitio

423 3924 585 3979 verbo
613 3966 626 3988 ,
677 3926 815 3996 quod
849 3924 948 3980 etsi
999 3925 1185 3979 fuisset
1232 3926 1285 3979 in
1329 3927 1605 3980 creatione
1628 3925 1915 3996 prolatmn,
1948 3935 2005 3978 ut

422 4015 666 4070 nonnulli
693 4017 1030 4071 existimasse
1062 4016 1310 4071 videntur
1357 4019 1446 4087 (de
1481 4033 1587 4086 quo
1626 4017 1744 4071 vide
1773 4033 1889 4087 quae
1918 4017 2003 4070 di-

421 4121 610 4165 centur
661 4111 760 4165 sub
806 4112 1016 4165 initium
1071 4111 1391 4181 paragraphi
1433 4110 1735 4180 sequentis)
1763 4119 2001 4164 creatum

422 4213 598 4258 tamen
649 4202 848 4273 aliquid
880 4202 1013 4256 fuit:
1048 4205 1117 4256 ita
1150 4219 1324 4271 neque
1376 4203 1655 4273 temporali
1687 4210 1740 4255 et
1766 4210 2002 4255 externa:

419 4311 718 4364 congruere
760 4289 983 4364 pessunt
1010 4295 1198 4350 aeterni
1237 4294 1392 4350 Verbi
1423 4293 1861 4357 manifestationi,
1884 4308 2003 4362 qua:

419 4403 541 4442 cum
571 4395 850 4440 externum
879 4386 1080 4456 aliquid
1111 4386 1396 4456 significat,
1442 4395 1551 4449 tum
1583 4400 1713 4440 vero
1744 4394 1801 4439 ut
1829 4400 1923 4455 per
1951 4387 2002 4439 id

418 4489 702 4534 externum
754 4478 920 4533 Filius
973 4480 1060 4534 Dei
1114 4479 1444 4549 processisse
1497 4478 1599 4532 dici
1659 4479 1893 4549 potuerit
1936 4477 2002 4532 ad

415 4572 705 4626 creandum
740 4572 1009 4634 universa,
1042 4585 1144 4624 non
1180 4581 1353 4625 tamen
1383 4571 1637 4625 affirmari
1667 4571 1886 4640 perinde
1910 4585 2004 4638 po-

417 4666 513 4720 tuit
544 4663 684 4718 Deus
716 4675 866 4718 natus
906 4665 968 4718 tle
1019 4663 1146 4728 Deo,
1191 4673 1321 4717 totus
1349 4666 1411 4717 de
1440 4674 1544 4718 toto
1570 4707 1583 4728 ,
1625 4674 1785 4717 totum
1829 4664 2004 4717 Patris

417 4757 909 4826 hubens,etc.,qu:e
942 4758 1238 4812 locutiones
1269 4758 1561 4828 iisdemque
1587 4758 1840 4826 subjectae
1875 4772 2002 4811 sen-

415 4851 604 4904 tentiae
629 4848 693 4902 ad
723 4848 964 4903 intimam
994 4850 1615 4919 consubstantialemque
1644 4850 1760 4904 Filii
1785 4849 2003 4920 teqmii-

420 4950 582 4994 tatem
613 4955 732 4994 cum
765 4939 925 4993 Patre
951 4940 1326 4996 adstruendam
1357 4944 1684 4998 acatholicis
1709 4956 1998 5013 usurpatur,

419 5035 496 5088 uti
543 5033 877 5088 ostendimus
907 5033 1093 5088 adnot.
1132 5034 1164 5088 6
1209 5035 1258 5088 in
1292 5036 1535 5090 eumdem
1569 5046 1728 5090 tract.
1761 5037 1792 5090 ὅ
1816 5036 2001 5106 procul

420 5125 583 5180 dubio
623 5125 687 5182 ad
720 5127 987 5180 internatn
1027 5135 1386 5196 aiternamque
1436 5143 1498 5183 ac
1544 5130 1758 5197 proprie
1802 5129 2001 5183 dictam

420 5219 586 5272 divini
623 5218 781 5273 Verbi
811 5219 1215 5288 generationem
1253 5222 1538 5289 pertinent.
1570 5220 1704 5276 Vide
1732 5221 1830 5274 hac
1852 5220 1917 5275 de
1946 5237 2002 5276 re

421 5310 559 5381 apud
591 5311 864 5366 Petavium
899 5312 1158 5382 pluralib.
1182 5328 1233 5365 v1
1257 5314 1511 5375 de'i‘rin.,
1539 5330 1656 5384 cap.
1687 5315 1771 5369 10.
1799 5312 2001 5368 Deinde

423 5401 854 5472 Zenonemloqui
877 5405 942 5459 de
974 5406 1061 5459 illa
1086 5407 1455 5475 generatione,
1480 5424 1578 5476 Qua
1607 5409 1742 5463 idem
1762 5409 1997 5463 Verbum

423 5495 671 5564 prodivit,
708 5500 1107 5567 excogitatarum
1156 5507 1208 5552 ut
1250 5501 1473 5552 ordinem
1505 5501 1774 5555 instrueret
1807 5518 1999 5563 rerum,

424 5587 596 5654 palam
630 5600 711 5643 est
755 5606 814 5644 θ’
851 5600 1077 5645 tractatu
1105 5591 1157 5645 5.
1207 5591 1354 5645 Hanc
1394 5602 1569 5648 autem
1601 5593 2002 5663 generationem

436 5688 598 5743 fuisse
621 5697 1018 5752 aeternam,non
1036 5689 1206 5743 solum
1241 5687 1434 5744 indicat
1469 5687 1554 5743 illa
1588 5703 1681 5741 vox
1712 5689 2003 5753 instrueret,

435 5800 535 5859 qua
565 5799 669 5842 non
703 5787 815 5860 ipsa
847 5787 1029 5846 mundi
1055 5787 1279 5858 creatio,
1309 5801 1426 5860 quae
1452 5786 1503 5842 in
1534 5792 1769 5858 tempore
1790 5781 2006 5855 accidit,

2113 3278 2292 3342 Verbi,
2322 3277 2459 3346 quod
2489 3289 2607 3329 cum
2658 3274 2730 3327 illi
2761 3275 2828 3326 ab
2859 3281 3061 3327 adernt)
3087 3273 3349 3342 genitum,
3387 3281 3441 3326 et
3462 3275 3704 3328 consub-

2107 3370 2353 3423 stantiale
2407 3368 2546 3421 Patri
2597 3376 2893 3436 negarent,
2959 3375 3257 3420 creaturam
3326 3365 3706 3434 prtcdicarunt

2106 3464 2340 3532 quidem,
2359 3461 2448 3515 sed
2480 3462 2546 3514 ita
2573 3460 3065 3528 ut~primogenitum
3093 3467 3216 3512 ante
3236 3464 3556 3513 ca~terarum
3584 3474 3710 3512 om-

2108 3558 2253 3610 nium
2288 3571 2463 3630 rerum
2493 3552 2752 3622 originem
2773 3562 3009 3607 creatum
3042 3553 3302 3608 dicerent.
3337 3556 3402 3606 At
3427 3553 3479 3606 in
3514 3555 3710 3609 callio-

2106 3649 2210 3702 lico
2259 3647 2493 3701 antistite
2527 3689 2542 3712 ,
2596 3647 2685 3716 qui
2743 3654 2996 3701 :eternam
3056 3644 3212 3700 Verbi
3281 3649 3700 3714 generationem

2107 3738 2824 3807 consubstantialitatemquc
2854 3752 2973 3791 cum
3006 3736 3162 3791 Patre
3203 3737 3420 3791 disertis
3449 3738 3706 3792 testimo-

2108 3834 2210 3886 niis
2238 3833 2529 3897 constituit,
2567 3840 2622 3885 ut
2661 3832 2727 3885 de
2757 3835 2990 3885 Auctore
3023 3829 3499 3893 nostrovidimus;
3553 3833 3705 3886 nati-

2107 3928 2252 3980 vitati
2288 3927 2336 3980 id
2369 3927 2603 3996 generis,
2641 3940 2738 3980 seu
2788 3926 2968 3979 verius
2997 3925 3255 3979 creationi
3287 3924 3437 3977 locus
3469 3925 3709 3994 amplius

2109 4034 2212 4072 non
2246 4030 2326 4073 est
2355 4037 2366 4071 :
2402 4034 2574 4087 neque
2599 4019 2740 4072 enim
2774 4019 2910 4072 idem
2940 4016 3177 4071 Verbum
3203 4026 3463 4070 aeternum
3496 4024 3551 4069 et
3573 4031 3710 4070 con-

2106 4111 2453 4165 substantiale
2477 4111 2617 4164 Patri
2649 4111 2790 4165 nulla
2821 4119 3096 4179 assumpta
3120 4123 3307 4164 natura
3339 4109 3513 4164 creari
3538 4110 3701 4165 initio

2109 4203 2362 4272 temporis
2409 4203 2566 4256 simul
2621 4203 2831 4271 potuit,
2874 4203 3069 4272 quippe
3111 4200 3186 4254 uti
3235 4200 3376 4254 Deus
3437 4215 3598 4255 verus
3656 4211 3749 4263 et,

2108 4305 2360 4357 aeternus,
2390 4294 2542 4348 sicuti
2575 4293 2828 4347 desinere
2855 4291 3040 4360 nequit
3066 4306 3185 4345 eSse
3208 4291 3348 4360 quod
3379 4300 3482 4356 est,
3509 4290 3578 4343 ita
3604 4309 3709 4348 nec

2108 4388 2316 4440 initium
2371 4387 2568 4442 habere
2610 4389 2659 4440 in
2709 4393 2973 4452 tempore,
3004 4399 3177 4453 neque
3214 4384 3266 4436 in
3294 4392 3596 4437 creaturam
3627 4386 3710 4438 in-

2109 4485 2341 4538 trinsece
2363 4485 2554 4538 mutari
2583 4495 2741 4552 atque
2771 4481 3031 4552 progigni.
3063 4481 3245 4548 Itaque
3298 4494 3390 4547 per
3442 4479 3578 4533 hanc
3611 4497 3709 4534 na—

2034 4557 2084 4615 Ῑ)
2111 4575 2367 4630 tivitatem
2399 4575 2540 4629 aliud
2573 4574 2812 4644 profecto
2841 4576 2907 4627 ab
2930 4572 3250 4626 Arianorum
3279 4585 3438 4624 sensu
3462 4571 3705 4625 alienqu

2113 4673 2313 4725 Auctor
2367 4669 2671 4730 intellexit,
2731 4667 2870 4736 quod
2932 4676 3108 4717 tamen
3151 4679 3273 4718 cum
3323 4663 3582 4717 creationi
3641 4682 3705 4721 ac

2111 4762 2333 4832 proinde
2379 4759 2798 4814 manifestationi
2831 4768 3069 4812 externa:
3098 4755 3456 4824 prtecesserit,
3485 4757 3552 4810 ab
3585 4757 3706 4828 ipsa

2108 4856 2267 4910 etiam
2299 4853 2729 4908 manifesmtione
2774 4850 3048 4905 diversum
3093 4862 3212 4902 esse
3253 4862 3476 4902 necesse
3506 4841 3611 4904 est.
3650 4853 3705 4906 Si

2111 4963 2270 5015 porro
2330 4961 2395 5000 ex
2447 4944 2529 4996 bis
2579 4957 2683 4995 non
2743 4940 2901 4993 modo
2932 4940 3258 4994 creationem
3313 4924 3765 5008 Verbi,quam"

2109 5038 2292 5092 Ariani
2323 5037 2592 5090 finxerunt
2614 5079 2626 5100 ,
2662 5033 2753 5088 sed
2784 5042 2837 5087 et
2875 5031 3360 5086 manifestationem
3393 5042 3702 5099 externam,

2107 5147 2265 5200 quant
2332 5131 2513 5184 Bullus
2576 5128 2982 5192 subinteliexit,
3045 5126 3342 5190 excludas,
3397 5129 3703 5194 temporale

2105 5222 2375 5293 quidpiam
2409 5221 2539 5275 nihil
2570 5222 2835 5290 suppetit,
2865 5221 2947 5274 cui
2995 5219 3111 5273 haec
3153 5235 3182 5272 a
3225 5218 3446 5273 Zenone
3486 5231 3699 5274 asserta

2105 5317 2402 5384 generatio,
2436 5328 2607 5382 neque
2647 5312 2915 5381 prolatitio
2937 5311 3115 5376 verbo,
3154 5320 3211 5364 ut
3240 5310 3396 5380 paulo
3427 5321 3554 5364 ante
3583 5328 3703 5365 mn-

2111 5410 2325 5462 nnitnus
2357 5450 2370 5472 ,
2425 5421 2723 5477 congruens
2757 5447 2770 5469 ,
2804 5405 3082 5460 tribuatur.
3119 5402 3326 5473 Aliquid
3361 5403 3521 5471 igitur
3543 5412 3704 5460 mter-

2114 5516 2262 5562 num,
2289 5509 2341 5553 et
2381 5514 2408 5552 a
2460 5500 2626 5569 prima
2659 5495 2746 5552 illa
2789 5497 3133 5566 generatione
3186 5494 3362 5549 abdita
3391 5503 3446 5549 et
3494 5494 3704 5553 latente

2115 5594 2450 5663 aliquatenus
2504 5592 2773 5648 diversum
2807 5589 3172 5662 accipiendum
3199 5597 3279 5643 est
3301 5630 3314 5653 ,
3349 5597 3402 5640 et
3455 5587 3561 5641 tale
3585 5593 3706 5658 qni-

2118 5687 2261 5752 dctn,
2317 5696 2372 5742 ut
2427 5687 2566 5743 idem
2597 5687 2833 5742 divinum
2870 5684 3122 5748 Verbum,
3156 5683 3254 5735 etsi
3282 5696 3406 5734 vere
3434 5683 3700 5753 genitum,

2122 5792 2177 5843 ut
2211 5783 2380 5849 Filius
2418 5783 2610 5852 Patris,
2669 5784 2718 5846 in
2749 5772 3221 5847 condendi'tamen
3251 5775 3394 5835 orbis
3425 5777 3714 5844 ctmsilinm
