  <div class='ocr_page' id='page_1' title='image "/cluster/home/n/w/nwhite01/storage/ocr_20150623/11/uva.x000826576/055.png"; bbox 0 0 3826 6226; ppageno 0'>
   <div class='ocr_carea' id='block_1_1' title="bbox 536 207 2462 331">
    <p class='ocr_par' dir='ltr' id='par_1_1' title="bbox 536 207 2462 331">
     <span class='ocr_line' id='line_1_1' title="bbox 536 207 2462 331; baseline -0.015 -1"><span class='ocrx_word' id='word_1_1' title='bbox 536 273 605 331; x_wconf 71' lang='grc'><strong>93</strong></span> <span class='ocrx_word' id='word_1_2' title='bbox 1154 207 1160 213; x_wconf 34' lang='grc'><em>.</em></span> <span class='ocrx_word' id='word_1_3' title='bbox 1843 250 2119 311; x_wconf 75' lang='lat' dir='ltr'><strong>JOANNIS</strong></span> <span class='ocrx_word' id='word_1_4' title='bbox 2154 242 2462 306; x_wconf 72' lang='lat' dir='ltr'><strong>CASSIANI</strong></span> 
     </span>
    </p>
   </div>
   <div class='ocr_carea' id='block_1_2' title="bbox 3707 207 3817 289">
    <p class='ocr_par' dir='ltr' id='par_1_2' title="bbox 3707 207 3817 289">
     <span class='ocr_line' id='line_1_2' title="bbox 3707 207 3817 289; baseline -0.009 0"><span class='ocrx_word' id='word_1_5' title='bbox 3707 231 3767 289; x_wconf 75' lang='lat' dir='ltr'><strong>tu</strong></span> <span class='ocrx_word' id='word_1_6' title='bbox 3816 207 3817 288; x_wconf 58' lang='lat' dir='ltr'><strong>l</strong></span> 
     </span>
    </p>
   </div>
   <div class='ocr_carea' id='block_1_3' title="bbox 537 321 3765 443">
    <p class='ocr_par' dir='ltr' id='par_1_3' title="bbox 537 321 3765 443">
     <span class='ocr_line' id='line_1_3' title="bbox 537 321 3765 443; baseline -0.011 -8"><span class='ocrx_word' id='word_1_7' title='bbox 537 379 640 438; x_wconf 86' lang='lat' dir='ltr'><strong>hoc</strong></span> <span class='ocrx_word' id='word_1_8' title='bbox 669 375 886 435; x_wconf 78' lang='lat' dir='ltr'><strong>dicere?</strong></span> <span class='ocrx_word' id='word_1_9' title='bbox 929 371 1118 443; x_wconf 79' lang='lat' dir='ltr'><strong>quibus</strong></span> <span class='ocrx_word' id='word_1_10' title='bbox 1164 367 1264 422; x_wconf 86' lang='lat' dir='ltr'><strong>hoc</strong></span> <span class='ocrx_word' id='word_1_11' title='bbox 1313 364 1479 432; x_wconf 83' lang='lat' dir='ltr'><strong>magis</strong></span> <span class='ocrx_word' id='word_1_12' title='bbox 1532 371 1684 432; x_wconf 87' lang='lat' dir='ltr'><strong>putas</strong></span> <span class='ocrx_word' id='word_1_13' title='bbox 1725 346 2090 415; x_wconf 74' lang='lat' dir='ltr'><strong>convenisse?</strong></span> <span class='ocrx_word' id='word_1_14' title='bbox 2119 363 2167 420; x_wconf 73' lang='grc' dir='ltr'>Α</span> <span class='ocrx_word' id='word_1_15' title='bbox 2195 355 2358 420; x_wconf 89' lang='lat' dir='ltr'><strong>dicat,</strong></span> <span class='ocrx_word' id='word_1_16' title='bbox 2389 354 2479 424; x_wconf 91' lang='lat' dir='ltr'><strong>qui</strong></span> <span class='ocrx_word' id='word_1_17' title='bbox 2511 362 2794 419; x_wconf 80' lang='lat' dir='ltr'><strong>utrumque</strong></span> <span class='ocrx_word' id='word_1_18' title='bbox 2821 321 2921 402; x_wconf 83' lang='lat' dir='ltr'><strong>est.</strong></span> <span class='ocrx_word' id='word_1_19' title='bbox 2953 347 3088 414; x_wconf 81' lang='lat' dir='ltr'><strong>Quid</strong></span> <span class='ocrx_word' id='word_1_20' title='bbox 3118 336 3552 410; x_wconf 24' lang='lat' dir='ltr'><strong>luterserere‘te,</strong></span> <span class='ocrx_word' id='word_1_21' title='bbox 3579 345 3765 399; x_wconf 73' lang='lat' dir='ltr'><strong>infelix</strong></span> 
     </span>
    </p>
   </div>
   <div class='ocr_carea' id='block_1_4' title="bbox 539 446 2097 535">
    <p class='ocr_par' dir='ltr' id='par_1_4' title="bbox 539 446 2097 535">
     <span class='ocr_line' id='line_1_4' title="bbox 539 446 2097 535; baseline -0.019 -7"><span class='ocrx_word' id='word_1_22' title='bbox 539 472 763 535; x_wconf 68' lang='lat' dir='ltr'><strong>Iudaeis,</strong></span> <span class='ocrx_word' id='word_1_23' title='bbox 786 483 852 521; x_wconf 89' lang='lat' dir='ltr'><strong>an</strong></span> <span class='ocrx_word' id='word_1_24' title='bbox 881 459 1161 535; x_wconf 75' lang='lat' dir='ltr'><strong>gentibus?</strong></span> <span class='ocrx_word' id='word_1_25' title='bbox 1189 457 1244 513; x_wconf 85' lang='lat' dir='ltr'><strong>Si</strong></span> <span class='ocrx_word' id='word_1_26' title='bbox 1272 454 1472 512; x_wconf 67' lang='lat' dir='ltr'><strong>Judaais</strong></span> <span class='ocrx_word' id='word_1_27' title='bbox 1496 471 1510 508; x_wconf 88' lang='lat'><strong>:</strong></span> <span class='ocrx_word' id='word_1_28' title='bbox 1540 451 1708 508; x_wconf 82' lang='lat' dir='ltr'><strong>Judaei</strong></span> <span class='ocrx_word' id='word_1_29' title='bbox 1732 450 1916 517; x_wconf 79' lang='lat' dir='ltr'><strong>utique</strong></span> <span class='ocrx_word' id='word_1_30' title='bbox 1943 446 2097 503; x_wconf 84' lang='lat' dir='ltr'><strong>Chri-</strong></span> 
     </span>
    </p>
   </div>
   <div class='ocr_carea' id='block_1_5' title="bbox 545 540 2100 622">
    <p class='ocr_par' dir='ltr' id='par_1_5' title="bbox 545 540 2100 622">
     <span class='ocr_line' id='line_1_5' title="bbox 545 540 2100 622; baseline -0.017 -4"><span class='ocrx_word' id='word_1_31' title='bbox 545 571 690 619; x_wconf 81' lang='lat' dir='ltr'><strong>stum</strong></span> <span class='ocrx_word' id='word_1_32' title='bbox 728 550 1248 622; x_wconf 73' lang='lat' dir='ltr'><strong>non&#39;cognoverunt,</strong></span> <span class='ocrx_word' id='word_1_33' title='bbox 1283 546 1571 602; x_wconf 84' lang='lat' dir='ltr'><strong>secundum</strong></span> <span class='ocrx_word' id='word_1_34' title='bbox 1605 543 1767 597; x_wconf 84' lang='lat' dir='ltr'><strong>illud:</strong></span> <span class='ocrx_word' id='word_1_35' title='bbox 1796 540 1962 595; x_wconf 87' lang='lat' dir='ltr'><strong>Israel</strong></span> <span class='ocrx_word' id='word_1_36' title='bbox 2005 557 2100 592; x_wconf 78' lang='lat' dir='ltr'><strong>au-</strong></span> 
     </span>
    </p>
   </div>
   <div class='ocr_carea' id='block_1_6' title="bbox 543 629 2100 713">
    <p class='ocr_par' dir='ltr' id='par_1_6' title="bbox 543 629 2100 713">
     <span class='ocr_line' id='line_1_6' title="bbox 543 629 2100 713; baseline -0.015 -9"><span class='ocrx_word' id='word_1_37' title='bbox 543 629 642 705; x_wconf 79' lang='lat' dir='ltr'><strong>tem</strong></span> <span class='ocrx_word' id='word_1_38' title='bbox 672 665 749 702; x_wconf 87' lang='lat' dir='ltr'><strong>me</strong></span> <span class='ocrx_word' id='word_1_39' title='bbox 791 663 890 699; x_wconf 88' lang='lat' dir='ltr'><strong>non</strong></span> <span class='ocrx_word' id='word_1_40' title='bbox 918 641 1167 713; x_wconf 76' lang='lat' dir='ltr'><strong>cognovit,</strong></span> <span class='ocrx_word' id='word_1_41' title='bbox 1197 648 1242 692; x_wconf 86' lang='lat' dir='ltr'><strong>et</strong></span> <span class='ocrx_word' id='word_1_42' title='bbox 1273 638 1490 707; x_wconf 86' lang='lat' dir='ltr'><strong>populus</strong></span> <span class='ocrx_word' id='word_1_43' title='bbox 1531 651 1668 688; x_wconf 86' lang='lat' dir='ltr'><strong>meus</strong></span> <span class='ocrx_word' id='word_1_44' title='bbox 1715 648 1815 686; x_wconf 86' lang='lat' dir='ltr'><strong>non</strong></span> <span class='ocrx_word' id='word_1_45' title='bbox 1853 629 2100 684; x_wconf 74' lang='lat' dir='ltr'><strong>intellexit</strong></span> 
     </span>
    </p>
   </div>
   <div class='ocr_carea' id='block_1_7' title="bbox 544 728 2099 812">
    <p class='ocr_par' dir='ltr' id='par_1_7' title="bbox 544 728 2099 812">
     <span class='ocr_line' id='line_1_7' title="bbox 544 728 2099 812; baseline -0.014 -16"><span class='ocrx_word' id='word_1_46' title='bbox 544 743 723 812; x_wconf 67' lang='lat' dir='ltr'><strong>(Isaia</strong></span> <span class='ocrx_word' id='word_1_47' title='bbox 752 737 824 808; x_wconf 85' lang='grc' dir='ltr'><strong>ι),</strong></span> <span class='ocrx_word' id='word_1_48' title='bbox 855 747 906 789; x_wconf 90' lang='lat' dir='ltr'><strong>et</strong></span> <span class='ocrx_word' id='word_1_49' title='bbox 932 735 1057 788; x_wconf 90' lang='lat' dir='ltr'><strong>illud</strong></span> <span class='ocrx_word' id='word_1_50' title='bbox 1086 751 1099 784; x_wconf 89' lang='lat'>:</span> <span class='ocrx_word' id='word_1_51' title='bbox 1135 731 1199 784; x_wconf 80' lang='lat' dir='ltr'><strong>Et</strong></span> <span class='ocrx_word' id='word_1_52' title='bbox 1227 730 1448 784; x_wconf 84' lang='lat' dir='ltr'><strong>mundus</strong></span> <span class='ocrx_word' id='word_1_53' title='bbox 1475 745 1564 799; x_wconf 85' lang='lat' dir='ltr'><strong>per</strong></span> <span class='ocrx_word' id='word_1_54' title='bbox 1593 728 1759 794; x_wconf 84' lang='lat' dir='ltr'><strong>ipsum</strong></span> <span class='ocrx_word' id='word_1_55' title='bbox 1801 729 1965 794; x_wconf 77' lang='lat' dir='ltr'><strong>factus</strong></span> <span class='ocrx_word' id='word_1_56' title='bbox 2008 731 2099 787; x_wconf 83' lang='lat' dir='ltr'><strong>est,</strong></span> 
     </span>
    </p>
   </div>
   <div class='ocr_carea' id='block_1_8' title="bbox 545 812 2104 892">
    <p class='ocr_par' dir='ltr' id='par_1_8' title="bbox 545 812 2104 892">
     <span class='ocr_line' id='line_1_8' title="bbox 545 812 2104 892; baseline -0.014 -6"><span class='ocrx_word' id='word_1_57' title='bbox 545 840 604 886; x_wconf 73' lang='grc' dir='ltr'>ιι·</span> <span class='ocrx_word' id='word_1_58' title='bbox 624 829 842 882; x_wconf 87' lang='lat' dir='ltr'><strong>mundus</strong></span> <span class='ocrx_word' id='word_1_59' title='bbox 873 841 983 876; x_wconf 84' lang='lat' dir='ltr'><strong>eum</strong></span> <span class='ocrx_word' id='word_1_60' title='bbox 1015 839 1116 875; x_wconf 88' lang='lat' dir='ltr'><strong>non</strong></span> <span class='ocrx_word' id='word_1_61' title='bbox 1140 822 1368 892; x_wconf 82' lang='lat' dir='ltr'><strong>cognovit</strong></span> <span class='ocrx_word' id='word_1_62' title='bbox 1391 835 1409 872; x_wconf 91' lang='lat'><strong><em>:</em></strong></span> <span class='ocrx_word' id='word_1_63' title='bbox 1438 819 1492 870; x_wconf 80' lang='lat' dir='ltr'><strong>in</strong></span> <span class='ocrx_word' id='word_1_64' title='bbox 1530 816 1736 884; x_wconf 84' lang='lat' dir='ltr'><strong>propria</strong></span> <span class='ocrx_word' id='word_1_65' title='bbox 1762 816 1917 881; x_wconf 80' lang='lat' dir='ltr'><strong>venit,</strong></span> <span class='ocrx_word' id='word_1_66' title='bbox 1951 820 1998 866; x_wconf 88' lang='lat' dir='ltr'><strong>et</strong></span> <span class='ocrx_word' id='word_1_67' title='bbox 2022 812 2104 864; x_wconf 74' lang='lat' dir='ltr'><strong>sui</strong></span> 
     </span>
    </p>
   </div>
   <div class='ocr_carea' id='block_1_9' title="bbox 546 903 2102 980">
    <p class='ocr_par' dir='ltr' id='par_1_9' title="bbox 546 903 2102 980">
     <span class='ocr_line' id='line_1_9' title="bbox 546 903 2102 980; baseline -0.012 -7"><span class='ocrx_word' id='word_1_68' title='bbox 546 933 656 974; x_wconf 67' lang='lat' dir='ltr'><strong>eum</strong></span> <span class='ocrx_word' id='word_1_69' title='bbox 695 932 795 969; x_wconf 86' lang='lat' dir='ltr'><strong>non</strong></span> <span class='ocrx_word' id='word_1_70' title='bbox 838 921 1136 976; x_wconf 79' lang='lat' dir='ltr'><strong>receperunt</strong></span> <span class='ocrx_word' id='word_1_71' title='bbox 1181 911 1367 980; x_wconf 84' lang='lat' dir='ltr'><strong>(Joan.</strong></span> <span class='ocrx_word' id='word_1_72' title='bbox 1393 911 1469 977; x_wconf 69' lang='grc' dir='ltr'><strong>ι).</strong></span> <span class='ocrx_word' id='word_1_73' title='bbox 1515 906 1571 960; x_wconf 86' lang='lat' dir='ltr'><strong>Si</strong></span> <span class='ocrx_word' id='word_1_74' title='bbox 1608 913 1784 960; x_wconf 88' lang='lat' dir='ltr'><strong>autem</strong></span> <span class='ocrx_word' id='word_1_75' title='bbox 1816 903 2102 972; x_wconf 75' lang='lat' dir='ltr'><strong>gentibus:</strong></span> 
     </span>
    </p>
   </div>
   <div class='ocr_carea' id='block_1_10' title="bbox 551 996 2103 1080">
    <p class='ocr_par' dir='ltr' id='par_1_10' title="bbox 551 996 2103 1080">
     <span class='ocr_line' id='line_1_10' title="bbox 551 996 2103 1080; baseline -0.011 -16"><span class='ocrx_word' id='word_1_76' title='bbox 551 1014 722 1080; x_wconf 75' lang='lat' dir='ltr'><strong>palam</strong></span> <span class='ocrx_word' id='word_1_77' title='bbox 755 1014 837 1061; x_wconf 89' lang='lat' dir='ltr'><strong>est</strong></span> <span class='ocrx_word' id='word_1_78' title='bbox 867 1006 1008 1074; x_wconf 83' lang='lat' dir='ltr'><strong>quod</strong></span> <span class='ocrx_word' id='word_1_79' title='bbox 1055 1004 1322 1057; x_wconf 83' lang='lat' dir='ltr'><strong>Christum</strong></span> <span class='ocrx_word' id='word_1_80' title='bbox 1362 1000 1631 1070; x_wconf 77' lang='lat' dir='ltr'><strong>gentilitas</strong></span> <span class='ocrx_word' id='word_1_81' title='bbox 1663 996 1817 1050; x_wconf 88' lang='lat' dir='ltr'><strong>idolis</strong></span> <span class='ocrx_word' id='word_1_82' title='bbox 1846 1002 2103 1062; x_wconf 87' lang='lat' dir='ltr'><strong>occupata</strong></span> 
     </span>
    </p>
   </div>
   <div class='ocr_carea' id='block_1_11' title="bbox 550 1085 2169 1168">
    <p class='ocr_par' dir='ltr' id='par_1_11' title="bbox 550 1085 2169 1168">
     <span class='ocr_line' id='line_1_11' title="bbox 550 1085 2169 1168; baseline -0.013 -9"><span class='ocrx_word' id='word_1_83' title='bbox 550 1103 781 1159; x_wconf 76' lang='lat' dir='ltr'><strong>nescivit</strong></span> <span class='ocrx_word' id='word_1_84' title='bbox 826 1118 838 1152; x_wconf 90' lang='lat'><strong>:</strong></span> <span class='ocrx_word' id='word_1_85' title='bbox 882 1098 1124 1168; x_wconf 75' lang='lat' dir='ltr'><strong>quamvis</strong></span> <span class='ocrx_word' id='word_1_86' title='bbox 1177 1095 1271 1148; x_wconf 89' lang='lat' dir='ltr'><strong>illa</strong></span> <span class='ocrx_word' id='word_1_87' title='bbox 1325 1109 1424 1148; x_wconf 88' lang='lat' dir='ltr'><strong>nec</strong></span> <span class='ocrx_word' id='word_1_88' title='bbox 1477 1093 1684 1146; x_wconf 74' lang='lat' dir='ltr'><strong>Patrem</strong></span> <span class='ocrx_word' id='word_1_89' title='bbox 1741 1089 1920 1142; x_wconf 87' lang='lat' dir='ltr'><strong>scierit</strong></span> <span class='ocrx_word' id='word_1_90' title='bbox 1960 1105 1974 1140; x_wconf 86' lang='lat'><strong>:</strong></span> <span class='ocrx_word' id='word_1_91' title='bbox 2012 1085 2106 1140; x_wconf 87' lang='lat' dir='ltr'><strong>sed</strong></span> <span class='ocrx_word' id='word_1_92' title='bbox 2165 1145 2169 1152; x_wconf 52' lang='lat'><strong>,</strong></span> 
     </span>
    </p>
   </div>
   <div class='ocr_carea' id='block_1_12' title="bbox 552 1178 2106 1252">
    <p class='ocr_par' dir='ltr' id='par_1_12' title="bbox 552 1178 2106 1252">
     <span class='ocr_line' id='line_1_12' title="bbox 552 1178 2106 1252; baseline -0.01 -4"><span class='ocrx_word' id='word_1_93' title='bbox 552 1205 726 1248; x_wconf 88' lang='lat' dir='ltr'><strong>tamen</strong></span> <span class='ocrx_word' id='word_1_94' title='bbox 755 1193 963 1244; x_wconf 89' lang='lat' dir='ltr'><strong>etiamsi</strong></span> <span class='ocrx_word' id='word_1_95' title='bbox 993 1202 1134 1243; x_wconf 90' lang='lat' dir='ltr'><strong>nunc</strong></span> <span class='ocrx_word' id='word_1_96' title='bbox 1182 1187 1348 1252; x_wconf 75' lang='lat' dir='ltr'><strong>nevit,</strong></span> <span class='ocrx_word' id='word_1_97' title='bbox 1396 1200 1502 1240; x_wconf 88' lang='lat' dir='ltr'><strong>non</strong></span> <span class='ocrx_word' id='word_1_98' title='bbox 1548 1183 1648 1243; x_wconf 72' lang='lat' dir='ltr'><strong>nisi</strong></span> <span class='ocrx_word' id='word_1_99' title='bbox 1700 1195 1794 1249; x_wconf 87' lang='lat' dir='ltr'><strong>per</strong></span> <span class='ocrx_word' id='word_1_100' title='bbox 1838 1178 2106 1233; x_wconf 84' lang='lat' dir='ltr'><strong>Christum</strong></span> 
     </span>
    </p>
   </div>
   <div class='ocr_carea' id='block_1_13' title="bbox 555 1269 2111 1346">
    <p class='ocr_par' dir='ltr' id='par_1_13' title="bbox 555 1269 2111 1346">
     <span class='ocr_line' id='line_1_13' title="bbox 555 1269 2111 1346; baseline -0.01 -9"><span class='ocrx_word' id='word_1_101' title='bbox 555 1295 732 1337; x_wconf 88' lang='lat' dir='ltr'><strong>tamen</strong></span> <span class='ocrx_word' id='word_1_102' title='bbox 777 1282 942 1336; x_wconf 71' lang='lat' dir='ltr'><strong>nevit.</strong></span> <span class='ocrx_word' id='word_1_103' title='bbox 983 1280 1312 1346; x_wconf 43' lang='lat' dir='ltr'><strong>Vides.,ergo</strong></span> <span class='ocrx_word' id='word_1_104' title='bbox 1341 1275 1479 1343; x_wconf 81' lang='lat' dir='ltr'><strong>quod</strong></span> <span class='ocrx_word' id='word_1_105' title='bbox 1524 1275 1639 1327; x_wconf 78' lang='lat' dir='ltr'><strong>sive</strong></span> <span class='ocrx_word' id='word_1_106' title='bbox 1665 1288 1730 1326; x_wconf 78' lang='lat' dir='ltr'><strong>ex</strong></span> <span class='ocrx_word' id='word_1_107' title='bbox 1770 1270 2012 1340; x_wconf 76' lang='lat' dir='ltr'><strong>gentibus</strong></span> <span class='ocrx_word' id='word_1_108' title='bbox 2042 1269 2111 1322; x_wconf 89' lang='lat' dir='ltr'><strong>sit</strong></span> 
     </span>
    </p>
   </div>
   <div class='ocr_carea' id='block_1_14' title="bbox 562 1349 2114 1439">
    <p class='ocr_par' dir='ltr' id='par_1_14' title="bbox 562 1349 2114 1439">
     <span class='ocr_line' id='line_1_14' title="bbox 562 1349 2114 1439; baseline -0.01 -13"><span class='ocrx_word' id='word_1_109' title='bbox 562 1373 792 1426; x_wconf 78' lang='lat' dir='ltr'><strong>credens</strong></span> <span class='ocrx_word' id='word_1_110' title='bbox 825 1370 1069 1439; x_wconf 54' lang='lat' dir='ltr'><strong>populus,</strong></span> <span class='ocrx_word' id='word_1_111' title='bbox 1104 1349 1216 1421; x_wconf 76' lang='lat' dir='ltr'><strong>sive</strong></span> <span class='ocrx_word' id='word_1_112' title='bbox 1247 1383 1307 1419; x_wconf 79' lang='lat' dir='ltr'><strong>ex</strong></span> <span class='ocrx_word' id='word_1_113' title='bbox 1339 1365 1558 1426; x_wconf 71' lang='lat' dir='ltr'><strong>Jndmis,</strong></span> <span class='ocrx_word' id='word_1_114' title='bbox 1591 1365 1725 1415; x_wconf 85' lang='lat' dir='ltr'><strong>bene</strong></span> <span class='ocrx_word' id='word_1_115' title='bbox 1758 1376 1850 1437; x_wconf 89' lang='lat' dir='ltr'><strong>pro</strong></span> <span class='ocrx_word' id='word_1_116' title='bbox 1881 1375 1936 1412; x_wconf 88' lang='lat' dir='ltr'><strong>se</strong></span> <span class='ocrx_word' id='word_1_117' title='bbox 1965 1369 2114 1412; x_wconf 89' lang='lat' dir='ltr'><strong>uter-</strong></span> 
     </span>
    </p>
   </div>
   <div class='ocr_carea' id='block_1_15' title="bbox 560 1443 2113 1532">
    <p class='ocr_par' dir='ltr' id='par_1_15' title="bbox 560 1443 2113 1532">
     <span class='ocr_line' id='line_1_15' title="bbox 560 1443 2113 1532; baseline -0.009 -17"><span class='ocrx_word' id='word_1_118' title='bbox 560 1479 662 1532; x_wconf 84' lang='lat' dir='ltr'><strong>que</strong></span> <span class='ocrx_word' id='word_1_119' title='bbox 688 1463 836 1526; x_wconf 82' lang='lat' dir='ltr'><strong>dicit,</strong></span> <span class='ocrx_word' id='word_1_120' title='bbox 871 1461 946 1513; x_wconf 82' lang='lat' dir='ltr'><strong>Tu</strong></span> <span class='ocrx_word' id='word_1_121' title='bbox 973 1477 1026 1513; x_wconf 90' lang='lat' dir='ltr'><strong>es</strong></span> <span class='ocrx_word' id='word_1_122' title='bbox 1067 1459 1202 1513; x_wconf 80' lang='lat' dir='ltr'><strong>Deus</strong></span> <span class='ocrx_word' id='word_1_123' title='bbox 1242 1467 1430 1519; x_wconf 84' lang='lat' dir='ltr'><strong>noster,</strong></span> <span class='ocrx_word' id='word_1_124' title='bbox 1476 1465 1521 1508; x_wconf 85' lang='lat' dir='ltr'><strong>et</strong></span> <span class='ocrx_word' id='word_1_125' title='bbox 1564 1443 1934 1512; x_wconf 75' lang='lat' dir='ltr'><strong>nesciebamus,</strong></span> <span class='ocrx_word' id='word_1_126' title='bbox 1975 1449 2113 1501; x_wconf 87' lang='lat' dir='ltr'><strong>Deus</strong></span> 
     </span>
    </p>
   </div>
   <div class='ocr_carea' id='block_1_16' title="bbox 564 1539 2108 1615">
    <p class='ocr_par' dir='ltr' id='par_1_16' title="bbox 564 1539 2108 1615">
     <span class='ocr_line' id='line_1_16' title="bbox 564 1539 2108 1615; baseline -0.01 -8"><span class='ocrx_word' id='word_1_127' title='bbox 564 1551 730 1607; x_wconf 78' lang='lat' dir='ltr'><strong>Israel</strong></span> <span class='ocrx_word' id='word_1_128' title='bbox 769 1553 1021 1608; x_wconf 69' lang='lat' dir='ltr'><strong>Saluator.</strong></span> <span class='ocrx_word' id='word_1_129' title='bbox 1049 1547 1184 1615; x_wconf 80' lang='lat' dir='ltr'><strong>Quia</strong></span> <span class='ocrx_word' id='word_1_130' title='bbox 1213 1559 1260 1601; x_wconf 91' lang='lat' dir='ltr'><strong>et</strong></span> <span class='ocrx_word' id='word_1_131' title='bbox 1292 1557 1475 1613; x_wconf 85' lang='lat' dir='ltr'><strong>gentes</strong></span> <span class='ocrx_word' id='word_1_132' title='bbox 1505 1545 1740 1597; x_wconf 81' lang='lat' dir='ltr'><strong>colentes</strong></span> <span class='ocrx_word' id='word_1_133' title='bbox 1772 1545 1915 1609; x_wconf 87' lang='lat' dir='ltr'><strong>prius</strong></span> <span class='ocrx_word' id='word_1_134' title='bbox 1943 1539 2108 1604; x_wconf 86' lang='lat' dir='ltr'><strong>idola,</strong></span> 
     </span>
    </p>
   </div>
   <div class='ocr_carea' id='block_1_17' title="bbox 564 1632 2112 1711">
    <p class='ocr_par' dir='ltr' id='par_1_17' title="bbox 564 1632 2112 1711">
     <span class='ocr_line' id='line_1_17' title="bbox 564 1632 2112 1711; baseline -0.011 -13"><span class='ocrx_word' id='word_1_135' title='bbox 564 1645 880 1711; x_wconf 78' lang='lat' dir='ltr'><strong>ignorabant</strong></span> <span class='ocrx_word' id='word_1_136' title='bbox 926 1642 1088 1694; x_wconf 78' lang='lat' dir='ltr'><strong>Deum</strong></span> <span class='ocrx_word' id='word_1_137' title='bbox 1130 1657 1142 1690; x_wconf 88' lang='lat'><strong>:</strong></span> <span class='ocrx_word' id='word_1_138' title='bbox 1191 1649 1244 1692; x_wconf 89' lang='lat' dir='ltr'><strong>et</strong></span> <span class='ocrx_word' id='word_1_139' title='bbox 1298 1635 1468 1691; x_wconf 82' lang='lat' dir='ltr'><strong>Juda-i</strong></span> <span class='ocrx_word' id='word_1_140' title='bbox 1513 1644 1764 1702; x_wconf 85' lang='lat' dir='ltr'><strong>negantes</strong></span> <span class='ocrx_word' id='word_1_141' title='bbox 1811 1632 2112 1691; x_wconf 85' lang='lat' dir='ltr'><strong>Dominum,</strong></span> 
     </span>
    </p>
   </div>
   <div class='ocr_carea' id='block_1_18' title="bbox 2202 437 3770 512">
    <p class='ocr_par' dir='ltr' id='par_1_18' title="bbox 2202 437 3770 512">
     <span class='ocr_line' id='line_1_18' title="bbox 2202 437 3770 512; baseline -0.006 -12"><span class='ocrx_word' id='word_1_142' title='bbox 2202 443 2527 510; x_wconf 86' lang='lat' dir='ltr'><strong>luror.-inter</strong></span> <span class='ocrx_word' id='word_1_143' title='bbox 2549 441 2716 497; x_wconf 88' lang='lat' dir='ltr'><strong>Deum</strong></span> <span class='ocrx_word' id='word_1_144' title='bbox 2746 449 2797 493; x_wconf 93' lang='lat' dir='ltr'><strong>et</strong></span> <span class='ocrx_word' id='word_1_145' title='bbox 2824 440 3090 494; x_wconf 84' lang='lat' dir='ltr'><strong>Christum</strong></span> <span class='ocrx_word' id='word_1_146' title='bbox 3120 437 3340 512; x_wconf 72' lang='lat' dir='ltr'><strong>niteris?</strong></span> <span class='ocrx_word' id='word_1_147' title='bbox 3370 437 3495 506; x_wconf 91' lang='lat' dir='ltr'><strong>quid</strong></span> <span class='ocrx_word' id='word_1_148' title='bbox 3516 450 3770 506; x_wconf 74' lang='lat' dir='ltr'><strong>separare</strong></span> 
     </span>
    </p>
   </div>
   <div class='ocr_carea' id='block_1_19' title="bbox 2201 525 3771 602">
    <p class='ocr_par' dir='ltr' id='par_1_19' title="bbox 2201 525 3771 602">
     <span class='ocr_line' id='line_1_19' title="bbox 2201 525 3771 602; baseline -0.008 -12"><span class='ocrx_word' id='word_1_149' title='bbox 2201 548 2396 602; x_wconf 90' lang='lat' dir='ltr'><strong>corpus</strong></span> <span class='ocrx_word' id='word_1_150' title='bbox 2418 547 2573 588; x_wconf 91' lang='lat' dir='ltr'><strong>suum</strong></span> <span class='ocrx_word' id='word_1_151' title='bbox 2603 546 2629 582; x_wconf 89' lang='lat' dir='ltr'><strong>a</strong></span> <span class='ocrx_word' id='word_1_152' title='bbox 2661 530 2797 584; x_wconf 85' lang='lat' dir='ltr'><strong>Filio</strong></span> <span class='ocrx_word' id='word_1_153' title='bbox 2821 529 2915 583; x_wconf 83' lang='lat' dir='ltr'><strong>Dei</strong></span> <span class='ocrx_word' id='word_1_154' title='bbox 2935 529 3164 598; x_wconf 84' lang='lat' dir='ltr'><strong>appetis,</strong></span> <span class='ocrx_word' id='word_1_155' title='bbox 3183 537 3242 581; x_wconf 84' lang='lat' dir='ltr'><strong>et</strong></span> <span class='ocrx_word' id='word_1_156' title='bbox 3263 529 3438 596; x_wconf 81' lang='lat' dir='ltr'><strong>ipsum</strong></span> <span class='ocrx_word' id='word_1_157' title='bbox 3469 543 3496 579; x_wconf 87' lang='lat' dir='ltr'><strong>a</strong></span> <span class='ocrx_word' id='word_1_158' title='bbox 3521 541 3584 580; x_wconf 87' lang='lat' dir='ltr'><strong>se</strong></span> <span class='ocrx_word' id='word_1_159' title='bbox 3613 525 3771 579; x_wconf 81' lang='lat' dir='ltr'><strong>Deum</strong></span> 
     </span>
    </p>
   </div>
   <div class='ocr_carea' id='block_1_20' title="bbox 2202 616 3772 690">
    <p class='ocr_par' dir='ltr' id='par_1_20' title="bbox 2202 616 3772 690">
     <span class='ocr_line' id='line_1_20' title="bbox 2202 616 3772 690; baseline -0.006 -11"><span class='ocrx_word' id='word_1_160' title='bbox 2202 625 2447 679; x_wconf 85' lang='lat' dir='ltr'><strong>dividere</strong></span> <span class='ocrx_word' id='word_1_161' title='bbox 2474 621 2723 675; x_wconf 80' lang='lat' dir='ltr'><strong>conaris?</strong></span> <span class='ocrx_word' id='word_1_162' title='bbox 2749 621 2889 674; x_wconf 83' lang='lat' dir='ltr'><strong>unita</strong></span> <span class='ocrx_word' id='word_1_163' title='bbox 2921 619 3197 685; x_wconf 84' lang='lat' dir='ltr'><strong>discindis,</strong></span> <span class='ocrx_word' id='word_1_164' title='bbox 3229 629 3310 690; x_wconf 76' lang='lat' dir='ltr'><strong>et&#39;</strong></span> <span class='ocrx_word' id='word_1_165' title='bbox 3341 619 3634 688; x_wconf 80' lang='lat' dir='ltr'><strong>coojnncta</strong></span> <span class='ocrx_word' id='word_1_166' title='bbox 3675 616 3772 670; x_wconf 83' lang='lat' dir='ltr'><strong>dis-</strong></span> 
     </span>
    </p>
   </div>
   <div class='ocr_carea' id='block_1_21' title="bbox 2203 691 3774 768">
    <p class='ocr_par' dir='ltr' id='par_1_21' title="bbox 2203 691 3774 768">
     <span class='ocr_line' id='line_1_21' title="bbox 2203 691 3774 768; baseline -0.006 0"><span class='ocrx_word' id='word_1_167' title='bbox 2203 715 2401 768; x_wconf 88' lang='lat' dir='ltr'><strong>cernis.</strong></span> <span class='ocrx_word' id='word_1_168' title='bbox 2435 713 2612 766; x_wconf 75' lang='lat' dir='ltr'><strong>Verbo</strong></span> <span class='ocrx_word' id='word_1_169' title='bbox 2639 710 2730 764; x_wconf 88' lang='lat' dir='ltr'><strong>Dei</strong></span> <span class='ocrx_word' id='word_1_170' title='bbox 2764 710 2830 763; x_wconf 86' lang='lat' dir='ltr'><strong>de</strong></span> <span class='ocrx_word' id='word_1_171' title='bbox 2861 711 2969 762; x_wconf 85' lang='lat' dir='ltr'><strong>Deo</strong></span> <span class='ocrx_word' id='word_1_172' title='bbox 2993 709 3156 762; x_wconf 83' lang='lat' dir='ltr'><strong>crede</strong></span> <span class='ocrx_word' id='word_1_173' title='bbox 3185 726 3198 760; x_wconf 88' lang='lat'><strong>:</strong></span> <span class='ocrx_word' id='word_1_174' title='bbox 3230 709 3370 761; x_wconf 89' lang='lat' dir='ltr'><strong>nulla</strong></span> <span class='ocrx_word' id='word_1_175' title='bbox 3394 691 3544 762; x_wconf 75' lang='lat' dir='ltr'><strong>enini</strong></span> <span class='ocrx_word' id='word_1_176' title='bbox 3571 722 3638 761; x_wconf 85' lang='lat' dir='ltr'><strong>re</strong></span> <span class='ocrx_word' id='word_1_177' title='bbox 3674 720 3774 758; x_wconf 86' lang='lat' dir='ltr'><strong>tne-</strong></span> 
     </span>
    </p>
   </div>
   <div class='ocr_carea' id='block_1_22' title="bbox 2205 801 3772 869">
    <p class='ocr_par' dir='ltr' id='par_1_22' title="bbox 2205 801 3772 869">
     <span class='ocr_line' id='line_1_22' title="bbox 2205 801 3772 869; baseline -0.006 -9"><span class='ocrx_word' id='word_1_178' title='bbox 2205 807 2310 860; x_wconf 86' lang='lat' dir='ltr'><strong>lius</strong></span> <span class='ocrx_word' id='word_1_179' title='bbox 2332 806 2574 860; x_wconf 88' lang='lat' dir='ltr'><strong>conliteri</strong></span> <span class='ocrx_word' id='word_1_180' title='bbox 2597 803 2930 856; x_wconf 80' lang='lat' dir='ltr'><strong>divinitatem</strong></span> <span class='ocrx_word' id='word_1_181' title='bbox 2958 801 3053 854; x_wconf 88' lang='lat' dir='ltr'><strong>Dei</strong></span> <span class='ocrx_word' id='word_1_182' title='bbox 3073 801 3287 854; x_wconf 84' lang='lat' dir='ltr'><strong>omnino</strong></span> <span class='ocrx_word' id='word_1_183' title='bbox 3313 802 3536 869; x_wconf 89' lang='lat' dir='ltr'><strong>poteris,</strong></span> <span class='ocrx_word' id='word_1_184' title='bbox 3561 809 3588 836; x_wconf 82' lang='grc'><strong>·</strong></span> <span class='ocrx_word' id='word_1_185' title='bbox 3623 813 3772 866; x_wconf 81' lang='lat' dir='ltr'><strong>quam</strong></span> 
     </span>
    </p>
   </div>
   <div class='ocr_carea' id='block_1_23' title="bbox 2205 888 3771 962">
    <p class='ocr_par' dir='ltr' id='par_1_23' title="bbox 2205 888 3771 962">
     <span class='ocr_line' id='line_1_23' title="bbox 2205 888 3771 962; baseline -0.008 -12"><span class='ocrx_word' id='word_1_186' title='bbox 2205 895 2252 950; x_wconf 88' lang='lat' dir='ltr'><strong>si</strong></span> <span class='ocrx_word' id='word_1_187' title='bbox 2279 911 2339 949; x_wconf 89' lang='lat' dir='ltr'><strong>ea</strong></span> <span class='ocrx_word' id='word_1_188' title='bbox 2372 896 2483 962; x_wconf 77' lang='lat' dir='ltr'><strong>ipsa</strong></span> <span class='ocrx_word' id='word_1_189' title='bbox 2512 894 2577 946; x_wconf 91' lang='lat' dir='ltr'><strong>de</strong></span> <span class='ocrx_word' id='word_1_190' title='bbox 2598 907 2677 954; x_wconf 89' lang='lat' dir='ltr'><strong>se,</strong></span> <span class='ocrx_word' id='word_1_191' title='bbox 2703 891 2842 945; x_wconf 86' lang='lat' dir='ltr'><strong>sicut</strong></span> <span class='ocrx_word' id='word_1_192' title='bbox 2863 889 3119 942; x_wconf 88' lang='lat' dir='ltr'><strong>Divinitas</strong></span> <span class='ocrx_word' id='word_1_193' title='bbox 3142 890 3344 955; x_wconf 82' lang='lat' dir='ltr'><strong>docuit,</strong></span> <span class='ocrx_word' id='word_1_194' title='bbox 3373 904 3505 942; x_wconf 88' lang='lat' dir='ltr'><strong>voce</strong></span> <span class='ocrx_word' id='word_1_195' title='bbox 3533 888 3771 956; x_wconf 76' lang='lat' dir='ltr'><strong>fatearis.</strong></span> 
     </span>
    </p>
   </div>
   <div class='ocr_carea' id='block_1_24' title="bbox 2206 965 3774 1050">
    <p class='ocr_par' dir='ltr' id='par_1_24' title="bbox 2206 965 3774 1050">
     <span class='ocr_line' id='line_1_24' title="bbox 2206 965 3774 1050; baseline -0.007 -10"><span class='ocrx_word' id='word_1_196' title='bbox 2206 987 2408 1040; x_wconf 84' lang='lat' dir='ltr'><strong>Scitote</strong></span> <span class='ocrx_word' id='word_1_197' title='bbox 2437 983 2579 1037; x_wconf 93' lang='lat' dir='ltr'><strong>enim</strong></span> <span class='ocrx_word' id='word_1_198' title='bbox 2605 981 2756 1050; x_wconf 80' lang='lat' dir='ltr'><strong>juxta</strong></span> <span class='ocrx_word' id='word_1_199' title='bbox 2797 965 3141 1048; x_wconf 72' lang='lat' dir='ltr'><strong>prophetam,</strong></span> <span class='ocrx_word' id='word_1_200' title='bbox 3191 979 3313 1046; x_wconf 84' lang='lat' dir='ltr'><strong>quia</strong></span> <span class='ocrx_word' id='word_1_201' title='bbox 3363 978 3633 1038; x_wconf 80' lang='lat' dir='ltr'><strong>Dominus</strong></span> <span class='ocrx_word' id='word_1_202' title='bbox 3670 977 3774 1043; x_wconf 76' lang='lat' dir='ltr'><strong>ipsa</strong></span> 
     </span>
    </p>
   </div>
   <div class='ocr_carea' id='block_1_25' title="bbox 2209 1069 3775 1141">
    <p class='ocr_par' dir='ltr' id='par_1_25' title="bbox 2209 1069 3775 1141">
     <span class='ocr_line' id='line_1_25' title="bbox 2209 1069 3775 1141; baseline -0.008 -10"><span class='ocrx_word' id='word_1_203' title='bbox 2209 1085 2291 1132; x_wconf 86' lang='lat' dir='ltr'><strong>est</strong></span> <span class='ocrx_word' id='word_1_204' title='bbox 2319 1076 2482 1140; x_wconf 85' lang='lat' dir='ltr'><strong>Deus,</strong></span> <span class='ocrx_word' id='word_1_205' title='bbox 2515 1073 2605 1141; x_wconf 89' lang='lat' dir='ltr'><strong>qui</strong></span> <span class='ocrx_word' id='word_1_206' title='bbox 2633 1073 2835 1126; x_wconf 84' lang='lat' dir='ltr'><strong>invenit</strong></span> <span class='ocrx_word' id='word_1_207' title='bbox 2876 1086 3086 1124; x_wconf 88' lang='lat' dir='ltr'><strong>omnem</strong></span> <span class='ocrx_word' id='word_1_208' title='bbox 3132 1071 3269 1123; x_wconf 85' lang='lat' dir='ltr'><strong>viam</strong></span> <span class='ocrx_word' id='word_1_209' title='bbox 3311 1070 3618 1137; x_wconf 65' lang='lat' dir='ltr'><strong>dlsciplina</strong></span> <span class='ocrx_word' id='word_1_210' title='bbox 3651 1085 3666 1120; x_wconf 94' lang='lat'><strong>:</strong></span> <span class='ocrx_word' id='word_1_211' title='bbox 3697 1069 3775 1136; x_wconf 84' lang='lat' dir='ltr'><strong>qui</strong></span> 
     </span>
    </p>
   </div>
   <div class='ocr_carea' id='block_1_26' title="bbox 2210 1159 3777 1235">
    <p class='ocr_par' dir='ltr' id='par_1_26' title="bbox 2210 1159 3777 1235">
     <span class='ocr_line' id='line_1_26' title="bbox 2210 1159 3777 1235; baseline -0.006 -15"><span class='ocrx_word' id='word_1_212' title='bbox 2210 1167 2390 1235; x_wconf 86' lang='lat' dir='ltr'><strong>utique</strong></span> <span class='ocrx_word' id='word_1_213' title='bbox 2414 1174 2470 1218; x_wconf 90' lang='lat' dir='ltr'><strong>et</strong></span> <span class='ocrx_word' id='word_1_214' title='bbox 2502 1167 2550 1216; x_wconf 93' lang='lat' dir='ltr'><strong>in</strong></span> <span class='ocrx_word' id='word_1_215' title='bbox 2583 1163 2740 1216; x_wconf 85' lang='lat' dir='ltr'><strong>terris</strong></span> <span class='ocrx_word' id='word_1_216' title='bbox 2769 1161 2912 1214; x_wconf 78' lang='lat' dir='ltr'><strong>visus</strong></span> <span class='ocrx_word' id='word_1_217' title='bbox 2934 1171 3051 1227; x_wconf 85' lang='lat' dir='ltr'><strong>est,</strong></span> <span class='ocrx_word' id='word_1_218' title='bbox 3098 1161 3236 1213; x_wconf 90' lang='lat' dir='ltr'><strong>inter</strong></span> <span class='ocrx_word' id='word_1_219' title='bbox 3277 1159 3522 1213; x_wconf 83' lang='lat' dir='ltr'><strong>homines</strong></span> <span class='ocrx_word' id='word_1_220' title='bbox 3550 1173 3777 1211; x_wconf 80' lang='lat' dir='ltr'><strong>conver-</strong></span> 
     </span>
    </p>
   </div>
   <div class='ocr_carea' id='block_1_27' title="bbox 2211 1248 3778 1322">
    <p class='ocr_par' dir='ltr' id='par_1_27' title="bbox 2211 1248 3778 1322">
     <span class='ocr_line' id='line_1_27' title="bbox 2211 1248 3778 1322; baseline -0.009 -9"><span class='ocrx_word' id='word_1_221' title='bbox 2211 1272 2358 1313; x_wconf 88' lang='lat' dir='ltr'><strong>satus</strong></span> <span class='ocrx_word' id='word_1_222' title='bbox 2386 1267 2489 1310; x_wconf 75' lang='grc' dir='ltr'><strong>εει.</strong></span> <span class='ocrx_word' id='word_1_223' title='bbox 2518 1255 2637 1322; x_wconf 78' lang='lat' dir='ltr'><strong>Ipse</strong></span> <span class='ocrx_word' id='word_1_224' title='bbox 2673 1254 2850 1320; x_wconf 83' lang='lat' dir='ltr'><strong>lumen</strong></span> <span class='ocrx_word' id='word_1_225' title='bbox 2884 1251 3006 1304; x_wconf 88' lang='lat' dir='ltr'><strong>lidei</strong></span> <span class='ocrx_word' id='word_1_226' title='bbox 3045 1252 3094 1302; x_wconf 93' lang='lat' dir='ltr'><strong>in</strong></span> <span class='ocrx_word' id='word_1_227' title='bbox 3129 1251 3380 1303; x_wconf 87' lang='lat' dir='ltr'><strong>mundum</strong></span> <span class='ocrx_word' id='word_1_228' title='bbox 3411 1249 3596 1302; x_wconf 83' lang='lat' dir='ltr'><strong>intulit</strong></span> <span class='ocrx_word' id='word_1_229' title='bbox 3625 1267 3643 1300; x_wconf 84' lang='lat'><strong>:</strong></span> <span class='ocrx_word' id='word_1_230' title='bbox 3673 1248 3778 1314; x_wconf 81' lang='lat' dir='ltr'><strong>ipse</strong></span> 
     </span>
    </p>
   </div>
   <div class='ocr_carea' id='block_1_28' title="bbox 2211 1329 3778 1406">
    <p class='ocr_par' dir='ltr' id='par_1_28' title="bbox 2211 1329 3778 1406">
     <span class='ocr_line' id='line_1_28' title="bbox 2211 1329 3778 1406; baseline -0.01 0"><span class='ocrx_word' id='word_1_231' title='bbox 2211 1355 2380 1406; x_wconf 87' lang='lat' dir='ltr'><strong>lucem</strong></span> <span class='ocrx_word' id='word_1_232' title='bbox 2410 1347 2597 1402; x_wconf 88' lang='lat' dir='ltr'><strong>salutis</strong></span> <span class='ocrx_word' id='word_1_233' title='bbox 2624 1344 2879 1398; x_wconf 89' lang='lat' dir='ltr'><strong>ostendit.</strong></span> <span class='ocrx_word' id='word_1_234' title='bbox 2907 1345 3042 1396; x_wconf 85' lang='lat' dir='ltr'><strong>Dens</strong></span> <span class='ocrx_word' id='word_1_235' title='bbox 3063 1343 3204 1395; x_wconf 90' lang='lat' dir='ltr'><strong>enim</strong></span> <span class='ocrx_word' id='word_1_236' title='bbox 3233 1329 3507 1405; x_wconf 85' lang='lat' dir='ltr'><strong>Dominus,</strong></span> <span class='ocrx_word' id='word_1_237' title='bbox 3532 1350 3589 1393; x_wconf 86' lang='lat' dir='ltr'><strong>et</strong></span> <span class='ocrx_word' id='word_1_238' title='bbox 3615 1340 3778 1394; x_wconf 76' lang='lat' dir='ltr'><strong>illuxit</strong></span> 
     </span>
    </p>
   </div>
   <div class='ocr_carea' id='block_1_29' title="bbox 2213 1429 3775 1504">
    <p class='ocr_par' dir='ltr' id='par_1_29' title="bbox 2213 1429 3775 1504">
     <span class='ocr_line' id='line_1_29' title="bbox 2213 1429 3775 1504; baseline -0.01 -7"><span class='ocrx_word' id='word_1_239' title='bbox 2213 1430 2387 1497; x_wconf 71' lang='lat' dir='ltr'><strong>nobis.</strong></span> <span class='ocrx_word' id='word_1_240' title='bbox 2422 1441 2572 1494; x_wconf 91' lang='lat' dir='ltr'><strong>Ilunc</strong></span> <span class='ocrx_word' id='word_1_241' title='bbox 2591 1453 2718 1504; x_wconf 82' lang='lat' dir='ltr'><strong>ergo</strong></span> <span class='ocrx_word' id='word_1_242' title='bbox 2746 1429 2924 1497; x_wconf 84' lang='lat' dir='ltr'><strong>crede,</strong></span> <span class='ocrx_word' id='word_1_243' title='bbox 2952 1436 3092 1487; x_wconf 89' lang='lat' dir='ltr'><strong>hunc</strong></span> <span class='ocrx_word' id='word_1_244' title='bbox 3121 1435 3300 1501; x_wconf 78' lang='lat' dir='ltr'><strong>dilige,</strong></span> <span class='ocrx_word' id='word_1_245' title='bbox 3329 1429 3470 1485; x_wconf 80' lang='lat' dir='ltr'><strong>Itone</strong></span> <span class='ocrx_word' id='word_1_246' title='bbox 3495 1433 3775 1484; x_wconf 80' lang='lat' dir='ltr'><strong>conﬁtere.</strong></span> 
     </span>
    </p>
   </div>
   <div class='ocr_carea' id='block_1_30' title="bbox 2213 1525 3781 1602">
    <p class='ocr_par' dir='ltr' id='par_1_30' title="bbox 2213 1525 3781 1602">
     <span class='ocr_line' id='line_1_30' title="bbox 2213 1525 3781 1602; baseline -0.008 -18"><span class='ocrx_word' id='word_1_247' title='bbox 2213 1536 2348 1602; x_wconf 83' lang='lat' dir='ltr'><strong>Quia</strong></span> <span class='ocrx_word' id='word_1_248' title='bbox 2375 1533 2402 1571; x_wconf 71' lang='grc' dir='ltr'><strong>ιι</strong></span> <span class='ocrx_word' id='word_1_249' title='bbox 2425 1533 2636 1600; x_wconf 83' lang='lat' dir='ltr'><strong>quando</strong></span> <span class='ocrx_word' id='word_1_250' title='bbox 2665 1529 2735 1591; x_wconf 87' lang='lat' dir='ltr'><strong>ei,</strong></span> <span class='ocrx_word' id='word_1_251' title='bbox 2767 1537 2821 1580; x_wconf 87' lang='grc' dir='ltr'><strong>ιιι</strong></span> <span class='ocrx_word' id='word_1_252' title='bbox 2853 1527 3106 1593; x_wconf 86' lang='lat' dir='ltr'><strong>scriptum</strong></span> <span class='ocrx_word' id='word_1_253' title='bbox 3136 1532 3238 1582; x_wconf 84' lang='lat' dir='ltr'><strong>est.</strong></span> <span class='ocrx_word' id='word_1_254' title='bbox 3272 1541 3416 1578; x_wconf 84' lang='lat' dir='ltr'><strong>omne</strong></span> <span class='ocrx_word' id='word_1_255' title='bbox 3445 1539 3579 1596; x_wconf 78' lang='lat' dir='ltr'><strong>genu</strong></span> <span class='ocrx_word' id='word_1_256' title='bbox 3614 1525 3781 1593; x_wconf 78' lang='lat' dir='ltr'><strong>ﬂecte-</strong></span> 
     </span>
    </p>
   </div>
   <div class='ocr_carea' id='block_1_31' title="bbox 2215 1603 3779 1687">
    <p class='ocr_par' dir='ltr' id='par_1_31' title="bbox 2215 1603 3779 1687">
     <span class='ocr_line' id='line_1_31' title="bbox 2215 1603 3779 1687; baseline -0.008 -8"><span class='ocrx_word' id='word_1_257' title='bbox 2215 1636 2319 1685; x_wconf 86' lang='lat' dir='ltr'><strong>tur,</strong></span> <span class='ocrx_word' id='word_1_258' title='bbox 2365 1623 2638 1678; x_wconf 72' lang='lat' dir='ltr'><strong>caelestium</strong></span> <span class='ocrx_word' id='word_1_259' title='bbox 2667 1632 2712 1673; x_wconf 87' lang='lat' dir='ltr'><strong>et</strong></span> <span class='ocrx_word' id='word_1_260' title='bbox 2744 1620 3054 1673; x_wconf 76' lang='lat' dir='ltr'><strong>terrestrium</strong></span> <span class='ocrx_word' id='word_1_261' title='bbox 3083 1626 3129 1670; x_wconf 86' lang='lat' dir='ltr'><strong>et</strong></span> <span class='ocrx_word' id='word_1_262' title='bbox 3157 1603 3497 1687; x_wconf 80' lang='lat' dir='ltr'><strong>infernarum,</strong></span> <span class='ocrx_word' id='word_1_263' title='bbox 3541 1625 3593 1667; x_wconf 85' lang='lat' dir='ltr'><strong>et</strong></span> <span class='ocrx_word' id='word_1_264' title='bbox 3625 1617 3779 1668; x_wconf 79' lang='lat' dir='ltr'><strong>omnis</strong></span> 
     </span>
    </p>
   </div>
   <div class='ocr_carea' id='block_1_32' title="bbox 566 1703 3781 1800">
    <p class='ocr_par' dir='ltr' id='par_1_32' title="bbox 566 1703 3781 1800">
     <span class='ocr_line' id='line_1_32' title="bbox 566 1703 3781 1800; baseline -0.008 -19"><span class='ocrx_word' id='word_1_265' title='bbox 566 1703 880 1800; x_wconf 60' lang='lat' dir='ltr'><strong>ignorabant</strong></span> <span class='ocrx_word' id='word_1_266' title='bbox 908 1729 1092 1780; x_wconf 79' lang='lat' dir='ltr'><strong>Filium</strong></span> <span class='ocrx_word' id='word_1_267' title='bbox 1130 1728 1239 1779; x_wconf 87' lang='lat' dir='ltr'><strong>Dei.</strong></span> <span class='ocrx_word' id='word_1_268' title='bbox 1272 1725 1346 1778; x_wconf 82' lang='lat' dir='ltr'><strong>Ac</strong></span> <span class='ocrx_word' id='word_1_269' title='bbox 1389 1741 1478 1792; x_wconf 87' lang='lat' dir='ltr'><strong>per</strong></span> <span class='ocrx_word' id='word_1_270' title='bbox 1505 1725 1606 1776; x_wconf 84' lang='lat' dir='ltr'><strong>hoc</strong></span> <span class='ocrx_word' id='word_1_271' title='bbox 1645 1725 1779 1775; x_wconf 84' lang='lat' dir='ltr'><strong>bene</strong></span> <span class='ocrx_word' id='word_1_272' title='bbox 1809 1721 1873 1774; x_wconf 88' lang='lat' dir='ltr'><strong>de</strong></span> <span class='ocrx_word' id='word_1_273' title='bbox 1901 1717 2112 1773; x_wconf 81' lang='lat' dir='ltr'><strong>Christo</strong></span> <span class='ocrx_word' id='word_1_274' title='bbox 2147 1722 2188 1779; x_wconf 83' lang='grc' dir='ltr'>Β</span> <span class='ocrx_word' id='word_1_275' title='bbox 2217 1719 2391 1784; x_wconf 88' lang='lat' dir='ltr'><strong>lingua</strong></span> <span class='ocrx_word' id='word_1_276' title='bbox 2433 1712 2773 1781; x_wconf 76' lang='lat' dir='ltr'><strong>confitebitur,</strong></span> <span class='ocrx_word' id='word_1_277' title='bbox 2822 1710 2940 1779; x_wconf 85' lang='lat' dir='ltr'><strong>quia</strong></span> <span class='ocrx_word' id='word_1_278' title='bbox 2989 1707 3234 1762; x_wconf 76' lang='lat' dir='ltr'><strong>Dominus</strong></span> <span class='ocrx_word' id='word_1_279' title='bbox 3281 1705 3433 1760; x_wconf 70' lang='lat' dir='ltr'><strong>Iesus</strong></span> <span class='ocrx_word' id='word_1_280' title='bbox 3474 1703 3716 1759; x_wconf 82' lang='lat' dir='ltr'><strong>Christus</strong></span> <span class='ocrx_word' id='word_1_281' title='bbox 3738 1706 3781 1756; x_wconf 73' lang='lat' dir='ltr'><strong>in</strong></span> 
     </span>
    </p>
   </div>
   <div class='ocr_carea' id='block_1_33' title="bbox 571 1815 2111 1888">
    <p class='ocr_par' dir='ltr' id='par_1_33' title="bbox 571 1815 2111 1888">
     <span class='ocr_line' id='line_1_33' title="bbox 571 1815 2111 1888; baseline -0.008 -14"><span class='ocrx_word' id='word_1_282' title='bbox 571 1815 691 1874; x_wconf 71' lang='lat' dir='ltr'><strong>tam&#39;</strong></span> <span class='ocrx_word' id='word_1_283' title='bbox 707 1821 798 1877; x_wconf 85' lang='lat' dir='ltr'><strong>illi.</strong></span> <span class='ocrx_word' id='word_1_284' title='bbox 829 1834 987 1888; x_wconf 87' lang='lat' dir='ltr'><strong>quam</strong></span> <span class='ocrx_word' id='word_1_285' title='bbox 1016 1820 1100 1872; x_wconf 88' lang='lat' dir='ltr'><strong>isti</strong></span> <span class='ocrx_word' id='word_1_286' title='bbox 1130 1819 1310 1871; x_wconf 87' lang='lat' dir='ltr'><strong>dicunt</strong></span> <span class='ocrx_word' id='word_1_287' title='bbox 1336 1835 1348 1868; x_wconf 89' lang='lat'>:</span> <span class='ocrx_word' id='word_1_288' title='bbox 1384 1815 1458 1869; x_wconf 83' lang='lat' dir='ltr'><strong>Tu</strong></span> <span class='ocrx_word' id='word_1_289' title='bbox 1480 1832 1530 1867; x_wconf 87' lang='lat' dir='ltr'><strong>es</strong></span> <span class='ocrx_word' id='word_1_290' title='bbox 1563 1815 1696 1867; x_wconf 84' lang='lat' dir='ltr'><strong>Deus</strong></span> <span class='ocrx_word' id='word_1_291' title='bbox 1723 1823 1907 1875; x_wconf 81' lang='lat' dir='ltr'><strong>noster,</strong></span> <span class='ocrx_word' id='word_1_292' title='bbox 1935 1822 1979 1863; x_wconf 90' lang='lat' dir='ltr'><strong>et</strong></span> <span class='ocrx_word' id='word_1_293' title='bbox 2021 1827 2111 1862; x_wconf 89' lang='lat' dir='ltr'><strong>ne-</strong></span> 
     </span>
    </p>
   </div>
   <div class='ocr_carea' id='block_1_34' title="bbox 566 1903 2112 1974">
    <p class='ocr_par' dir='ltr' id='par_1_34' title="bbox 566 1903 2112 1974">
     <span class='ocr_line' id='line_1_34' title="bbox 566 1903 2112 1974; baseline -0.006 -11"><span class='ocrx_word' id='word_1_294' title='bbox 566 1912 862 1964; x_wconf 80' lang='lat' dir='ltr'><strong>sciebamus.</strong></span> <span class='ocrx_word' id='word_1_295' title='bbox 891 1910 1023 1974; x_wconf 80' lang='lat' dir='ltr'><strong>Quia</strong></span> <span class='ocrx_word' id='word_1_296' title='bbox 1057 1919 1158 1962; x_wconf 87' lang='lat' dir='ltr'><strong>tam</strong></span> <span class='ocrx_word' id='word_1_297' title='bbox 1206 1908 1282 1961; x_wconf 89' lang='lat' dir='ltr'><strong>illi</strong></span> <span class='ocrx_word' id='word_1_298' title='bbox 1330 1905 1634 1960; x_wconf 78' lang='lat' dir='ltr'><strong>nesciebant</strong></span> <span class='ocrx_word' id='word_1_299' title='bbox 1681 1905 1839 1957; x_wconf 88' lang='lat' dir='ltr'><strong>Deum</strong></span> <span class='ocrx_word' id='word_1_300' title='bbox 1889 1903 1976 1969; x_wconf 86' lang='lat' dir='ltr'><strong>qui</strong></span> <span class='ocrx_word' id='word_1_301' title='bbox 2007 1917 2112 1954; x_wconf 87' lang='lat' dir='ltr'><strong>nou</strong></span> 
     </span>
    </p>
   </div>
   <div class='ocr_carea' id='block_1_35' title="bbox 563 1991 2116 2067">
    <p class='ocr_par' dir='ltr' id='par_1_35' title="bbox 563 1991 2116 2067">
     <span class='ocr_line' id='line_1_35' title="bbox 563 1991 2116 2067; baseline -0.005 -15"><span class='ocrx_word' id='word_1_302' title='bbox 563 2000 870 2054; x_wconf 80' lang='lat' dir='ltr'><strong>credebant.</strong></span> <span class='ocrx_word' id='word_1_303' title='bbox 906 2015 1060 2067; x_wconf 87' lang='lat' dir='ltr'><strong>quam</strong></span> <span class='ocrx_word' id='word_1_304' title='bbox 1094 1999 1167 2050; x_wconf 90' lang='lat' dir='ltr'><strong>illi</strong></span> <span class='ocrx_word' id='word_1_305' title='bbox 1199 1999 1286 2066; x_wconf 90' lang='lat' dir='ltr'><strong>qui</strong></span> <span class='ocrx_word' id='word_1_306' title='bbox 1337 1996 1428 2049; x_wconf 84' lang='lat' dir='ltr'><strong>Dei</strong></span> <span class='ocrx_word' id='word_1_307' title='bbox 1474 1994 1662 2047; x_wconf 84' lang='lat' dir='ltr'><strong>Filium</strong></span> <span class='ocrx_word' id='word_1_308' title='bbox 1711 1992 1991 2061; x_wconf 80' lang='lat' dir='ltr'><strong>negabant.</strong></span> <span class='ocrx_word' id='word_1_309' title='bbox 2028 1991 2116 2044; x_wconf 81' lang='lat' dir='ltr'><strong>Sic</strong></span> 
     </span>
    </p>
   </div>
   <div class='ocr_carea' id='block_1_36' title="bbox 567 2087 2116 2156">
    <p class='ocr_par' dir='ltr' id='par_1_36' title="bbox 567 2087 2116 2156">
     <span class='ocr_line' id='line_1_36' title="bbox 567 2087 2116 2156; baseline -0.004 -13"><span class='ocrx_word' id='word_1_310' title='bbox 567 2105 693 2156; x_wconf 82' lang='lat' dir='ltr'><strong>ergo</strong></span> <span class='ocrx_word' id='word_1_311' title='bbox 723 2089 963 2142; x_wconf 86' lang='lat' dir='ltr'><strong>Christus</strong></span> <span class='ocrx_word' id='word_1_312' title='bbox 991 2089 1291 2142; x_wconf 83' lang='lat' dir='ltr'><strong>credendus</strong></span> <span class='ocrx_word' id='word_1_313' title='bbox 1331 2097 1435 2154; x_wconf 91' lang='lat' dir='ltr'><strong>est,</strong></span> <span class='ocrx_word' id='word_1_314' title='bbox 1464 2097 1518 2140; x_wconf 88' lang='lat' dir='ltr'><strong>ut</strong></span> <span class='ocrx_word' id='word_1_315' title='bbox 1552 2087 1745 2139; x_wconf 85' lang='lat' dir='ltr'><strong>veritas</strong></span> <span class='ocrx_word' id='word_1_316' title='bbox 1776 2087 2028 2155; x_wconf 84' lang='lat' dir='ltr'><strong>loquitur,</strong></span> <span class='ocrx_word' id='word_1_317' title='bbox 2058 2092 2116 2137; x_wconf 86' lang='lat' dir='ltr'><strong>ut</strong></span> 
     </span>
    </p>
   </div>
   <div class='ocr_carea' id='block_1_37' title="bbox 2214 1798 3781 1879">
    <p class='ocr_par' dir='ltr' id='par_1_37' title="bbox 2214 1798 3781 1879">
     <span class='ocr_line' id='line_1_37' title="bbox 2214 1798 3781 1879; baseline -0.008 -18"><span class='ocrx_word' id='word_1_318' title='bbox 2214 1808 2379 1879; x_wconf 84' lang='lat' dir='ltr'><strong>gloria</strong></span> <span class='ocrx_word' id='word_1_319' title='bbox 2406 1813 2476 1858; x_wconf 83' lang='lat' dir='ltr'><strong>est</strong></span> <span class='ocrx_word' id='word_1_320' title='bbox 2510 1804 2603 1858; x_wconf 87' lang='lat' dir='ltr'><strong>Dei</strong></span> <span class='ocrx_word' id='word_1_321' title='bbox 2636 1803 2806 1854; x_wconf 82' lang='lat' dir='ltr'><strong>Patris</strong></span> <span class='ocrx_word' id='word_1_322' title='bbox 2831 1801 3050 1870; x_wconf 80' lang='lat' dir='ltr'><strong>(Philip.</strong></span> <span class='ocrx_word' id='word_1_323' title='bbox 3081 1800 3139 1864; x_wconf 86' lang='grc' dir='ltr'>ιι)</span> <span class='ocrx_word' id='word_1_324' title='bbox 3166 1817 3178 1852; x_wconf 94' lang='lat'>:</span> <span class='ocrx_word' id='word_1_325' title='bbox 3211 1799 3366 1857; x_wconf 78' lang='lat' dir='ltr'><strong>velis,</strong></span> <span class='ocrx_word' id='word_1_326' title='bbox 3399 1798 3563 1862; x_wconf 83' lang='lat' dir='ltr'><strong>nolis,</strong></span> <span class='ocrx_word' id='word_1_327' title='bbox 3586 1813 3781 1864; x_wconf 79' lang='lat' dir='ltr'><strong>negare</strong></span> 
     </span>
    </p>
   </div>
   <div class='ocr_carea' id='block_1_38' title="bbox 2216 1886 3781 1964">
    <p class='ocr_par' dir='ltr' id='par_1_38' title="bbox 2216 1886 3781 1964">
     <span class='ocr_line' id='line_1_38' title="bbox 2216 1886 3781 1964; baseline -0.009 -13"><span class='ocrx_word' id='word_1_328' title='bbox 2216 1915 2320 1953; x_wconf 84' lang='lat' dir='ltr'><strong>non</strong></span> <span class='ocrx_word' id='word_1_329' title='bbox 2356 1897 2589 1964; x_wconf 82' lang='lat' dir='ltr'><strong>poteris,</strong></span> <span class='ocrx_word' id='word_1_330' title='bbox 2633 1891 2752 1961; x_wconf 86' lang='lat' dir='ltr'><strong>quia</strong></span> <span class='ocrx_word' id='word_1_331' title='bbox 2793 1889 3046 1944; x_wconf 72' lang='lat' dir='ltr'><strong>Dominus</strong></span> <span class='ocrx_word' id='word_1_332' title='bbox 3074 1890 3229 1946; x_wconf 72' lang='lat' dir='ltr'><strong>Iesus</strong></span> <span class='ocrx_word' id='word_1_333' title='bbox 3256 1889 3500 1943; x_wconf 79' lang='lat' dir='ltr'><strong>Christus</strong></span> <span class='ocrx_word' id='word_1_334' title='bbox 3531 1889 3585 1939; x_wconf 91' lang='lat' dir='ltr'><strong>in</strong></span> <span class='ocrx_word' id='word_1_335' title='bbox 3619 1886 3781 1956; x_wconf 79' lang='lat' dir='ltr'><strong>gloria</strong></span> 
     </span>
    </p>
   </div>
   <div class='ocr_carea' id='block_1_39' title="bbox 2217 1977 3779 2055">
    <p class='ocr_par' dir='ltr' id='par_1_39' title="bbox 2217 1977 3779 2055">
     <span class='ocr_line' id='line_1_39' title="bbox 2217 1977 3779 2055; baseline -0.008 -14"><span class='ocrx_word' id='word_1_336' title='bbox 2217 2000 2297 2042; x_wconf 89' lang='lat' dir='ltr'><strong>est</strong></span> <span class='ocrx_word' id='word_1_337' title='bbox 2329 1988 2420 2041; x_wconf 89' lang='lat' dir='ltr'><strong>Dei</strong></span> <span class='ocrx_word' id='word_1_338' title='bbox 2454 1985 2642 2038; x_wconf 85' lang='lat' dir='ltr'><strong>Patris.</strong></span> <span class='ocrx_word' id='word_1_339' title='bbox 2676 1983 2801 2055; x_wconf 71' lang='lat' dir='ltr'><strong>llaec</strong></span> <span class='ocrx_word' id='word_1_340' title='bbox 2829 1983 2967 2034; x_wconf 89' lang='lat' dir='ltr'><strong>enim</strong></span> <span class='ocrx_word' id='word_1_341' title='bbox 3003 1983 3249 2047; x_wconf 62' lang='lat' dir='ltr'><strong>perfectae</strong></span> <span class='ocrx_word' id='word_1_342' title='bbox 3275 1977 3638 2034; x_wconf 84' lang='lat' dir='ltr'><strong>coolessionis</strong></span> <span class='ocrx_word' id='word_1_343' title='bbox 3671 1992 3779 2046; x_wconf 84' lang='lat' dir='ltr'><strong>per-</strong></span> 
     </span>
    </p>
   </div>
   <div class='ocr_carea' id='block_1_40' title="bbox 2218 2061 3783 2138">
    <p class='ocr_par' dir='ltr' id='par_1_40' title="bbox 2218 2061 3783 2138">
     <span class='ocr_line' id='line_1_40' title="bbox 2218 2061 3783 2138; baseline -0.008 -5"><span class='ocrx_word' id='word_1_344' title='bbox 2218 2079 2353 2133; x_wconf 85' lang='lat' dir='ltr'><strong>lecta</strong></span> <span class='ocrx_word' id='word_1_345' title='bbox 2384 2061 2552 2130; x_wconf 72' lang='lat' dir='ltr'><strong>virtus</strong></span> <span class='ocrx_word' id='word_1_346' title='bbox 2584 2084 2685 2138; x_wconf 83' lang='lat' dir='ltr'><strong>est,</strong></span> <span class='ocrx_word' id='word_1_347' title='bbox 2713 2072 2876 2127; x_wconf 90' lang='lat' dir='ltr'><strong>Deum</strong></span> <span class='ocrx_word' id='word_1_348' title='bbox 2906 2086 2966 2124; x_wconf 86' lang='lat' dir='ltr'><strong>ac</strong></span> <span class='ocrx_word' id='word_1_349' title='bbox 3003 2072 3278 2124; x_wconf 88' lang='lat' dir='ltr'><strong>Dominum</strong></span> <span class='ocrx_word' id='word_1_350' title='bbox 3296 2064 3481 2124; x_wconf 57' lang='lat' dir='ltr'><strong>desum</strong></span> <span class='ocrx_word' id='word_1_351' title='bbox 3513 2069 3783 2123; x_wconf 84' lang='lat' dir='ltr'><strong>Christum</strong></span> 
     </span>
    </p>
   </div>
   <div class='ocr_carea' id='block_1_41' title="bbox 567 2161 3569 2248">
    <p class='ocr_par' dir='ltr' id='par_1_41' title="bbox 567 2161 3569 2248">
     <span class='ocr_line' id='line_1_41' title="bbox 567 2161 3569 2248; baseline -0.006 -15"><span class='ocrx_word' id='word_1_352' title='bbox 567 2179 818 2234; x_wconf 84' lang='lat' dir='ltr'><strong>divinitas</strong></span> <span class='ocrx_word' id='word_1_353' title='bbox 843 2188 1190 2248; x_wconf 86' lang='lat' dir='ltr'><strong>protestatur,</strong></span> <span class='ocrx_word' id='word_1_354' title='bbox 1219 2189 1276 2234; x_wconf 91' lang='lat' dir='ltr'><strong>ut</strong></span> <span class='ocrx_word' id='word_1_355' title='bbox 1303 2177 1546 2233; x_wconf 74' lang='lat' dir='ltr'><strong>Christus</strong></span> <span class='ocrx_word' id='word_1_356' title='bbox 1577 2178 1801 2246; x_wconf 85' lang='lat' dir='ltr'><strong>denique</strong></span> <span class='ocrx_word' id='word_1_357' title='bbox 1831 2178 1943 2245; x_wconf 84' lang='lat' dir='ltr'><strong>ipse</strong></span> <span class='ocrx_word' id='word_1_358' title='bbox 1985 2191 2119 2244; x_wconf 67' lang='lat' dir='ltr'><strong>prze-</strong></span> <span class='ocrx_word' id='word_1_359' title='bbox 2219 2185 2430 2238; x_wconf 89' lang='lat' dir='ltr'><strong>semper</strong></span> <span class='ocrx_word' id='word_1_360' title='bbox 2460 2167 2512 2221; x_wconf 92' lang='lat' dir='ltr'><strong>io</strong></span> <span class='ocrx_word' id='word_1_361' title='bbox 2546 2165 2639 2220; x_wconf 90' lang='lat' dir='ltr'><strong>Dei</strong></span> <span class='ocrx_word' id='word_1_362' title='bbox 2671 2165 2841 2218; x_wconf 74' lang='lat' dir='ltr'><strong>Patris</strong></span> <span class='ocrx_word' id='word_1_363' title='bbox 2868 2163 3035 2233; x_wconf 87' lang='lat' dir='ltr'><strong>gloria</strong></span> <span class='ocrx_word' id='word_1_364' title='bbox 3069 2161 3334 2216; x_wconf 82' lang='lat' dir='ltr'><strong>conﬁteri.</strong></span> <span class='ocrx_word' id='word_1_365' title='bbox 3369 2165 3569 2214; x_wconf 79' lang='lat' dir='ltr'><strong>Amen.</strong></span> 
     </span>
    </p>
   </div>
   <div class='ocr_carea' id='block_1_42' title="bbox 1617 2277 2721 2368">
    <p class='ocr_par' dir='ltr' id='par_1_42' title="bbox 1617 2277 2721 2368">
     <span class='ocr_line' id='line_1_42' title="bbox 1617 2277 2721 2368; baseline -0.01 -1"><span class='ocrx_word' id='word_1_366' title='bbox 1617 2277 1864 2368; x_wconf 70' lang='lat' dir='ltr'><strong>ltLARDI</strong></span> <span class='ocrx_word' id='word_1_367' title='bbox 1905 2311 2132 2367; x_wconf 78' lang='lat' dir='ltr'><strong>CAZ/El</strong></span> <span class='ocrx_word' id='word_1_368' title='bbox 2167 2303 2721 2364; x_wconf 71' lang='lat' dir='ltr'><strong>COMMENTARIUS.</strong></span> 
     </span>
    </p>
   </div>
   <div class='ocr_carea' id='block_1_43' title="bbox 567 2426 2114 2490">
    <p class='ocr_par' dir='ltr' id='par_1_43' title="bbox 567 2426 2114 2490">
     <span class='ocr_line' id='line_1_43' title="bbox 567 2426 2114 2490; baseline -0.006 0"><span class='ocrx_word' id='word_1_369' title='bbox 567 2434 780 2490; x_wconf 82' lang='lat' dir='ltr'><strong>Utrovis</strong></span> <span class='ocrx_word' id='word_1_370' title='bbox 811 2447 979 2486; x_wconf 79' lang='lat' dir='ltr'><strong>tamen</strong></span> <span class='ocrx_word' id='word_1_371' title='bbox 1015 2432 1168 2484; x_wconf 87' lang='lat' dir='ltr'><strong>modo</strong></span> <span class='ocrx_word' id='word_1_372' title='bbox 1219 2433 1363 2484; x_wconf 77' lang='lat' dir='ltr'><strong>locus</strong></span> <span class='ocrx_word' id='word_1_373' title='bbox 1407 2441 1483 2484; x_wconf 88' lang='lat' dir='ltr'><strong>est</strong></span> <span class='ocrx_word' id='word_1_374' title='bbox 1518 2429 1824 2482; x_wconf 67' lang='lat' dir='ltr'><strong>manifestus</strong></span> <span class='ocrx_word' id='word_1_375' title='bbox 1852 2435 1902 2481; x_wconf 91' lang='lat' dir='ltr'><strong>et</strong></span> <span class='ocrx_word' id='word_1_376' title='bbox 1926 2426 2114 2486; x_wconf 77' lang='lat' dir='ltr'><strong>efﬁcax</strong></span> 
     </span>
    </p>
   </div>
   <div class='ocr_carea' id='block_1_44' title="bbox 566 2497 2114 2566">
    <p class='ocr_par' dir='ltr' id='par_1_44' title="bbox 566 2497 2114 2566">
     <span class='ocr_line' id='line_1_44' title="bbox 566 2497 2114 2566; baseline -0.005 -10"><span class='ocrx_word' id='word_1_377' title='bbox 566 2505 630 2556; x_wconf 83' lang='lat' dir='ltr'><strong>ad</strong></span> <span class='ocrx_word' id='word_1_378' title='bbox 663 2509 984 2566; x_wconf 75' lang='lat' dir='ltr'><strong>probandam</strong></span> <span class='ocrx_word' id='word_1_379' title='bbox 1017 2501 1212 2555; x_wconf 72' lang='lat' dir='ltr'><strong>Christi</strong></span> <span class='ocrx_word' id='word_1_380' title='bbox 1246 2503 1492 2553; x_wconf 77' lang='lat' dir='ltr'><strong>deitatem</strong></span> <span class='ocrx_word' id='word_1_381' title='bbox 1521 2518 1533 2551; x_wconf 86' lang='lat'><strong>:</strong></span> <span class='ocrx_word' id='word_1_382' title='bbox 1561 2502 1652 2552; x_wconf 87' lang='lat' dir='ltr'><strong>sed</strong></span> <span class='ocrx_word' id='word_1_383' title='bbox 1682 2499 1947 2553; x_wconf 83' lang='lat' dir='ltr'><strong>ellicacior</strong></span> <span class='ocrx_word' id='word_1_384' title='bbox 1970 2497 2114 2548; x_wconf 85' lang='lat' dir='ltr'><strong>vide-</strong></span> 
     </span>
    </p>
   </div>
   <div class='ocr_carea' id='block_1_45' title="bbox 568 2568 2118 2640">
    <p class='ocr_par' dir='ltr' id='par_1_45' title="bbox 568 2568 2118 2640">
     <span class='ocr_line' id='line_1_45' title="bbox 568 2568 2118 2640; baseline -0.004 -16"><span class='ocrx_word' id='word_1_385' title='bbox 568 2582 655 2624; x_wconf 90' lang='lat' dir='ltr'><strong>tur</strong></span> <span class='ocrx_word' id='word_1_386' title='bbox 684 2573 736 2626; x_wconf 92' lang='lat' dir='ltr'><strong>in</strong></span> <span class='ocrx_word' id='word_1_387' title='bbox 770 2577 968 2632; x_wconf 61' lang='lat' dir='ltr'><strong>tuluata</strong></span> <span class='ocrx_word' id='word_1_388' title='bbox 1001 2573 1254 2637; x_wconf 87' lang='lat' dir='ltr'><strong>editione,</strong></span> <span class='ocrx_word' id='word_1_389' title='bbox 1305 2587 1458 2639; x_wconf 85' lang='lat' dir='ltr'><strong>quant</strong></span> <span class='ocrx_word' id='word_1_390' title='bbox 1503 2582 1715 2622; x_wconf 85' lang='lat' dir='ltr'><strong>secutus</strong></span> <span class='ocrx_word' id='word_1_391' title='bbox 1767 2571 1826 2618; x_wconf 81' lang='grc' dir='ltr'><strong>ι).</strong></span> <span class='ocrx_word' id='word_1_392' title='bbox 1859 2568 2118 2640; x_wconf 57' lang='lat' dir='ltr'><strong>Hierony-</strong></span> 
     </span>
    </p>
   </div>
   <div class='ocr_carea' id='block_1_46' title="bbox 565 2643 1995 2696">
    <p class='ocr_par' dir='ltr' id='par_1_46' title="bbox 565 2643 1995 2696">
     <span class='ocr_line' id='line_1_46' title="bbox 565 2643 1995 2696; baseline -0.007 0"><span class='ocrx_word' id='word_1_393' title='bbox 565 2657 681 2696; x_wconf 81' lang='lat' dir='ltr'><strong>tuus</strong></span> <span class='ocrx_word' id='word_1_394' title='bbox 708 2653 760 2695; x_wconf 89' lang='lat' dir='ltr'><strong>et</strong></span> <span class='ocrx_word' id='word_1_395' title='bbox 789 2643 878 2693; x_wconf 84' lang='lat' dir='ltr'><strong>alii</strong></span> <span class='ocrx_word' id='word_1_396' title='bbox 913 2644 1113 2693; x_wconf 81' lang='lat' dir='ltr'><strong>Patres.</strong></span> <span class='ocrx_word' id='word_1_397' title='bbox 1992 2646 1995 2648; x_wconf 83' lang='lat'>&#39;</span> 
     </span>
    </p>
   </div>
   <div class='ocr_carea' id='block_1_47' title="bbox 638 2705 2116 2763">
    <p class='ocr_par' dir='ltr' id='par_1_47' title="bbox 638 2705 2116 2763">
     <span class='ocr_line' id='line_1_47' title="bbox 638 2705 2116 2763; baseline -0.006 1"><span class='ocrx_word' id='word_1_398' title='bbox 638 2719 662 2745; x_wconf 77' lang='lat'>&quot;</span> <span class='ocrx_word' id='word_1_399' title='bbox 697 2712 767 2763; x_wconf 90' lang='lat' dir='ltr'><strong>lta</strong></span> <span class='ocrx_word' id='word_1_400' title='bbox 789 2712 1126 2762; x_wconf 80' lang='lat' dir='ltr'><strong>emendatum</strong></span> <span class='ocrx_word' id='word_1_401' title='bbox 1151 2724 1213 2760; x_wconf 79' lang='lat' dir='ltr'><strong>ex</strong></span> <span class='ocrx_word' id='word_1_402' title='bbox 1238 2707 1472 2760; x_wconf 89' lang='lat' dir='ltr'><strong>editione</strong></span> <span class='ocrx_word' id='word_1_403' title='bbox 1496 2706 1779 2760; x_wconf 78' lang='lat' dir='ltr'><strong>Basileensi</strong></span> <span class='ocrx_word' id='word_1_404' title='bbox 1799 2723 1810 2758; x_wconf 86' lang='lat'><strong>:</strong></span> <span class='ocrx_word' id='word_1_405' title='bbox 1829 2705 1916 2758; x_wconf 88' lang='lat' dir='ltr'><strong>ubi</strong></span> <span class='ocrx_word' id='word_1_406' title='bbox 1942 2715 2116 2757; x_wconf 84' lang='lat' dir='ltr'><strong>tamen</strong></span> 
     </span>
    </p>
   </div>
   <div class='ocr_carea' id='block_1_48' title="bbox 565 2776 2118 2844">
    <p class='ocr_par' dir='ltr' id='par_1_48' title="bbox 565 2776 2118 2844">
     <span class='ocr_line' id='line_1_48' title="bbox 565 2776 2118 2844; baseline -0.005 -13"><span class='ocrx_word' id='word_1_407' title='bbox 565 2780 898 2833; x_wconf 70' lang='lat' dir='ltr'><strong>desideratur</strong></span> <span class='ocrx_word' id='word_1_408' title='bbox 915 2777 1293 2844; x_wconf 80' lang='lat' dir='ltr'><strong>eottjunctiosi,</strong></span> <span class='ocrx_word' id='word_1_409' title='bbox 1311 2779 1525 2830; x_wconf 90' lang='lat' dir='ltr'><strong>omnino</strong></span> <span class='ocrx_word' id='word_1_410' title='bbox 1548 2777 1866 2828; x_wconf 67' lang='lat' dir='ltr'><strong>ttttt&#39;cseria.</strong></span> <span class='ocrx_word' id='word_1_411' title='bbox 1887 2776 2118 2838; x_wconf 58' lang='lat' dir='ltr'><strong>llespicit</strong></span> 
     </span>
    </p>
   </div>
   <div class='ocr_carea' id='block_1_49' title="bbox 568 2846 2118 2914">
    <p class='ocr_par' dir='ltr' id='par_1_49' title="bbox 568 2846 2118 2914">
     <span class='ocr_line' id='line_1_49' title="bbox 568 2846 2118 2914; baseline -0.005 -12"><span class='ocrx_word' id='word_1_412' title='bbox 568 2851 708 2902; x_wconf 85' lang='lat' dir='ltr'><strong>enim</strong></span> <span class='ocrx_word' id='word_1_413' title='bbox 736 2848 1082 2913; x_wconf 71' lang='lat' dir='ltr'><strong>przccedentia</strong></span> <span class='ocrx_word' id='word_1_414' title='bbox 1111 2849 1265 2903; x_wconf 81' lang='lat' dir='ltr'><strong>verba</strong></span> <span class='ocrx_word' id='word_1_415' title='bbox 1292 2891 1305 2911; x_wconf 93' lang='lat'><strong>,</strong></span> <span class='ocrx_word' id='word_1_416' title='bbox 1341 2863 1549 2914; x_wconf 82' lang='lat' dir='ltr'><strong>nempe,</strong></span> <span class='ocrx_word' id='word_1_417' title='bbox 1578 2846 1731 2899; x_wconf 87' lang='lat' dir='ltr'><strong>Unita</strong></span> <span class='ocrx_word' id='word_1_418' title='bbox 1757 2856 1802 2896; x_wconf 86' lang='lat' dir='ltr'><strong>et</strong></span> <span class='ocrx_word' id='word_1_419' title='bbox 1825 2849 2118 2914; x_wconf 83' lang='lat' dir='ltr'><strong>conjuncta,</strong></span> 
     </span>
    </p>
   </div>
   <div class='ocr_carea' id='block_1_50' title="bbox 517 2914 2116 2984">
    <p class='ocr_par' dir='ltr' id='par_1_50' title="bbox 517 2914 2116 2984">
     <span class='ocr_line' id='line_1_50' title="bbox 517 2914 2116 2984; baseline -0.003 -13"><span class='ocrx_word' id='word_1_420' title='bbox 517 2928 524 2932; x_wconf 73' lang='grc'>⁷</span> <span class='ocrx_word' id='word_1_421' title='bbox 569 2931 689 2984; x_wconf 90' lang='lat' dir='ltr'><strong>puta</strong></span> <span class='ocrx_word' id='word_1_422' title='bbox 721 2919 882 2970; x_wconf 71' lang='lat' dir='ltr'><strong>“eum</strong></span> <span class='ocrx_word' id='word_1_423' title='bbox 906 2927 958 2970; x_wconf 87' lang='lat' dir='ltr'><strong>et</strong></span> <span class='ocrx_word' id='word_1_424' title='bbox 987 2918 1247 2967; x_wconf 82' lang='lat' dir='ltr'><strong>hominem</strong></span> <span class='ocrx_word' id='word_1_425' title='bbox 1280 2918 1328 2967; x_wconf 89' lang='lat' dir='ltr'><strong>itt</strong></span> <span class='ocrx_word' id='word_1_426' title='bbox 1353 2918 1583 2981; x_wconf 75' lang='lat' dir='ltr'><strong>Clitis‘ltt,</strong></span> <span class='ocrx_word' id='word_1_427' title='bbox 1612 2931 1726 2982; x_wconf 62' lang='lat' dir='ltr'><strong>qua:</strong></span> <span class='ocrx_word' id='word_1_428' title='bbox 1759 2926 1932 2966; x_wconf 81' lang='lat' dir='ltr'><strong>lattlctt</strong></span> <span class='ocrx_word' id='word_1_429' title='bbox 1979 2914 2116 2966; x_wconf 86' lang='lat' dir='ltr'><strong>divi-</strong></span> 
     </span>
    </p>
   </div>
   <div class='ocr_carea' id='block_1_51' title="bbox 566 2985 1424 3041">
    <p class='ocr_par' dir='ltr' id='par_1_51' title="bbox 566 2985 1424 3041">
     <span class='ocr_line' id='line_1_51' title="bbox 566 2985 1424 3041; baseline -0.002 -1"><span class='ocrx_word' id='word_1_430' title='bbox 566 2989 725 3040; x_wconf 83' lang='lat' dir='ltr'><strong>debat</strong></span> <span class='ocrx_word' id='word_1_431' title='bbox 750 2999 803 3041; x_wconf 90' lang='lat' dir='ltr'><strong>et</strong></span> <span class='ocrx_word' id='word_1_432' title='bbox 823 2989 1102 3039; x_wconf 74' lang='lat' dir='ltr'><strong>dirimebat</strong></span> <span class='ocrx_word' id='word_1_433' title='bbox 1130 2985 1424 3037; x_wconf 73' lang='lat' dir='ltr'><strong>Neslm‘itts.</strong></span> 
     </span>
    </p>
   </div>
   <div class='ocr_carea' id='block_1_52' title="bbox 638 3052 2120 3122">
    <p class='ocr_par' dir='ltr' id='par_1_52' title="bbox 638 3052 2120 3122">
     <span class='ocr_line' id='line_1_52' title="bbox 638 3052 2120 3122; baseline -0.003 -14"><span class='ocrx_word' id='word_1_434' title='bbox 638 3054 664 3093; x_wconf 69' lang='grc' dir='ltr'>δ</span> <span class='ocrx_word' id='word_1_435' title='bbox 701 3057 752 3109; x_wconf 91' lang='lat' dir='ltr'><strong>In</strong></span> <span class='ocrx_word' id='word_1_436' title='bbox 806 3058 1006 3121; x_wconf 80' lang='lat' dir='ltr'><strong>judicio</strong></span> <span class='ocrx_word' id='word_1_437' title='bbox 1049 3057 1256 3107; x_wconf 70' lang='lat' dir='ltr'><strong>scilcet</strong></span> <span class='ocrx_word' id='word_1_438' title='bbox 1309 3055 1628 3116; x_wconf 78' lang='lat' dir='ltr'><strong>universali,</strong></span> <span class='ocrx_word' id='word_1_439' title='bbox 1684 3052 1893 3113; x_wconf 78' lang='lat' dir='ltr'><strong>quando</strong></span> <span class='ocrx_word' id='word_1_440' title='bbox 1947 3067 2120 3122; x_wconf 73' lang='lat' dir='ltr'><strong>omnes</strong></span> 
     </span>
    </p>
   </div>
   <div class='ocr_carea' id='block_1_53' title="bbox 569 3122 2146 3188">
    <p class='ocr_par' dir='ltr' id='par_1_53' title="bbox 569 3122 2146 3188">
     <span class='ocr_line' id='line_1_53' title="bbox 569 3122 2146 3188; baseline 0 -11"><span class='ocrx_word' id='word_1_441' title='bbox 569 3125 841 3177; x_wconf 81' lang='lat' dir='ltr'><strong>astabimus</strong></span> <span class='ocrx_word' id='word_1_442' title='bbox 863 3136 978 3176; x_wconf 84' lang='lat' dir='ltr'><strong>ante</strong></span> <span class='ocrx_word' id='word_1_443' title='bbox 1003 3125 1224 3175; x_wconf 85' lang='lat' dir='ltr'><strong>tribunal</strong></span> <span class='ocrx_word' id='word_1_444' title='bbox 1250 3122 1454 3186; x_wconf 82' lang='lat' dir='ltr'><strong>Christi,</strong></span> <span class='ocrx_word' id='word_1_445' title='bbox 1478 3134 1529 3176; x_wconf 83' lang='lat' dir='ltr'><strong>ut</strong></span> <span class='ocrx_word' id='word_1_446' title='bbox 1553 3126 1759 3188; x_wconf 71' lang='lat' dir='ltr'><strong>recipiat</strong></span> <span class='ocrx_word' id='word_1_447' title='bbox 1783 3127 2146 3187; x_wconf 74' lang='lat' dir='ltr'><strong>unusquisque.</strong></span> 
     </span>
    </p>
   </div>
   <div class='ocr_carea' id='block_1_54' title="bbox 567 3191 2119 3265">
    <p class='ocr_par' dir='ltr' id='par_1_54' title="bbox 567 3191 2119 3265">
     <span class='ocr_line' id='line_1_54' title="bbox 567 3191 2119 3265; baseline -0.002 -22"><span class='ocrx_word' id='word_1_448' title='bbox 567 3206 716 3265; x_wconf 78' lang='lat' dir='ltr'><strong>prout</strong></span> <span class='ocrx_word' id='word_1_449' title='bbox 746 3195 916 3265; x_wconf 71' lang='lat' dir='ltr'><strong>gessit,</strong></span> <span class='ocrx_word' id='word_1_450' title='bbox 945 3194 1044 3246; x_wconf 84' lang='lat' dir='ltr'><strong>sive</strong></span> <span class='ocrx_word' id='word_1_451' title='bbox 1071 3193 1271 3265; x_wconf 83' lang='lat' dir='ltr'><strong>bonum,</strong></span> <span class='ocrx_word' id='word_1_452' title='bbox 1291 3196 1405 3247; x_wconf 58' lang='lat' dir='ltr'><strong>sive</strong></span> <span class='ocrx_word' id='word_1_453' title='bbox 1435 3199 1621 3246; x_wconf 89' lang='lat' dir='ltr'><strong>malum</strong></span> <span class='ocrx_word' id='word_1_454' title='bbox 1649 3194 1722 3264; x_wconf 87' lang='lat' dir='ltr'><strong>(ll</strong></span> <span class='ocrx_word' id='word_1_455' title='bbox 1752 3191 1867 3265; x_wconf 78' lang='lat' dir='ltr'><strong>Cor.</strong></span> <span class='ocrx_word' id='word_1_456' title='bbox 1901 3191 1975 3260; x_wconf 89' lang='lat' dir='ltr'><strong>v).</strong></span> <span class='ocrx_word' id='word_1_457' title='bbox 2013 3191 2119 3244; x_wconf 85' lang='lat' dir='ltr'><strong>Illis</strong></span> 
     </span>
    </p>
   </div>
   <div class='ocr_carea' id='block_1_55' title="bbox 2220 2411 3784 2488">
    <p class='ocr_par' dir='ltr' id='par_1_55' title="bbox 2220 2411 3784 2488">
     <span class='ocr_line' id='line_1_55' title="bbox 2220 2411 3784 2488; baseline -0.008 -11"><span class='ocrx_word' id='word_1_458' title='bbox 2220 2422 2439 2482; x_wconf 74' lang='lat' dir='ltr'><strong>Christi,</strong></span> <span class='ocrx_word' id='word_1_459' title='bbox 2487 2433 2604 2488; x_wconf 72' lang='lat' dir='ltr'><strong>qure</strong></span> <span class='ocrx_word' id='word_1_460' title='bbox 2652 2425 2775 2488; x_wconf 86' lang='lat' dir='ltr'><strong>tunc</strong></span> <span class='ocrx_word' id='word_1_461' title='bbox 2824 2413 3164 2488; x_wconf 84' lang='lat' dir='ltr'><strong>potissimum</strong></span> <span class='ocrx_word' id='word_1_462' title='bbox 3215 2422 3268 2464; x_wconf 90' lang='lat' dir='ltr'><strong>et</strong></span> <span class='ocrx_word' id='word_1_463' title='bbox 3317 2411 3489 2479; x_wconf 86' lang='lat' dir='ltr'><strong>palam</strong></span> <span class='ocrx_word' id='word_1_464' title='bbox 3533 2411 3784 2464; x_wconf 77' lang='lat' dir='ltr'><strong>omnibus</strong></span> 
     </span>
    </p>
   </div>
   <div class='ocr_carea' id='block_1_56' title="bbox 2223 2483 3784 2554">
    <p class='ocr_par' dir='ltr' id='par_1_56' title="bbox 2223 2483 3784 2554">
     <span class='ocr_line' id='line_1_56' title="bbox 2223 2483 3784 2554; baseline -0.009 -8"><span class='ocrx_word' id='word_1_465' title='bbox 2223 2483 2539 2551; x_wconf 77' lang='lat' dir='ltr'><strong>innotescei,</strong></span> <span class='ocrx_word' id='word_1_466' title='bbox 2571 2487 2780 2554; x_wconf 87' lang='lat' dir='ltr'><strong>quando</strong></span> <span class='ocrx_word' id='word_1_467' title='bbox 2808 2487 2852 2536; x_wconf 82' lang='lat' dir='ltr'><strong>ei</strong></span> <span class='ocrx_word' id='word_1_468' title='bbox 2887 2483 3376 2554; x_wconf 70' lang='lat' dir='ltr'><strong>curvabituromne</strong></span> <span class='ocrx_word' id='word_1_469' title='bbox 3407 2496 3572 2554; x_wconf 79' lang='lat' dir='ltr'><strong>genu,</strong></span> <span class='ocrx_word' id='word_1_470' title='bbox 3625 2491 3686 2554; x_wconf 83' lang='lat' dir='ltr'><strong>ut</strong></span> <span class='ocrx_word' id='word_1_471' title='bbox 3713 2491 3784 2535; x_wconf 80' lang='lat' dir='ltr'><strong>est</strong></span> 
     </span>
    </p>
   </div>
   <div class='ocr_carea' id='block_1_57' title="bbox 2222 2551 3783 2622">
    <p class='ocr_par' dir='ltr' id='par_1_57' title="bbox 2222 2551 3783 2622">
     <span class='ocr_line' id='line_1_57' title="bbox 2222 2551 3783 2622; baseline -0.01 -7"><span class='ocrx_word' id='word_1_472' title='bbox 2222 2563 2358 2622; x_wconf 82' lang='lat' dir='ltr'><strong>apud</strong></span> <span class='ocrx_word' id='word_1_473' title='bbox 2390 2551 2719 2622; x_wconf 50' lang='lat' dir='ltr'><strong>Isaiam&#39;cap.</strong></span> <span class='ocrx_word' id='word_1_474' title='bbox 2759 2569 2884 2618; x_wconf 68' lang='lat' dir='ltr'><strong>xcv,</strong></span> <span class='ocrx_word' id='word_1_475' title='bbox 2929 2554 2992 2604; x_wconf 90' lang='lat' dir='ltr'><strong>ad</strong></span> <span class='ocrx_word' id='word_1_476' title='bbox 3025 2567 3179 2618; x_wconf 78' lang='lat' dir='ltr'><strong>quem</strong></span> <span class='ocrx_word' id='word_1_477' title='bbox 3210 2552 3385 2622; x_wconf 83' lang='lat' dir='ltr'><strong>locum</strong></span> <span class='ocrx_word' id='word_1_478' title='bbox 3415 2551 3783 2622; x_wconf 52' lang='lat' dir='ltr'><strong>allusiLApo.</strong></span> 
     </span>
    </p>
   </div>
   <div class='ocr_carea' id='block_1_58' title="bbox 2221 2617 3783 2688">
    <p class='ocr_par' dir='ltr' id='par_1_58' title="bbox 2221 2617 3783 2688">
     <span class='ocr_line' id='line_1_58' title="bbox 2221 2617 3783 2688; baseline -0.008 -4"><span class='ocrx_word' id='word_1_479' title='bbox 2221 2617 2390 2684; x_wconf 80' lang='lat' dir='ltr'><strong>siolus</strong></span> <span class='ocrx_word' id='word_1_480' title='bbox 2419 2630 2481 2679; x_wconf 86' lang='lat' dir='ltr'><strong>ad</strong></span> <span class='ocrx_word' id='word_1_481' title='bbox 2511 2617 2816 2686; x_wconf 45' lang='lat' dir='ltr'><strong>Romfxtv;</strong></span> <span class='ocrx_word' id='word_1_482' title='bbox 2845 2617 2953 2676; x_wconf 88' lang='lat' dir='ltr'><strong>tum</strong></span> <span class='ocrx_word' id='word_1_483' title='bbox 2993 2617 3274 2688; x_wconf 82' lang='lat' dir='ltr'><strong>jttdiciaiia</strong></span> <span class='ocrx_word' id='word_1_484' title='bbox 3305 2629 3547 2686; x_wconf 76' lang='lat' dir='ltr'><strong>potestas</strong></span> <span class='ocrx_word' id='word_1_485' title='bbox 3577 2617 3783 2681; x_wconf 72' lang='lat' dir='ltr'><strong>Christo</strong></span> 
     </span>
    </p>
   </div>
   <div class='ocr_carea' id='block_1_59' title="bbox 2222 2690 3786 2760">
    <p class='ocr_par' dir='ltr' id='par_1_59' title="bbox 2222 2690 3786 2760">
     <span class='ocr_line' id='line_1_59' title="bbox 2222 2690 3786 2760; baseline -0.008 -9"><span class='ocrx_word' id='word_1_486' title='bbox 2222 2711 2277 2751; x_wconf 88' lang='lat' dir='ltr'><strong>ut</strong></span> <span class='ocrx_word' id='word_1_487' title='bbox 2308 2699 2507 2751; x_wconf 85' lang='lat' dir='ltr'><strong>homini</strong></span> <span class='ocrx_word' id='word_1_488' title='bbox 2537 2713 2562 2750; x_wconf 88' lang='lat' dir='ltr'><strong>a</strong></span> <span class='ocrx_word' id='word_1_489' title='bbox 2597 2697 2751 2747; x_wconf 80' lang='lat' dir='ltr'><strong>Patre</strong></span> <span class='ocrx_word' id='word_1_490' title='bbox 2780 2695 2990 2755; x_wconf 81' lang='lat' dir='ltr'><strong>tradita,</strong></span> <span class='ocrx_word' id='word_1_491' title='bbox 3021 2707 3053 2742; x_wconf 90' lang='lat' dir='ltr'><strong>a</strong></span> <span class='ocrx_word' id='word_1_492' title='bbox 3081 2707 3180 2756; x_wconf 90' lang='lat' dir='ltr'><strong>quo</strong></span> <span class='ocrx_word' id='word_1_493' title='bbox 3204 2690 3508 2760; x_wconf 74' lang='lat' dir='ltr'><strong>constitutus</strong></span> <span class='ocrx_word' id='word_1_494' title='bbox 3531 2698 3610 2760; x_wconf 83' lang='lat' dir='ltr'><strong>est</strong></span> <span class='ocrx_word' id='word_1_495' title='bbox 3627 2690 3786 2760; x_wconf 69' lang='lat' dir='ltr'><strong>judes</strong></span> 
     </span>
    </p>
   </div>
   <div class='ocr_carea' id='block_1_60' title="bbox 2219 2755 3785 2831">
    <p class='ocr_par' dir='ltr' id='par_1_60' title="bbox 2219 2755 3785 2831">
     <span class='ocr_line' id='line_1_60' title="bbox 2219 2755 3785 2831; baseline -0.008 -9"><span class='ocrx_word' id='word_1_496' title='bbox 2219 2771 2447 2822; x_wconf 75' lang='lat' dir='ltr'><strong>vivorum</strong></span> <span class='ocrx_word' id='word_1_497' title='bbox 2475 2781 2520 2820; x_wconf 87' lang='lat' dir='ltr'><strong>et</strong></span> <span class='ocrx_word' id='word_1_498' title='bbox 2552 2777 2863 2817; x_wconf 80' lang='lat' dir='ltr'><strong>marmorum</strong></span> <span class='ocrx_word' id='word_1_499' title='bbox 2893 2762 3027 2831; x_wconf 73' lang='lat' dir='ltr'><strong>(Act.</strong></span> <span class='ocrx_word' id='word_1_500' title='bbox 3062 2755 3113 2828; x_wconf 77' lang='grc' dir='ltr'>ιι)</span> <span class='ocrx_word' id='word_1_501' title='bbox 3141 2776 3160 2813; x_wconf 83' lang='grc'><em>;</em></span> <span class='ocrx_word' id='word_1_502' title='bbox 3187 2775 3285 2813; x_wconf 82' lang='lat' dir='ltr'><strong>non</strong></span> <span class='ocrx_word' id='word_1_503' title='bbox 3310 2755 3785 2831; x_wconf 62' lang='lat' dir='ltr'><strong>eujml’uter&#39;judi-</strong></span> 
     </span>
    </p>
   </div>
   <div class='ocr_carea' id='block_1_61' title="bbox 2220 2827 3787 2907">
    <p class='ocr_par' dir='ltr' id='par_1_61' title="bbox 2220 2827 3787 2907">
     <span class='ocr_line' id='line_1_61' title="bbox 2220 2827 3787 2907; baseline -0.011 -15"><span class='ocrx_word' id='word_1_504' title='bbox 2220 2851 2300 2892; x_wconf 83' lang='lat' dir='ltr'><strong>cat</strong></span> <span class='ocrx_word' id='word_1_505' title='bbox 2323 2833 2745 2907; x_wconf 74' lang='lat' dir='ltr'><strong>qtientquant,sed</strong></span> <span class='ocrx_word' id='word_1_506' title='bbox 2769 2827 3330 2907; x_wconf 75' lang='lat' dir='ltr'><strong>omnejudiciunt_dedit</strong></span> <span class='ocrx_word' id='word_1_507' title='bbox 3355 2827 3518 2907; x_wconf 59' lang='lat' dir='ltr'><strong>filio,</strong></span> <span class='ocrx_word' id='word_1_508' title='bbox 3542 2838 3602 2881; x_wconf 78' lang='lat' dir='ltr'><strong>ut</strong></span> <span class='ocrx_word' id='word_1_509' title='bbox 3621 2835 3787 2907; x_wconf 61' lang='lat' dir='ltr'><strong>2mm</strong></span> 
     </span>
    </p>
   </div>
   <div class='ocr_carea' id='block_1_62' title="bbox 2239 2893 3784 2974">
    <p class='ocr_par' dir='ltr' id='par_1_62' title="bbox 2239 2893 3784 2974">
     <span class='ocr_line' id='line_1_62' title="bbox 2239 2893 3784 2974; baseline -0.016 -8"><span class='ocrx_word' id='word_1_510' title='bbox 2239 2893 2578 2974; x_wconf 38' lang='lat' dir='ltr'><strong>honori—[idem</strong></span> <span class='ocrx_word' id='word_1_511' title='bbox 2598 2893 2805 2961; x_wconf 82' lang='lat' dir='ltr'><strong>Filium.</strong></span> <span class='ocrx_word' id='word_1_512' title='bbox 2834 2893 2960 2955; x_wconf 71' lang='lat' dir='ltr'><strong>sicut</strong></span> <span class='ocrx_word' id='word_1_513' title='bbox 2979 2899 3580 2974; x_wconf 51' lang='lat' dir='ltr'><strong>honorificamPatrem:</strong></span> <span class='ocrx_word' id='word_1_514' title='bbox 3615 2893 3784 2972; x_wconf 69' lang='lat' dir='ltr'><strong>Elpe-</strong></span> 
     </span>
    </p>
   </div>
   <div class='ocr_carea' id='block_1_63' title="bbox 2243 2962 3781 3039">
    <p class='ocr_par' dir='ltr' id='par_1_63' title="bbox 2243 2962 3781 3039">
     <span class='ocr_line' id='line_1_63' title="bbox 2243 2962 3781 3039; baseline -0.014 -7"><span class='ocrx_word' id='word_1_515' title='bbox 2243 2962 2482 3034; x_wconf 65' lang='lat' dir='ltr'><strong>testqtem</strong></span> <span class='ocrx_word' id='word_1_516' title='bbox 2511 2980 2650 3030; x_wconf 85' lang='lat' dir='ltr'><strong>dedit</strong></span> <span class='ocrx_word' id='word_1_517' title='bbox 2679 2980 2724 3030; x_wconf 88' lang='lat' dir='ltr'><strong>ei</strong></span> <span class='ocrx_word' id='word_1_518' title='bbox 2752 2976 3001 3039; x_wconf 81' lang='lat' dir='ltr'><strong>indicium</strong></span> <span class='ocrx_word' id='word_1_519' title='bbox 3037 2962 3228 3035; x_wconf 69' lang='lat' dir='ltr'><strong>facere,</strong></span> <span class='ocrx_word' id='word_1_520' title='bbox 3252 2969 3374 3034; x_wconf 79' lang='lat' dir='ltr'><strong>quin</strong></span> <span class='ocrx_word' id='word_1_521' title='bbox 3398 2965 3540 3039; x_wconf 54' lang='lat' dir='ltr'><strong>ﬁlius</strong></span> <span class='ocrx_word' id='word_1_522' title='bbox 3558 2962 3781 3039; x_wconf 61' lang='lat' dir='ltr'><strong>imminit</strong></span> 
     </span>
    </p>
   </div>
   <div class='ocr_carea' id='block_1_64' title="bbox 2235 3033 3782 3110">
    <p class='ocr_par' dir='ltr' id='par_1_64' title="bbox 2235 3033 3782 3110">
     <span class='ocr_line' id='line_1_64' title="bbox 2235 3033 3782 3110; baseline -0.012 -8"><span class='ocrx_word' id='word_1_523' title='bbox 2235 3048 2505 3110; x_wconf 72' lang='lat' dir='ltr'><strong>esttloau.</strong></span> <span class='ocrx_word' id='word_1_524' title='bbox 2537 3047 2608 3110; x_wconf 67' lang='lat' dir='ltr'><strong>v).</strong></span> <span class='ocrx_word' id='word_1_525' title='bbox 2634 3046 2682 3096; x_wconf 87' lang='lat' dir='ltr'><strong>id</strong></span> <span class='ocrx_word' id='word_1_526' title='bbox 2700 3033 2781 3096; x_wconf 71' lang='lat' dir='ltr'><strong>est</strong></span> <span class='ocrx_word' id='word_1_527' title='bbox 2801 3033 3363 3110; x_wconf 55' lang='lat' dir='ltr'><strong>quatenntqlioniot§t_._</strong></span> <span class='ocrx_word' id='word_1_528' title='bbox 3385 3047 3443 3086; x_wconf 81' lang='grc' dir='ltr'><strong>ιιι</strong></span> <span class='ocrx_word' id='word_1_529' title='bbox 3466 3034 3528 3087; x_wconf 83' lang='lat' dir='ltr'><strong>D.</strong></span> <span class='ocrx_word' id='word_1_530' title='bbox 3552 3033 3782 3094; x_wconf 73' lang='lat' dir='ltr'><strong>August.</strong></span> 
     </span>
    </p>
   </div>
   <div class='ocr_carea' id='block_1_65' title="bbox 2231 3105 3776 3178">
    <p class='ocr_par' dir='ltr' id='par_1_65' title="bbox 2231 3105 3776 3178">
     <span class='ocr_line' id='line_1_65' title="bbox 2231 3105 3776 3178; baseline -0.01 -11"><span class='ocrx_word' id='word_1_531' title='bbox 2231 3105 2484 3173; x_wconf 73' lang='lat' dir='ltr'><strong>exponit:</strong></span> <span class='ocrx_word' id='word_1_532' title='bbox 2520 3105 2638 3178; x_wconf 66' lang='lat' dir='ltr'><strong>nam</strong></span> <span class='ocrx_word' id='word_1_533' title='bbox 2679 3105 2956 3162; x_wconf 66' lang='lat' dir='ltr'><strong>secundum</strong></span> <span class='ocrx_word' id='word_1_534' title='bbox 2975 3111 3112 3172; x_wconf 73' lang='lat' dir='ltr'><strong>quod</strong></span> <span class='ocrx_word' id='word_1_535' title='bbox 3142 3109 3235 3160; x_wconf 80' lang='lat' dir='ltr'><strong>Dei</strong></span> <span class='ocrx_word' id='word_1_536' title='bbox 3259 3105 3430 3160; x_wconf 77' lang='lat' dir='ltr'><strong>Filius</strong></span> <span class='ocrx_word' id='word_1_537' title='bbox 3450 3111 3776 3178; x_wconf 59' lang='lat' dir='ltr'><strong>est,_sett_lp¢_t</strong></span> 
     </span>
    </p>
   </div>
   <div class='ocr_carea' id='block_1_66' title="bbox 2222 3174 3779 3252">
    <p class='ocr_par' dir='ltr' id='par_1_66' title="bbox 2222 3174 3779 3252">
     <span class='ocr_line' id='line_1_66' title="bbox 2222 3174 3779 3252; baseline -0.01 -14"><span class='ocrx_word' id='word_1_538' title='bbox 2222 3188 2417 3242; x_wconf 81' lang='lat' dir='ltr'><strong>habuit.</strong></span> <span class='ocrx_word' id='word_1_539' title='bbox 2448 3186 2522 3238; x_wconf 88' lang='lat' dir='ltr'><strong>ait</strong></span> <span class='ocrx_word' id='word_1_540' title='bbox 2552 3175 2664 3249; x_wconf 82' lang='lat' dir='ltr'><strong>ipse</strong></span> <span class='ocrx_word' id='word_1_541' title='bbox 2691 3181 2887 3252; x_wconf 67' lang='lat' dir='ltr'><strong>(Tract.</strong></span> <span class='ocrx_word' id='word_1_542' title='bbox 2915 3179 2951 3234; x_wconf 84' lang='lat'><strong>9</strong></span> <span class='ocrx_word' id='word_1_543' title='bbox 2974 3181 3026 3231; x_wconf 85' lang='lat' dir='ltr'><strong>in</strong></span> <span class='ocrx_word' id='word_1_544' title='bbox 3054 3179 3211 3244; x_wconf 71' lang='lat' dir='ltr'><strong>Joitu.</strong></span> <span class='ocrx_word' id='word_1_545' title='bbox 3241 3187 3284 3228; x_wconf 86' lang='lat' dir='ltr'><strong>et</strong></span> <span class='ocrx_word' id='word_1_546' title='bbox 3308 3191 3408 3252; x_wconf 54' lang='lat' dir='ltr'><strong>ser.</strong></span> <span class='ocrx_word' id='word_1_547' title='bbox 3441 3175 3601 3252; x_wconf 46' lang='lat' dir='ltr'><strong>Gildo</strong></span> <span class='ocrx_word' id='word_1_548' title='bbox 3623 3174 3779 3252; x_wconf 44' lang='grc' dir='ltr'><strong>γελιν.</strong></span> 
     </span>
    </p>
   </div>
   <div class='ocr_carea' id='block_1_67' title="bbox 566 3240 3752 3332">
    <p class='ocr_par' dir='ltr' id='par_1_67' title="bbox 566 3240 3752 3332">
     <span class='ocr_line' id='line_1_67' title="bbox 566 3240 3752 3332; baseline -0.008 -13"><span class='ocrx_word' id='word_1_549' title='bbox 566 3240 714 3319; x_wconf 57' lang='lat' dir='ltr'><strong>sua;</strong></span> <span class='ocrx_word' id='word_1_550' title='bbox 741 3240 916 3318; x_wconf 62' lang='lat' dir='ltr'><strong>iiéiiiis&#39;</strong></span> <span class='ocrx_word' id='word_1_551' title='bbox 942 3240 1271 3332; x_wconf 46' lang='lat' dir='ltr'><strong>agnitum:</strong></span> <span class='ocrx_word' id='word_1_552' title='bbox 1290 3240 1399 3316; x_wconf 69' lang='grc' dir='ltr'><strong>ιῖέῖιί</strong></span> <span class='ocrx_word' id='word_1_553' title='bbox 1432 3240 2115 3318; x_wconf 61' lang='grc' dir='ltr'><strong>έὲὶξίἑίιὲεὶξιὶιᾷ’ὲιινιξιιιξιίῖε</strong></span> <span class='ocrx_word' id='word_1_554' title='bbox 2144 3253 2186 3313; x_wconf 95' lang='lat' dir='ltr'><strong>C</strong></span> <span class='ocrx_word' id='word_1_555' title='bbox 2222 3240 2474 3326; x_wconf 73' lang='lat' dir='ltr'><strong>Domini).</strong></span> <span class='ocrx_word' id='word_1_556' title='bbox 2512 3240 2641 3307; x_wconf 70' lang='lat' dir='ltr'><strong>Vtile</strong></span> <span class='ocrx_word' id='word_1_557' title='bbox 2668 3240 2725 3306; x_wconf 89' lang='lat' dir='ltr'><strong>s‘.</strong></span> <span class='ocrx_word' id='word_1_558' title='bbox 2753 3251 3012 3305; x_wconf 83' lang='lat' dir='ltr'><strong>Thomam</strong></span> <span class='ocrx_word' id='word_1_559' title='bbox 3039 3263 3094 3302; x_wconf 76' lang='lat' dir='ltr'><strong>in</strong></span> <span class='ocrx_word' id='word_1_560' title='bbox 3125 3240 3204 3316; x_wconf 75' lang='grc' dir='ltr'><strong>ῥ..</strong></span> <span class='ocrx_word' id='word_1_561' title='bbox 3229 3260 3282 3314; x_wconf 91' lang='lat' dir='ltr'><strong>q.</strong></span> <span class='ocrx_word' id='word_1_562' title='bbox 3316 3243 3383 3315; x_wconf 72' lang='lat' dir='ltr'><strong>5s</strong></span> <span class='ocrx_word' id='word_1_563' title='bbox 3411 3253 3466 3298; x_wconf 89' lang='lat' dir='ltr'><strong>et</strong></span> <span class='ocrx_word' id='word_1_564' title='bbox 3494 3245 3581 3308; x_wconf 68' lang='lat'><strong>59,</strong></span> <span class='ocrx_word' id='word_1_565' title='bbox 3617 3259 3672 3297; x_wconf 70' lang='grc' dir='ltr'>ι.</span> <span class='ocrx_word' id='word_1_566' title='bbox 3701 3240 3752 3294; x_wconf 74' lang='lat' dir='ltr'><strong>s.</strong></span> 
     </span>
    </p>
   </div>
   <div class='ocr_carea' id='block_1_68' title="bbox 1740 3376 3770 3411">
    <p class='ocr_par' dir='ltr' id='par_1_68' title="bbox 1740 3376 3770 3411">
     <span class='ocr_line' id='line_1_68' title="bbox 1740 3376 3770 3411; baseline -0.006 -2"><span class='ocrx_word' id='word_1_567' title='bbox 1740 3376 3770 3411; x_wconf 54' lang='lat' dir='ltr'>MM</span> 
     </span>
    </p>
   </div>
   <div class='ocr_carea' id='block_1_69' title="bbox 1425 3421 2841 3628">
    <p class='ocr_par' dir='ltr' id='par_1_69' title="bbox 1425 3421 2841 3628">
     <span class='ocr_line' id='line_1_69' title="bbox 1425 3421 2841 3628; baseline -0.013 -11"><span class='ocrx_word' id='word_1_568' title='bbox 1425 3517 1430 3521; x_wconf 70' lang='lat'><em>&#39;</em></span> <span class='ocrx_word' id='word_1_569' title='bbox 1532 3507 2002 3616; x_wconf 86' lang='lat' dir='ltr'><strong>LIBER</strong></span> <span class='ocrx_word' id='word_1_570' title='bbox 2091 3493 2837 3628; x_wconf 81' lang='lat' dir='ltr'><strong>QUINTUS.</strong></span> 
     </span>
    </p>
   </div>
   <div class='ocr_carea' id='block_1_70' title="bbox 1063 3804 1611 3876">
    <p class='ocr_par' dir='ltr' id='par_1_70' title="bbox 1063 3804 1611 3876">
     <span class='ocr_line' id='line_1_70' title="bbox 1063 3804 1611 3876; baseline -0.011 -13"><span class='ocrx_word' id='word_1_571' title='bbox 1063 3808 1283 3876; x_wconf 83' lang='lat' dir='ltr'><strong>CAPUT</strong></span> <span class='ocrx_word' id='word_1_572' title='bbox 1332 3804 1611 3861; x_wconf 74' lang='lat' dir='ltr'><strong>Pun-tun.</strong></span> 
     </span>
    </p>
   </div>
   <div class='ocr_carea' id='block_1_71' title="bbox 567 3893 2116 3962">
    <p class='ocr_par' dir='ltr' id='par_1_71' title="bbox 567 3893 2116 3962">
     <span class='ocr_line' id='line_1_71' title="bbox 567 3893 2116 3962; baseline -0.008 -7"><span class='ocrx_word' id='word_1_573' title='bbox 567 3899 820 3959; x_wconf 73' lang='lat' dir='ltr'><strong>Acerrime</strong></span> <span class='ocrx_word' id='word_1_574' title='bbox 862 3899 1115 3953; x_wconf 78' lang='lat' dir='ltr'><strong>inuehitur</strong></span> <span class='ocrx_word' id='word_1_575' title='bbox 1153 3901 1204 3952; x_wconf 86' lang='lat' dir='ltr'><strong>in</strong></span> <span class='ocrx_word' id='word_1_576' title='bbox 1251 3915 1470 3952; x_wconf 84' lang='lat' dir='ltr'><strong>errorem</strong></span> <span class='ocrx_word' id='word_1_577' title='bbox 1517 3894 1988 3961; x_wconf 80' lang='lat' dir='ltr'><strong>Pelaqianistarum</strong></span> <span class='ocrx_word' id='word_1_578' title='bbox 2029 3893 2116 3962; x_wconf 87' lang='lat' dir='ltr'><strong>qui</strong></span> 
     </span>
    </p>
   </div>
   <div class='ocr_carea' id='block_1_72' title="bbox 709 3969 1972 4035">
    <p class='ocr_par' dir='ltr' id='par_1_72' title="bbox 709 3969 1972 4035">
     <span class='ocr_line' id='line_1_72' title="bbox 709 3969 1972 4035; baseline -0.006 -13"><span class='ocrx_word' id='word_1_579' title='bbox 709 3970 967 4023; x_wconf 82' lang='lat' dir='ltr'><strong>Christum</strong></span> <span class='ocrx_word' id='word_1_580' title='bbox 991 3970 1276 4022; x_wconf 81' lang='lat' dir='ltr'><strong>solitarium</strong></span> <span class='ocrx_word' id='word_1_581' title='bbox 1303 3969 1554 4020; x_wconf 75' lang='lat' dir='ltr'><strong>hominem</strong></span> <span class='ocrx_word' id='word_1_582' title='bbox 1581 3969 1972 4035; x_wconf 66' lang='lat' dir='ltr'><strong>affirmaverunt.</strong></span> 
     </span>
    </p>
   </div>
   <div class='ocr_carea' id='block_1_73' title="bbox 637 4073 2117 4148">
    <p class='ocr_par' dir='ltr' id='par_1_73' title="bbox 637 4073 2117 4148">
     <span class='ocr_line' id='line_1_73' title="bbox 637 4073 2117 4148; baseline -0.006 -16"><span class='ocrx_word' id='word_1_583' title='bbox 637 4079 873 4132; x_wconf 68' lang='lat' dir='ltr'><strong>Diximus</strong></span> <span class='ocrx_word' id='word_1_584' title='bbox 905 4080 1037 4132; x_wconf 89' lang='lat' dir='ltr'><strong>libro</strong></span> <span class='ocrx_word' id='word_1_585' title='bbox 1078 4081 1248 4148; x_wconf 90' lang='lat' dir='ltr'><strong>primo</strong></span> <span class='ocrx_word' id='word_1_586' title='bbox 1290 4088 1314 4115; x_wconf 80' lang='grc' dir='ltr'><strong>ι</strong></span> <span class='ocrx_word' id='word_1_587' title='bbox 1348 4077 1589 4130; x_wconf 73' lang='lat' dir='ltr'><strong>ltmresiin</strong></span> <span class='ocrx_word' id='word_1_588' title='bbox 1638 4075 1778 4128; x_wconf 84' lang='lat' dir='ltr'><strong>illam</strong></span> <span class='ocrx_word' id='word_1_589' title='bbox 1820 4073 2117 4140; x_wconf 67' lang='lat' dir='ltr'><strong>Pelagianae</strong></span> 
     </span>
    </p>
   </div>
   <div class='ocr_carea' id='block_1_74' title="bbox 568 4151 2117 4236">
    <p class='ocr_par' dir='ltr' id='par_1_74' title="bbox 568 4151 2117 4236">
     <span class='ocr_line' id='line_1_74' title="bbox 568 4151 2117 4236; baseline -0.004 -15"><span class='ocrx_word' id='word_1_590' title='bbox 568 4168 834 4222; x_wconf 70' lang='lat' dir='ltr'><strong>ltmreseos</strong></span> <span class='ocrx_word' id='word_1_591' title='bbox 862 4169 1172 4236; x_wconf 86' lang='lat' dir='ltr'><strong>discipulam</strong></span> <span class='ocrx_word' id='word_1_592' title='bbox 1197 4178 1354 4236; x_wconf 87' lang='lat' dir='ltr'><strong>atque</strong></span> <span class='ocrx_word' id='word_1_593' title='bbox 1385 4168 1745 4228; x_wconf 85' lang='lat' dir='ltr'><strong>imitatricem,</strong></span> <span class='ocrx_word' id='word_1_594' title='bbox 1783 4163 1834 4216; x_wconf 87' lang='lat' dir='ltr'><strong>id</strong></span> <span class='ocrx_word' id='word_1_595' title='bbox 1863 4151 2117 4216; x_wconf 20' lang='lat' dir='ltr'><strong>“omnibus</strong></span> 
     </span>
    </p>
   </div>
   <div class='ocr_carea' id='block_1_75' title="bbox 569 4253 2119 4327">
    <p class='ocr_par' dir='ltr' id='par_1_75' title="bbox 569 4253 2119 4327">
     <span class='ocr_line' id='line_1_75' title="bbox 569 4253 2119 4327; baseline -0.005 -14"><span class='ocrx_word' id='word_1_596' title='bbox 569 4259 741 4313; x_wconf 87' lang='lat' dir='ltr'><strong>modis</strong></span> <span class='ocrx_word' id='word_1_597' title='bbox 775 4270 1007 4312; x_wconf 84' lang='lat' dir='ltr'><strong>tentasse</strong></span> <span class='ocrx_word' id='word_1_598' title='bbox 1048 4268 1201 4327; x_wconf 86' lang='lat' dir='ltr'><strong>atque</strong></span> <span class='ocrx_word' id='word_1_599' title='bbox 1226 4273 1506 4325; x_wconf 72' lang='lat' dir='ltr'><strong>pugnasse,</strong></span> <span class='ocrx_word' id='word_1_600' title='bbox 1540 4266 1593 4309; x_wconf 90' lang='lat' dir='ltr'><strong>ut</strong></span> <span class='ocrx_word' id='word_1_601' title='bbox 1625 4257 1713 4308; x_wconf 85' lang='lat' dir='ltr'><strong>Dei</strong></span> <span class='ocrx_word' id='word_1_602' title='bbox 1743 4254 1906 4325; x_wconf 70' lang='lat' dir='ltr'><strong>Filios</strong></span> <span class='ocrx_word' id='word_1_603' title='bbox 1939 4253 2119 4306; x_wconf 87' lang='lat' dir='ltr'><strong>Domi-</strong></span> 
     </span>
    </p>
   </div>
   <div class='ocr_carea' id='block_1_76' title="bbox 566 4347 2115 4416">
    <p class='ocr_par' dir='ltr' id='par_1_76' title="bbox 566 4347 2115 4416">
     <span class='ocr_line' id='line_1_76' title="bbox 566 4347 2115 4416; baseline -0.005 -12"><span class='ocrx_word' id='word_1_604' title='bbox 566 4366 667 4405; x_wconf 90' lang='lat' dir='ltr'><strong>nus</strong></span> <span class='ocrx_word' id='word_1_605' title='bbox 696 4351 852 4406; x_wconf 84' lang='lat' dir='ltr'><strong>Jesus</strong></span> <span class='ocrx_word' id='word_1_606' title='bbox 873 4349 1134 4416; x_wconf 87' lang='lat' dir='ltr'><strong>Christus,</strong></span> <span class='ocrx_word' id='word_1_607' title='bbox 1165 4360 1319 4404; x_wconf 86' lang='lat' dir='ltr'><strong>natus</strong></span> <span class='ocrx_word' id='word_1_608' title='bbox 1350 4366 1410 4403; x_wconf 81' lang='lat' dir='ltr'><strong>ex</strong></span> <span class='ocrx_word' id='word_1_609' title='bbox 1437 4350 1659 4416; x_wconf 81' lang='lat' dir='ltr'><strong>virgine,</strong></span> <span class='ocrx_word' id='word_1_610' title='bbox 1693 4347 1852 4399; x_wconf 90' lang='lat' dir='ltr'><strong>homo</strong></span> <span class='ocrx_word' id='word_1_611' title='bbox 1882 4351 2115 4398; x_wconf 88' lang='lat' dir='ltr'><strong>tantum-</strong></span> 
     </span>
    </p>
   </div>
   <div class='ocr_carea' id='block_1_77' title="bbox 2225 3786 3779 3867">
    <p class='ocr_par' dir='ltr' id='par_1_77' title="bbox 2225 3786 3779 3867">
     <span class='ocr_line' id='line_1_77' title="bbox 2225 3786 3779 3867; baseline -0.008 -15"><span class='ocrx_word' id='word_1_612' title='bbox 2225 3799 2382 3867; x_wconf 83' lang='lat' dir='ltr'><strong>modo</strong></span> <span class='ocrx_word' id='word_1_613' title='bbox 2423 3795 2692 3850; x_wconf 86' lang='lat' dir='ltr'><strong>solitarius</strong></span> <span class='ocrx_word' id='word_1_614' title='bbox 2733 3790 3074 3852; x_wconf 85' lang='lat' dir='ltr'><strong>crederetur;</strong></span> <span class='ocrx_word' id='word_1_615' title='bbox 3107 3797 3158 3844; x_wconf 88' lang='lat' dir='ltr'><strong>et</strong></span> <span class='ocrx_word' id='word_1_616' title='bbox 3189 3798 3400 3856; x_wconf 82' lang='lat' dir='ltr'><strong>arrepta</strong></span> <span class='ocrx_word' id='word_1_617' title='bbox 3443 3786 3779 3856; x_wconf 77' lang='lat' dir='ltr'><strong>postmodum</strong></span> 
     </span>
    </p>
   </div>
   <div class='ocr_carea' id='block_1_78' title="bbox 2224 3867 3784 3952">
    <p class='ocr_par' dir='ltr' id='par_1_78' title="bbox 2224 3867 3784 3952">
     <span class='ocr_line' id='line_1_78' title="bbox 2224 3867 3784 3952; baseline -0.008 -10"><span class='ocrx_word' id='word_1_618' title='bbox 2224 3891 2437 3944; x_wconf 86' lang='lat' dir='ltr'><strong>virtutis</strong></span> <span class='ocrx_word' id='word_1_619' title='bbox 2462 3890 2544 3941; x_wconf 85' lang='lat' dir='ltr'><strong>via</strong></span> <span class='ocrx_word' id='word_1_620' title='bbox 2567 3929 2581 3952; x_wconf 95' lang='lat'><strong>,</strong></span> <span class='ocrx_word' id='word_1_621' title='bbox 2624 3885 2674 3938; x_wconf 91' lang='lat' dir='ltr'><strong>id</strong></span> <span class='ocrx_word' id='word_1_622' title='bbox 2711 3899 2834 3938; x_wconf 87' lang='lat' dir='ltr'><strong>eum</strong></span> <span class='ocrx_word' id='word_1_623' title='bbox 2869 3883 2952 3950; x_wconf 88' lang='lat' dir='ltr'><strong>pie</strong></span> <span class='ocrx_word' id='word_1_624' title='bbox 2991 3881 3346 3949; x_wconf 75' lang='lat' dir='ltr'><strong>religioseque</strong></span> <span class='ocrx_word' id='word_1_625' title='bbox 3376 3877 3611 3937; x_wconf 81' lang='lat' dir='ltr'><strong>vivendo</strong></span> <span class='ocrx_word' id='word_1_626' title='bbox 3655 3867 3784 3930; x_wconf 65' lang='lat' dir='ltr'><strong>obtlo</strong></span> 
     </span>
    </p>
   </div>
   <div class='ocr_carea' id='block_1_79' title="bbox 2226 3968 3782 4047">
    <p class='ocr_par' dir='ltr' id='par_1_79' title="bbox 2226 3968 3782 4047">
     <span class='ocr_line' id='line_1_79' title="bbox 2226 3968 3782 4047; baseline -0.01 -12"><span class='ocrx_word' id='word_1_627' title='bbox 2226 3984 2426 4042; x_wconf 89' lang='lat' dir='ltr'><strong>nuisse,</strong></span> <span class='ocrx_word' id='word_1_628' title='bbox 2457 3985 2515 4032; x_wconf 88' lang='lat' dir='ltr'><strong>ut</strong></span> <span class='ocrx_word' id='word_1_629' title='bbox 2535 3979 2724 4047; x_wconf 83' lang='lat' dir='ltr'><strong>dignus</strong></span> <span class='ocrx_word' id='word_1_630' title='bbox 2747 3990 2841 4042; x_wconf 89' lang='lat' dir='ltr'><strong>per</strong></span> <span class='ocrx_word' id='word_1_631' title='bbox 2861 3973 2997 4027; x_wconf 86' lang='lat' dir='ltr'><strong>hanc</strong></span> <span class='ocrx_word' id='word_1_632' title='bbox 3026 3973 3148 4026; x_wconf 70' lang='lat' dir='ltr'><strong>vita:</strong></span> <span class='ocrx_word' id='word_1_633' title='bbox 3179 3970 3583 4025; x_wconf 84' lang='lat' dir='ltr'><strong>sanctimoniam</strong></span> <span class='ocrx_word' id='word_1_634' title='bbox 3611 3968 3782 4029; x_wconf 68' lang='lat' dir='ltr'><strong>ﬂeret,</strong></span> 
     </span>
    </p>
   </div>
   <div class='ocr_carea' id='block_1_80' title="bbox 2224 4061 3783 4137">
    <p class='ocr_par' dir='ltr' id='par_1_80' title="bbox 2224 4061 3783 4137">
     <span class='ocr_line' id='line_1_80' title="bbox 2224 4061 3783 4137; baseline -0.01 -10"><span class='ocrx_word' id='word_1_635' title='bbox 2224 4074 2306 4128; x_wconf 83' lang='lat' dir='ltr'><strong>cui</strong></span> <span class='ocrx_word' id='word_1_636' title='bbox 2337 4087 2394 4125; x_wconf 88' lang='lat' dir='ltr'><strong>se</strong></span> <span class='ocrx_word' id='word_1_637' title='bbox 2427 4071 2676 4137; x_wconf 73' lang='lat' dir='ltr'><strong>maiestas</strong></span> <span class='ocrx_word' id='word_1_638' title='bbox 2705 4066 2882 4119; x_wconf 85' lang='lat' dir='ltr'><strong>divina</strong></span> <span class='ocrx_word' id='word_1_639' title='bbox 2907 4065 3134 4119; x_wconf 88' lang='lat' dir='ltr'><strong>sociaret</strong></span> <span class='ocrx_word' id='word_1_640' title='bbox 3158 4079 3174 4119; x_wconf 89' lang='lat'><strong>:</strong></span> <span class='ocrx_word' id='word_1_641' title='bbox 3198 4077 3258 4117; x_wconf 85' lang='lat' dir='ltr'><strong>ac</strong></span> <span class='ocrx_word' id='word_1_642' title='bbox 3280 4063 3355 4116; x_wconf 94' lang='lat' dir='ltr'><strong>sic</strong></span> <span class='ocrx_word' id='word_1_643' title='bbox 3379 4062 3598 4115; x_wconf 73' lang='lat' dir='ltr'><strong>exclusa</strong></span> <span class='ocrx_word' id='word_1_644' title='bbox 3631 4061 3699 4113; x_wconf 84' lang='lat' dir='ltr'><strong>ab</strong></span> <span class='ocrx_word' id='word_1_645' title='bbox 3727 4073 3783 4112; x_wconf 78' lang='lat' dir='ltr'><strong>eo</strong></span> 
     </span>
    </p>
   </div>
   <div class='ocr_carea' id='block_1_81' title="bbox 2226 4137 3782 4232">
    <p class='ocr_par' dir='ltr' id='par_1_81' title="bbox 2226 4137 3782 4232">
     <span class='ocr_line' id='line_1_81' title="bbox 2226 4137 3782 4232; baseline -0.008 -19"><span class='ocrx_word' id='word_1_646' title='bbox 2226 4166 2435 4232; x_wconf 67' lang='lat' dir='ltr'><strong>penitus</strong></span> <span class='ocrx_word' id='word_1_647' title='bbox 2463 4175 2629 4214; x_wconf 67' lang='lat' dir='ltr'><strong>sacra:</strong></span> <span class='ocrx_word' id='word_1_648' title='bbox 2657 4158 2876 4225; x_wconf 85' lang='lat' dir='ltr'><strong>originis</strong></span> <span class='ocrx_word' id='word_1_649' title='bbox 2902 4156 3179 4224; x_wconf 81' lang='lat' dir='ltr'><strong>dignitate,</strong></span> <span class='ocrx_word' id='word_1_650' title='bbox 3203 4137 3320 4206; x_wconf 59' lang='grc' dir='ltr'><strong>εὀιιιἶ</strong></span> <span class='ocrx_word' id='word_1_651' title='bbox 3337 4151 3384 4204; x_wconf 91' lang='lat' dir='ltr'><strong>ei</strong></span> <span class='ocrx_word' id='word_1_652' title='bbox 3418 4147 3782 4205; x_wconf 85' lang='lat' dir='ltr'><strong>tantummodo</strong></span> 
     </span>
    </p>
   </div>
   <div class='ocr_carea' id='block_1_82' title="bbox 2223 4238 3782 4316">
    <p class='ocr_par' dir='ltr' id='par_1_82' title="bbox 2223 4238 3782 4316">
     <span class='ocr_line' id='line_1_82' title="bbox 2223 4238 3782 4316; baseline -0.011 -8"><span class='ocrx_word' id='word_1_653' title='bbox 2223 4253 2537 4307; x_wconf 84' lang='lat' dir='ltr'><strong>meritorum</strong></span> <span class='ocrx_word' id='word_1_654' title='bbox 2570 4249 2964 4315; x_wconf 88' lang='lat' dir='ltr'><strong>relinqueretur</strong></span> <span class='ocrx_word' id='word_1_655' title='bbox 2993 4245 3208 4316; x_wconf 80' lang='lat' dir='ltr'><strong>electio.</strong></span> <span class='ocrx_word' id='word_1_656' title='bbox 3242 4243 3295 4298; x_wconf 90' lang='lat' dir='ltr'><strong>Id</strong></span> <span class='ocrx_word' id='word_1_657' title='bbox 3332 4243 3643 4297; x_wconf 80' lang='lat' dir='ltr'><strong>adnitentes</strong></span> <span class='ocrx_word' id='word_1_658' title='bbox 3690 4238 3782 4292; x_wconf 84' lang='lat' dir='ltr'><strong>uti-</strong></span> 
     </span>
    </p>
   </div>
   <div class='ocr_carea' id='block_1_83' title="bbox 2224 4331 3788 4412">
    <p class='ocr_par' dir='ltr' id='par_1_83' title="bbox 2224 4331 3788 4412">
     <span class='ocr_line' id='line_1_83' title="bbox 2224 4331 3788 4412; baseline -0.009 -15"><span class='ocrx_word' id='word_1_659' title='bbox 2224 4359 2330 4412; x_wconf 91' lang='lat' dir='ltr'><strong>que</strong></span> <span class='ocrx_word' id='word_1_660' title='bbox 2358 4358 2420 4396; x_wconf 89' lang='lat' dir='ltr'><strong>ac</strong></span> <span class='ocrx_word' id='word_1_661' title='bbox 2448 4340 2769 4404; x_wconf 87' lang='lat' dir='ltr'><strong>laborantes,</strong></span> <span class='ocrx_word' id='word_1_662' title='bbox 2795 4345 2854 4392; x_wconf 91' lang='lat' dir='ltr'><strong>ut</strong></span> <span class='ocrx_word' id='word_1_663' title='bbox 2879 4350 2948 4392; x_wconf 86' lang='lat' dir='ltr'><strong>eo</strong></span> <span class='ocrx_word' id='word_1_664' title='bbox 2987 4336 3139 4405; x_wconf 88' lang='lat' dir='ltr'><strong>quasi</strong></span> <span class='ocrx_word' id='word_1_665' title='bbox 3164 4333 3193 4373; x_wconf 68' lang='grc' dir='ltr'>δ</span> <span class='ocrx_word' id='word_1_666' title='bbox 3225 4335 3277 4389; x_wconf 92' lang='lat' dir='ltr'><strong>in</strong></span> <span class='ocrx_word' id='word_1_667' title='bbox 3305 4334 3518 4404; x_wconf 84' lang='lat' dir='ltr'><strong>plebem</strong></span> <span class='ocrx_word' id='word_1_668' title='bbox 3552 4331 3788 4388; x_wconf 77' lang='lat' dir='ltr'><strong>omnium</strong></span> 
     </span>
    </p>
   </div>
   <div class='ocr_carea' id='block_1_84' title="bbox 1608 4474 2714 4551">
    <p class='ocr_par' dir='ltr' id='par_1_84' title="bbox 1608 4474 2714 4551">
     <span class='ocr_line' id='line_1_84' title="bbox 1608 4474 2714 4551; baseline -0.007 -15"><span class='ocrx_word' id='word_1_669' title='bbox 1608 4479 1865 4551; x_wconf 40' lang='lat' dir='ltr'><strong>ALAR‘DI</strong></span> <span class='ocrx_word' id='word_1_670' title='bbox 1900 4477 2123 4535; x_wconf 69' lang='lat' dir='ltr'><strong>GAZA‘ZI</strong></span> <span class='ocrx_word' id='word_1_671' title='bbox 2163 4474 2714 4533; x_wconf 75' lang='lat' dir='ltr'><strong>COMMENTARIUS.</strong></span> 
     </span>
    </p>
   </div>
   <div class='ocr_carea' id='block_1_85' title="bbox 637 4571 3021 4663">
    <p class='ocr_par' dir='ltr' id='par_1_85' title="bbox 637 4571 3021 4663">
     <span class='ocr_line' id='line_1_85' title="bbox 637 4571 3021 4663; baseline -0.003 -16"><span class='ocrx_word' id='word_1_672' title='bbox 637 4603 662 4632; x_wconf 79' lang='grc' dir='ltr'><strong>ι</strong></span> <span class='ocrx_word' id='word_1_673' title='bbox 696 4595 944 4647; x_wconf 72' lang='lat' dir='ltr'><strong>llrrresim</strong></span> <span class='ocrx_word' id='word_1_674' title='bbox 977 4596 1177 4649; x_wconf 88' lang='lat' dir='ltr'><strong>scilicet</strong></span> <span class='ocrx_word' id='word_1_675' title='bbox 1204 4596 1596 4659; x_wconf 83' lang='lat' dir='ltr'><strong>Nestorianam,</strong></span> <span class='ocrx_word' id='word_1_676' title='bbox 1628 4610 1783 4663; x_wconf 90' lang='lat' dir='ltr'><strong>quam</strong></span> <span class='ocrx_word' id='word_1_677' title='bbox 1815 4595 1972 4647; x_wconf 91' lang='lat' dir='ltr'><strong>etiam</strong></span> <span class='ocrx_word' id='word_1_678' title='bbox 2013 4590 2114 4645; x_wconf 87' lang='lat' dir='ltr'><strong>Pe-</strong></span> <span class='ocrx_word' id='word_1_679' title='bbox 2144 4571 2504 4662; x_wconf 76' lang='lat' dir='ltr'><strong>DIngratis),</strong></span> <span class='ocrx_word' id='word_1_680' title='bbox 2528 4589 2666 4658; x_wconf 90' lang='lat' dir='ltr'><strong>quod</strong></span> <span class='ocrx_word' id='word_1_681' title='bbox 2690 4589 2768 4642; x_wconf 89' lang='lat' dir='ltr'><strong>sic</strong></span> <span class='ocrx_word' id='word_1_682' title='bbox 2795 4587 3021 4656; x_wconf 81' lang='lat' dir='ltr'><strong>incipit:</strong></span> 
     </span>
    </p>
   </div>
   <div class='ocr_carea' id='block_1_86' title="bbox 563 4663 2116 4733">
    <p class='ocr_par' dir='ltr' id='par_1_86' title="bbox 563 4663 2116 4733">
     <span class='ocr_line' id='line_1_86' title="bbox 563 4663 2116 4733; baseline -0.002 -15"><span class='ocrx_word' id='word_1_683' title='bbox 563 4666 786 4733; x_wconf 75' lang='lat' dir='ltr'><strong>lagiaoae</strong></span> <span class='ocrx_word' id='word_1_684' title='bbox 811 4665 1074 4717; x_wconf 66' lang='lat' dir='ltr'><strong>hmreseos</strong></span> <span class='ocrx_word' id='word_1_685' title='bbox 1097 4665 1410 4730; x_wconf 79' lang='lat' dir='ltr'><strong>discipulam</strong></span> <span class='ocrx_word' id='word_1_686' title='bbox 1439 4678 1488 4718; x_wconf 91' lang='lat' dir='ltr'><strong>ct</strong></span> <span class='ocrx_word' id='word_1_687' title='bbox 1518 4666 1854 4718; x_wconf 71' lang='lat' dir='ltr'><strong>imitatricem</strong></span> <span class='ocrx_word' id='word_1_688' title='bbox 1881 4663 2116 4716; x_wconf 79' lang='lat' dir='ltr'><strong>ostendit</strong></span> 
     </span>
    </p>
   </div>
   <div class='ocr_carea' id='block_1_87' title="bbox 558 4734 2112 4800">
    <p class='ocr_par' dir='ltr' id='par_1_87' title="bbox 558 4734 2112 4800">
     <span class='ocr_line' id='line_1_87' title="bbox 558 4734 2112 4800; baseline -0.005 -11"><span class='ocrx_word' id='word_1_689' title='bbox 558 4735 651 4789; x_wconf 80' lang='lat' dir='ltr'><strong>Ili).</strong></span> <span class='ocrx_word' id='word_1_690' title='bbox 684 4750 699 4787; x_wconf 89' lang='lat' dir='ltr'><strong>t</strong></span> <span class='ocrx_word' id='word_1_691' title='bbox 730 4749 848 4799; x_wconf 73' lang='lat' dir='ltr'><strong>Cap.</strong></span> <span class='ocrx_word' id='word_1_692' title='bbox 878 4735 931 4791; x_wconf 76' lang='grc'><strong>2.</strong></span> <span class='ocrx_word' id='word_1_693' title='bbox 964 4734 1047 4787; x_wconf 82' lang='lat' dir='ltr'><strong>tibi</strong></span> <span class='ocrx_word' id='word_1_694' title='bbox 1077 4738 1170 4800; x_wconf 87' lang='lat' dir='ltr'><strong>ait,</strong></span> <span class='ocrx_word' id='word_1_695' title='bbox 1210 4735 1500 4787; x_wconf 79' lang='lat' dir='ltr'><strong>Nestorium</strong></span> <span class='ocrx_word' id='word_1_696' title='bbox 1526 4736 1661 4787; x_wconf 84' lang='lat' dir='ltr'><strong>idem</strong></span> <span class='ocrx_word' id='word_1_697' title='bbox 1689 4735 1890 4786; x_wconf 89' lang='lat' dir='ltr'><strong>omnino</strong></span> <span class='ocrx_word' id='word_1_698' title='bbox 1929 4734 2112 4792; x_wconf 83' lang='lat' dir='ltr'><strong>dicere,</strong></span> 
     </span>
    </p>
   </div>
   <div class='ocr_carea' id='block_1_88' title="bbox 560 4803 2117 4874">
    <p class='ocr_par' dir='ltr' id='par_1_88' title="bbox 560 4803 2117 4874">
     <span class='ocr_line' id='line_1_88' title="bbox 560 4803 2117 4874; baseline -0.003 -18"><span class='ocrx_word' id='word_1_699' title='bbox 560 4807 696 4873; x_wconf 89' lang='lat' dir='ltr'><strong>quod</strong></span> <span class='ocrx_word' id='word_1_700' title='bbox 747 4803 1107 4874; x_wconf 73' lang='lat' dir='ltr'><strong>Pelagianist</strong></span> <span class='ocrx_word' id='word_1_701' title='bbox 1136 4817 1251 4856; x_wconf 86' lang='lat' dir='ltr'><strong>ante</strong></span> <span class='ocrx_word' id='word_1_702' title='bbox 1276 4806 1513 4857; x_wconf 74' lang='lat' dir='ltr'><strong>dixerunt</strong></span> <span class='ocrx_word' id='word_1_703' title='bbox 1547 4820 1564 4856; x_wconf 88' lang='lat'><em>:</em></span> <span class='ocrx_word' id='word_1_704' title='bbox 1592 4806 1801 4870; x_wconf 85' lang='lat' dir='ltr'><strong>ideoque</strong></span> <span class='ocrx_word' id='word_1_705' title='bbox 1841 4819 1938 4855; x_wconf 90' lang='lat' dir='ltr'><strong>non</strong></span> <span class='ocrx_word' id='word_1_706' title='bbox 1978 4817 2117 4853; x_wconf 73' lang='lat' dir='ltr'><strong>novae</strong></span> 
     </span>
    </p>
   </div>
   <div class='ocr_carea' id='block_1_89' title="bbox 561 4875 2115 4936">
    <p class='ocr_par' dir='ltr' id='par_1_89' title="bbox 561 4875 2115 4936">
     <span class='ocr_line' id='line_1_89' title="bbox 561 4875 2115 4936; baseline -0.002 -10"><span class='ocrx_word' id='word_1_707' title='bbox 561 4878 803 4927; x_wconf 76' lang='lat' dir='ltr'><strong>ha&#39;reseos</strong></span> <span class='ocrx_word' id='word_1_708' title='bbox 851 4889 1134 4936; x_wconf 71' lang='lat' dir='ltr'><strong>aucrorem,</strong></span> <span class='ocrx_word' id='word_1_709' title='bbox 1190 4875 1279 4927; x_wconf 85' lang='lat' dir='ltr'><strong>sed</strong></span> <span class='ocrx_word' id='word_1_710' title='bbox 1327 4875 1500 4926; x_wconf 66' lang='lat' dir='ltr'><strong>ueteris</strong></span> <span class='ocrx_word' id='word_1_711' title='bbox 1543 4875 1930 4925; x_wconf 72' lang='lat' dir='ltr'><strong>instauratarem</strong></span> <span class='ocrx_word' id='word_1_712' title='bbox 1986 4887 2115 4924; x_wconf 83' lang='lat' dir='ltr'><strong>esse.</strong></span> 
     </span>
    </p>
   </div>
   <div class='ocr_carea' id='block_1_90' title="bbox 563 4943 2113 5006">
    <p class='ocr_par' dir='ltr' id='par_1_90' title="bbox 563 4943 2113 5006">
     <span class='ocr_line' id='line_1_90' title="bbox 563 4943 2113 5006; baseline -0.003 -10"><span class='ocrx_word' id='word_1_713' title='bbox 563 4947 710 4997; x_wconf 89' lang='lat' dir='ltr'><strong>Unde</strong></span> <span class='ocrx_word' id='word_1_714' title='bbox 757 4954 809 4996; x_wconf 91' lang='lat' dir='ltr'><strong>et</strong></span> <span class='ocrx_word' id='word_1_715' title='bbox 850 4943 979 4995; x_wconf 81' lang='lat' dir='ltr'><strong>infra</strong></span> <span class='ocrx_word' id='word_1_716' title='bbox 1011 4945 1202 4996; x_wconf 88' lang='lat' dir='ltr'><strong>dicitur</strong></span> <span class='ocrx_word' id='word_1_717' title='bbox 1235 4945 1456 4997; x_wconf 65' lang='lat' dir='ltr'><strong>haeresis</strong></span> <span class='ocrx_word' id='word_1_718' title='bbox 1501 4944 1727 4996; x_wconf 67' lang='lat' dir='ltr'><strong>Nestorii</strong></span> <span class='ocrx_word' id='word_1_719' title='bbox 1761 4958 1948 4996; x_wconf 88' lang='lat' dir='ltr'><strong>recens</strong></span> <span class='ocrx_word' id='word_1_720' title='bbox 1977 4952 2113 5006; x_wconf 86' lang='lat' dir='ltr'><strong>orta,</strong></span> 
     </span>
    </p>
   </div>
   <div class='ocr_carea' id='block_1_91' title="bbox 557 5011 2117 5078">
    <p class='ocr_par' dir='ltr' id='par_1_91' title="bbox 557 5011 2117 5078">
     <span class='ocr_line' id='line_1_91' title="bbox 557 5011 2117 5078; baseline -0.003 -10"><span class='ocrx_word' id='word_1_721' title='bbox 557 5014 801 5068; x_wconf 59' lang='lat' dir='ltr'><strong>Cassiani</strong></span> <span class='ocrx_word' id='word_1_722' title='bbox 855 5014 1108 5066; x_wconf 83' lang='lat' dir='ltr'><strong>videliCt-t</strong></span> <span class='ocrx_word' id='word_1_723' title='bbox 1158 5023 1348 5075; x_wconf 64' lang='lat' dir='ltr'><strong>aetate,</strong></span> <span class='ocrx_word' id='word_1_724' title='bbox 1395 5025 1449 5067; x_wconf 88' lang='lat' dir='ltr'><strong>et</strong></span> <span class='ocrx_word' id='word_1_725' title='bbox 1499 5015 1792 5078; x_wconf 63' lang='lat' dir='ltr'><strong>Pelagianae</strong></span> <span class='ocrx_word' id='word_1_726' title='bbox 1840 5011 2117 5076; x_wconf 80' lang='lat' dir='ltr'><strong>pravitatis</strong></span> 
     </span>
    </p>
   </div>
   <div class='ocr_carea' id='block_1_92' title="bbox 558 5081 2122 5148">
    <p class='ocr_par' dir='ltr' id='par_1_92' title="bbox 558 5081 2122 5148">
     <span class='ocr_line' id='line_1_92' title="bbox 558 5081 2122 5148; baseline -0.003 -12"><span class='ocrx_word' id='word_1_727' title='bbox 558 5086 707 5148; x_wconf 81' lang='lat' dir='ltr'><strong>quasi</strong></span> <span class='ocrx_word' id='word_1_728' title='bbox 733 5083 870 5134; x_wconf 69' lang='lat' dir='ltr'><strong>redit</strong></span> <span class='ocrx_word' id='word_1_729' title='bbox 888 5087 999 5134; x_wconf 75' lang='lat' dir='ltr'><strong>ivos</strong></span> <span class='ocrx_word' id='word_1_730' title='bbox 1023 5085 1233 5136; x_wconf 76' lang='lat' dir='ltr'><strong>cineres</strong></span> <span class='ocrx_word' id='word_1_731' title='bbox 1255 5086 1562 5136; x_wconf 62' lang='lat' dir='ltr'><strong>suscitasse.</strong></span> <span class='ocrx_word' id='word_1_732' title='bbox 1599 5083 1652 5136; x_wconf 87' lang='lat' dir='ltr'><strong>S.</strong></span> <span class='ocrx_word' id='word_1_733' title='bbox 1683 5084 1861 5134; x_wconf 88' lang='lat' dir='ltr'><strong>itidem</strong></span> <span class='ocrx_word' id='word_1_734' title='bbox 1889 5081 2122 5146; x_wconf 87' lang='lat' dir='ltr'><strong>Prosper</strong></span> 
     </span>
    </p>
   </div>
   <div class='ocr_carea' id='block_1_93' title="bbox 560 5153 2120 5219">
    <p class='ocr_par' dir='ltr' id='par_1_93' title="bbox 560 5153 2120 5219">
     <span class='ocr_line' id='line_1_93' title="bbox 560 5153 2120 5219; baseline -0.001 -15"><span class='ocrx_word' id='word_1_735' title='bbox 560 5153 614 5205; x_wconf 87' lang='lat' dir='ltr'><strong>in</strong></span> <span class='ocrx_word' id='word_1_736' title='bbox 662 5153 926 5206; x_wconf 82' lang='lat' dir='ltr'><strong>Chronico</strong></span> <span class='ocrx_word' id='word_1_737' title='bbox 983 5154 1051 5204; x_wconf 89' lang='lat' dir='ltr'><strong>de</strong></span> <span class='ocrx_word' id='word_1_738' title='bbox 1097 5156 1487 5219; x_wconf 71' lang='lat' dir='ltr'><strong>conspiratimie</strong></span> <span class='ocrx_word' id='word_1_739' title='bbox 1547 5153 1946 5216; x_wconf 69' lang='lat' dir='ltr'><strong>Pelagianorum</strong></span> <span class='ocrx_word' id='word_1_740' title='bbox 2002 5167 2120 5203; x_wconf 89' lang='lat' dir='ltr'><strong>cmn</strong></span> 
     </span>
    </p>
   </div>
   <div class='ocr_carea' id='block_1_94' title="bbox 558 5221 2118 5298">
    <p class='ocr_par' dir='ltr' id='par_1_94' title="bbox 558 5221 2118 5298">
     <span class='ocr_line' id='line_1_94' title="bbox 558 5221 2118 5298; baseline -0.001 -24"><span class='ocrx_word' id='word_1_741' title='bbox 558 5222 823 5298; x_wconf 61' lang='lat' dir='ltr'><strong>Ij&#39;estorio,</strong></span> <span class='ocrx_word' id='word_1_742' title='bbox 853 5232 910 5274; x_wconf 90' lang='lat' dir='ltr'><strong>et</strong></span> <span class='ocrx_word' id='word_1_743' title='bbox 936 5222 1093 5298; x_wconf 70' lang='lat' dir='ltr'><strong>simili</strong></span> <span class='ocrx_word' id='word_1_744' title='bbox 1118 5233 1410 5298; x_wconf 49' lang='lat' dir='ltr'><strong>consecuta</strong></span> <span class='ocrx_word' id='word_1_745' title='bbox 1440 5223 1777 5298; x_wconf 81' lang='lat' dir='ltr'><strong>damnatione</strong></span> <span class='ocrx_word' id='word_1_746' title='bbox 1802 5222 1896 5273; x_wconf 91' lang='lat' dir='ltr'><strong>ista</strong></span> <span class='ocrx_word' id='word_1_747' title='bbox 1929 5221 2118 5275; x_wconf 84' lang='lat' dir='ltr'><strong>habet:</strong></span> 
     </span>
    </p>
   </div>
   <div class='ocr_carea' id='block_1_95' title="bbox 558 5289 2124 5362">
    <p class='ocr_par' dir='ltr' id='par_1_95' title="bbox 558 5289 2124 5362">
     <span class='ocr_line' id='line_1_95' title="bbox 558 5289 2124 5362; baseline -0.001 -18"><span class='ocrx_word' id='word_1_748' title='bbox 558 5289 874 5360; x_wconf 75' lang='lat' dir='ltr'><strong>Coitgrrgata</strong></span> <span class='ocrx_word' id='word_1_749' title='bbox 918 5296 1055 5362; x_wconf 73' lang='lat' dir='ltr'><strong>apud</strong></span> <span class='ocrx_word' id='word_1_750' title='bbox 1112 5292 1366 5361; x_wconf 80' lang='lat' dir='ltr'><strong>Ephesum</strong></span> <span class='ocrx_word' id='word_1_751' title='bbox 1408 5293 1523 5362; x_wconf 72' lang='lat' dir='ltr'><strong>plus</strong></span> <span class='ocrx_word' id='word_1_752' title='bbox 1568 5294 1894 5343; x_wconf 81' lang='lat' dir='ltr'><strong>ducentorum</strong></span> <span class='ocrx_word' id='word_1_753' title='bbox 1929 5291 2124 5361; x_wconf 83' lang='lat' dir='ltr'><strong>synodo</strong></span> 
     </span>
    </p>
   </div>
   <div class='ocr_carea' id='block_1_96' title="bbox 557 5359 2123 5422">
    <p class='ocr_par' dir='ltr' id='par_1_96' title="bbox 557 5359 2123 5422">
     <span class='ocr_line' id='line_1_96' title="bbox 557 5359 2123 5422; baseline -0.001 -9"><span class='ocrx_word' id='word_1_754' title='bbox 557 5359 894 5422; x_wconf 78' lang='lat' dir='ltr'><strong>sacerdotum,</strong></span> <span class='ocrx_word' id='word_1_755' title='bbox 929 5359 1191 5413; x_wconf 77' lang='lat' dir='ltr'><strong>Nestorius</strong></span> <span class='ocrx_word' id='word_1_756' title='bbox 1219 5380 1331 5415; x_wconf 80' lang='lat' dir='ltr'><strong>cum</strong></span> <span class='ocrx_word' id='word_1_757' title='bbox 1358 5359 1492 5414; x_wconf 84' lang='lat' dir='ltr'><strong>omni</strong></span> <span class='ocrx_word' id='word_1_758' title='bbox 1524 5364 1702 5415; x_wconf 70' lang='lat' dir='ltr'><strong>httresi</strong></span> <span class='ocrx_word' id='word_1_759' title='bbox 1729 5363 1945 5414; x_wconf 73' lang='lat' dir='ltr'><strong>nominis</strong></span> <span class='ocrx_word' id='word_1_760' title='bbox 1960 5359 2050 5413; x_wconf 75' lang='lat' dir='ltr'><strong>sui</strong></span> <span class='ocrx_word' id='word_1_761' title='bbox 2076 5371 2123 5412; x_wconf 86' lang='lat' dir='ltr'><strong>et</strong></span> 
     </span>
    </p>
   </div>
   <div class='ocr_carea' id='block_1_97' title="bbox 557 5429 2122 5502">
    <p class='ocr_par' dir='ltr' id='par_1_97' title="bbox 557 5429 2122 5502">
     <span class='ocr_line' id='line_1_97' title="bbox 557 5429 2122 5502; baseline 0.002 -22"><span class='ocrx_word' id='word_1_762' title='bbox 557 5445 673 5502; x_wconf 71' lang='lat' dir='ltr'><strong>eum</strong></span> <span class='ocrx_word' id='word_1_763' title='bbox 704 5431 875 5502; x_wconf 79' lang='lat' dir='ltr'><strong>multis</strong></span> <span class='ocrx_word' id='word_1_764' title='bbox 905 5429 1191 5502; x_wconf 59' lang='lat' dir='ltr'><strong>Pelagianis</strong></span> <span class='ocrx_word' id='word_1_765' title='bbox 1220 5435 1305 5501; x_wconf 87' lang='lat' dir='ltr'><strong>qui</strong></span> <span class='ocrx_word' id='word_1_766' title='bbox 1335 5444 1604 5501; x_wconf 80' lang='lat' dir='ltr'><strong>cognatum</strong></span> <span class='ocrx_word' id='word_1_767' title='bbox 1634 5433 1724 5485; x_wconf 83' lang='lat' dir='ltr'><strong>sibi</strong></span> <span class='ocrx_word' id='word_1_768' title='bbox 1766 5432 1950 5500; x_wconf 86' lang='lat' dir='ltr'><strong>dogma</strong></span> <span class='ocrx_word' id='word_1_769' title='bbox 1969 5434 2122 5502; x_wconf 84' lang='lat' dir='ltr'><strong>juva-</strong></span> 
     </span>
    </p>
   </div>
   <div class='ocr_carea' id='block_1_98' title="bbox 559 5499 2118 5577">
    <p class='ocr_par' dir='ltr' id='par_1_98' title="bbox 559 5499 2118 5577">
     <span class='ocr_line' id='line_1_98' title="bbox 559 5499 2118 5577; baseline 0.003 -25"><span class='ocrx_word' id='word_1_770' title='bbox 559 5499 701 5577; x_wconf 61' lang='lat' dir='ltr'><strong>bent,</strong></span> <span class='ocrx_word' id='word_1_771' title='bbox 726 5499 1308 5577; x_wconf 35' lang='lat' dir='ltr'><strong>da_niuatur.’_&#39;l_“estaiur</strong></span> <span class='ocrx_word' id='word_1_772' title='bbox 1359 5499 1420 5577; x_wconf 81' lang='lat' dir='ltr'><strong>id</strong></span> <span class='ocrx_word' id='word_1_773' title='bbox 1460 5505 1631 5571; x_wconf 87' lang='lat' dir='ltr'><strong>ipsum</strong></span> <span class='ocrx_word' id='word_1_774' title='bbox 1682 5499 1898 5570; x_wconf 76' lang='lat' dir='ltr'><strong>elegans</strong></span> <span class='ocrx_word' id='word_1_775' title='bbox 1930 5499 2118 5577; x_wconf 59' lang='lat' dir='ltr'><strong>epita-</strong></span> 
     </span>
    </p>
   </div>
   <div class='ocr_carea' id='block_1_99' title="bbox 558 5569 2114 5646">
    <p class='ocr_par' dir='ltr' id='par_1_99' title="bbox 558 5569 2114 5646">
     <span class='ocr_line' id='line_1_99' title="bbox 558 5569 2114 5646; baseline 0.003 -27"><span class='ocrx_word' id='word_1_776' title='bbox 558 5569 743 5646; x_wconf 73' lang='lat' dir='ltr'><strong>pllium</strong></span> <span class='ocrx_word' id='word_1_777' title='bbox 774 5569 838 5621; x_wconf 88' lang='lat' dir='ltr'><strong>de</strong></span> <span class='ocrx_word' id='word_1_778' title='bbox 864 5569 1368 5646; x_wconf 79' lang='lat' dir='ltr'><strong>h_:eresi_Pelagiana_</strong></span> <span class='ocrx_word' id='word_1_779' title='bbox 1391 5569 1665 5635; x_wconf 83' lang='lat' dir='ltr'><strong>datiinata,</strong></span> <span class='ocrx_word' id='word_1_780' title='bbox 1695 5581 1750 5646; x_wconf 78' lang='lat' dir='ltr'><strong>et</strong></span> <span class='ocrx_word' id='word_1_781' title='bbox 1774 5586 1895 5646; x_wconf 77' lang='lat' dir='ltr'><strong>cunt</strong></span> <span class='ocrx_word' id='word_1_782' title='bbox 1923 5571 2114 5646; x_wconf 36' lang='lat' dir='ltr'><strong>btesto-</strong></span> 
     </span>
    </p>
   </div>
   <div class='ocr_carea' id='block_1_100' title="bbox 556 5638 2114 5712">
    <p class='ocr_par' dir='ltr' id='par_1_100' title="bbox 556 5638 2114 5712">
     <span class='ocr_line' id='line_1_100' title="bbox 556 5638 2114 5712; baseline 0.001 -19"><span class='ocrx_word' id='word_1_783' title='bbox 556 5639 712 5693; x_wconf 82' lang='lat' dir='ltr'><strong>riana</strong></span> <span class='ocrx_word' id='word_1_784' title='bbox 764 5638 991 5708; x_wconf 77' lang='lat' dir='ltr'><strong>sepulta,</strong></span> <span class='ocrx_word' id='word_1_785' title='bbox 1023 5640 1088 5694; x_wconf 86' lang='lat' dir='ltr'><strong>ab</strong></span> <span class='ocrx_word' id='word_1_786' title='bbox 1131 5642 1317 5694; x_wconf 85' lang='lat' dir='ltr'><strong>codem</strong></span> <span class='ocrx_word' id='word_1_787' title='bbox 1350 5641 1611 5712; x_wconf 75' lang='lat' dir='ltr'><strong>Prospero</strong></span> <span class='ocrx_word' id='word_1_788' title='bbox 1643 5641 1844 5698; x_wconf 88' lang='lat' dir='ltr'><strong>editum</strong></span> <span class='ocrx_word' id='word_1_789' title='bbox 1872 5639 2024 5712; x_wconf 78' lang='lat' dir='ltr'><strong>(Lib.</strong></span> <span class='ocrx_word' id='word_1_790' title='bbox 2054 5641 2114 5695; x_wconf 82' lang='lat' dir='ltr'><strong>de</strong></span> 
     </span>
    </p>
   </div>
   <div class='ocr_carea' id='block_1_101' title="bbox 2341 4699 3304 4761">
    <p class='ocr_par' dir='ltr' id='par_1_101' title="bbox 2341 4699 3304 4761">
     <span class='ocr_line' id='line_1_101' title="bbox 2341 4699 3304 4761; baseline -0.004 -11"><span class='ocrx_word' id='word_1_791' title='bbox 2341 4701 2628 4750; x_wconf 79' lang='lat' dir='ltr'><strong>Neswriana</strong></span> <span class='ocrx_word' id='word_1_792' title='bbox 2650 4699 2756 4748; x_wconf 87' lang='lat' dir='ltr'><strong>lues</strong></span> <span class='ocrx_word' id='word_1_793' title='bbox 2778 4699 2990 4748; x_wconf 67' lang='grc' dir='ltr'><strong>ειυςόθάςὶ</strong></span> <span class='ocrx_word' id='word_1_794' title='bbox 3010 4699 3304 4761; x_wconf 67' lang='lat' dir='ltr'><strong>Pelagianae,</strong></span> 
     </span>
    </p>
   </div>
   <div class='ocr_carea' id='block_1_102' title="bbox 2403 4763 3457 4821">
    <p class='ocr_par' dir='ltr' id='par_1_102' title="bbox 2403 4763 3457 4821">
     <span class='ocr_line' id='line_1_102' title="bbox 2403 4763 3457 4821; baseline -0.002 -12"><span class='ocrx_word' id='word_1_795' title='bbox 2403 4763 2520 4820; x_wconf 65' lang='lat' dir='ltr'><strong>Quae</strong></span> <span class='ocrx_word' id='word_1_796' title='bbox 2544 4769 2704 4808; x_wconf 81' lang='lat' dir='ltr'><strong>tamen</strong></span> <span class='ocrx_word' id='word_1_797' title='bbox 2727 4770 2796 4810; x_wconf 86' lang='lat' dir='ltr'><strong>est</strong></span> <span class='ocrx_word' id='word_1_798' title='bbox 2815 4769 2960 4821; x_wconf 82' lang='lat' dir='ltr'><strong>utero</strong></span> <span class='ocrx_word' id='word_1_799' title='bbox 2984 4771 3306 4821; x_wconf 77' lang='lat' dir='ltr'><strong>progenerat:</strong></span> <span class='ocrx_word' id='word_1_800' title='bbox 3327 4769 3457 4807; x_wconf 74' lang='lat' dir='ltr'><strong>meo.</strong></span> 
     </span>
    </p>
   </div>
   <div class='ocr_carea' id='block_1_103' title="bbox 2344 4820 3369 4883">
    <p class='ocr_par' dir='ltr' id='par_1_103' title="bbox 2344 4820 3369 4883">
     <span class='ocr_line' id='line_1_103' title="bbox 2344 4820 3369 4883; baseline -0.003 -12"><span class='ocrx_word' id='word_1_801' title='bbox 2344 4823 2517 4871; x_wconf 70' lang='lat' dir='ltr'><strong>Infelix</strong></span> <span class='ocrx_word' id='word_1_802' title='bbox 2544 4824 2734 4870; x_wconf 70' lang='lat' dir='ltr'><strong>misera:</strong></span> <span class='ocrx_word' id='word_1_803' title='bbox 2758 4820 2992 4883; x_wconf 77' lang='lat' dir='ltr'><strong>genitrix,</strong></span> <span class='ocrx_word' id='word_1_804' title='bbox 3020 4831 3069 4869; x_wconf 84' lang='lat' dir='ltr'><strong>et</strong></span> <span class='ocrx_word' id='word_1_805' title='bbox 3086 4821 3178 4868; x_wconf 82' lang='lat' dir='ltr'><strong>lilia</strong></span> <span class='ocrx_word' id='word_1_806' title='bbox 3204 4827 3328 4868; x_wconf 68' lang='lat' dir='ltr'><strong>nam</strong></span> <span class='ocrx_word' id='word_1_807' title='bbox 3355 4831 3369 4868; x_wconf 74' lang='grc' dir='ltr'><strong><em>τ</em></strong></span> 
     </span>
    </p>
   </div>
   <div class='ocr_carea' id='block_1_104' title="bbox 2388 4881 3450 4946">
    <p class='ocr_par' dir='ltr' id='par_1_104' title="bbox 2388 4881 3450 4946">
     <span class='ocr_line' id='line_1_104' title="bbox 2388 4881 3450 4946; baseline -0.003 -14"><span class='ocrx_word' id='word_1_808' title='bbox 2388 4883 2600 4939; x_wconf 57' lang='grc' dir='ltr'><strong>,Ρι-οάιγι</strong></span> <span class='ocrx_word' id='word_1_809' title='bbox 2624 4896 2682 4931; x_wconf 78' lang='lat' dir='ltr'><strong>ex</strong></span> <span class='ocrx_word' id='word_1_810' title='bbox 2711 4881 2814 4945; x_wconf 71' lang='lat' dir='ltr'><strong>ipso</strong></span> <span class='ocrx_word' id='word_1_811' title='bbox 2837 4885 3080 4946; x_wconf 82' lang='lat' dir='ltr'><strong>germine,</strong></span> <span class='ocrx_word' id='word_1_812' title='bbox 3105 4883 3234 4944; x_wconf 89' lang='lat' dir='ltr'><strong>quod</strong></span> <span class='ocrx_word' id='word_1_813' title='bbox 3257 4881 3450 4943; x_wconf 83' lang='lat' dir='ltr'><strong>peperi.</strong></span> 
     </span>
    </p>
   </div>
   <div class='ocr_carea' id='block_1_105' title="bbox 2226 5005 3779 5075">
    <p class='ocr_par' dir='ltr' id='par_1_105' title="bbox 2226 5005 3779 5075">
     <span class='ocr_line' id='line_1_105' title="bbox 2226 5005 3779 5075; baseline -0.002 -12"><span class='ocrx_word' id='word_1_814' title='bbox 2226 5009 2382 5063; x_wconf 79' lang='lat' dir='ltr'><strong>Plura</strong></span> <span class='ocrx_word' id='word_1_815' title='bbox 2415 5008 2480 5062; x_wconf 88' lang='lat' dir='ltr'><strong>de</strong></span> <span class='ocrx_word' id='word_1_816' title='bbox 2512 5007 2608 5061; x_wconf 88' lang='lat' dir='ltr'><strong>hac</strong></span> <span class='ocrx_word' id='word_1_817' title='bbox 2646 5008 2918 5075; x_wconf 85' lang='lat' dir='ltr'><strong>utriusque</strong></span> <span class='ocrx_word' id='word_1_818' title='bbox 2946 5007 3166 5061; x_wconf 74' lang='lat' dir='ltr'><strong>hreresis</strong></span> <span class='ocrx_word' id='word_1_819' title='bbox 3206 5005 3463 5061; x_wconf 78' lang='lat' dir='ltr'><strong>afﬁnitate</strong></span> <span class='ocrx_word' id='word_1_820' title='bbox 3503 5017 3558 5061; x_wconf 88' lang='lat' dir='ltr'><strong>et</strong></span> <span class='ocrx_word' id='word_1_821' title='bbox 3587 5020 3779 5075; x_wconf 46' lang='lat' dir='ltr'><strong>cogita:</strong></span> 
     </span>
    </p>
   </div>
   <div class='ocr_carea' id='block_1_106' title="bbox 2222 5074 3778 5149">
    <p class='ocr_par' dir='ltr' id='par_1_106' title="bbox 2222 5074 3778 5149">
     <span class='ocr_line' id='line_1_106' title="bbox 2222 5074 3778 5149; baseline -0.003 -15"><span class='ocrx_word' id='word_1_822' title='bbox 2222 5083 2371 5134; x_wconf 89' lang='lat' dir='ltr'><strong>tione</strong></span> <span class='ocrx_word' id='word_1_823' title='bbox 2397 5080 2630 5132; x_wconf 81' lang='lat' dir='ltr'><strong>diximus</strong></span> <span class='ocrx_word' id='word_1_824' title='bbox 2660 5081 2711 5133; x_wconf 89' lang='lat' dir='ltr'><strong>in</strong></span> <span class='ocrx_word' id='word_1_825' title='bbox 2744 5074 3192 5146; x_wconf 61' lang='lat' dir='ltr'><strong>ptaécedentibus.</strong></span> <span class='ocrx_word' id='word_1_826' title='bbox 3224 5078 3288 5131; x_wconf 82' lang='lat' dir='ltr'><strong>Et</strong></span> <span class='ocrx_word' id='word_1_827' title='bbox 3313 5077 3514 5132; x_wconf 87' lang='lat' dir='ltr'><strong>Auctor</strong></span> <span class='ocrx_word' id='word_1_828' title='bbox 3540 5074 3778 5149; x_wconf 80' lang='lat' dir='ltr'><strong>sequenti</strong></span> 
     </span>
    </p>
   </div>
   <div class='ocr_carea' id='block_1_107' title="bbox 2224 5150 2986 5216">
    <p class='ocr_par' dir='ltr' id='par_1_107' title="bbox 2224 5150 2986 5216">
     <span class='ocr_line' id='line_1_107' title="bbox 2224 5150 2986 5216; baseline -0.001 -12"><span class='ocrx_word' id='word_1_829' title='bbox 2224 5166 2342 5216; x_wconf 87' lang='lat' dir='ltr'><strong>cap.</strong></span> <span class='ocrx_word' id='word_1_830' title='bbox 2368 5165 2483 5202; x_wconf 82' lang='lat' dir='ltr'><strong>eam</strong></span> <span class='ocrx_word' id='word_1_831' title='bbox 2517 5165 2703 5202; x_wconf 90' lang='lat' dir='ltr'><strong>rursus</strong></span> <span class='ocrx_word' id='word_1_832' title='bbox 2733 5150 2986 5203; x_wconf 81' lang='lat' dir='ltr'><strong>inculcat.</strong></span> 
     </span>
    </p>
   </div>
   <div class='ocr_carea' id='block_1_108' title="bbox 2297 5219 3779 5283">
    <p class='ocr_par' dir='ltr' id='par_1_108' title="bbox 2297 5219 3779 5283">
     <span class='ocr_line' id='line_1_108' title="bbox 2297 5219 3779 5283; baseline -0.003 -11"><span class='ocrx_word' id='word_1_833' title='bbox 2297 5220 2321 5258; x_wconf 75' lang='grc' dir='ltr'>δ</span> <span class='ocrx_word' id='word_1_834' title='bbox 2351 5219 2403 5272; x_wconf 89' lang='lat' dir='ltr'><strong>ld</strong></span> <span class='ocrx_word' id='word_1_835' title='bbox 2431 5228 2534 5282; x_wconf 88' lang='lat' dir='ltr'><strong>est,</strong></span> <span class='ocrx_word' id='word_1_836' title='bbox 2559 5220 2609 5270; x_wconf 94' lang='lat' dir='ltr'><strong>in</strong></span> <span class='ocrx_word' id='word_1_837' title='bbox 2653 5233 2988 5272; x_wconf 87' lang='lat' dir='ltr'><strong>communem</strong></span> <span class='ocrx_word' id='word_1_838' title='bbox 3023 5219 3294 5272; x_wconf 82' lang='lat' dir='ltr'><strong>hominum</strong></span> <span class='ocrx_word' id='word_1_839' title='bbox 3327 5227 3526 5283; x_wconf 82' lang='lat' dir='ltr'><strong>sortem</strong></span> <span class='ocrx_word' id='word_1_840' title='bbox 3559 5226 3615 5272; x_wconf 85' lang='lat' dir='ltr'><strong>et</strong></span> <span class='ocrx_word' id='word_1_841' title='bbox 3661 5231 3779 5272; x_wconf 81' lang='lat' dir='ltr'><strong>con-</strong></span> 
     </span>
    </p>
   </div>
   <div class='ocr_carea' id='block_1_109' title="bbox 2227 5284 3776 5357">
    <p class='ocr_par' dir='ltr' id='par_1_109' title="bbox 2227 5284 3776 5357">
     <span class='ocr_line' id='line_1_109' title="bbox 2227 5284 3776 5357; baseline -0.004 -14"><span class='ocrx_word' id='word_1_842' title='bbox 2227 5291 2478 5343; x_wconf 87' lang='lat' dir='ltr'><strong>ditionem</strong></span> <span class='ocrx_word' id='word_1_843' title='bbox 2504 5289 2741 5355; x_wconf 77' lang='lat' dir='ltr'><strong>redacto,</strong></span> <span class='ocrx_word' id='word_1_844' title='bbox 2762 5289 3007 5342; x_wconf 86' lang='lat' dir='ltr'><strong>detracto</strong></span> <span class='ocrx_word' id='word_1_845' title='bbox 3023 5288 3276 5343; x_wconf 77' lang='lat' dir='ltr'><strong>videlicet</strong></span> <span class='ocrx_word' id='word_1_846' title='bbox 3296 5289 3604 5350; x_wconf 86' lang='lat' dir='ltr'><strong>divinitatis,</strong></span> <span class='ocrx_word' id='word_1_847' title='bbox 3634 5284 3776 5357; x_wconf 58' lang='lat' dir='ltr'><strong>quasi</strong></span> 
     </span>
    </p>
   </div>
   <div class='ocr_carea' id='block_1_110' title="bbox 2230 5358 3775 5426">
    <p class='ocr_par' dir='ltr' id='par_1_110' title="bbox 2230 5358 3775 5426">
     <span class='ocr_line' id='line_1_110' title="bbox 2230 5358 3775 5426; baseline -0.001 -18"><span class='ocrx_word' id='word_1_848' title='bbox 2230 5360 2524 5414; x_wconf 80' lang='lat' dir='ltr'><strong>nobilitatis</strong></span> <span class='ocrx_word' id='word_1_849' title='bbox 2565 5358 2736 5426; x_wconf 82' lang='lat' dir='ltr'><strong>titulo.</strong></span> <span class='ocrx_word' id='word_1_850' title='bbox 2791 5359 2989 5412; x_wconf 78' lang='lat' dir='ltr'><strong>Alludit</strong></span> <span class='ocrx_word' id='word_1_851' title='bbox 3035 5360 3099 5412; x_wconf 89' lang='lat' dir='ltr'><strong>ad</strong></span> <span class='ocrx_word' id='word_1_852' title='bbox 3145 5375 3347 5412; x_wconf 76' lang='lat' dir='ltr'><strong>morem</strong></span> <span class='ocrx_word' id='word_1_853' title='bbox 3398 5360 3775 5416; x_wconf 78' lang='lat' dir='ltr'><strong>Ronianorum,</strong></span> 
     </span>
    </p>
   </div>
   <div class='ocr_carea' id='block_1_111' title="bbox 2229 5427 3774 5497">
    <p class='ocr_par' dir='ltr' id='par_1_111' title="bbox 2229 5427 3774 5497">
     <span class='ocr_line' id='line_1_111' title="bbox 2229 5427 3774 5497; baseline -0.005 -14"><span class='ocrx_word' id='word_1_854' title='bbox 2229 5429 2367 5489; x_wconf 55' lang='lat' dir='ltr'><strong>apud</strong></span> <span class='ocrx_word' id='word_1_855' title='bbox 2413 5443 2545 5497; x_wconf 87' lang='lat' dir='ltr'><strong>quos</strong></span> <span class='ocrx_word' id='word_1_856' title='bbox 2592 5429 2784 5494; x_wconf 88' lang='lat' dir='ltr'><strong>plebeii</strong></span> <span class='ocrx_word' id='word_1_857' title='bbox 2817 5431 2965 5482; x_wconf 88' lang='lat' dir='ltr'><strong>multi</strong></span> <span class='ocrx_word' id='word_1_858' title='bbox 2996 5430 3196 5483; x_wconf 80' lang='lat' dir='ltr'><strong>ﬁebant</strong></span> <span class='ocrx_word' id='word_1_859' title='bbox 3236 5445 3300 5483; x_wconf 82' lang='lat' dir='ltr'><strong>ex</strong></span> <span class='ocrx_word' id='word_1_860' title='bbox 3331 5429 3598 5497; x_wconf 77' lang='lat' dir='ltr'><strong>patriciis,</strong></span> <span class='ocrx_word' id='word_1_861' title='bbox 3626 5427 3774 5480; x_wconf 75' lang='lat' dir='ltr'><strong>sicuti</strong></span> 
     </span>
    </p>
   </div>
   <div class='ocr_carea' id='block_1_112' title="bbox 2226 5498 3775 5568">
    <p class='ocr_par' dir='ltr' id='par_1_112' title="bbox 2226 5498 3775 5568">
     <span class='ocr_line' id='line_1_112' title="bbox 2226 5498 3775 5568; baseline -0.005 -16"><span class='ocrx_word' id='word_1_862' title='bbox 2226 5509 2409 5552; x_wconf 88' lang='lat' dir='ltr'><strong>contra</strong></span> <span class='ocrx_word' id='word_1_863' title='bbox 2434 5514 2499 5556; x_wconf 81' lang='lat' dir='ltr'><strong>ex</strong></span> <span class='ocrx_word' id='word_1_864' title='bbox 2531 5499 2753 5568; x_wconf 88' lang='lat' dir='ltr'><strong>plebeiis</strong></span> <span class='ocrx_word' id='word_1_865' title='bbox 2777 5499 3008 5568; x_wconf 86' lang='lat' dir='ltr'><strong>patricii.</strong></span> <span class='ocrx_word' id='word_1_866' title='bbox 3038 5500 3103 5554; x_wconf 85' lang='lat' dir='ltr'><strong>Et</strong></span> <span class='ocrx_word' id='word_1_867' title='bbox 3132 5500 3204 5552; x_wconf 90' lang='lat' dir='ltr'><strong>illi</strong></span> <span class='ocrx_word' id='word_1_868' title='bbox 3232 5500 3443 5565; x_wconf 84' lang='lat' dir='ltr'><strong>quidem</strong></span> <span class='ocrx_word' id='word_1_869' title='bbox 3466 5498 3775 5568; x_wconf 81' lang='lat' dir='ltr'><strong>dicebantur</strong></span> 
     </span>
    </p>
   </div>
   <div class='ocr_carea' id='block_1_113' title="bbox 2227 5565 3775 5638">
    <p class='ocr_par' dir='ltr' id='par_1_113' title="bbox 2227 5565 3775 5638">
     <span class='ocr_line' id='line_1_113' title="bbox 2227 5565 3775 5638; baseline 0.001 -15"><span class='ocrx_word' id='word_1_870' title='bbox 2227 5571 2276 5623; x_wconf 90' lang='lat' dir='ltr'><strong>in</strong></span> <span class='ocrx_word' id='word_1_871' title='bbox 2306 5565 2700 5636; x_wconf 69' lang='lat' dir='ltr'><strong>ptehominitti,</strong></span> <span class='ocrx_word' id='word_1_872' title='bbox 2731 5565 2789 5623; x_wconf 83' lang='lat' dir='ltr'><strong>id</strong></span> <span class='ocrx_word' id='word_1_873' title='bbox 2810 5580 2915 5633; x_wconf 58' lang='lat' dir='ltr'><strong>est,</strong></span> <span class='ocrx_word' id='word_1_874' title='bbox 2947 5572 2998 5622; x_wconf 91' lang='lat' dir='ltr'><strong>in</strong></span> <span class='ocrx_word' id='word_1_875' title='bbox 3025 5571 3236 5638; x_wconf 85' lang='lat' dir='ltr'><strong>vulgus,</strong></span> <span class='ocrx_word' id='word_1_876' title='bbox 3260 5582 3354 5624; x_wconf 87' lang='lat' dir='ltr'><strong>seu</strong></span> <span class='ocrx_word' id='word_1_877' title='bbox 3385 5569 3567 5625; x_wconf 65' lang='lat' dir='ltr'><strong>latcetn</strong></span> <span class='ocrx_word' id='word_1_878' title='bbox 3598 5565 3775 5637; x_wconf 68' lang='lat' dir='ltr'><strong>populi</strong></span> 
     </span>
    </p>
   </div>
   <div class='ocr_carea' id='block_1_114' title="bbox 2221 5640 3281 5711">
    <p class='ocr_par' dir='ltr' id='par_1_114' title="bbox 2221 5640 3281 5711">
     <span class='ocr_line' id='line_1_114' title="bbox 2221 5640 3281 5711; baseline 0 -18"><span class='ocrx_word' id='word_1_879' title='bbox 2221 5641 2464 5711; x_wconf 76' lang='lat' dir='ltr'><strong>relegari,</strong></span> <span class='ocrx_word' id='word_1_880' title='bbox 2494 5640 2561 5695; x_wconf 89' lang='lat' dir='ltr'><strong>ob</strong></span> <span class='ocrx_word' id='word_1_881' title='bbox 2591 5641 2855 5711; x_wconf 84' lang='lat' dir='ltr'><strong>ignaviam</strong></span> <span class='ocrx_word' id='word_1_882' title='bbox 2889 5642 2969 5697; x_wconf 80' lang='lat' dir='ltr'><strong>vel</strong></span> <span class='ocrx_word' id='word_1_883' title='bbox 3002 5640 3281 5710; x_wconf 80' lang='lat' dir='ltr'><strong>ﬂagitium.</strong></span> 
     </span>
    </p>
   </div>
  </div>
