3826 6226
90 278 152 333 υτ
937 286 1379 346 DISSERTATIO
1426 290 1487 359 II,
1537 292 1626 348 DE
1655 294 1713 350 S.
1744 291 2040 353 'ZENONIS
2088 296 2442 355 DOCTltINA.
3255 310 3350 368 98~

89 393 444 448 recensuisset
476 401 704 451 tractatu
736 399 958 468 septimo
986 411 1038 456 et
1063 412 1252 458 octavo
1277 447 1291 472 ,
1340 405 1432 472 sed
1479 406 1609 463 duas
1637 450 1652 475 ,
1684 411 1737 472 Α
1763 421 2090 479 representat
2113 429 2174 468 ac
2203 416 2475 484 exprimit,
2508 424 2590 469 est
2621 414 2802 484 Imago
2827 417 2992 486 genita
3018 415 3190 473 Filius
3223 461 3238 484 ,
3268 432 3328 476 ut

89 485 303 537 alterunt
332 501 434 556 qua
461 487 512 541 in
545 488 723 543 Patris
752 492 1070 546 conscientia
1102 495 1307 549 velatus
1335 497 1651 564 latuit,,alte-

89 589 192 628 ram
217 591 321 646 qua
355 578 550 647 prodiit
582 581 637 633 in
665 581 877 636 creandi
908 584 1050 638 orbis
1079 588 1359 642 consilium
1381 632 1395 657 ,
1418 624 1421 628 -
1446 591 1511 647 de
1550 608 1650 662 qua

89 685 183 724 una
229 669 480 726 Petavius
525 673 896 741 difficultatem
943 680 1165 751 ingerit,
1219 699 1314 739 nec
1364 688 1649 744 secundam

89 763 362 833 utrobique
410 768 683 835 posuisset
713 769 877 836 illam,
907 787 1006 842 qua
1040 775 1091 828 in
1123 782 1364 848 tempore
1389 778 1455 834 de
1481 789 1651 838 matre

87 853 288 923 genitus
332 854 449 911 fuit.
495 856 627 912 Cum
677 859 852 930 itaque
902 872 1125 934 utroque
1153 867 1207 921 in
1240 877 1462 926 tractatu
1490 887 1647 929 unam

89 954 281 1022 uatum
305 945 422 1002 Filii
453 950 786 1005 nativitatem
818 967 882 1008 ex
910 953 1066 1012 Patre
1091 999 1107 1024 ,
1137 941 1357 1018 alteram
1385 979 1449 1018 ex
1480 976 1649 1022 matre

88 1047 384 1094 constanter
415 1052 730 1108 recenseat;
776 1044 910 1101 duas
954 1047 1193 1119 ejusdem
1233 1069 1300 1109 ex
1325 1055 1652 1116 Patre-nati-

89 1131 269 1186 vitates
318 1131 574 1188 hactenus
616 1134 911 1206 descriptas
962 1156 1067 1196 non
1117 1147 1298 1210 novit,
1355 1149 1448 1204 sed
1505 1152 1649 1209 illam

89 1235 240 1275 unam
263 1229 463 1278 tantum
480 1226 697 1293 primam
721 1229 789 1282 ah
808 1245 872 1284 eo
897 1216 1216 1303 appellatam
1246 1239 1455 1296 videtur
1478 1258 1644 1314 agno-

89 1312 250 1378 visse,
281 1327 380 1382 qua
415 1331 463 1367 tn
492 1317 758 1375 condendi
778 1322 922 1377 orbis
971 1324 1410 1387 deliberationem
1456 1312 1532 1389 ex.
1558 1351 1653 1393 ore

89 1401 252 1458 Patris
281 1404 544 1473 prodiisse
577 1450 592 1470 .
643 1419 696 1466 et
719 1427 750 1467 e
775 1413 993 1483 regione
1019 1419 1197 1474 cordis
1238 1434 1508 1480 eructatus
1539 1435 1650 1482 tra-

89 1495 242 1551 ditur.
273 1497 396 1554 Haec
412 1500 515 1554 etsi
543 1513 727 1559 contra
758 1506 1025 1565 Zenonem
1069 1513 1335 1569 modicum
1364 1518 1446 1573 vel
1478 1519 1653 1590 potius

91 1588 305 1644 nihilum
327 1591 552 1656 valeant,
583 1597 779 1667 quippe
805 1603 923 1670 quae
939 1617 1003 1657 ex
1027 1604 1146 1660 aliis
1166 1607 1405 1676 ejusdem
1429 1588 1617 1667 senten
1634 1644 1650 1656 -

93 1680 172 1733 tiis
219 1682 542 1741 nativitatem
589 1687 786 1745 Christi
835 1702 1087 1752 aeternam
1139 1713 1203 1753 ac
1249 1699 1300 1753 in
1330 1701 1450 1756 sinu
1480 1701 1654 1758 Patris

1756 499 1814 556 S.
1829 501 2052 557 Basilius
2069 505 2298 574 loquitur
2313 506 2444 560 libro
2459 522 2493 558 ιι
2512 515 2695 559 contra
2717 505 2971 578 [Lxxxvn]
2990 510 3324 578 Ennomium,

1753 607 1843 646 seu
1869 591 2047 665 Imago
2065 606 2203 659 nata,
2224 605 2282 650 ut
2297 599 2371 650 ait
2386 598 2709 666 AnguStiuus
2736 597 2826 652 lib.
2845 613 2920 652 vn
2955 599 3023 652 de
3043 599 3322 666 Trinitate,

1752 697 1868 753 cap.
1900 685 1950 737 7.
1981 686 2091 740 Hoc
2121 689 2333 742 tandem
2361 687 2620 753 Verbum,
2643 701 2750 757 quo
2781 686 2938 742 Pater
2966 689 3100 744 dixit
3125 691 3323 768 omnia,

1751 778 1930 831 omnia
1959 779 2168 849 pariter
2183 779 2421 850 perfecte
2447 789 2796 848 repraesentat
2824 823 2838 847 ,
2884 795 2947 836 ac
2972 783 3194 852 proinde
3223 784 3324 840 ltoc

1751 869 1982 926 Verbum
2042 881 2124 927 est
2170 872 2388 942 Imago,
2438 882 2491 926 et
2537 875 2649 926 haec
2694 872 2872 944 Imago
2914 883 2996 931 est
3047 874 3317 945 Verbum',

1751 971 2034 1034 utrumque
2059 972 2238 1017 autem
2269 963 2435 1018 Filius
2460 978 2491 1018 a
2521 963 2677 1019 Patre
2699 967 2907 1034 genitus
2936 975 3034 1024 est.

1822 1055 1916 1111 His
1951 1055 2244 1126 praemissis
2269 1055 2398 1110 illud
2424 1054 2522 1110 hac
2545 1071 2788 1126 supertre
2810 1062 2970 1129 quaeri
2989 1060 3097 1131 jam
3124 1072 3323 1134 potest,

1754 1155 1934 1202 utrum
1960 1147 2046 1202 ltic
2074 1146 2240 1202 Filius
2271 1147 2339 1201 sit
2359 1146 2595 1202 Verbum
2626 1147 2795 1203 Patris
2816 1191 2831 1218 ,
2861 1161 3121 1222 quatenus
3149 1152 3326 1210 divina

1752 1235 1930 1294 omnia
1961 1240 2096 1294 ineo
2123 1238 2268 1293 dicta
2289 1247 2434 1302 sunt,
2465 1254 2532 1294 an
2553 1242 2712 1295 etiam
2734 1253 2992 1312 quatenus
3022 1245 3073 1300 in
3101 1262 3165 1303 eo
3186 1247 3326 1304 dicta

1752 1337 1878 1384 sunt
1914 1343 2034 1397 quae
2062 1327 2291 1382 crcanda
2333 1327 2483 1384 fuere
2536 1328 2698 1402 (quod
2735 1331 2904 1402 ipsum
2934 1335 3001 1389 ad
3028 1334 3218 1391 Filium
3251 1339 3326 1393 uti

1753 1420 2044 1491 Imaginem
2086 1420 2264 1477 divina
2309 1431 2364 1478 et
2401 1424 2627 1478 creanda
2657 1436 3127 1495 repraesentantem
3153 1438 3328 1486 trans-
3414 1438 3416 1442 '

1755 1513 1883 1570 ferri
1910 1514 2108 1586 potest)
2133 1514 2221 1570 ubi
2242 1516 2644 1584 sipossibilium
2663 1519 2986 1576 mentionem
3008 1523 3323 1588 omittimus,

1755 1620 1914 1658 nemo
1936 1614 2284 1672 succenseat;
2315 1621 2436 1661 nam
2460 1616 2812 1678 praeterquam
2840 1598 2979 1681 quod
3008 1611 3073 1667 de
3105 1603 3332 1682 possibi-

1763 1694 1904 1750 libus
1930 1695 2028 1751 SS.
2070 1695 2254 1752 Patres
2296 1698 2549 1754 adversus
2578 1701 2802 1756 Arianos
2843 1701 3178 1772 disputantes
3219 1718 3324 1760 non

91 1773 309 1829 abditam
336 1775 535 1834 diserte
577 1785 930 1841 statuentibus
968 1789 1098 1846 satis
1137 1807 1404 1864 superque
1443 1781 1652 1850 dituan;
1682 1807 1730 1867 Β
1763 1789 1832 1842 ita
1864 1788 2063 1844 diserte
2092 1805 2152 1844 ac
2178 1790 2428 1847 distincte
2459 1791 2618 1846 locuti
2651 1793 3014 1861 inveniuntur,
3047 1797 3124 1850 uti
3152 1796 3219 1851 de
3246 1795 3326 1852 di-

93 1874 206 1930 tur;
257 1881 442 1957 tamen
465 1887 532 1928 ne
558 1873 613 1929 in
641 1891 752 1932 rem
779 1887 1017 1934 nostram
1049 1882 1336 1953 quidquam
1369 1884 1550 1952 desit,
1582 1887 1649 1942 ad

93 1959 236 2014 aliam
264 1961 380 2032 ejus
403 1964 687 2025 locutionis
714 1972 1042 2040 explicanda:
1064 1977 1350 2046 rationem,
1371 1995 1492 2050 quae
1515 1980 1653 2036 banc

94 2053 299 2118 primam
329 2071 432 2111 non
463 2057 705 2115 destruet
731 2063 946 2133 quidem
981 2107 998 2132 ,
1050 2067 1143 2122 sed
1198 2071 1374 2138 potius
1411 2080 1651 2138 statuet,

97 2140 500 2217 Iuculentiusque
519 2151 825 2222 explicabit.
862 2157 1288 2227 progrediamur,
1317 2159 1459 2216 unde
1480 2163 1656 2218 omnis

97 2233 363 2292 difﬁcultas
393 2241 550 2308 plane
578 2242 896 2313 disjicietur.

99 2370 139 2440 ἓ.
159 2369 216 2427 ν.
236 2403 304 2414 -
328 2374 527 2432 Eadem
549 2379 862 2444 Zenoniattte
888 2386 1160 2444 locutionis
1181 2391 1531 2459 interpretatio
1557 2397 1661 2450 alia

255 2465 448 2525 ratione
472 2474 758 2541 explicatur
778 2480 1023 2547 apertius,
1051 2492 1202 2552 atque
1218 2487 1479 2541 statuitur.

161 2602 293 2660 Inter
315 2606 494 2675 plures
549 2623 710 2666 voces
755 2613 950 2684 quibus
979 2618 1210 2674 secunda
1239 2620 1513 2679 Trinitatis
1541 2640 1660 2694 per-

101 2707 215 2748 sona
255 2711 318 2751 ex
367 2713 638 2755 sacrarum
669 2701 992 2762 Litterarum
1039 2711 1358 2769 auctoritate
1395 2715 1661 2787 prmcipuo

104 2789 300 2844 nomine
326 2792 628 2860 appellatur
649 2809 681 2849 a
710 2793 958 2853 Patribus
978 2841 993 2866 ,
1027 2807 1136 2857 tres
1164 2802 1274 2857 illm
1294 2812 1499 2861 tantum
1537 2816 1661 2863 sunt

104 2878 320 2950 ejusdem
349 2897 593 2953 personae
618 2886 689 2942 ita
710 2889 939 2958 preprite
967 2901 1023 2946 et
1046 2893 1343 2965 singulares
1371 2940 1384 2963 ,
1417 2906 1475 2952 ut
1509 2899 1660 2954 alteri

108 2984 160 3022 ex
187 2971 371 3028 divinis
395 2979 640 3044 personis
668 2995 772 3036 non
803 2984 1156 3053 conveniant,
1189 2989 1438 3046 nimirum
1467 2990 1657 3057 Filius,

115 3057 333 3130 Verbum,
357 3063 556 3139 Imago,
586 3079 644 3125 ut
665 3069 865 3128 diserte
885 3077 1077 3137 statuit
1102 3079 1454 3150 Augustinus
1480 3083 1570 3138 lib.
1627 3098 1660 3136 v

1759 1878 1899 1932 vinis
1921 1886 2081 1949 atque
2117 1882 2347 1946 creatis;
2377 1895 2498 1936 cum
2537 1882 2806 1949 possibilia
2836 1887 3047 1956 cognita
3075 1885 3323 1959 dictaque

1759 1972 2062 2028 necessario
2091 1971 2287 2029 fuerint
2314 1990 2380 2031 ex
2405 1975 2538 2046 ipsis
2560 1977 2830 2032 attributis
2855 1978 3054 2033 divinis
3071 2019 3084 2042 ,
3117 1972 3327 2051 cegnita

1759 2070 1814 2116 et
1842 2061 1983 2118 dicta
2020 2063 2073 2118 in
2103 2065 2478 2121 attributorutn
2508 2066 2809 2123 divinorum
2843 2070 3106 2125 rationem
3129 2071 3331 2142 aliqua-

1761 2165 1915 2210 tenus
1940 2161 2234 2227 computari
2257 2158 2480 2228 qu'eunt.
2504 2160 2580 2216 De
2606 2159 2740 2216 Filio
2761 2160 2960 2231 itaque,
2989 2161 3069 2217 uti
3098 2162 3331 2220 Verbum

1761 2258 1878 2317 est,
1927 2252 2512 2322 reponit-Augustinus
2553 2253 2606 2308 in
2654 2254 2792 2308 libro
2835 2254 3198 2323 Qumstionunt
3240 2256 3330 2325 85,

1765 2354 1955 2413 qmest.
2007 2343 2116 2408 63',
2146 2345 2323 2399 omnia
2355 2346 2407 2399 in
2443 2345 2634 2402 Nerbo
2659 2346 2765 2424 dici
2787 2348 3038 2404 debuisse
3063 2363 3092 2403 a
3136 2349 3293 2404 Patre
3314 2390 3331 2416 ,

1763 2451 1868 2492 non
1905 2445 2010 2492 tam
2040 2452 2158 2508 qua:
2197 2437 2369 2496 Patris
2408 2448 2534 2494 sunt
2581 2455 2738 2509 quam
2773 2445 2892 2511 quas
2914 2442 2980 2497 ad
3007 2457 3092 2498 res
3125 2453 3333 2499 creatas

1763 2528 2059 2598 pertinent;
2085 2537 2140 2584 et
2161 2527 2359 2605 idcirco
2376 2530 2592 2601 quidem
2623 2530 2843 2587 Verbum
2863 2533 3066 2604 appella
3076 2534 3118 2588 ri
3143 2533 3334 2590 Filium

1765 2620 1858 2676 Dei
1897 2620 2114 2686 melius,
2149 2636 2311 2691 quam
2350 2622 2600 2676 rationem
2631 2632 2886 2690 testatur,
2915 2632 2969 2678 ut
2996 2616 3330 2696 signiﬁcetur,

1761 2712 1966 2782 inquit,
2012 2727 2114 2767 non
2159 2711 2322 2766 solum
2363 2710 2431 2765 ad
2471 2710 2683 2767 Patrem
2724 2722 2997 2783 respectus,
3024 2715 3113 2769 sed
3147 2715 3214 2769 ad
3239 2715 3333 2771 illa

1762 2805 1913 2860 etiam
1939 2819 2052 2874 quae
2085 2820 2173 2874 per
2209 2802 2425 2857 Verbum
2458 2807 2593 2874 facta
2617 2813 2757 2871 sunt,
2787 2807 3043 2875 operativa
3069 2809 3329 2877 potentia:

1761 2877 1893 2951 ratio
1920 2905 2090 2952 autem
2107 2937 2123 2962 ,
2157 2895 2250 2962 etei
2273 2896 2404 2951 nihil
2443 2912 2532 2968 per
2557 2894 2702 2950 illam
2725 2898 2871 2968 facit,
2901 2906 3036 2954 recte
3055 2899 3188 2953 ratio
3207 2898 3336 2954 dici-

1762 2998 1865 3042 tur.
1893 2987 2028 3042 Nibil
2054 2986 2217 3059 igitur
2243 2996 2361 3052 est,
2392 2987 2531 3058 quod
2560 2986 2720 3044 Pater
2743 2989 2794 3041 in
2820 2986 2961 3044 Filio
2987 3004 3091 3043 non
3114 2989 3329 3059 dixerit,

1763 3083 1876 3136 sive
1903 3082 1968 3136 ad
2007 3082 2291 3136 essentiam
2321 3095 2385 3136 ac
2411 3080 2663 3136 attributa
2707 3082 3061 3153 notionesque
3087 3082 3220 3139 alias
3257 3083 3344 3138 di~

111 3153 165 3208 de
188 3155 458 3227 Trinitate,
513 3177 668 3218 num.
701 3164 804 3232 14,
839 3179 893 3222 et
923 3168 1016 3224 lib.
1049 3185 1142 3238 vu,
1175 3188 1322 3227 num.
1359 3175 1384 3228 1
1429 3183 1480 3228 et
1506 3189 1654 3245 seqq.
1687 3190 1732 3254 ρ
1762 3175 1914 3229 vinas
1939 3215 1954 3238 ,
1984 3173 2096 3228 sive
2124 3172 2188 3228 ad
2224 3187 2312 3228 res
2354 3171 2614 3228 creandas
2648 3180 2854 3250 spectet
2899 3190 2913 3226 :
2953 3188 3109 3230 secus
3135 3175 3181 3230 si
3209 3175 3336 3245 quid

116 3247 175 3302 De
199 3247 315 3304 Filii
341 3253 558 3310 nomine
583 3267 766 3328 aperta
799 3275 888 3315 res
912 3272 991 3316 est
1017 3305 1032 3328 ,
1062 3263 1259 3334 quippe
1285 3265 1452 3320 Filius
1480 3267 1660 3322 relati-
1698 3247 1731 3254 v
1762 3273 1867 3344 non
1901 3264 2124 3321 dixisset
2152 3265 2205 3319 in
2234 3264 2370 3320 Filio
2391 3307 2408 3333 ,
2439 3265 2582 3322 aliud
2617 3247 2850 3336 Verbum
2879 3282 2908 3321 a
2947 3264 3085 3323 Filio
3103 3268 3356 3340 distinc-~

116 3353 197 3395 tus
218 3351 296 3398 est
333 3347 596 3402 terminus
621 3350 871 3406 secunda:
897 3367 1145 3424 persona}
1171 3355 1242 3408 ita
1273 3356 1515 3426 proprius
1536 3399 1552 3424 ,
1603 3367 1660 3413 ut

115 3427 313 3491 aliarum
338 3439 541 3495 nemini
564 3451 844 3514 congruat.
893 3445 949 3500 Id
984 3447 1156 3514 ipsum
1198 3448 1477 3505 ,sutem'de
1509 3449 1660 3505 Verbi

117 3535 160 3578 et
182 3524 417 3601 lanuginis
441 3534 800 3604 appellatione
827 3539 1159 3594 sentiendum
1192 3539 1364 3609 palam
1391 3555 1458 3598 ex
1487 3555 1552 3597 eo
1577 3541 1655 3610 ﬁt,

119 3620 238 3684 quod
287 3637 388 3679 non
421 3626 598 3706 minus
633 3619 799 3692 Euius
819 3631 1075 3686 terminus
1099 3633 1167 3686 sit
1199 3633 1449 3690 relativus
1497 3651 1656 3707 quam

121 3707 305 3784 Imago,
337 3704 494 3789 quam
533 3717 769 3772 Verbum.
811 3719 953 3793 Nam.
982 3719 1195 3776 Verbum
1221 3723 1414 3778 nonad
1441 3741 1494 3781 se
1515 3704 1659 3780 eici-

122 3812 207 3869 tur,
229 3808 300 3862 ait
324 3800 647 3880 Augustinus
676 3810 768 3865 lib.
798 3826 868 3866 vn
904 3811 972 3867 de
992 3811 1274 3882 Trinitate,
1304 3827 1451 3872 nutn‘.
1486 3817 1540 3882 3,
1571 3817 1659 3872 sed

123 3903 288 3952 tantum
320 3901 525 3955 relative
552 3899 622 3954 ad
641 3917 754 3954 eum
778 3941 792 3964 ,
825 3903 972 3973 cujus
1005 3901 1226 3958 Verbum
1250 3915 1324 3960 est
1340 3923 1360 3971 ;
1390 3915 1446 3962 et
1473 3906 1661 3962 simili-

123 3996 189 4042 ter
211 3989 271 4047 de
295 3991 522 4066 [magiae
553 3993 779 4064 loquens
808 3992 1036 4050 Hilarius
1081 3996 1132 4049 in
1180 3996 1273 4052 lib.
1300 3997 1367 4053 de
1405 3999 1657 4071 Synodis,

123 4085 372 4141 autin”:
422 4084 601 4158 Neque
625 4085 758 4141 enim
795 4087 902 4158 ipse
921 4085 1018 4149 sibi
1053 4090 1320 4159 quisquam
1345 4093 1514 4165 imago
1545 4103 1658 4158 est,

124 4174 334 4240 sedeam,
355 4181 503 4251 cujus
523 4178 689 4249 imago
717 4187 790 4232 est
809 4218 823 4242 ,
869 4195 1068 4235 necesse
1093 4191 1165 4235 est
1187 4191 1241 4235 ut
1261 4183 1428 4254 imago
1455 4185 1665 4240 demort-

125 4273 240 4322 ttret.
283 4265 403 4324 Tria
429 4270 544 4337 bare
569 4278 748 4325 autem
773 4271 989 4325 nomina
1013 4313 1029 4340 ,
1058 4273 1251 4344 quibus
1275 4276 1507 4332 secunda
1540 4277 1666 4333 Per-

127 4367 234 4412 sona
254 4360 590 4429 signiﬁcatr,
617 4376 677 4416 re
704 4377 866 4417 unum
898 4362 1148 4437 idemque
1175 4377 1320 4436 sunt,
1355 4384 1459 4426 non
1490 4371 1662 4428 solum

127 4449 241 4518 quod
264 4467 391 4507 unus
419 4452 668 4523 idemque
685 4462 770 4509 est
797 4455 905 4521 ille,
937 4457 1030 4527 qui
1056 4457 1226 4514 tribus
1247 4459 1402 4516 hisce
1438 4464 1666 4519 nomini-

1759 3367 1868 3414 tum
1901 3359 2174 3430 genuisset
2214 3358 2402 3424 Pater,
2442 3362 2493 3414 in
2526 3376 2632 3432 quo
2662 3375 2764 3428 ea,
2814 3377 2940 3433 quas.
2959 3362 3013 3418 in
3056 3363 3191 3419 Filio
3231 3379 3338 3420 non

1758 3453 1912 3517 dixit.
1938 3455 2277 3521 dicerentur;
2310 3464 2365 3511 et
2393 3457 2464 3511 ita
2490 3456 2650 3512 alium
2683 3456 2876 3532 Filium
2903 3457 3214 3530 habuisset;
3230 3474 3336 3516 non

1760 3546 2139 3617 unicutn;quia
2157 3548 2202 3602 si
2218 3549 2377 3603 multa
2395 3548 2564 3614 verba,
2599 3549 2744 3603 multi
2771 3559 2816 3604 et
2844 3548 2992 3612 Filii,
3018 3535 3186 3623 inquit
3206 3551 3336 3606 Am-

1758 3636 1970 3693 brosius
1989 3637 2057 3695 de
2079 3638 2451 3696 Incarnatione
2476 3640 2704 3706 Domini,
2732 3656 2850 3712 cap.
2882 3641 2937 3696 2.
2962 3642 3131 3698 Porro
3152 3645 3251 3701 etsi
3281 3646 3335 3701 in

1758 3731 2058 3787 aeternitate
2087 3731 2217 3787 nihil
2247 3734 2312 3787 sit
2359 3733 2507 3804 prius
2529 3747 2590 3788 ac
2621 3734 2915 3804 posterius.
2948 3749 3109 3805 porro
3137 3746 3336 3793 nostra:

1761 3831 1940 3878 tamen
1988 3825 2185 3880 mentis
2224 3825 2576 3898 intelligentia
2611 3827 2756 3898 prius
2785 3826 3034 3897 quiddam
3065 3837 3120 3884 et
3157 3840 3335 3900 poste~

1760 3918 1872 3973 rius
1927 3919 2335 3998 concipiendum
2393 3932 2494 3977 est.
2554 3922 2709 3976 Prius
2770 3922 2913 3977 enim
2965 3937 3126 3993 quam
3177 3924 3338 3981 Pater

1759 4013 2019 4080 creandas
2049 4027 2136 4068 res
2179 4015 2230 4068 in
2263 4013 2399 4069 Filio
2441 4014 2680 4081 diceret,
2709 4029 2826 4084 qute
2865 4029 2894 4067 a
2937 4025 3047 4070 tota
3077 4015 3339 4074 Trinitate

1762 4101 1930 4158 libero
1971 4103 2188 4160 decreto
2221 4091 2526 4159 constituta:
2566 4102 2820 4170 fuerunt,
2847 4105 3232 4174 concipiendos
3259 4117 3343 4163 est

1762 4192 1918 4247 Pater
1941 4194 2190 4262 genuisse
2208 4193 2468 4265 Verbum,
2496 4188 2640 4262 quod
2666 4210 2786 4251 cum
2818 4197 3038 4267 genuit,
3071 4198 3205 4254 dixit
3225 4213 3344 4255 om-

1765 4286 1852 4339 nia
1877 4284 2058 4340 tlivina
2080 4329 2096 4353 ,
2140 4300 2204 4341 ac
2240 4285 2423 4342 divina
2453 4288 2632 4343 omnia
2671 4291 3077 4360 reprmsentavit
3109 4307 3122 4344 :
3154 4298 3210 4346 et.
3239 4291 3341 4347 ltoc

1765 4376 1926 4447 priori
1950 4377 2171 4432 rationis
2196 4376 2351 4449 signo
2376 4379 2540 4433 Filius
2559 4421 2574 4445 ,
2598 4379 2797 4449 Imago,
2821 4391 2876 4435 et
2904 4379 3136 4442 Verbum
3166 4382 3338 4438 Patris

1767 4479 1921 4526 natus
1942 4483 2070 4525 vere
2105 4467 2226 4537 fuit,
2256 4479 2312 4524 at
2336 4470 2388 4525 in
2419 4485 2521 4524 una
2549 4471 2721 4527 Patris
2749 4472 3074 4528 conscientia
3103 4473 3328 4540 latebat,

131 4537 208 4636 bus
232 4541 550 4636 appellatur,
599 4545 694 4601 sed
738 4548 898 4602 etiam
942 4550 1085 4619 quod
1124 4552 1358 4606 secunda
1388 4552 1662 4611 Trinitatis
1686 4562 1741 4624 D
1765 4561 1904 4632 quod
1941 4561 2074 4616 nihil
2101 4560 2233 4618 foris
2259 4562 2553 4618 creandum
2583 4574 3025 4636 reprasentaret,
3062 4582 3160 4622 nec
3193 4537 3336 4625 dice-

133 4628 325 4690 Persona
350 4632 544 4693 ideirco
570 4648 655 4692 est
685 4637 858 4695 Patris
887 4639 1075 4708 Filius,
1104 4644 1227 4714 quia
1258 4645 1436 4718 Imago
1460 4660 1513 4702 et
1529 4649 1664 4704 Ver-

135 4719 330 4780 benest
355 4727 558 4793 Patris;
585 4727 709 4783 ideo
735 4728 933 4802 Imago,
963 4734 1085 4802 quia
1110 4735 1342 4792 Verbum
1379 4750 1432 4795 et
1460 4738 1664 4806 Filius;

137 4810 231 4868 ideo
270 4818 472 4877 tandem
505 4819 740 4876 Verbum
763 4863 778 4886 ,
823 4825 946 4893 quia
995 4826 1160 4885 Filius
1206 4840 1260 4887 et
1290 4832 1466 4906 Imago
1493 4835 1669 4891 Patris

139 4911 228 4996 est:
251 4924 414 4980 neque
440 4911 582 4966 enim
624 4913 768 4968 aliud
795 4915 955 4972 Pater
977 4922 1196 4990 genuit,
1218 4937 1343 4979 cum
1372 4927 1555 4996 genuit
1579 4927 1666 4982 Fi-

146 4991 264 5063 lium,
289 5017 440 5072 quam
469 5004 570 5059 boc
599 5003 858 5074 Verbum,
885 5008 1024 5066 hanc
1052 5011 1341 5085 Imaginem
1371 4991 1572 5088 genuit,
1615 5027 1671 5075 ut

147 5093 330 5158 proinde
363 5112 466 5150 non
493 5098 690 5152 .minus
733 5099 869 5155 Filio
930 5119 1086 5174 quam
1131 5107 1309 5164 Verbo
1361 5119 1418 5165 et
1454 5111 1671 5182 lmagini

144 5183 349 5241 nativitas
381 5187 665 5257 tribuatur.
725 5191 890 5247 Porro
936 5193 1168 5252 Verbum
1220 5199 1417 5256 dicitur
1459 5201 1625 5264 Filius
1650 5247 1664 5270 ,

144 5283 364 5339 quatenus
387 5277 539 5334 Pater
567 5279 620 5334 in
648 5294 714 5334 eo
739 5283 1002 5351 gignendo
1027 5286 1160 5342 dixit
1188 5291 1367 5345 omnia
1402 5309 1414 5345 :
1463 5302 1518 5349 et
1567 5293 1668 5349 hoc

147 5357 360 5432 Verbum,
380 5369 517 5438 quod
544 5369 700 5434 dixit,
732 5384 850 5426 cum
880 5373 1014 5435 dixit
1032 5379 1230 5444 omnia,
1260 5384 1349 5435 est
1373 5382 1464 5437 ille
1484 5380 1669 5450 Filius,

147 5465 272 5520 quin
307 5462 498 5528 genuit.
541 5461 724 5532 Imago
766 5453 943 5521 autem
972 5467 1143 5525 Patris
1183 5471 1321 5527 idem
1352 5472 1521 5528 Filius
1547 5483 1627 5530 est
1656 5515 1671 5539 ,

148 5553 362 5609 quatenus
389 5553 620 5621 perfecta
648 5569 770 5610 cum
800 5557 1165 5627 similitudine,
1195 5577 1313 5631 qua:
1341 5562 1394 5616 in
1417 5577 1503 5618 res
1522 5578 1674 5622 crea-

152 5638 215 5687 tas
238 5652 328 5696 non
352 5644 490 5700 cadit
515 5687 531 5712 ,
561 5648 744 5704 omnia
771 5649 944 5707 Patris
986 5654 1237 5723 exprimit
1278 5668 1341 5709 ac
1375 5668 1674 5725 reprmsen-

1768 4661 1867 4706 ret.
1902 4651 2090 4707 Postea
2116 4663 2245 4707 vero
2265 4647 2331 4706 ut
2357 4654 2570 4710 creandi
2599 4654 2745 4710 orbis
2774 4655 3050 4711 decretura
3083 4656 3332 4723 ferretur,

1768 4743 1899 4799 dixit
1937 4743 2096 4801 Pater
2120 4760 2240 4816 qua:
2261 4745 2432 4801 creari
2461 4745 2704 4813 volebat,
2737 4756 2790 4801 et
2817 4758 2926 4801 tum
2952 4762 2983 4802 e
3013 4758 3254 4817 paterno,
3285 4749 3337 4804 in

1770 4853 1875 4908 quo
1903 4836 2249 4894 delitescebat
2278 4839 2416 4902 sinu,
2461 4838 2698 4910 prodivit
2730 4838 2956 4894 Verbum
2983 4839 3212 4895 creanda
3257 4839 3339 4892 di-

1763 4943 1899 4988 .cens
1926 4939 2085 4999 atque
2115 4930 2439 4999 respiciens,
2474 4931 2527 4984 in
2553 4945 2659 5001 quo
2686 4931 2860 4986 omnia
2884 4930 3111 4986 creanda
3136 4945 3332 5000 reprte.

1777 5020 2140 5077 scrutabantur.
2187 5019 2318 5075 lllud
2350 5021 2497 5091 prius
2530 5021 2637 5075 fuit
2674 5020 2904 5077 Verbum
2944 5023 3113 5077 Patris
3154 5032 3331 5079 natum

1775 5110 1875 5166 soli
1915 5111 2065 5178 Deo,
2099 5111 2240 5166 istud
2289 5112 2551 5181 posterius
2578 5112 2674 5167 fuit
2713 5112 2839 5168 item
2867 5113 3038 5166 Patris
3065 5111 3289 5168 Verbum
3316 5157 3332 5183 ,

1773 5202 1871 5260 sed
1903 5204 2138 5273 genitum
2157 5245 2170 5264 .
2196 5203 2425 5274 quodam
2453 5203 2610 5259 modo
2647 5205 2798 5258 nobis
2821 5243 2836 5268 ,
2871 5211 2927 5257 ut
2949 5202 3192 5273 Gregorii
3219 5205 3339 5263 Bac-

1772 5295 1865 5353 tici
1892 5295 2116 5351 formula
2145 5296 2172 5367 §
2198 5296 2478 5372 Sirecitata
2505 5304 2729 5350 utamur.
2757 5295 2883 5348 Cum
2910 5296 3167 5352 vero‘ltoc
3193 5300 3341 5367 prius

1776 5380 1840 5442 a'c
1868 5385 2160 5456 posterius,
2191 5385 2333 5456 quad
2366 5400 2460 5455 pro
2485 5395 2642 5454 captu
2674 5389 2859 5440 t’tostro
2885 5385 3079 5456 duplex
3110 5389 3342 5447 diximus

1778 5477 2041 5542 Verbum,
2071 5479 2293 5531 alterum
2332 5476 2547 5538 divina,
2568 5475 2798 5532 alterum
2832 5489 3011 5534 creata
3043 5468 3343 5551 respiciens

1781 5567 1958 5640 (quam
1986 5565 2249 5634 duplicem
2281 5574 2551 5643 respectus
2577 5566 2974 5626 distinctionem
3014 5573 3345 5643 Augustinus

1781 5671 1919 5712 nunc
1943 5670 2114 5725 nuper
2143 5654 2387 5711 laudatus
2422 5656 2712 5729 suggessit)
2742 5658 2795 5714 in
2822 5661 3007 5718 divino
3036 5663 3177 5722 Filio
3197 5708 3214 5735 ,
3255 5669 3346 5742 qui

155 5729 244 5780 tat:
271 5741 320 5785 et
343 5733 448 5791 hac
477 5735 658 5810 Imago
683 5781 697 5807 ,
729 5757 850 5813 qute
874 5742 1009 5800 adeo
1036 5743 1268 5813 perfecte
1293 5743 1470 5800 omnia
1502 5744 1678 5801 Patris
1779 5746 2202 5818 simplicissimus
2252 5755 2334 5801 est
2356 5786 2372 5813 ,
2422 5761 2527 5803 non
2577 5750 2648 5803 sit
2686 5748 2884 5821 duplex
2931 5753 3160 5813 Verbum
3184 5729 3210 5826 ,ν
3249 5729 3346 5816 sed
