3826 6226
571 314 637 374 09
735 272 740 276 ’
1291 383 1296 388 ,
1951 319 2480 381 PROLEGOMENA.

3697 319 3798 388 (iul

573 445 734 482 unum
767 429 908 501 (quia
943 429 1113 494 Verbi,
1146 446 1243 498 quo
1271 445 1324 482 se
1360 429 1518 495 dicit,
1544 439 1589 486 et
1617 431 1785 496 Verbi,
1817 447 1914 502 quo
1941 443 2136 486 creatu-
2169 436 2215 493 Α
2245 449 2456 502 rumque
2483 405 2682 502 fecisse,
2715 445 2834 502 quae
2868 428 3053 486 eadem
3081 435 3464 484 commemorat
3497 427 3797 483 Athanasii:

568 537 680 572 mm
721 521 887 585 dicit,
927 538 1032 574 una
1069 520 1349 574 substantia
1388 531 1501 588 est,
1542 523 1714 592 inquit
1758 523 2044 579 Anselmus
2088 526 2137 578 in

576 610 775 664 Monol.
816 626 932 679 cap.
965 612 1066 676 51,
1102 626 1241 665 nunc
1269 613 1362 680 55)
1392 611 1515 667 hinc
1546 630 1680 668 unus
1712 614 1912 680 Filius,
1946 616 2139 668 nativi-

568 709 647 754 tas
673 709 867 754 aiterna
895 702 1047 756 unica
1074 743 1088 768 ,
1134 717 1239 755 non
1271 703 1467 772 duplex
1495 705 1620 773 jure
1647 717 1695 760 et
1743 707 1933 761 stricte
1967 721 1996 760 a
2041 705 2142 759 Ze;

565 805 703 843 none
731 790 1057 846 memoratur
1084 801 1241 848 tract.
1275 794 1306 846 7
1332 804 1386 849 et
1415 795 1482 860 8,
1516 795 1645 851 licet
1680 811 1775 866 pro
1809 797 2039 853 humana
2071 798 2142 852 fa-

463 883 473 891 ’
564 883 763 938 cultate
799 881 1021 950 loquens
1066 895 1222 940 tract.
1269 887 1302 940 4
1351 897 1404 940 et
1442 885 1476 940 5
1502 929 1515 951 ,
1547 885 1888 951 distinetione
1911 889 2140 958 quadam

565 989 691 1027 usus
717 974 884 1028 videri
921 977 1110 1045 possit.
1142 973 1293 1031 Nunc
1338 990 1456 1046 quze
1485 979 1551 1032 de
1589 975 1774 1034 divino
1802 981 2021 1037 creandi
2051 996 2141 1036 or-

563 1066 643 1120 bis
680 1065 898 1122 decreto
927 1082 992 1122 ex
1025 1061 1318 1138 Augustino
1342 1071 1566 1140 aliisque
1601 1071 1846 1128 Patribus
1872 1073 2138 1142 superiori

563 1159 894 1227 paragrapho
924 1159 1240 1230 collegimus
1263 1203 1277 1226 ,
1320 1159 1421 1215 huc
1454 1162 1723 1225 transfer.
1756 1163 1800 1217 si
1839 1166 2047 1234 placet;
2087 1175 2139 1218 et

561 1251 889 1307 inveniesea
924 1252 991 1307 de
1029 1266 1185 1308 causa
1234 1252 1504 1308 decretum
1525 1252 1660 1308 illud
1692 1253 1795 1309 dici
1851 1254 2042 1309 Filium
2084 1265 2138 1311 et

491 1412 501 1419 _
561 1341 790 1397 Verbum
824 1343 955 1409 Dei,
988 1354 1250 1415 quatenus
1292 1346 1343 1398 in
1380 1344 1554 1399 Verbo
1593 1354 1647 1399 et
1688 1345 1824 1400 Filio
1863 1347 1952 1402 Dei
1993 1347 2135 1402 dicta

559 1446 680 1490 sunt
706 1437 884 1491 omnia
905 1479 919 1501 ,
951 1451 1068 1507 qua:
1096 1437 1326 1493 creanda
1373 1437 1525 1492 l'uere
1549 1481 1562 1505 ,
1597 1446 1654 1491 ut
1676 1435 1788 1508 jam
1830 1437 1944 1492 haec
1981 1454 2137 1509 para-

464 1553 472 1557 α
561 1527 794 1598 graphus
867 1545 970 1584 non
1011 1530 1166 1586 alteri
1226 1529 1300 1582 illi
1356 1528 1683 1585 contradicat
1735 1528 1918 1600 (quod
1963 1530 2136 1598 primo

562 1631 780 1687 asyectu
811 1620 1043 1692 videtur)
1068 1665 1082 1689 ,
1112 1621 1206 1678 sed
1235 1621 1520 1692 explicatio
1546 1625 1613 1675 sit
1634 1621 1750 1700 ejus
1779 1621 1988 1682 melior,
2018 1637 2134 1690 quae

565 1723 738 1768 tamen
761 1719 837 1770 'ex
864 1715 1056 1770 ibidem
1096 1712 1252 1770 dietis
1288 1715 1551 1775 illustrari,
1581 1725 1767 1770 mutuo
1806 1715 2012 1769 lumine
2041 1729 2136 1784 po-

2239 532 2376 578 orat.
2403 526 2433 575 E!
2461 531 2644 578 contra
2663 523 2913 584 Arianos,
2934 540 3082 577 num.
3112 523 3181 576 24
3203 531 3258 578 et
3282 523 3374 578 25.
3405 521 3590 589 Itaque
3620 536 3735 574 cum
3761 524 3796 573 in

2241 612 2552 668 inculcanda
2584 613 2880 668 instituendi
2911 614 3044 667 orbis
3084 631 3237 682 causa
3272 611 3454 666 Ariani
3491 611 3795 675 laborarent,

2238 720 2345 774 quo
2381 702 2572 758 Filium
2605 703 2699 758 Dei
2731 712 2987 758 :eternntn
3021 703 3389 774 :equalemque
3428 701 3571 756 Patri
3617 701 3798 752 inlicia-

2223 805 2453 859 -rentur;
2481 794 2626 850 Zeno
2651 803 2707 850 ut
2741 795 2848 850 illis
2867 805 2987 851 sese
3025 812 3055 852 e
3082 797 3340 851 diametro
3365 794 3654 864 objieeret,
3682 793 3731 846 in
3757 809 3798 846 ei

2239 887 2604 941 instituendam
2633 889 2802 942 orbent
2828 898 3103 958 spectante
3131 889 3300 945 divini
3323 887 3444 943 Filii
3472 887 3798 958 generatione

2240 977 2557 1047 explicanda
2598 981 2698 1037 sibi
2739 982 3076 1051 potissimum
3119 979 3473 1036 insistendum
3515 989 3672 1034 ratus
3707 990 3798 1036 est.

2240 1078 2419 1124 certus
2445 1072 2586 1140 quod
2618 1073 2660 1125 si
2693 1071 2791 1126 hac
2821 1074 2872 1126 in
2905 1084 3051 1141 parte
3083 1073 3309 1127 Arianos
3343 1067 3615 1136 vinceret,
3650 1087 3712 1126 ex
3743 1075 3800 1123 al-

2242 1169 2350 1214 tera
2394 1172 2543 1229 parte
2565 1203 2578 1223 ,
2607 1177 2744 1232 quae
2773 1157 3175 1232 generationem
3207 1164 3364 1219 Verbi
3399 1162 3457 1238 in
3499 1163 3625 1217 sinu
3657 1159 3800 1216 Patr-Ls

2239 1257 2493 1310 latentem
2521 1265 2747 1325 spectat,
2773 1257 2903 1312 nihil
2924 1267 3068 1313 esset
3089 1257 3232 1328 quod
3281 1266 3544 1318 metueret
3568 1257 3798 1325 amplius.

2239 1345 2298 1400 In
2331 1346 2560 1416 priorem
2603 1355 2780 1402 autem
2817 1359 3018 1417 partem
3056 1349 3526 1404 animadvertenda
3579 1348 3686 1402 hoc
3729 1361 3800 1414 po—

2239 1448 2441 1494 Stremo
2469 1439 2585 1494 loco
2629 1440 2861 1496 maxime
2912 1454 3079 1510 sunt,
3123 1457 3246 1512 qua:
3293 1451 3411 1512 post
3461 1449 3728 1496 assertum
3767 1443 3799 1488 in

2239 1529 2454 1584 creandi
2497 1531 2644 1585 orbis
2684 1526 2965 1586 Consilium
3011 1531 3176 1586 divini
3222 1531 3381 1604 verbi
3420 1530 3799 1602 generationem

2240 1624 2478 1692 utrisque
2527 1624 2576 1677 iu
2620 1622 2936 1698 tractatibus
2984 1624 3359 1694 subjiciuntur.
3387 1625 3464 1679 Ea
3513 1625 3663 1680 enim
3706 1633 3801 1677 sunt

2238 1713 2541 1780 ejusmodi,
2597 1724 2652 1767 ut
2698 1715 3057 1785 :rqualitatem
3105 1715 3800 1782 consubstanIialitatemque

563 1815 685 1861 test.
700 1801 892 1877 Neque
923 1825 1049 1877 vero
1097 1809 1223 1864 illud
1257 1808 1340 1863 hic
1385 1823 1651 1880 opponas,
1682 1808 1957 1863 decretum
1994 1807 2133 1862 istud
2165 1801 2214 1861 Β
2247 1803 2365 1858 Filii
2388 1818 2507 1859 cum
2537 1805 2722 1875 Patre,L
2746 1822 2878 1876 quas
2907 1808 3203 1876 praesertim
3231 1807 3425 1862 exinde
3454 1809 3615 1860 laesas
3647 1806 3801 1861 Ariani

558 1897 794 1953 divi-num
829 1901 880 1954 in
930 1901 1226 1971 quodivini
1262 1901 1418 1955 Verbi
1453 1901 1664 1971 proprie
1692 1900 1887 1975 dictam
1910 1916 2134 1970 genera-

561 1991 756 2046 tionem
786 1993 1099 2061 agnovimus
1119 2033 1135 2058 ,
1165 1994 1427 2047 initiatum
1467 1991 1684 2064 quidem
1715 1993 1765 2046 in
1800 1993 2130 2061 COgnitiOne,

555 2091 612 2137 at
638 2084 688 2136 iu
716 2099 898 2141 amore
927 2083 1090 2141 fuisse
1125 2085 1448 2155 completum
1475 2127 1488 2152 ,
1523 2083 1658 2145 adeo
1687 2093 1753 2147 ut
1785 2099 1891 2138 non
1926 2094 2031 2138 tam
2078 2084 2131 2138 in

553 2169 1030 2246 reprzeseutatione
1055 2172 1219 2236 Verbi
1261 2180 1548 2244 elucescat,
1578 2193 1737 2248 quam
1771 2179 1823 2232 in
1872 2176 2134 2246 Verboet

555 2266 713 2322 Patre
758 2281 997 2324 amorem
1030 2269 1376 2336 notionalem,
1429 2279 1489 2324 ut
1542 2269 1715 2333 aiunt,
1769 2267 2129 2338 spirantibus,

553 2372 617 2413 ac
649 2353 703 2413 i'n
736 2360 851 2430 ipso
883 2360 1083 2431 Spiritu
1123 2368 1310 2416 sancto
1334 2401 1348 2427 ,
1394 2360 1480 2429 qui
1521 2374 1672 2414 amor
1709 2368 1791 2415 est
1827 2359 2130 2415 notionalis.

554 2451 683 2507 Nam
719 2463 1072 2524 praeterquam
1103 2452 1244 2523 quod
1293 2454 1478 2508 Patres
1500 2495 1514 2518 ,
1547 2467 1666 2508 cum
1693 2452 1946 2507 adversus
1976 2451 2132 2506 Aria-

552 2561 652 2600 nos
683 2547 774 2602 Dei
824 2547 1018 2602 Filium
1065 2529 1438 2618 impugnantes
1483 2554 1734 2616 agerent,
1783 2545 1848 2599 ad
1892 2545 2130 2616 ejusdem

553 2636 668 2690 Filii
713 2639 1073 2705 aequalitatem
1095 2638 1470 2693 adstruendam
1538 2637 1790 2691 nonnulla
1838 2637 1934 2705 ipsi
1983 2637 2135 2690 attri-

549 2729 716 2782 bucre
737 2769 751 2793 ,
789 2745 906 2797 qua:
931 2733 1139 2784 caeteris
1167 2729 1409 2799 personis
1453 2726 1758 2782 communia
1804 2734 1968 2790 sunt,
2000 2742 2060 2781 ac
2087 2727 2130 2780 si

551 2819 669 2886 ejus
697 2829 878 2874 essent
907 2821 1115 2890 pr0pria
1140 2863 1154 2887 ,
1199 2829 1257 2874 ut
1298 2836 1363 2876 ex
1396 2821 1524 2890 ipsis
1556 2819 1845 2888 Scripturis
1876 2817 2134 2888 peculiari

550 2899 711 2964 modo
740 2910 920 2965 mundi
944 2913 1141 2965 erealio
1159 2927 1247 2981 per
1271 2911 1501 2986 Verbum
1527 2920 1730 2980 patrata
1755 2910 1946 2964 dicitur
1986 2929 1999 2964 :
2031 2910 2132 2964 etsi

549 3002 822 3057 decretum
848 3001 972 3056 illud
1007 3011 1112 3056 tres
1159 3002 1365 3057 divinas
1389 3017 1643 3072 personas
1672 3017 1793 3056 vere
1817 3004 2083 3072 pertingat
2110 3042 2124 3067 ,

546 3093 688 3149 idem
726 3102 902 3149 tamen
931 3103 1192 3165 quatenus
1233 3095 1504 3149 decretum
1536 3091 1820 3166 [Lxxxvut]
1860 3092 2119 3162 genitum,

2238 1893 2653 1962 contendebant,
2712 1901 2914 1950 Auctor
2940 1896 3140 1952 diserte
3181 1906 3389 1950 asserat
3433 1907 3596 1966 atque
3648 1896 3804 1950 deici.-

2238 1988 2359 2050 dat;
2385 2003 2552 2058 eaque
2583 2003 2735 2043 mens
2761 1989 2877 2058 ejus
2904 1989 2956 2042 in
2984 1988 3082 2042 hac
3107 1987 3458 2058 generatione
3489 1987 3801 2056 potiSsimum

2241 2080 2476 2148 urgenda
2508 2080 2671 2134 fuisse
2700 2080 2944 2151 proditur
2967 2122 2982 2146 ,
3032 2091 3087 2134 ut
3123 2080 3453 2134 ‘Ariauorum
3499 2079 3803 2149 praecipuum

2232 2183 2491 2228 comitum
2524 2173 2769 2228 elideret.
2803 2172 2942 2242 Lege
2970 2173 3078 2242 ipsa
3105 2171 3352 2226 Auctoris
3379 2171 3565 2234 verba,
3602 2180 3660 2226 et
3687 2171 3802 2239 quod

2237 2262 2464 2348 dlicimus
2517 2265 2691 2333 palam
2745 2264 2881 2329 ﬁet,
2927 2265 3192 2334 simulque
3260 2263 3606 2333 exploratius
3667 2263 3804 2315 multo

2237 2359 2375 2422 erit,
2421 2357 2670 2411 eumdem
2713 2357 3002 2412 Auctorem
3027 2397 3041 2422 ,
3068 2356 3160 2426 qui
3201 2357 3254 2410 in
3299 2370 3360 2410 ea
3393 2356 3681 2410 nativitate
3711 2352 3803 2407 Filii

2236 2449 2523 2503 asserenda
2562 2459 2669 2502 tam
2703 2465 2766 2503 ex
2801 2449 3073 2518 praposito
3105 2449 3269 2518 ipsius
3287 2465 3416 2504 cum
3460 2448 3628 2503 Patre
3659 2461 3805 2516 aequa-

2235 2541 2441 2597 litatem
2489 2543 3207 2612 consubstantialitatemque
3245 2552 3588 2613 propugnat,
3634 2541 3801 2610 longis-

2241 2635 2377 2688 sime
2407 2633 2596 2689 abesse
2626 2635 2694 2689 ab
2735 2650 2797 2690 ea
2842 2633 3116 2688 nativitate
3153 2632 3348 2688 ibidem
3392 2631 3720 2688 adstruenda
3748 2631 3803 2696 (ut

2237 2726 2486 2781 Petavius
2508 2724 2754 2798 credidit)
2780 2741 2883 2796 qua
2907 2740 3004 2781 nec
3024 2725 3242 2794 aequalis
3260 2723 3404 2779 Patri
3429 2723 3602 2780 Filius
3621 2723 3800 2784 fuisset.

2237 2833 2337 2873 nec
2363 2817 2604 2888 ejusdem
2650 2817 2964 2874 substantiae
2996 2833 3010 2881 ;
3053 2815 3146 2871 sed
3176 2831 3292 2869 eam
3333 2815 3512 2886 potius
3539 2815 3608 2870 ab
3638 2828 3702 2869 eo
3737 2829 3800 2864 as-

2236 2919 2434 2963 sertam
2469 2910 2668 2981 liquet,
2700 2925 2802 2978 qua
2848 2908 2987 2963 idem
3027 2907 3196 2962 Filius
3226 2907 3296 2960 ita
3332 2908 3381 2961 in
3412 2907 3634 2961 creandi
3688 2904 3804 2958 orbis

2236 3004 2520 3060 Consilium
2537 3004 2768 3074 genitus,
2797 3003 3140 3072 ejusdemque
3153 3002 3365 3058 consilii
3390 2986 3680 3058 exsecutor
3699 3014 3800 3070 pro-

2236 3094 2398 3164 ditur,
2435 3106 2492 3150 ut
2513 3095 2646 3150 nihil
2674 3096 2794 3150 inde
2823 3094 3122 3164 praejudicii
3146 3094 3200 3150 in
3228 3093 3588 3163 aequalitatem
3616 3101 3671 3148 et
3695 3106 3802 3145 con-

544 3201 638 3241 seu
656 3188 978 3242 notionalem
999 3188 1396 3258 generationem
1420 3187 1569 3252 dicit,
1588 3187 1675 3240 uni
1695 3185 1782 3240 Dei
1801 3183 1934 3238 Filio
1954 3193 2128 3253 potest
2157 3171 2202 3233 C
2238 3186 2740 3242 substantialitatetn
2766 3186 2969 3242 redeat.
3002 3187 3134 3241 llinc
3155 3173 3370 3256 quidem
3394 3186 3558 3241 tract.
3579 3201 3619 3251 ι,
3644 3185 3733 3240 lib.
3758 3183 3796 3238 Ξ.

542 3294 838 3348 congruere
863 3322 877 3346 ,
907 3281 996 3350 qui
1028 3281 1173 3334 solus
1217 3281 1429 3349 genitus
1462 3279 1591 3343 fuit;
1625 3288 1680 3332 ut
1715 3286 1993 3347 propterea
2026 3275 2125 3329 Pa—

544 3381 651 3427 tres
678 3375 766 3427 uni
800 3373 937 3427 Filio
957 3373 1078 3443 jure
1102 3373 1407 3438 tribuerint,
1437 3387 1556 3442 quze
1577 3372 1628 3425 in
1656 3371 1873 3426 decreto
1905 3368 2120 3436 Filium,

540 3464 654 3517 sive
697 3463 854 3530 Filii,
885 3479 980 3518 seu
1021 3464 1180 3519 Verbi
1225 3463 1442 3534 proprie
1488 3463 1684 3517 dictam
1725 3461 2120 3531 generationem

538 3555 857 3625 signiﬁcant.
885 3556 988 3611 Sed
1026 3557 1108 3609 bis
1135 3557 1348 3610 omissis
1375 3598 1388 3621 ,
1422 3571 1542 3609 cum
1579 3555 1676 3609 hoc
1722 3553 1949 3608 Verbum
1971 3595 1984 3618 ,
2015 3568 2121 3622 quo

536 3647 786 3701 creandas
814 3662 903 3701 res
934 3662 964 3700 a
993 3647 1151 3701 Patre
1178 3648 1334 3702 diem
1359 3647 1530 3712 fuere,
1557 3646 1694 3701 idem
1724 3647 1792 3700 sit
1829 3645 1955 3699 illud
1989 3644 2120 3698 Ver-

535 3738 659 3792 bum
682 3781 696 3806 ,
731 3754 836 3809 quo
866 3740 1022 3794 Pater
1051 3741 1226 3793 omnia
1264 3739 1441 3793 divina
1483 3739 1648 3802 dixit;
1701 3738 1996 3806 eademque
2047 3736 2118 3791 sit

535 3833 810 3902 utriusque
851 3831 1009 3888 Verbi
1056 3833 1345 3897 nativitas,
1373 3832 1496 3886 licet
1529 3833 1735 3885 ratione
1761 3830 1986 3900 quadam
2018 3815 2114 3882 liu-

533 3937 686 3976 mana
710 3922 905 3992 duplex
932 3923 1186 3989 Verbum,
1218 3923 1412 3991 duplex
1443 3922 1691 3990 nativitas
1717 3921 2069 3990 distinguatur
2095 3939 2107 3972 :

527 4019 636 4083 jam
685 4014 924 4084 profecto
956 4015 1221 4086 intelliges
1251 4031 1357 4085 quo
1382 4015 1502 4084 jure
1549 4015 1603 4070 S.
1659 4013 1806 4068 Zeno
1831 4013 1990 4068 Verbi
2022 4027 2111 4067 res

530 4109 788 4162 creandas
850 4111 1140 4177 spectantis
1210 4111 1632 4178 generationem
1676 4123 2111 4162 commemorans

529 4198 725 4253 dixerit
753 4207 904 4253 tract.
934 4202 1001 4254 ὃς
1032 4200 1274 4254 Nascitur
1304 4199 1439 4253 Deus
1490 4201 1552 4253 de
1582 4197 1712 4264 Deo,
1745 4210 1900 4252 totum
1936 4199 2109 4252 Putris

529 4290 718 4343 habens
745 4333 758 4355 ,
788 4292 916 4346 nihil
952 4293 1200 4363 derogans
1233 4292 1377 4345 Patri
1405 4335 1417 4350 .
1453 4302 1580 4356 etc.,
1630 4307 1746 4361 qua:
1778 4293 2107 4362 generationi

530 4383 686 4438 Verbi
717 4386 926 4438 divinas
958 4400 1043 4439 res
1079 4383 1305 4438 dicentis
1336 4399 1586 4453 perzeque
1617 4384 1962 4454 conveniunt.

599 4476 732 4531 illud
778 4477 990 4531 tandem
1045 4478 1314 4547 inquirere
1353 4476 1507 4531 nobis
1539 4478 1693 4530 liceat
1730 4476 1870 4546 quod
1899 4476 1962 4528 ad
1991 4477 2103 4545 ple-

527 4576 731 4629 niorem
766 4576 839 4629 rei
881 4577 1159 4644 praesentis
1190 4573 1650 4629 confirmationem
1674 4572 1759 4628 vel
1784 4573 2105 4628 declaratio-

523 4685 647 4723 nem
696 4668 905 4724 confert
931 4710 945 4736 ,
975 4679 1070 4724 Cur
1112 4669 1174 4725 S.
1202 4667 1347 4722 Zeno
1382 4679 1661 4737 utramque
1693 4665 1850 4722 Verbi
1888 4665 2104 4720 relatio-

521 4775 642 4814 nem
694 4767 804 4814 tunt
833 4760 895 4814 ad
937 4761 1156 4826 divina,
1204 4769 1311 4812 tum
1347 4758 1412 4811 ad
1469 4767 1643 4812 creata
1697 4765 1849 4810 tract.
1899 4754 1932 4808 4
1969 4766 2023 4810 et
2070 4755 2103 4809 5

520 4859 742 4918 tangens
780 4891 795 4916 ,
854 4851 1101 4904 institerit
1157 4848 1500 4903 nihilominus
1553 4847 1719 4916 magis
1771 4857 1824 4902 et
1882 4861 2104 4916 expres-

518 4944 628 4996 sius
673 4943 724 4997 in
771 4943 1052 4998 statuenda
1097 4943 1440 5013 generatione
1475 4940 1671 5005 Verbi,
1704 4953 1965 5010 quatenus
2017 4955 2104 4992 res
2136 4955 2139 4959 '

518 5047 722 5092 creatas
768 5038 1042 5106 respexit,
1093 5045 1148 5090 ut
1201 5036 1268 5091 de
1319 5035 1418 5090 hac
1464 5035 1576 5090 sola
1612 5035 1824 5089 locutus
1872 5033 2104 5087 nonnul-

518 5126 585 5181 lis
614 5128 776 5182 videri
804 5129 1060 5198 potuerit.
1097 5128 1207 5182 lloc
1247 5139 1422 5181 autem
1469 5142 1536 5181 ex
1564 5127 1883 5180 Arianorum
1914 5167 1928 5191 ,
1967 5140 2102 5194 quos

519 5222 783 5290 praecipue
825 5223 924 5277 sibi
955 5222 1342 5292 impugnandos
1377 5229 1710 5290 sumpserat,
1747 5221 2098 5289 impetitioni-

515 5311 614 5368 bus
659 5313 853 5368 factum
898 5316 1187 5370 credimus.
1241 5315 1321 5369 Illi
1364 5315 1543 5379 enim,
1596 5321 1654 5367 ut
1700 5314 2094 5381 asternitatem,

514 5407 862 5476 eamdemque
896 5407 1033 5462 Filio
1059 5407 1411 5462 substantiam
1448 5406 1778 5474 adimerent,
1811 5406 1925 5462 haec
1956 5421 2093 5476 prae-

515 5499 694 5556 dicare
740 5503 1046 5573 frequenter
1083 5504 1368 5569 solebant,
1412 5503 1614 5558 llilario
1665 5511 1798 5558 teSIe
1837 5503 1888 5558 in
1912 5501 2092 5573 'Frag-

514 5603 694 5648 mento
730 5595 785 5658 ἓ,
831 5612 974 5651 num.
1004 5596 1116 5651 26:
1153 5596 1360 5650 Patrem
1404 5593 1568 5650 Deum
1609 5597 1908 5652 instituendi
1956 5595 2093 5649 orbis

513 5702 670 5740 causa
697 5691 926 5757 genuisse
959 5688 1004 5741 F
1009 5691 1184 5756 ilium,
1227 5697 1271 5743 et
1297 5704 1388 5758 pro
1423 5696 1668 5757 potestate
1707 5690 1786 5742 sui
1840 5705 1901 5742 ea:
1932 5687 2093 5740 nihilo

513 5779 565 5830 in
599 5781 930 5836 substantiam
973 5798 1153 5836 novant
1202 5790 1249 5834 et
1290 5782 1502 5834 atteram
1551 5777 1710 5832 Deum
1755 5795 1936 5834 nouunt
1966 5779 2094 5831 alte-

2143 5232 2150 5240 -
2210 5212 2416 5266 Deinde
2472 5210 2877 5280 responsionem
2905 5209 3146 5277 adverte,
3178 5225 3280 5281 qua
3311 5220 3370 5264 ut
3413 5208 3556 5264 hunc
3602 5209 3784 5263 Filium

2233 3292 2380 3330 num.
2412 3277 2467 3342 2,
2497 3278 2684 3332 eadem
2713 3278 3016 3347 objectione
3045 3277 3364 3332 Arianorum
3395 3279 3690 3346 proposita,
3719 3289 3798 3344 qua

2229 3386 2294 3425 ex
2323 3380 2503 3425 creato
2537 3386 2629 3440 per
2657 3370 2851 3425 Filium
2886 3370 3085 3425 mundo
3109 3411 3124 3438 ,
3166 3385 3288 3424 eum
3319 3369 3476 3424 Patre
3508 3367 3796 3423 inferiorem

2229 3464 2593 3532 prazdicabant
2632 3481 2644 3516 :
2679 3464 2874 3528 Atille,
2906 3465 2990 3517 cui
3021 3464 3257 3536 jubetur,
3302 3472 3408 3528 est,
3452 3463 3624 3522 inquis
3648 3503 3663 3528 ,
3691 3461 3798 3527 infc-

2228 3558 2367 3622 rior;
2397 3546 2744 3612 executorent
2772 3558 2986 3626 quidem
3016 3556 3209 3610 Filium
3245 3557 3439 3612 fatetur
3463 3597 3476 3619 ,
3532 3555 3682 3610 Unde
3704 3570 3797 3623 pro-

2225 3649 2390 3714 cessit,
2433 3650 2632 3718 paterni
2660 3649 2828 3702 cordis
2858 3659 2929 3703 est
2956 3661 3218 3702 exsecutor
3259 3664 3276 3702 :
3308 3657 3362 3701 at
3391 3648 3652 3717 :equalcm
3691 3647 3796 3699 nihil

2222 3741 2436 3794 ominus
2503 3739 2837 3798 defendens.
2897 3741 3031 3794 hanc
3084 3740 3346 3794 ratioaem
3409 3739 3594 3794 subdit
3638 3756 3652 3792 :
3700 3735 3793 3789 Non

2219 3831 2354 3885 enim
2393 3833 2559 3886 minus
2585 3842 2657 3885 est
2683 3833 2853 3902 facere
2905 3850 3088 3904 magna
3123 3850 3273 3904 quam
3300 3834 3468 3887 dicere
3496 3875 3510 3899 ,
3540 3843 3595 3887 ct
3628 3841 3796 3902 priete-

2220 3940 2308 3979 rea
2351 3924 2499 3979 addit
2532 3944 2543 3977 :
2577 3924 2819 3989 Quamvis
2860 3938 2905 3980 et
2931 3926 3067 3995 quod
3105 3928 3296 3980 dictum
3325 3936 3399 3980 est
3442 3944 3473 3978 a
3509 3925 3666 3979 Patre
3691 3964 3705 3991 ,
3737 3925 3795 3975 rel

2215 4015 2318 4067 dici
2352 4025 2549 4086 potest,
2582 4017 2703 4086 quia
2755 4016 2972 4071 Verbum
3009 4027 3082 4071 est
3112 4016 3285 4071 Filius
3315 4059 3330 4082 ,
3378 4018 3488 4069 sine
3538 4015 3676 4070 Filio
3711 4028 3791 4065 non

2213 4119 2306 4169 est.
2337 4119 2441 4163 etc.
2475 4109 2529 4162 ln
2555 4110 2822 4178 prioribus
2855 4110 2959 4162 illis
2988 4110 3200 4172 verbis,
3235 4109 3428 4179 quibus
3451 4107 3661 4162 Auctor
3687 4121 3791 4160 con-

2214 4201 2357 4256 cedit
2406 4202 2596 4256 Filium
2643 4211 2994 4256 exsecutorem
3039 4219 3143 4255 esse
3174 4201 3371 4270 paterni
3415 4203 3586 4254 cordis
3615 4243 3630 4266 ,
3679 4199 3790 4251 andr

2215 4296 2481 4364 processit,
2513 4297 2571 4350 τό
2599 4296 2735 4349 unde
2763 4295 3163 4367 processionetn
3188 4337 3202 4361 ,
3233 4310 3328 4349 seu
3357 4296 3692 4348 nativitatem
3731 4295 3790 4340 iu-

2213 4386 2357 4439 dicat
2389 4386 2511 4440 Filii
2537 4386 2737 4441 ecorde
2769 4386 2963 4452 Patris,
3004 4401 3124 4456 qme
3163 4401 3270 4440 non
3316 4385 3416 4438 alia
3447 4399 3568 4440 esse
3616 4399 3788 4452 cogno-

2214 4479 2417 4543 scitur,
2437 4494 2596 4548 quam
2626 4478 2678 4532 in
2707 4495 2771 4533 eo
2799 4489 3001 4534 aeterno
3029 4478 3268 4541 decreto,
3299 4492 3405 4546 quo
3419 4476 3561 4531 Deus
3588 4477 3722 4530 dixit
3750 4476 3786 4525 in

2130 4549 2184 4608 D
2210 4569 2346 4623 Filio
2375 4584 2468 4624 seu
2498 4571 2549 4623 in
2582 4569 2757 4624 Verbo
2784 4567 3136 4640 quaecumque
3165 4569 3397 4623 creanda
3429 4569 3668 4634 luerunt,
3696 4565 3782 4618 sic-

2209 4677 2313 4731 que
2345 4661 2517 4730 ipsum
2561 4661 2836 4715 decretura
2880 4675 2974 4715 seu
3003 4661 3204 4714 dictum
3249 4669 3507 4712 :eteruum
3548 4671 3576 4709 a
3611 4663 3782 4711 nostro

2209 4766 2421 4822 quoque
2464 4751 2729 4822 scriptore
2777 4751 3077 4805 insinuatur
3123 4752 3237 4818 ipse
3284 4763 3405 4802 esse
3455 4747 3549 4802 Dei
3595 4746 3782 4806 Filius;

2207 4847 2298 4915 qui
2325 4844 2551 4900 subinde
2576 4844 2851 4905 decretum
2887 4845 3036 4909 illud,
3061 4845 3111 4898 vi
3139 4843 3291 4913 cujus
3319 4858 3350 4898 e
3373 4851 3609 4911 paterno
3641 4839 3786 4895 corde

2212 4937 2494 5005 processit,
2523 4945 2811 4990 exsecutus
2837 4944 2920 4988 est
2951 4943 3089 4988 stato
3120 4942 3384 5003 tempore,
3415 4948 3536 4988 cum
3569 4947 3692 5003 qua:
3717 4929 3784 4983 fa-

2209 5028 2397 5082 cienda
2441 5029 2493 5081 in
2523 5024 2661 5081 Filio
2686 5042 2781 5081 seu
2816 5025 2992 5080 Verbo
3029 5025 3184 5080 Pater
3213 5026 3448 5090 dixerat,
3486 5024 3604 5094 ipse
3635 5023 3760 5080 Filiu

2209 5130 2472 5175 exsecutm'
2523 5118 2685 5184 fecit,
2736 5133 2860 5172 nam
2911 5119 3082 5173 omnia
3131 5136 3220 5188 per
3265 5120 3430 5188 ipsum
3481 5120 3620 5189 facta
3659 5123 3778 5172 sunt.

3763 4949 3799 5224 ἦ

3783 5224 3799 5447 Ι

3774 5447 3797 5695 i

3766 5695 3795 6087 vi

2203 5316 2579 5362 exsecutorem
2607 5305 2734 5360 licet
2760 5305 2973 5374 operis,
3007 5304 3148 5359 Patri
3181 5296 3360 5359 tamen
3398 5302 3540 5356 haud
3575 5301 3780 5357 interio-

2202 5415 2319 5456 rem
2345 5401 2547 5454 Auctor
2574 5400 2791 5469 probet,
2825 5413 2930 5453 non
2964 5407 3069 5453 tam
3095 5413 3154 5453 ea
3189 5397 3398 5452 ratione
3442 5395 3631 5460 utitur,
3672 5393 3774 5466 quia

2203 5493 2484 5547 nonminns
2497 5501 2566 5544 est
2582 5495 2748 5561 facere
2767 5507 2971 5564 magna,
2988 5506 3138 5561 quam
3162 5491 3350 5553 dicere,
3368 5486 3463 5542 sed
3487 5486 3575 5540 illa
3599 5487 3655 5541 in
3677 5496 3774 5538 rem.

2201 5599 2440 5643 nostram
2491 5584 2738 5657 [uxxtx]
2760 5585 3028 5655 pravcipua
3052 5626 3067 5650 ,
3098 5598 3220 5638 nam
3251 5581 3386 5651 quod
3416 5582 3612 5633 dictum
3652 5587 3718 5634 est
3747 5583 3776 5626 at

2204 5681 2470 5745 I’utre,vel
2499 5681 2600 5734 dici
2628 5669 2810 5748 potest,
2828 5679 2950 5748 quia
2973 5676 3190 5730 Verbum
3211 5685 3282 5730 est
3302 5673 3492 5739 Filius,
3518 5674 3631 5727 sine
3649 5670 3782 5742 Filios:

2203 5792 2302 5828 non
2325 5784 2397 5829 est
2428 5790 2445 5827 :
2475 5774 2668 5842 quibus
2697 5771 2890 5826 Filium
2916 5768 2990 5824 uti
3021 5767 3225 5822 uerbum
3255 5766 3427 5822 l’atris
3458 5765 3635 5835 ipsum
3667 5773 3772 5820 esse.
