3826 6226
109 225 187 281 ltll
970 225 1414 284 DISSERTATIO
1449 226 1514 290 ll.
1559 225 1648 283 DE
1696 232 1753 287 ὃ.
1801 232 2094 292 ZENONIS
2139 235 2504 295 DOCTRINA.

3277 246 3371 300 illi

102 337 285 392 dictum
311 351 409 394 seu
432 338 715 397 decretum
748 350 1001 395 :eternnm
1034 341 1207 396 Patris
1236 344 1367 398 satis
1392 344 1628 397 inanitur
1654 388 1668 410 ,
1702 356 1748 414 Α
1779 353 1951 404 omnia
1977 355 2228 420 crcamla,
2261 366 2340 411 est
2385 372 2549 411 unum
2584 374 2596 409 :
2634 364 2689 412 ut
2720 356 2962 428 pluribus
2998 358 3243 429 superius
3268 376 3363 417 os-

102 430 229 499 quod
249 446 369 485 cum
409 431 576 488 Patre
622 449 758 487 unus
788 431 1034 503 idemque
1078 433 1223 489 Dens
1263 445 1384 500 est;
1417 454 1534 505 qtae
1571 453 1685 490 om-

102 538 215 577 nem
242 524 456 580 Arianze
500 524 860 580 cavillationis
907 524 1295 596 impetitionem
1347 542 1570 599 prorsus
1597 545 1684 584 rc-

102 616 316 671 tnndnn‘t
359 633 422 673 ac
466 618 769 683 dirimunt,
825 618 1406 691 interpretationesque
1448 638 1476 675 a
1528 622 1683 679 nobis

104 712 345 765 hactenus
369 712 645 781 expositas
669 726 733 764 ex
761 708 993 767 Zenonis
1021 723 1203 769 mente
1225 727 1347 769 esse
1370 716 1528 785 plane
1550 712 1679 771 con;

102 806 317 859 ﬁrmant.

101 936 126 1007 §
156 936 241 993 Vl.
262 964 333 979 -
364 936 671 1004 Explicatur
688 938 921 1009 quaedam
965 940 1195 1011 difﬁcilis
1214 941 1439 998 Zenonis
1467 944 1679 1013 locutio,

143 1032 271 1087 unde
294 1032 559 1104 proposita
584 1032 938 1104 interpretatio
966 1034 1182 1105 mirifice
1214 1036 1623 1107 conﬁrmabitur.

158 1188 427 1244 Addemus
452 1189 565 1260 jam
595 1190 965 1248 duriusculam
987 1196 1275 1265 quamdam
1305 1196 1543 1253 Zenonis
1572 1197 1682 1254 for-

96 1280 306 1345 mulam,
335 1298 401 1336 cx
433 1292 663 1338 tractatu
690 1285 726 1340 5
751 1284 848 1340 lib.
880 1300 944 1354 ιι,
972 1286 1041 1341 de
1068 1299 1270 1343 aeterna
1298 1289 1466 1345 divini
1514 1288 1680 1345 Verbi

92 1374 427 1443 generatione
450 1375 782 1447 loquentem,
814 1392 935 1447 qua:
960 1378 1013 1432 in
1030 1378 1205 1435 altero
1252 1396 1322 1436 ex
1364 1380 1591 1450 objectis
1646 1397 1678 1436 a

94 1465 304 1521 Petavio
330 1470 653 1525 testimoniis
676 1470 1005 1528 continetur.
1030 1472 1157 1530 Hec
1186 1486 1363 1531 autem
1413 1477 1555 1531 sicut
1573 1476 1677 1531 alia

98 1556 145 1612 in
172 1561 433 1615 sententia
462 1562 731 1632 explicato
756 1562 996 1623 difﬁcilis
1023 1566 1505 1624 contradictionem
1530 1569 1676 1625 vide-

95 1662 173 1705 tur
204 1650 501 1719 involvere,
536 1655 605 1711 ita
634 1657 686 1711 in
713 1664 902 1715 nostra
928 1675 1036 1715 non
1066 1661 1239 1716 solum
1270 1660 1413 1717 facili
1452 1656 1671 1735 negotio

1789 444 2074 500 tendimus.

1859 534 1927 590 Ut
1951 544 2153 602 autem,
2185 555 2284 607 qua
2315 538 2373 593 S.
2398 539 2541 595 Zeno
2563 554 2762 608 mente,
2796 559 2901 611 quo
2931 558 3095 599 sensu
3142 544 3239 598 hac
3268 542 3376 598 for-

1783 625 1932 680 mula
1958 641 2083 683 usus
2110 629 2199 695 sit,
2230 630 2397 701 magis
2450 633 2725 704 magisque
2780 634 3130 707 intelligatur,
3180 637 3374 705 explo-

1784 728 2072 793 ratumque
2090 721 2246 792 plane
2268 722 2381 791 fiat,
2417 724 2519 779 hoc
2546 726 2716 795 ipsmn
2750 721 3116 783 testimonium
3159 729 3227 783 ad
3272 729 3371 783 de-

1784 814 2094 870 clarandam
2121 815 2440 871 catholicam
2470 816 2701 874 Zenonis
2744 830 2978 877 mentem
3024 822 3093 876 ab
3138 822 3369 877 Ariano-

1784 925 1902 963 rum
1942 909 2192 979 doginate
2242 910 2474 966 maxime
2523 910 2750 966 alienam
2802 914 2979 969 valere
3030 914 3370 985 plurimum;

1783 1002 2052 1073 simulque
2074 1003 2398 1074 praecidatur
2417 1006 2613 1071 omnis,
2638 1020 2756 1075 qua:
2782 1007 3014 1075 cuipiam
3038 1006 3236 1062 oboriri
3263 1007 3375 1062 for-

1785 1103 1927 1150 tasse
1955 1104 2138 1166 posset
2156 1097 2413 1167 suspicio,
2442 1097 2644 1153 idcirco
2674 1097 2740 1154 ab
2770 1099 2999 1155 Auctore
3020 1099 3218 1154 dictum
3242 1110 3374 1167 erat,

1783 1198 2058 1260 antequam
2078 1201 2390 1259 nasceretur,
2419 1192 2472 1257 in
2506 1189 2684 1258 Patre,
2711 1191 2851 1261 quod
2870 1192 3159 1247 crediderit
3178 1193 3372 1249 Filium

1786 1283 1835 1336 in
1859 1283 1983 1336 sinu
2011 1282 2185 1337 Patris
2210 1284 2444 1354 primum
2463 1282 2627 1338 fuisse
2659 1282 2733 1337 ita
2760 1282 3129 1350 indiscretum,
3156 1291 3215 1338 ut
3241 1300 3374 1337 non-

1781 1376 1910 1431 dum
1929 1386 2081 1431 natus
2101 1376 2196 1431 seu
2214 1375 2501 1431 distinctus
2523 1374 2704 1441 fuerit,
2721 1373 2843 1429 dein
2868 1389 2994 1430 vero
3015 1373 3179 1430 fuisse
3195 1385 3373 1430 natum

1782 1471 1836 1526 in
1868 1481 2132 1542 tempore,
2167 1482 2223 1525 ut
2250 1471 2410 1525 Pater
2439 1472 2489 1525 in
2517 1468 2769 1525 creandis
2786 1468 2948 1524 rebus
2974 1467 3068 1523 illo
3114 1477 3374 1536 uteretur,

1781 1578 1904 1635 qua:
1934 1564 2032 1618 fuit
2054 1562 2258 1618 Petavii
2288 1578 2513 1618 censura
2548 1581 2560 1615 ;
2600 1570 2657 1615 ut
2704 1562 2837 1626 tunc,
2891 1562 3109 1630 inquam
3137 1602 3151 1627 ,
3200 1560 3376 1616 omnia

1789 1664 2136 1726 praestentur,
2169 1654 2703 1711 animadvertendum
2736 1665 2838 1719 est,
2894 1656 3189 1709 solemnem
3215 1652 3379 1708 fuisse

91 1748 387 1817 exponitur,
419 1748 515 1804 sed
539 1749 714 1821 ipsam
739 1752 1243 1823 interpretationem
1286 1756 1503 1811 allatam
1544 1758 1669 1813 hac-

1799 1749 1916 1820 ιριιά
1941 1748 2171 1805 Arianos
2193 1747 2476 1803 formulam
2496 1746 2564 1801 de
2588 1746 2778 1801 Divino
2794 1744 2903 1819 [ac]
2918 1745 3053 1800 Filio
3074 1764 3086 1797 :
3114 1745 3234 1799 Non
3249 1754 3373 1809 erat,

90 1848 253 1907 tenus,
277 1857 507 1912 quacum
550 1860 653 1899 una
689 1855 875 1915 aperte
896 1847 1168 1917 congruit,
1221 1850 1447 1905 mirifice
1487 1853 1674 1906 statuit

92 1941 244 2001 atque
260 1934 565 2013 conﬁrmat.
594 1936 767 1992 Verba
798 1948 980 1993 autem
1012 1938 1069 1995 S.
1097 1938 1333 1996 Zenonis
1385 1942 1454 1998 de
1490 1942 1672 1997 divino

89 2025 209 2081 Filio
240 2028 355 2083 haec
380 2040 542 2085 sunt:
573 2020 818 2085 Procedit
844 2032 899 2087 in
924 2034 1265 2101 natiuitatem,
1298 2037 1383 2107 qui
1413 2047 1549 2104 erat,
1575 2056 1673 2092 an-

93 2127 273 2186 tequam
300 2131 615 2188 nasceretur,
646 2124 701 2177 in
723 2121 883 2178 Patre
904 2128 1117 2195 tequalis
1144 2127 1199 2181 in
1232 2128 1487 2184 omnibus.
1537 2129 1669 2185 Ser—

93 2226 287 2276 monem
327 2214 447 2269 hoc-
467 2214 589 2270 loco
616 2229 738 2270 esse
781 2215 849 2271 de
894 2232 956 2272 ea
1005 2216 1205 2273 Chi-isti
1230 2221 1531 2288 nativitate,
1564 2238 1669 2292 qua

95 2314 237 2359 natus
257 2304 323 2360 de
350 2305 569 2376 Virgine
594 2315 698 2369 est,
724 2305 889 2377 aliqui
915 2310 1317 2373 existimarunt,
1359 2320 1416 2365 ut
1461 2312 1539 2367 sic
1593 2296 1672 2367 iri-

97 2398 409 2467 telligeretur
427 2414 549 2453 cum
574 2399 644 2454 ab
667 2410 872 2453 aeterno
897 2402 1078 2471 fuisse,
1123 2412 1396 2471 antequam
1440 2402 1507 2458 de
1546 2403 1670 2458 Vir-

97 2490 206 2559 gine
222 2490 426 2545 scilicet
446 2499 760 2557 nasceretur,
790 2493 843 2546 in
861 2491 1035 2547 Patre.
1063 2496 1131 2548 At
1156 2510 1276 2550 cum
1310 2506 1422 2551 toto
1443 2513 1507 2553 eo
1536 2508 1673 2553 trac-

98 2591 216 2650 tatu,
243 2592 297 2640 et
314 2595 437 2640 ante
464 2594 662 2657 etpost
685 2588 909 2642 recitata
935 2589 1120 2657 verba,
1148 2589 1216 2645 de
1245 2607 1345 2646 una
1394 2594 1672 2649 nativitatc

91 2676 271 2732 Christi
295 2694 476 2734 sermo
497 2680 589 2745 sit,
621 2696 726 2750 qua
754 2680 821 2735 de
839 2680 952 2737 Deo
973 2681 1131 2738 Patre
1153 2686 1437 2753 processit,
1482 2687 1670 2757 procul

95 2770 243 2828 dubio
267 2772 353 2827 illa
395 2775 625 2842 procedit
655 2776 709 2828 in
736 2776 1051 2832 natiuitatem
1094 2777 1161 2833 ad
1207 2780 1452 2837 eamdem
1510 2781 1671 2838 Verbi

95 2870 480 2935 generationem
511 2884 543 2924 e
562 2870 724 2926 Patre
752 2872 1044 2941 pertinent,
1068 2883 1125 2927 ut
1145 2887 1216 2928 ne
1243 2876 1577 2945 generatiuni
1606 2876 1673 2931 de

97 2956 292 3029 Virgine
311 2961 381 3015 sit
412 2962 586 3017 locus.
609 2961 719 3018 Sed
752 2963 852 3018 hoc
872 2978 1032 3035 opus,
1056 2964 1146 3021 hic
1174 2966 1345 3021 labor.
1371 2966 1507 3035 Quid
1528 2968 1671 3022 enim

99 3048 254 3106 isthuc
280 3053 355 3107 rei
385 3063 471 3109 est
497 3067 513 3106 :
564 3063 673 3108 erat
698 3065 969 3126 antequam
995 3060 1333 3113 nasceretur?
1354 3060 1408 3115 Si
1444 3060 1536 3115 Dei
1578 3060 1669 3115 Fi-

1777 1851 2049 1913 antequam
2101 1851 2422 1906 nasceretur,
2477 1849 2535 1895 ut
2578 1840 2773 1909 legitur
2826 1838 2878 1892 in
2923 1838 3376 1893 anathematismo

1777 1934 2017 1990 Nicaeno.
2050 1932 2215 2004 Cujus
2242 1931 2493 1988 formula:
2523 1932 2702 1987 verbis
2732 1930 3130 2001 intelligebant,
3165 1930 3257 1985 Dei
3290 1929 3376 1983 Fi—

1777 2029 1908 2083 lium
1939 2044 2044 2084 non
2078 2029 2242 2084 fuisse
2266 2029 2339 2083 ab
2362 2037 2586 2093 mterno,
2612 2028 2707 2082 sed
2737 2038 2850 2082 tum
2898 2027 3095 2091 solum,
3145 2040 3266 2081 cum
3320 2026 3373 2079 in

1778 2121 1961 2176 mundi
1992 2124 2268 2178 creatione
2298 2137 2327 2175 a
2356 2122 2515 2176 Patre
2545 2122 2796 2177 conditus
2839 2135 2935 2175 seu
2989 2107 3202 2190 genitus
3234 2118 3369 2173 fuit:

1777 2215 1828 2269 id
1853 2214 1995 2285 quod
2018 2214 2368 2285 explicabunt
2422 2214 2524 2267 alia
2574 2212 2803 2267 formula
2827 2206 3052 2267 'cclebri
3102 2212 3290 2267 eodem
3322 2211 3371 2263 in

1779 2308 2229 2362 anathematismo
2298 2307 2503 2375 pariter
2562 2308 2837 2361 recitata:
2896 2304 3022 2359 Fuit
3071 2305 3371 2371 aliquando,

1779 2398 2323 2455 cumnonessetJlinc
2352 2400 2515 2454 Arius
2545 2398 2684 2469 apud
2711 2397 3059 2453 Anatliasium
3092 2398 3143 2452 in
3177 2396 3366 2452 0rat.l

1778 2503 1966 2548 contra
2016 2493 2269 2559 Arianos,
2319 2508 2469 2548 num.
2500 2492 2555 2558 5,
2590 2507 2644 2561 p.
2675 2492 2801 2548 409.
2860 2490 2973 2546 Nec
3018 2500 3147 2554 erat,
3182 2490 3371 2560 inquit,

1778 2593 2048 2652 antequam
2074 2585 2238 2651 ﬁeret,
2290 2584 2379 2638 sed
2411 2582 2583 2637 habuit
2622 2600 2821 2655 quoque
2851 2583 3120 2637 creationis
3148 2584 3367 2635 initium.

1780 2676 1909 2731 Erat
1937 2681 2071 2731 enim
2124 2680 2265 2733 solus
2314 2678 2478 2741 Deus,
2531 2678 2857 2748 nondumque
2897 2688 3004 2732 erat
3067 2677 3284 2731 Verbum
3331 2688 3375 2731 et

1781 2769 2072 2839 Sapientia.
2107 2769 2235 2825 Cum
2258 2780 2427 2825 autem
2450 2787 2559 2839 quos
2589 2780 2762 2839 postea
2798 2770 2957 2840 vol-uit
3007 2786 3199 2832 creare,
3259 2779 3377 2823 tunc

1779 2865 2019 2935 proiecto.
2039 2882 2201 2919 unum
2224 2867 2493 2933 quemdam
2520 2866 2662 2936 fecit,
2687 2882 2835 2935 quem
2866 2876 2910 2921 et
2948 2865 3169 2920 Verbum
3192 2876 3239 2920 et
3266 2867 3373 2921 Sa-

1780 2955 2005 3025 pentiam
2033 2964 2081 3009 et
2102 2953 2302 3009 Filium
2332 2957 2630 3021 nominavit,
2659 2966 2709 3008 ut
2730 2973 2820 3009 nos
2842 2972 2931 3026 per
2951 2957 3120 3027 ipsum
3142 2966 3330 3031 crearet
3359 2972 3378 3009 .'

1779 3050 1974 3118 quibus
1996 3050 2291 3105 concinens
2324 3050 2617 3105 Eunomius
2635 3050 2684 3103 in
2706 3050 2829 3104 fidei
2858 3049 3209 3105 Confessinne
3236 3051 3377 3105 edita

100 3140 187 3197 lius
205 3155 333 3207 erat,
366 3160 497 3215 ergo
527 3154 684 3201 natas
714 3156 854 3213 erat,
902 3163 968 3202 ac
994 3148 1189 3205 falsum
1217 3162 1301 3206 est
1330 3152 1473 3222 quod
1506 3152 1666 3209 fuerit
1693 3140 1737 3203 C
1775 3144 2156 3216 tom.1Antiq.
2192 3146 2340 3201 Lect.
2395 3144 2593 3200 Canisii
2620 3147 2928 3224 novissimae
2960 3144 3209 3199 editionis
3256 3159 3373 3213 pag:

102 3245 344 3307 antequam
393 3239 734 3294 nasceretur?
781 3242 838 3295 Si
879 3256 1009 3296 vero
1062 3243 1301 3299 nondum
1344 3256 1460 3301 erat
1509 3256 1668 3302 natus

103 3338 343 3401 antequam
372 3342 700 3397 nasceretur,
727 3334 840 3402 jam
869 3334 1019 3392 ιιυιιο
1063 3338 1224 3392 modo
1272 3350 1380 3393 erat
1404 3340 1458 3395 in
1491 3339 1672 3397 Patre.

103 3420 191 3473 Sed
211 3419 318 3477 haec
345 3423 396 3477 in
423 3432 653 3479 tractatu
678 3424 711 3478 4
740 3436 795 3480 et
814 3426 849 3482 5
875 3426 926 3480 in
950 3414 1069 3485 eain
1120 3444 1276 3500 quam
1326 3432 1673 3501 exposuimus

104 3514 396 3568 sententiam
410 3513 569 3571 facile
584 3518 961 3574 conciliantur.
980 3519 1302 3579 Processisse
1316 3525 1459 3579 enim
1475 3524 1673 3582 dicitur

107 3604 149 3655 in
174 3606 492 3674 natiuitatem,
518 3624 621 3680 qua
652 3625 715 3664 ea:
762 3627 848 3665 ore
895 3612 1066 3669 Patris
1126 3615 1347 3685 prodicit
1379 3619 1672 3690 unigenitus

111 3696 271 3765 Filius,
290 3711 342 3755 ut
364 3719 535 3757 rerum
561 3714 765 3771 natura,
790 3722 903 3775 qua:
930 3723 1033 3761 non
1062 3719 1200 3774 erat,
1232 3711 1671 3781 fingeretur,cum

108 3792 285 3849 scilicet
311 3795 469 3851 Pater
497 3798 899 3867 excogitatarum
936 3809 990 3852 ut
1023 3800 1252 3856 ordinent
1293 3804 1562 3857 instrueret
1586 3821 1669 3856 re-

109 3898 223 3949 rum,
244 3902 271 3940 e
292 3888 497 3957 regione
522 3889 693 3942 cordis
715 3888 954 3943 eructavit
992 3888 1215 3944 Verbum
1240 3934 1255 3959 ,
1296 3903 1353 3947 ut
1404 3896 1673 3962 superiori

111 3976 413 4045 paragrapho
455 3979 876 4048 explicavimus:
928 3990 1034 4033 erat
1082 3992 1259 4036 autem
1326 3983 1675 4039 nihilominus

110 4065 227 4121 idem
254 4068 820 4147 Filius,antequamsic
848 4084 1161 4142 nasceretur,
1190 4075 1245 4129 in
1273 4074 1453 4145 Patre,
1484 4088 1674 4149 quate-

112 4159 370 4224 nusillum,
402 4164 478 4217 uti
509 4162 659 4219 Zeno
689 4163 794 4218 hoc
840 4163 961 4234 ipso
986 4174 1053 4220 tr.
1107 4167 1141 4223 3
1195 4169 1289 4233 ait,
1338 4179 1456 4224 ante
1504 4172 1680 4225 omnia

111 4253 275 4305 tacula
295 4251 453 4307 Pater
480 4255 533 4307 in
580 4257 842 4326 profundo
866 4273 975 4311 sure
999 4274 1165 4312 sacra:
1212 4261 1422 4328 mentis,
1486 4277 1681 4335 arcano

113 4342 454 4411 insupicabili,
483 4361 545 4398 ae
570 4346 668 4399 sibi
705 4348 803 4401 soli
833 4358 951 4402 nota
998 4350 1331 4418 conscientia,
1391 4349 1518 4405 Filii
1573 4330 1681 4404 non

114 4432 206 4486 sine
222 4432 423 4501 aﬂ'eetu,
451 4436 542 4490 sed
563 4437 673 4491 sine
701 4440 1005 4494 revelamine
1032 4441 1449 4511 amplectebatur,
1483 4443 1682 4513 quibus

1780 3239 1907 3294 178.
1934 3237 2075 3303 Non,
2111 3248 2553 3313 antequamesset,
2586 3237 2776 3306 inquit,
2801 3239 2909 3292 sine
2935 3237 3255 3308 generatione
3286 3234 3379 3289 Fi-

1780 3332 1908 3386 lium
1938 3332 2231 3385 nominavit.
2262 3330 2446 3400 Neque
2469 3345 2600 3385 vero
2626 3330 2961 3386 dubitabth
2985 3327 3277 3391 affirmare,
3316 3330 3379 3382 il-

1784 3424 1897 3479 lum
1942 3434 2059 3478 ante
2101 3425 2272 3477 omnia
2324 3426 2514 3478 sarcula
2574 3427 2847 3495 genitum;
2897 3422 2990 3478 sed
3040 3422 3095 3477 id
3152 3439 3255 3475 non
3308 3423 3377 3475 ita

1782 3518 2138 3588 accipiebant,
2172 3532 2234 3572 ac
2262 3516 2308 3571 si
2346 3517 2414 3571 ab
2454 3526 2655 3572 aeterno
2677 3518 2888 3587 genitus
2918 3518 3100 3582 fuerit,
3133 3515 3299 3572 sedita
3327 3526 3381 3567 at

1784 3597 1952 3678 [artus
1980 3610 2140 3664 fuerit
2168 3620 2286 3673 ante
2312 3611 2749 3665 constitutionem
2784 3610 2994 3674 mundi,
3014 3630 3019 3635 ·
3040 3609 3092 3663 in
3114 3608 3379 3677 principio

1785 3701 1998 3755 scilicet
2049 3700 2342 3771 temporis:
2401 3717 2479 3755 res
2530 3711 2708 3757 autem
2758 3708 2895 3771 facta
2943 3716 3041 3753 non
3085 3710 3193 3752 erat
3239 3708 3380 3767 autc-

1785 3808 1939 3861 quam
1994 3792 2175 3860 ﬁeret,
2230 3792 2555 3862 objiciebant
2605 3809 2671 3847 ex
2721 3794 2954 3862 Dionysii
3023 3792 3375 3846 Alexandrini

1788 3883 2039 3949 cpistola,
2091 3882 2243 3952 cujus
2290 3882 2645 3953 fragmentum
2670 3882 2994 3937 Athanasius
3016 3888 3066 3935 in
3094 3882 3229 3936 lianc
3263 3898 3375 3936 rem

1786 3977 2092 4031 considerat
2123 3977 2175 4031 in
2203 3978 2361 4048 epist.
2387 3977 2454 4031 de
2477 3978 2751 4033 Sententia
2782 3976 3041 4047 Dionysii,
3067 3994 3212 4029 ltlllll.
3238 3976 3294 4040 li,
3326 3994 3378 4043 p.

1790 4069 2077 4124 246.!lnic
2101 4083 2230 4140 ergo
2282 4069 2548 4136 formulae,
2577 4069 2662 4124 cui
2690 4068 2975 4123 anathema
3028 4068 3238 4121 dixerat
3292 4069 3379 4122 Μ-

1790 4177 1943 4217 erena
1969 4162 2229 4234 synodus,
2258 4164 2546 4217 anathema
2594 4162 2808 4232 quidem
2834 4162 3013 4216 dicere
3038 4178 3143 4216 non
3167 4161 3380 4215 dubita-

1792 4252 2179 4308 vit.Eusebius
2232 4251 2611 4319 Caesariensis,
2655 4256 2705 4307 in
2754 4254 2979 4323 epistola
3047 4254 3265 4307 rccitata
3313 4253 3381 4306 ab

1792 4346 2107 4412 Athanasio,
2137 4348 2189 4401 in
2212 4346 2359 4403 calce
2387 4348 2506 4403 libri
2535 4347 2604 4403 de
2637 4347 2875 4402 Decretis
2896 4346 3084 4418 synodi
3129 4346 3377 4408 Nica‘nm,

1791 4440 1889 4497 sed
1918 4441 1991 4495 ita
2021 4441 2250 4497 subinde
2272 4458 2332 4498 se
2359 4458 2419 4498 se
2448 4444 2757 4513 explicavit,
2791 4453 2849 4497 ut
2879 4443 3010 4497 nihil
3061 4443 3128 4495 ah
3170 4444 3381 4496 Arianis

116 4524 280 4578 similia
308 4526 464 4580 initio
520 4536 841 4582 tractatuum
885 4532 920 4583 4
969 4540 1021 4583 et
1064 4528 1098 4583 5
1145 4532 1458 4587 recitantur.
1492 4534 1682 4604 Itaque
1706 4530 1761 4591 D
1787 4534 2026 4588 alienum
2058 4534 2303 4589 diceret:
2335 4532 2443 4588 Nec
2464 4536 2607 4601 item,
2634 4536 2805 4604 inquit
2829 4552 2979 4588 num.
3013 4535 3065 4597 9,
3096 4534 3373 4587 absurdum

119 4614 226 4671 dtus
249 4618 362 4675 illas
388 4620 551 4677 Verbi
606 4624 928 4690 nativitates,
958 4640 1090 4694 quas
1118 4616 1215 4680 nos
1265 4628 1514 4699 superius
1570 4644 1674 4699 pro

121 4713 728 4787 communiiutelligentia
750 4729 778 4768 a
808 4714 1028 4771 Zenone
1080 4717 1361 4773 distinctas
1391 4695 1674 4775 adnotavi-

124 4814 219 4857 mus
240 4813 388 4859 tract.
418 4807 452 4861 ι
474 4817 526 4861 et
557 4806 591 4862 5
612 4806 711 4860 hac
739 4802 966 4862 formiila
998 4808 1257 4865 iudicatas
1286 4811 1467 4866 vides:
1499 4812 1673 4881 illam,

126 4905 208 4957 qn
230 4908 339 4950 erat
363 4897 417 4951 in
442 4896 617 4953 Patris
648 4900 977 4955 conscientia
1005 4900 1173 4956 Filius
1202 4917 1382 4969 verus,
1410 4904 1505 4958 sed
1558 4904 1671 4959 Deo

128 4977 243 5038 Patri
277 4988 565 5051 revelatus,
598 5004 704 5044 non
729 4990 923 5055 nobis;
954 4991 1204 5058 alteram,
1252 5009 1354 5062 qua
1387 4980 1457 5048 in.
1494 5010 1679 5049 rerum

128 5076 417 5132 creationem
448 5080 601 5133 nobis
629 5091 783 5136 natus
811 5082 1042 5138 subinde
1062 5084 1387 5155 concipitur,
1434 5100 1556 5141 cum
1607 5085 1677 5141 de

130 5167 328 5223 creando
359 5170 490 5225 orbe
522 5170 757 5226 Verbum
783 5173 944 5230 Pater
986 5176 1116 5233 dixit
1143 5196 1155 5231 :
1186 5187 1241 5233 et
1269 5189 1375 5233 erat
1416 5180 1471 5233 in
1519 5178 1680 5235 Patre

131 5269 187 5311 ex
224 5266 381 5328 prima
406 5304 422 5330 ,
475 5272 744 5332 antequam
797 5279 1088 5323 nasceretur
1118 5285 1231 5325 seu
1274 5281 1430 5328 natus
1459 5292 1487 5328 a
1525 5274 1681 5329 nobis

131 5352 468 5423 conciperetur
495 5372 561 5412 ex
585 5358 823 5412 secunda
861 5357 1161 5429 nativitate,
1212 5381 1345 5435 quas
1396 5368 1521 5423 licet
1568 5369 1681 5422 dis-

134 5438 297 5496 tindas
323 5453 501 5500 nostra
541 5448 772 5517 quadam
800 5450 1027 5515 ratione,
1080 5467 1138 5507 re
1187 5463 1361 5509 tamen
1393 5471 1493 5509 una
1549 5466 1677 5511 sunt

136 5534 374 5604 mtiriias,
396 5538 608 5593 sicutet
634 5536 893 5606 Verbum,
915 5555 1021 5610 quo
1044 5541 1093 5595 in
1131 5545 1317 5612 priori,
1374 5558 1431 5599 ιιι
1482 5549 1551 5601 ita
1598 5550 1678 5601 lo-

136 5640 351 5696 quam,
373 5632 645 5686 nativitate
688 5630 868 5686 omnia
898 5631 1075 5687 divina
1099 5642 1154 5688 el
1181 5638 1481 5689 necessaria
1536 5638 1682 5693 (Νι-ια

138 5719 601 5788 δωιωινοτιιυιιι,
633 5720 817 5793 quoin
842 5722 1118 5779 nativitate
1170 5725 1335 5782 altera
1376 5727 1513 5781 dicta
1558 5739 1682 5785 sunt

1791 4630 2078 4695 putavimus
2107 4627 2188 4681 his
2216 4627 2439 4693 vocibus,
2470 4644 2571 4681 non
2600 4638 2709 4682 erat
2757 4639 3029 4700 antequam
3065 4628 3260 4699 genitus
3283 4635 3378 4687 est,

1791 4721 2065 4774 anathema
2103 4721 2291 4789 dicere,
2351 4736 2467 4773 cum
2511 4735 2681 4773 omnes
2735 4708 2993 4789 fateantur
3041 4716 3234 4770 Filium
3288 4717 3382 4769 Dei

1791 4811 1971 4881 fuisse,
1998 4813 2295 4883 priusquam
2323 4812 2598 4867 secundum
2627 4828 2832 4865 carnem
2873 4821 3203 4864 nasceretur:
3254 4824 3373 4863 cum

1792 4917 1901 4970 quo
1928 4912 2071 4957 stare
2098 4911 2325 4972 poterat,
2354 4902 2495 4971 quod
2527 4901 2711 4956 Ariani
2742 4902 3070 4965 sentiebant,
3127 4900 3371 4954 eumdem

1797 4992 1991 5048 Filium
2011 4995 2153 5049 Patri
2172 5004 2495 5051 coasternum
2510 5009 2616 5049 non
2641 4994 2825 5059 fuisse,
2842 5010 2963 5048 cum
2985 5008 3103 5047 eum
3127 4994 3221 5061 ipsi
3246 5008 3379 5061 quo-

1796 5098 1903 5155 que
1932 5086 2205 5141 traderent
2236 5090 2469 5157 genitum
2501 5094 2625 5141 ante
2651 5100 2838 5139 «mines
2870 5093 3164 5145 creaturas,
3226 5090 3283 5134 ut
3326 5082 3377 5136 in

1802 5177 1886 5233 his
1928 5180 2173 5235 creandis
2194 5195 2259 5235 eo
2285 5181 2527 5235 ministro
2577 5189 2833 5235 uteretur.
2896 5178 3193 5246 Imperator
3237 5175 3378 5231 Cun-

1803 5273 2068 5325 stantinus
2100 5272 2205 5326 alia
2232 5274 2435 5327 ratione
2464 5274 2678 5326 Ariancc
2715 5271 2831 5339 ejus
2878 5271 3121 5323 formula:
3149 5269 3380 5338 proscri-

1806 5363 1973 5432 ptioni
1996 5378 2247 5418 assensus
2271 5364 2506 5433 proditur
2523 5364 2590 5415 ab
2606 5362 2794 5416 eodem
2826 5360 3056 5415 Eusebio
3082 5363 3130 5413 in
3150 5360 3379 5427 epistola

1804 5465 2121 5519 memorata,
2155 5456 2511 5509 utal'lirmavit
2550 5470 2695 5508 num.
2748 5454 2813 5507 10
2858 5470 2977 5509 eum
3030 5452 3195 5508 fuisse
3234 5464 3385 5507 ante-

1805 5563 1963 5616 quam
1994 5556 2305 5601 nasccrclur
2335 5547 2387 5601 in
2425 5546 2604 5613 Patre,
2657 5545 3065 5616 quandoquidem
3114 5556 3383 5613 initer/nam

1810 5652 1927 5694 actu
1959 5641 2133 5710 fuisset
2157 5642 2369 5711 genitus,
2396 5642 2503 5709 ipse
2532 5643 2755 5711 potantia
2784 5650 2890 5694 erat
2942 5642 2992 5693 in
3046 5638 3199 5691 Patre
3223 5681 3236 5701 ,
3270 5639 3384 5689 licet

1818 5751 1919 5788 non
1945 5734 2232 5806 gigneretur
2255 5749 2273 5799 ;
2302 5750 2415 5804 qua:
2448 5734 2648 5790 locutio
2674 5734 2766 5791 Dei
2796 5732 2981 5788 Filium
3023 5747 3123 5785 non
3176 5742 3386 5797 semper
