3826 6226
446 294 550 349 1υὸ

445 416 559 462 actu
580 402 764 463 fuisse,
791 406 894 452 nec.
916 385 1134 460 proinde
1156 381 1391 456 genitum
1441 375 1508 430 ab
1559 381 1761 428 :eterno
1807 364 2011 449 signiti-

447 442 559 462 μνη.
582 442 764 463 .......,.,,
791 442 886 452 .___
917 442 929 460 ,
955 442 961 444 _
993 442 996 443 ν
1156 442 1185 456 υ

447 513 592 555 cans.
646 472 854 548 Arionis
898 484 1034 537 favet
1071 472 1448 548 apertissime:
1502 464 1603 520 nisi
1651 461 1788 516 forte
1819 458 1901 513 de.
1926 442 2016 509 illo

449 587 611 660 priori
634 580 849 653 originis
868 546 1161 641 accipiatur
1204 579 1266 620 ea
1295 555 1636 633 ,propoSitio,
1688 565 1794 622 quo
1849 546 2019 620 Filius

1171 657 1233 660 ι-
1549 647 1899 660 ..μηηη
1953 633 2017 660 ,μ

449 633 502 737 in
534 681 684 734 Patre
711 633 854 742 prius
881 662 1123 736 potentia,
1151 657 1275 713 dein
1303 662 1440 717 actu,
1469 647 1565 704 sed
1603 653 1903 711 'utrumque
1951 633 2020 691 ab

452 785 646 831 :eterno
673 766 838 836 fuisse
859 756 1171 827 concipitur.
1202 748 1306 805 Alii
1331 761 1362 802 e
1390 753 1575 800 contra
1599 736 1815 794 Arianis
1854 740 1912 787 ut
1936 745 2023 784 se-

449 882 506 923 se
527 834 873 933 opponerent,
905 847 1172 907 eamdem,
1219 855 1338 914 qua:
1389 835 1478 890 hic
1521 848 1549 887 a
1581 829 1801 884 Zenone
1855 837 2024 878 usur-

302 951 306 955 ’
397 970 399 973 ·
452 928 624 1031 patur,
654 945 919 1021 protulere
947 936 1256 997 formulam,
1285 929 1432 993 Erat,
1463 928 1736 994 antequam
1783 930 2021 971 nascere-

1210 1025 1221 1031 ‘
1453 1026 1464 1031 -
1508 1015 1648 1031 -‘~~-
1709 1010 2000 1031 nutum“...

453 1010 551 1113 iur,
597 1010 900 1111 iit-Patre:
954 1031 1048 1086 sed
1100 1041 1161 1082 ea
1210 1015 1654 1090 interpretatione
1709 1010 2021 1069 utebantur,

450 1151 552 1211 qua
572 1135 696 1189 dum
717 1103 873 1186 unam
893 1127 974 1195 (ut
999 1118 1206 1177 notavit
1228 1115 1548 1170 Philastrtus
1569 1121 1690 1176 cap.
1723 1100 1872 1171 ωλι),
1901 1113 2025 1153 eva-

391 1221 400 1230 ”
451 1194 924 1285 dereconabantur
954 1211 1225 1274 haeresim,
1271 1201 1624 1260 :cternitatem
1660 1194 2027 1258 unitatemque

452 1317 758 1379 substantia:
779 1313 957 1369 divino
988 1308 1160 1363 Verbo
1190 1300 1584 1362 detrahentem,
1636 1287 1945 1346 incidebant
1974 1284 2026 1338 in

451 1416 631 1479 aliam,
679 1425 780 1480 qua
833 1420 957 1462 eum
1002 1400 1294 1471 ingenitum
1343 1408 1408 1450 ac
1449 1388 1674 1462 proinde
1713 1384 1912 1439 Filium
1961 1378 2030 1434 ab

420 1517 655 1581 azterno
695 1516 802 1557 non
830 1498 1009 1565 fuisse
1052 1489 1408 1550 affirmabant,
1455 1496 1615 1554 quam
1661 1475 1909 1533 haeresim
1954 1471 2033 1525 sic

456 1597 780 1673 Augustinus
822 1607 888 1647 ex
931 1586 1118 1643 eodem
1175 1579 1463 1638 Philastrio
1509 1572 1726 1630 brevius
1781 1561 2036 1622 describit

458 1667 600 1750 Hae}.
631 1690 722 1754 80,
749 1699 867 1757 pag.
898 1681 990 1746 25,
1018 1686 1153 1732 tom.
1186 1670 1380 1732 8:.4lia
1401 1667 1699 1738 sempiterne
1728 1668 1908 1714 natum
1933 1669 2034 1709 non

459 1748 982 1856 intelligens'Fi'lium,
1033 1777 1179 1841 putat
1225 1765 1369 1819 illam
1399 1759 1712 1814 nativitatem
1734 1748 2030 1819 sumpsisse,

458 1887 733 1941 alentpore
777 1869 1016 1924 initium:
1048 1874 1092 1918 et
1121 1872 1283 1916 tamen
1330 1855 1500 1910 volens
1529 1857 1836 1904 cowternum
1888 1837 2036 1916 Patri

461 1931 659 2026 bibunt
689 1963 942 2034 conﬁteri,
973 1957 1109 2030 apud
1138 1954 1284 2008 illum
1309 1949 1485 2022 fuisse,
1513 1950 1786 2007 antequam
1839 1934 1901 1987 de
1945 1931 2036 1984 illo

461 2069 749 2118 nasceretur
768 2097 783 2122 ,
811 2052 1101 2113 existimat;
1131 2045 1225 2099 hoc
1254 2052 1327 2097 est
1358 2082 1372 2105 ,
1399 2050 1597 2106 semper
1621 2047 1733 2086 eum
1758 2026 1934 2099 fuisse,
1957 2037 2040 2075 υεσο

463 2172 578 2212 rum
608 2162 772 2207 tamen
794 2137 988 2217 semper
1014 2157 1126 2197 eum
1159 2135 1357 2190 Filium
1374 2147 1478 2186 non
1499 2127 1675 2196 fuisse,
1708 2119 1796 2176 sed
1835 2132 1898 2172 ea:
1943 2127 2040 2177 quo

375 2291 378 2293 ›
467 2207 647 2305 (the-villo
673 2255 824 2300 natus
844 2207 936 2306 est,
967 2236 1161 2291 Filium
1191 2245 1297 2286 esse
1327 2224 1554 2296 erupisse.
1573 2219 1756 2287 Itaque
1781 2207 2043 2267 catholico

471 2343 588 2398 viro
656 2335 971 2395 catholicam
1037 2328 1294 2384 adversus
1355 2318 1582 2374 Arianos
1651 2305 2046 2380 professionem

471 2431 678 2496 edenti,
705 2429 790 2484 vel
815 2419 1106 2481 omittenda
1122 2428 1344 2486 prorsus
1377 2410 1493 2464 haec
1538 2396 1751 2459 dicendi
1799 2389 2048 2455 formula,

473 2528 601 2583 licet
624 2521 827 2578 eisdem
859 2513 1100 2587 opposita
1125 2482 1298 2564 videri
1327 2501 1516 2573 possit,
1545 2505 1604 2549 ut
1629 2489 1825 2563 placuit
1853 2482 2052 2539 Hilario

476 2619 572 2674 lib.
617 2630 690 2670 xtt
723 2612 789 2668 de
816 2576 1098 2669 Tritiitate,
1128 2613 1276 2654 num.
1302 2594 1391 2659 51,
1419 2589 1504 2663 vel
1529 2599 1650 2641 cum
1681 2582 1748 2636 de
1780 2576 2054 2633 nativitate

476 2719 756 2768 essetcum
778 2699 988 2758 Arianis
1010 2667 1264 2765 quaestio,
1313 2687 1382 2741 ita
1419 2681 1487 2737 de
1538 2675 1725 2733 eadem
1777 2667 2054 2738 explorate

479 2811 599 2861 erat
625 2793 998 2872 profitendum,
1028 2796 1086 2843 ut
1112 2802 1178 2840 ne
1209 2779 1334 2852 quid
1365 2769 1707 2845 suspicionis,
1760 2764 1842 2820 vel
1879 2757 2054 2815 ambi-

1546 2863 1558 2872 '
1757 2871 1767 2872 κ
1788 2870 1834 2872 κέ
1849 2853 1860 2872 2
1874 2847 2052 2872 ,1---.1η

482 2847 699 2967 ευίιιιῗίε
747 2886 1048 2942 efferretur.
1081 2879 1136 2931 ιιι
1167 2847 1270 2928 hoc
1296 2880 1474 2924 autem
1528 2863 1634 2917 duo
1685 2847 2054 2928 prospicienda

483 2951 715 3043 "maxime
737 2981 947 3035 fuerunt
972 2990 986 3039 ;
1018 2971 1248 3043 primum
1271 2971 1330 3018 ut
1356 2962 1427 3015 ita
1447 2955 1613 3013 Filius
1635 2951 1701 3005 ab
1723 2954 1930 3002 aeterno
1951 2951 2059 2997 tra-

485 3079 702 3134 deretur
724 3072 886 3129 fuisse
916 3037 1168 3123 iuPatre,
1201 3065 1258 3111 ut
1285 3048 1445 3110 simul
1489 3045 1649 3102 fuerit
1697 3037 1982 3094 distinctus
2030 3046 2058 3084 a

492 3268 746 3332 praeterea
778 3267 902 3308 vero
920 3255 976 3302 ut
998 3244 1351 3298 alfirmaretur
1366 3229 1586 3301 aequalis
1625 3221 1770 3280 Patri
1795 3215 2067 3288 ejusdem—

1549 3325 1557 3332 -
1624 3320 1635 3330 ο
1684 3315 1931 3332 ηελλ--.-
1963 3306 2030 3332 nn

490 3306 596 3424 δυο
619 3363 740 3406 cum
763 3345 927 3400 Patre
947 3334 1276 3396 substantia,
1306 3336 1363 3383 ut
1386 3341 1452 3380 ne
1473 3325 1594 3393 quis
1624 3315 1934 3373 inferiorem
1963 3306 2065 3360 Pa-

493 3409 560 3502 tri
589 3443 780 3500 Filium
809 3435 1061 3504 colligere
1091 3434 1292 3500 posset.
1327 3421 1623 3486 Utrumque
1663 3419 1838 3464 autem
1883 3409 2069 3457 auctor

492 3529 752 3606 hocipso',
794 3532 879 3586 cui
914 3501 1030 3581 lianc
1076 3503 1302 3592 lormula
1362 3513 1558 3568 inserta
1617 3511 1734 3567 est,
1767 3501 1819 3553 in
1844 3502 2069 3552 tractatu

492 3628 760 3706 praestitit.
785 3623 1024 3681 Primum
1055 3586 1264 3673 satis'in
1297 3617 1410 3664 tuto
1431 3601 1606 3676 posuit
1626 3596 1795 3668 prima
1830 3586 2067 3662 periodo,

1226 3705 1231 3706 ’
1352 3700 1383 3706 “
1525 3696 1535 3706 ·
1578 3703 1588 3706 -
1672 3699 1713 3706 -κ
1742 3703 1770 3706 ς-
1884 3681 2067 3706 cum.-.

493 3681 614 3783 Eum
643 3721 834 3778 Filium
865 3717 918 3771 in
946 3713 1064 3769 sinu
1095 3705 1269 3765 Patris
1301 3700 1476 3756 adhuc
1525 3696 1776 3750 latentem
1806 3727 1819 3750 ,
1875 3681 2073 3736 Filium
2109 3730 2114 3734 .

494 3834 624 3876 vere
645 3816 810 3871 fuisse
837 3804 1144 3865 afﬁrmavit,
1175 3811 1357 3857 euma
1389 3793 1547 3848 Patre
1573 3797 1695 3841 ante
1719 3777 1895 3837 omnia
1925 3773 2071 3838 Filii,

496 3929 600 3970 non
620 3911 727 3968 sine
747 3905 955 3974 a/fectu,
979 3899 1066 3955 sed
1101 3881 1210 3950 sine
1251 3886 1552 3946 revelamine
1597 3877 1890 3948 amplexum
1941 3867 2076 3922 scri-

497 4010 665 4070 bens;
697 4015 799 4068 qua
828 4011 957 4053 sane
977 3987 1206 4048 formula
1232 3982 1424 4039 Filium
1457 3977 1508 4030 in
1533 3974 1689 4027 Patre
1734 3965 1901 4020 luisse
1949 3970 2077 4012 vere

505 4049 665 4070 νυ..-,
699 4049 799 4068 νὴ
828 4049 851 4053 -
893 4049 945 4051 _,

505 4097 692 4153 Filium
721 4088 920 4151 docuit,
951 4098 1013 4138 ac
1052 4075 1274 4151 proinde
1299 4069 1490 4125 Filium
1512 4074 1648 4128 artu,
1677 4073 1783 4113 non
1829 4049 2076 4124 potentia,

505 4200 713 4247 necnon
741 4179 935 4237 Filium
962 4191 991 4229 a
1024 4175 1180 4226 Patre
1206 4178 1332 4220 vere
1371 4159 1605 4230 genitum
1648 4159 1805 4219 atque
1855 4141 2079 4198 distinc-

509 4289 649 4343 tum,
704 4286 863 4345 quem
892 4267 966 4322 uti
993 4263 1152 4318 talem
1195 4258 1355 4311 Pater
1397 4247 1663 4319 amplexus
1693 4239 1795 4294 dici
1830 4231 2080 4305 potuerit.

511 4371 595 4427 Ab
621 4321 790 4423 £an
817 4367 994 4416 autem
1024 4352 1156 4408 satis
1184 4356 1448 4416 superque
1472 4336 1612 4394 cavit
1625 4347 1718 4404 per
1750 4330 1861 4391 illa,
1894 4321 2087 4393 quibus

445 4487 448 4490 λ
513 4460 759 4522 eumdem
793 4451 1011 4510 tradidit
1038 4446 1212 4516 fuisse,
1262 4447 1550 4507 antequam,
1606 4420 1838 4481 secunda
1886 4416 2090 4472 scilicet

515 4552 811 4612 nativitate,
835 4547 1148 4600 nasceretur,
1204 4536 1259 4587 in

518 4643 649 4719 [xei]
669 4641 760 4697 His
776 4638 916 4694 enim
937 4625 1222 4706 postremis
1245 4621 1422 4678 verbis
1443 4616 1507 4670 ad
1523 4613 1743 4686 primam
1759 4602 2089 4660 nativitatem

1259 4716 1267 4719 -
1431 4710 1440 4719 .
1508 4708 1516 4716 .
1695 4708 1931 4719 “unum
1957 4688 2089 4719 mw,

519 4688 909 4810 pertinentibus
938 4688 991 4779 et
1020 4737 1052 4776 a
1088 4716 1307 4775 Petavio
1336 4708 1550 4766 omissis
1581 4708 1933 4774 praeterquam
1955 4688 2092 4760 quod

1251 4807 1260 4810 -
1390 4801 1426 4810 _
1520 4799 1530 4810 ,
1709 4791 1902 4810 JH”
1935 4784 2092 4810 mm

520 4784 798 4884 affirmans
827 4784 1036 4874 iFilium
1093 4807 1343 4881 azqualem
1385 4799 1550 4862 Patri,
1604 4791 1852 4850 eumdem
1878 4802 1907 4839 a
1935 4784 2094 4838 Patre

521 4921 830 4979 distinctum
860 4912 1094 4966 affirmat
1118 4906 1301 4975 (nemo
1321 4895 1463 4951 enim
1492 4890 1593 4944 sibi
1618 4885 1717 4957 ipsi
1751 4878 1968 4952 :eqnalis
1989 4875 2094 4930 dici

523 5023 717 5088 potest,
751 5022 872 5065 cum
900 5000 1174 5072 aequalitas
1203 4993 1426 5047 alterum
1475 4977 1775 5038 necessario
1821 4967 2091 5040 respiciat)

1150 5087 1155 5088 ’
1284 5083 1312 5088 ·-
1409 5080 1419 5088 ·
1599 5070 1667 5088 λέ
1696 5085 1724 5088 η
1763 5067 1811 5088 ι--
1846 5059 2070 5088 -.....;ι..,..

524 5059 726 5164 ἕάάθιιε
750 5096 975 5157 subinde
1004 5087 1249 5148 eumdem
1281 5080 1421 5136 Patri
1471 5070 1728 5144 :equalem
1759 5067 1812 5120 in
1843 5059 2091 5122 omnibus,

527 5199 766 5272 profecto
810 5188 1053 5250 eamdem
1102 5179 1276 5236 Patris
1329 5169 1680 5227 :eternitatem
1749 5155 2097 5221 eamdemque

1218 5269 1249 5272 υ
1469 5262 1480 5271 ο
1649 5253 1780 5272 γει---ρ
1826 5247 1910 5272 με..
1954 5240 2091 5272 οη..ιῖ

531 5240 876 5349 :ubstantiam
927 5278 1063 5334 Filio
1107 5269 1343 5328 vindicat
1371 5304 1386 5328 ,
1439 5262 1554 5315 sine
1592 5253 1783 5325 quibus
1826 5247 1912 5302 hie
1954 5240 2094 5298 Patri

532 5380 749 5453 mqualis
766 5380 819 5430 in
847 5368 1075 5428 omnibus
1102 5378 1210 5419 non
1233 5359 1438 5413 luisset.
1465 5350 1602 5418 Quin
1633 5358 1753 5399 cum
1785 5339 1868 5394 hic
1891 5334 2101 5390 Arianae

540 5581 632 5623 sua
659 5565 728 5620 de
755 5556 1018 5616 sententia
1044 5519 1235 5621 posset
1273 5519 1567 5609 ambigere,
1620 5527 1938 5597 locupletem
1969 5519 2108 5572 hanc

545 5665 762 5714 asserta:
806 5644 1119 5718 aqualitatis
1158 5608 1635 5693 rationcmislalim
1694 5616 1927 5688 adjecit:
1976 5608 2108 5674 Quia

552 5751 704 5804 Pater
733 5748 784 5800 in
814 5745 978 5811 ipsum
1005 5737 1160 5789 alium
1191 5747 1241 5784 se
1268 5727 1434 5799 genuit
1481 5738 1541 5776 ea:
1582 5734 1654 5784 se,
1712 5729 1772 5768 ex
1819 5702 2109 5764 innascibili

1819 245 2370 310 PROLEGOMENA.

2039 372 2092 434 Α
2115 361 2307 415 scilicet
2331 373 2424 411 sua
2449 351 2543 407 illa
2582 347 2885 410 substantia,
2917 344 2972 397 in
3012 357 3125 405 qua-
3159 340 3337 394 beatus
3388 353 3604 393 manens
3656 339 3709 388 in

2120 453 2509 517 sempiternum,
2540 442 2794 508 omnibus,
2822 453 2936 506 qua:
2960 433 3137 499 habet,
3195 430 3461 486 habentem
3508 428 3710 484 Filium

3609 221 3707 277 1οι

2122 545 2274 616 paria
2298 538 2599 615 procreavit.
2643 530 2836 590 Audin‘
2888 529 3162 584 Zenonem
3216 529 3402 592 aperte
3455 520 3712 589 latentem

2126 636 2345 698 Filium,
2377 630 2688 684 distinctum
2709 640 2741 679 a
2768 623 2950 690 Patre,
2982 627 3038 674 et
3057 618 3214 673 unius
3239 627 3364 669 cum
3394 609 3553 666 Patre
3583 610 3714 663 sub-

2126 725 2339 783 stantiae
2369 724 2636 784 existere;
2683 716 2880 787 quippe
2901 725 3060 782 quem
3083 709 3242 763 Pater
3264 696 3427 767 alium
3455 717 3506 755 se
3534 700 3716 772 genuit

2126 836 2189 874 ea:
2218 835 2290 881 se,
2324 814 2582 870 videlicet.
2603 826 2666 864 ea;
2695 804 2981 862 inn’ascibili
3033 797 3320 855 substantia
3348 793 3545 858 Patris,
3595 805 3718 861 quas

2126 915 2172 970 si
2198 907 2519 966 innascibilis
2548 914 2653 968 est,
2692 909 2746 958 et
2771 915 2837 956 ex
2863 897 3051 952 eadem
3103 889 3454 947 nihilominus
3495 900 3524 939 a
3556 883 3718 938 Patre

2127 1003 2336 1074 genitus
2358 998 2457 1053 fuit
2490 995 2679 1056 Filius,
2710 991 2898 1046 eadem
2954 984 3138 1057 procul
3195 980 3357 1036 dubio
3408 974 3716 1032 substantia

2128 1091 2512 1152 communicari
2546 1087 2684 1142 Filio
2706 1084 2910 1148 debuit,
2944 1081 3046 1135 alia
3076 1093 3176 1134 nec
3206 1074 3412 1140 debuit,
3462 1085 3563 1127 nec
3624 1083 3722 1138 p0-

2131 1189 2231 1243 tnit
2263 1205 2275 1239 :
2306 1183 2447 1239 unde
2475 1182 2635 1234 alium
2658 1194 2711 1232 se
2732 1191 2856 1232 vere
2885 1173 3119 1245 genuisse
3147 1166 3511 1240 cognoscitur,
3559 1163 3722 1215 alium

2131 1278 2359 1341 scilicet,
2383 1289 2488 1329 non
2514 1268 2679 1334 aliud,
2702 1281 2928 1336 quorum
2954 1265 3180 1318 alterum
3206 1239 3264 1316 ιέὸ
3295 1259 3455 1313 alium
3478 1266 3724 1326 persona:

3808 1319 3809 1341 ι

2133 1369 2532 1427 distinctionem
2563 1359 2758 1425 innuit,
2782 1358 3010 1412 alterum
3061 1362 3239 1408 autem
3283 1350 3342 1406 τὸ
3392 1365 3446 1402 se
3496 1343 3727 1400 adstruit
3808 1343 3809 1418 ξ

2135 1461 2488 1523 identitatem,
2522 1464 2578 1510 ut
2604 1451 2821 1515 vo'cant,
2852 1448 3046 1503 divina:
3077 1453 3301 1500 natura).
3347 1440 3483 1499 Hinc
3511 1449 3741 1506 quoque

2135 1559 2295 1613 Pater
2325 1563 2644 1625 procreasse
2668 1545 2894 1601 traditur
2922 1542 3114 1597 Filium
3165 1536 3312 1610 paria
3360 1533 3632 1590 habentem
3679 1529 3728 1580 in
3808 1571 3809 1578 η

2137 1619 2386 1726 omnibus,
2417 1659 2530 1715 qua:
2555 1640 2711 1694 Pater
2734 1637 2880 1690 habet
2914 1677 2929 1700 ,
2962 1634 3049 1689 ubi
3091 1631 3237 1701 paria
3275 1621 3370 1697 pro
3405 1626 3581 1679 eadem
3611 1619 3728 1674 dic-

2065 1752 2248 1813 Btum
2281 1723 2384 1802 est,
2432 1714 2597 1802 idque
2652 1739 2735 1784 est
2786 1725 3014 1781 eamdem
3059 1722 3216 1793 plane
3274 1717 3396 1772 Filii
3449 1714 3730 1780 Patrisque

2139 1832 2472 1891 substantiam
2496 1823 2762 1888 confiteri,
2796 1834 2952 1891 quam
2992 1816 3119 1871 aliis
3169 1809 3495 1868 testimoniis
3541 1817 3732 1876 aperte

2140 1925 2464 1982 declaratam
2493 1935 2521 1973 a
2550 1916 2767 1971 Zenone
2794 1909 2922 1965 alibi
2945 1903 3300 1961 ostendimus.

2211 2016 2348 2070 Dum
2389 2023 2546 2082 porro
2587 2016 2696 2062 t0ta
2732 2005 2846 2058 ltzec
2881 2000 3015 2056 ratio
3059 2006 3219 2065 atque
3267 1989 3528 2062 praelara
3561 1987 3734 2041 Zeno-

2143 2109 2316 2164 nianae
2340 2099 2696 2160 confessionis
2721 2092 2983 2166 professio
3013 2088 3078 2143 ad
3100 2101 3220 2142 eam
3249 2083 3366 2139 Filii
3399 2080 3734 2135 nativitatem

2146 2201 2433 2270 pertineat,
2455 2195 2522 2248 de
2557 2205 2658 2260 qua
2687 2189 2930 2243 dixerat:
2962 2180 3111 2242 Erat,
3133 2186 3403 2248 antequam
3419 2180 3733 2231 nasceretur,

2146 2293 2202 2346 in
2224 2289 2379 2344 Patre
2405 2283 2616 2356 (aqualis
2636 2283 2689 2335 in
2715 2276 2946 2333 onmibus
2964 2291 2982 2339 ;
3001 2274 3087 2327 hic
3103 2280 3279 2325 autem
3297 2276 3468 2338 status
3487 2263 3579 2317 ille
3598 2261 3738 2316 idem

2151 2387 2218 2440 sit
2261 2399 2324 2438 ac
2367 2381 2455 2450 qui
2497 2395 2524 2431 a
2552 2377 2772 2447 Zenone
2801 2371 2920 2425 aliis
2959 2366 3136 2422 verbis
3176 2358 3460 2430 exponitur
3516 2363 3682 2410 tract.
3711 2353 3739 2404 t

2156 2486 2209 2533 et
2233 2475 2297 2540 5,
2324 2485 2486 2544 quum
2514 2468 2707 2523 Filium
2747 2465 2799 2517 in
2838 2460 3014 2516 Patris
3039 2450 3367 2511 conscientia
3399 2448 3636 2502 velatum
3668 2453 3741 2497 ato

2155 2583 2256 2639 que
2281 2535 2530 2620 lalentem
2553 2555 2817 2629 prodidit:
2841 2552 2952 2623 jam
2978 2549 3148 2618 palam
3169 2542 3382 2597 tandem
3410 2549 3523 2604 est,
3549 2535 3742 2591 Filium

2157 2660 2306 2715 hisce
2346 2667 2558 2726 quoque
2605 2650 2657 2703 in
2690 2643 3002 2702 tractatibus
3025 2642 3126 2709 pr'o
3153 2650 3219 2692 eo
3259 2645 3476 2704 quoque
3502 2637 3655 2682 statu
3697 2635 3746 2679 et

2157 2765 2297 2806 vere'
2329 2747 2568 2818 genitum
2623 2748 2783 2809 atque
2828 2708 3134 2789 distinctum
3183 2742 3215 2780 a
3262 2708 3456 2784 Patre,
3502 2727 3558 2774 et
3606 2716 3747 2772 Patri

2160 2841 2418 2912 aequalem
2448 2849 2510 2890 ac
2536 2831 2774 2902 ejusdem
2805 2828 2979 2893 plana:
3023 2815 3336 2875 substantia:
3367 2810 3647 2865 a.Zenone
3671 2822 3747 2859 se-

2161 2950 2222 2991 se
2249 2921 2350 2987 hoc
2396 2930 2518 2983 loco
2561 2901 2691 2979 satis
2731 2908 3342 2986 superqueexplicante
3383 2901 3630 2955 habitum
3670 2910 3749 2949 as-

2163 3032 2473 3090 sertumque
2503 3016 2685 3070 fuisse.
2719 3010 2818 3065 Eat
2845 3019 2985 3060 nunc
3014 2999 3294 3063 Petavius,
3328 3002 3384 3050 et
3405 2989 3526 3063 post
3550 2990 3744 3044 recita-

1961 3132 2011 3178 te
2043 3137 2058 3187 ;
2090 3130 2134 3192 ρ
2166 3130 2274 3183 tum
2298 3089 2498 3171 textum
2524 3103 2797 3162 :Procedit
2815 3102 2866 3155 in
2883 3089 3312 3157 nativitatent,qui
3337 3093 3750 3153 erat,antequam

2167 3216 2455 3266 nasceretur
2475 3244 2489 3267 ,
2518 3202 2572 3255 in
2601 3198 2756 3253 Patre
2776 3237 2790 3262 ,
2818 3193 2956 3247 hanc
2984 3170 3425 3254 consequentiam
3455 3175 3711 3232 obtrudat
3737 3190 3747 3223 :

2169 3304 2309 3377 Ergo
2350 3297 2582 3361 Filium,
2622 3299 2893 3359 antequam
2921 3301 2952 3337 a
2982 3280 3139 3336 Patre
3166 3278 3452 3348 gigneretur
3477 3312 3490 3336 ,
3517 3270 3572 3322 in
3604 3266 3755 3321 Patre

2170 3355 2229 3360 _.
2248 3355 2298 3377 as
2568 3355 2578 3361 ,
2753 3355 2762 3359 _

2170 3396 2416 3454 exstitisse
2439 3386 2725 3460 signiﬁcat;
2749 3374 3006 3454 generatio
3027 3387 3143 3427 vero
3164 3363 3471 3423 et'natiuitas
3485 3355 3606 3414 tum
3632 3358 3752 3428 fuit,

2171 3504 2287 3544 cum
2313 3503 2393 3542 res
2419 3496 2593 3538 omnes
2625 3487 2891 3548 procreare
2927 3467 3083 3523 voluit
3104 3506 3118 3529 ,
3147 3472 3251 3518 etc.
3281 3458 3551 3526 lntegrum
3590 3453 3638 3507 si
3681 3466 3758 3504 re-

2171 3583 2392 3639 citasset
2414 3586 2464 3632 et
2489 3571 2883 3630 considerasset
2912 3571 3114 3618 textum
3133 3598 3148 3622 ,
3179 3569 3279 3610 nec
3299 3550 3571 3607 omisisset
3601 3545 3755 3601 verba

2174 3673 2240 3730 ad
2263 3685 2386 3728 eum
2416 3674 2610 3724 statum
2631 3704 2644 3729 ,
2677 3673 2782 3730 quo
2810 3655 2978 3712 Filius
3009 3652 3063 3706 in
3105 3648 3262 3702 Patre
3301 3641 3547 3704 exstitit,
3595 3635 3756 3707 perti-

2178 3766 2358 3822 nentia
2379 3803 2396 3828 ,
2427 3757 2674 3814 nimirum
2702 3748 2913 3820 tequalis
2951 3746 3004 3798 in
3032 3737 3264 3796 omnibus
3286 3778 3301 3802 ,
3335 3748 3436 3788 nec
3465 3729 3757 3800 subjectam

2179 3871 2304 3912 mox
2350 3850 2696 3924 praeteriisset
2735 3841 2892 3910 hujus
2934 3830 3254 3906 :equalitatis
3294 3826 3601 3881 rationem:
3637 3817 3761 3885 Quia

2183 3950 2338 4005 Pater
2362 3949 2417 4001 in
2446 3947 2613 4014 ipsum
2651 3940 2813 3992 alium
2841 3951 2891 3988 se
2932 3928 3102 4002 genuit
3139 3940 3202 3978 ea:
3229 3937 3316 3986 se;
3347 3920 3456 3989 jam
3489 3930 3673 3972 veram
3705 3925 3759 3964 ac

2182 4040 2397 4112 proprie
2419 4012 2610 4092 dictam
2651 4025 3050 4099 generationem
3081 4031 3177 4087 pro
3212 4015 3301 4069 illo
3344 4022 3556 4080 quoilue
3583 4012 3721 4060 Statu
3748 4043 3760 4064 ,

2183 4102 2489 4202 quo-Filius
2519 4126 2572 4180 in
2601 4123 2762 4177 Patre
2807 4116 2934 4180 fuit,
2978 4109 3229 4166 facillime
3269 4102 3646 4174 cognovisset;
3673 4109 3761 4149 nec

2188 4241 2284 4296 per
2312 4222 2470 4285 verba
2490 4260 2503 4284 ,
2539 4213 2773 4270 Procedit
2810 4210 2864 4262 in
2892 4204 3205 4260 natiuitatem
3225 4239 3239 4263 ,
3269 4195 3353 4250 vel
3383 4207 3480 4264 per
3520 4190 3611 4245 illa
3631 4230 3646 4253 ,
3678 4203 3760 4238 an~

2189 4327 2383 4387 tequam
2410 4319 2728 4368 nasceretur,
2760 4303 2980 4371 primam
3002 4337 3016 4360 ,
3055 4293 3151 4349 sed
3175 4292 3395 4344 alterum
3428 4282 3711 4354 quamdam
3742 4293 3763 4329 a

2192 4369 2347 4463 nobis
2378 4401 2694 4470 explicatam
2722 4369 2846 4448 Filii
2880 4385 3209 4444 nativitatem
3234 4422 3250 4448 ,
3278 4391 3398 4449 quae
3423 4376 3613 4446 prima:
3648 4369 3766 4424 nihil

1309 4465 1550 4507 'tscqwum,
1608 4465 1838 4481 συνυπυ...
1886 4465 2083 4472 ---η-η
2449 4465 2460 4470 _

1309 4529 1466 4583 Patre
1488 4521 1729 4591 wqualem
1757 4515 1808 4567 in
1832 4499 2083 4564 omnibus.
2113 4510 2168 4570 1)
2193 4504 2482 4569 repugnat,
2512 4490 2862 4562 signiﬁcatam
2891 4477 3258 4537 intellexisset.
3281 4468 3434 4538 Quod
3479 4469 3522 4523 si
3565 4465 3690 4534 quis
3715 4477 3778 4514 ca-

2445 4587 2466 4591 ‘
2517 4586 2526 4591 ‘
2601 4582 2636 4591 "
2777 4579 2787 4588 '
2866 4575 2876 4586 '
2929 4589 2965 4591 π
3009 4570 3157 4591 Ann-*-
3189 4581 3236 4591 -.ε
3280 4561 3446 4591 mn...“
3479 4575 3539 4591 ιη·
3567 4571 3621 4591 ΩΔ
3659 4568 3765 4591 nunt

2200 4593 2360 4647 verba
2387 4606 2398 4641 :
2431 4586 2563 4652 Quia
2592 4582 2745 4636 Pater
2771 4579 2824 4630 in
2860 4575 2972 4642 ipso
3000 4570 3161 4624 alium
3185 4581 3236 4619 se
3276 4561 3446 4635 genuit
3477 4575 3539 4612 ex
3565 4571 3621 4612 se
3659 4568 3766 4608 cum

2155 4675 2158 4678 ’
2202 4681 2438 4752 reliquis,
2459 4691 2565 4732 non
2597 4686 2781 4728 eorum
2802 4658 3069 4721 rationem
3099 4673 3218 4716 esse
3244 4654 3372 4712 velit
3400 4651 3500 4724 (uti
3525 4664 3626 4704 nos
3654 4650 3766 4698 Ιιιιο-

2202 4787 2359 4830 tenus
2386 4761 2845 4842 praesumpsimus)
2865 4767 3255 4828 postretnorum
3279 4748 3563 4803 verborum
3587 4742 3651 4796 ad
3676 4738 3769 4810 pri-

2203 4881 2343 4922 mam
2388 4849 2754 4926 occultamque
2797 4851 2919 4906 Filii
2974 4845 3302 4902 nativitatem
3350 4836 3766 4909 pertinentium;

2204 4959 2332 5014 Erat
2352 4999 2366 5023 ,
2399 4963 2669 5023 antequam
2707 4951 2998 5001 nasceretur
3021 4941 3076 4993 in
3103 4936 3257 4992 Patre
3299 4929 3513 5002 aequalis
3539 4928 3595 4982 in
3622 4922 3770 4979 omni-

2204 5058 2291 5110 bus
2316 5069 2334 5118 ;
2364 5050 2458 5106 sed
2489 5047 2699 5102 illorum
2727 5036 2968 5104 Procedit
2993 5035 3047 5087 in
3089 5029 3398 5084 nativitatem
3418 5066 3434 5091 ,
3478 5023 3531 5077 in
3559 5019 3771 5073 alteram

2203 5145 2440 5205 scilicet,
2486 5151 2588 5209 qua
2632 5132 2800 5189 Filius
2845 5131 2896 5184 in
2937 5122 3158 5182 creandi
3201 5117 3346 5174 orbis
3393 5111 3678 5170 consilium
3717 5120 3770 5160 ex

2205 5251 2298 5291 ore
2315 5275 2329 5299 ,
2358 5232 2444 5287 vel
2473 5227 2633 5284 corde
2659 5221 2832 5279 Patris
2859 5216 3184 5290 processisse
3209 5208 3419 5265 duobus
3447 5201 3566 5257 aliis
3593 5207 3773 5253 tracta-

2206 5329 2348 5383 tibus
2377 5326 2408 5379 4
2439 5333 2493 5377 et
2533 5321 2564 5376 5
2594 5317 2817 5373 traditur
2847 5331 2860 5367 :
2891 5326 3012 5367 cum
3052 5308 3217 5378 prima
3248 5302 3337 5358 illa
3379 5297 3630 5354 nativitas
3672 5289 3774 5345 aliis

2208 5436 2273 5475 ex
2302 5415 2478 5472 verbis
2503 5410 2718 5466 defensa
2761 5409 2892 5460 satis
2939 5402 3130 5465 fuerit,
3154 5397 3207 5452 id
3234 5393 3366 5468 nihil
3390 5388 3658 5452 olieudet,
3682 5385 3774 5438 imo
3808 5393 3809 5396 ‘

2212 5524 2343 5565 vero
2367 5503 2562 5561 favebit
2590 5499 2758 5556 multo
2785 5497 2984 5566 magis;
3015 5492 3188 5562 palam
3219 5478 3386 5541 ‘enim
3417 5484 3510 5537 liet
3547 5476 3773 5535 eumdem
3808 5507 3809 5526 ι

2214 5601 2405 5657 Filium
2434 5639 2449 5666 ,
2479 5609 2634 5666 quem
2659 5607 2726 5647 ex
2753 5590 2923 5659 prima
2964 5585 3053 5638 illa
3096 5578 3373 5635 nativitate
3415 5588 3521 5626 non
3549 5571 3720 5624 minus
3753 5579 3774 5613 ιι
3808 5589 3809 5596 ι

2215 5698 2370 5752 Patre
2399 5688 2738 5749 distinctum,
2785 5694 2940 5749 quam
2991 5672 3234 5743 wqualem
3277 5669 3332 5720 in
3373 5664 3603 5720 omnibus
3649 5655 3809 5714 Patri;
