3826 6226
139 174 224 226 ltili
1071 170 1522 226 DISSEKTATIO
1561 171 1641 234 ll,’
1670 169 1757 224 DE
1799 172 1858 225 ὃ.
1901 169 2049 225 ΖΕΝ.
2097 140 2460 225 DOCTVRINA.

3269 172 3371 228 006

139 281 318 335 aliunde
351 279 842 350 deprehendimus,
873 294 932 333 ex
977 279 1074 334 hac
1103 296 1309 350 quoque
1341 283 1507 336 altera
1551 281 1685 333 nati-
1715 286 1763 341 Λ
1791 281 1920 352 fuit,
1945 297 2063 334 muu
2104 283 2259 335 Pater
2287 283 2354 335 ab
2397 291 2600 336 aeterno
2646 277 2864 337 dixerit-
2892 278 2943 332 in
2987 278 3197 344 Verbo,
3229 295 3374 349 quae-

137 377 273 426 vitate
297 385 560 426 :eternum
590 382 641 425 et
683 370 934 439 aequalem
969 372 1134 434 Patri,
1184 375 1529 441 ejusdemque
1560 387 1678 426 cum

141 465 271 518 Patre
310 462 624 518 substantia:
671 461 738 515 ab
777 461 1005 517 Aucmre
1053 465 1250 532 pariter
1296 467 1533 534 agnitum
1561 505 1575 528 ,
1628 473 1683 518 ut

143 554 238 624 ejus
278 556 494 609 rationis
524 551 687 607 verba
717 567 780 606 ac
801 555 1078 608 sententiae
1104 570 1273 625 nuper
1297 557 1684 610 animadversa:

140 649 418 702 declarant:
448 639 555 716 q’uo
602 643 667 698 ad
713 646 1084 702 revincendam
1125 658 1287 703 totam
1329 649 1528 704 Petavii
1560 664 1684 703 cen-

140 756 321 804 suram,
350 749 694 808 nostramque
740 739 1230 807 interpretationem
1257 743 1683 799 constituendam

133 831 432 886 luculentius
461 827 639 883 επεπί
672 829 799 883 nihil
831 841 1022 900 potest.

169 963 300 1036 [seu]
341 962 368 1034 §
398 961 511 1018 VH.
542 988 614 1002 —-
643 964 1082 1019 Antenictznorum
1132 967 1341 1022 Patrum
1379 986 1410 1022 ιι
1451 968 1651 1023 Petavii

520 1057 750 1111 censuris
789 1056 958 1112 breves
1003 1061 1255 1114 vindicia}.

207 1199 268 1252 De
295 1196 502 1252 Zenone
539 1194 650 1263 jam
681 1196 810 1248 satis
838 1209 1120 1264 superque.
1155 1194 1291 1249 Nihil
1322 1186 1576 1264 praetcrea
1623 1195 1689 1248 de

141 1292 244 1344 aliis
287 1289 562 1351 Patrihus,
604 1287 726 1355 quia
772 1301 800 1338 a
841 1285 1057 1340 Petavio
1098 1286 1258 1340 simili
1303 1300 1528 1339 censura
1571 1301 1690 1351 pcr-

136 1384 440 1450 stringuntur
462 1422 494 1449 ,Ι
513 1378 712 1434 addere
739 1378 966 1431 instituti
998 1378 1167 1431 nostri
1207 1377 1344 1430 ratio
1374 1375 1687 1443 postularet.

137 1480 194 1528 At
235 1474 473 1542 quoniam
524 1487 627 1523 non
678 1469 848 1523 solum
881 1469 1273 1532 interpretatio
1327 1476 1511 1521 nostra
1574 1466 1692 1520 aliis

135 1579 323 1634 quoque
366 1561 618 1616 Patribus
659 1559 990 1629 explicandis
1037 1558 1350 1628 plerumque
1401 1560 1689 1622 inserviet;

1787 388 2014 442 cumque
2041 375 2272 428 creanda
2302 372 2650 435 deliberavit,
2681 381 2735 425 et
2780 373 2900 423 sine
2929 385 3033 436 qua
3075 382 3220 423 actus
3257 371 3374 423 illo-

1785 479 1900 516 rum
1941 479 2062 516 esse
2108 480 2212 516 non
2257 473 2494 530 poterat,
2545 478 2664 517 enm
2713 473 2890 516 actum
2939 450 3234 529 cenaequi,
3279 476 3373 514 seu

1785 555 1966 622 creari,
1986 555 2113 607 nihil
2141 556 2378 624 potuerit
2404 555 2519 608 sine
2549 555 2760 617 Verbo,
2792 569 2886 622 per
2913 552 3056 622 quod
3099 553 3277 606 omnia
3307 551 3375 604 ab

1788 656 1990 698 aeterno
2015 646 2238 699 dicenda
2261 687 2276 711 ,
2305 654 2360 700 et
2388 648 2438 698 in
2471 655 2711 713 tempore
2753 645 2985 699 creanda
3036 643 3204 698 fuere.
3235 642 3374 710 Quid

1788 748 1854 788 ex
1895 733 1977 788 his
2017 750 2138 788 cum
2181 747 2333 790 antea
2374 735 2533 789 dictis
2574 751 2678 789 non
2726 736 2883 804 plane
2928 735 3215 789 convenit?
3241 735 3377 794 Cum

1722 868 1725 870 .
1789 827 2158 901 Athenagoras
2185 828 2379 882 Filium
2407 830 2549 901 λόγον
2591 829 2643 880 in
2675 828 2835 881 Patre
2874 828 2940 880 ab
2969 839 3175 881 mterno
3214 825 3377 879 fuisse

1789 900 2006 985 scribit,
2031 931 2087 973 ut
2126 921 2285 976 Pater
2309 900 2474 975 esset
2497 920 2808 983 rationalis;
2843 919 3036 974 Filium
3070 921 3254 989 utique
3283 933 3375 973 ac-

1778 1015 1916 1084 cipit
1949 1029 2044 1083 pro
2069 1029 2137 1069 eo
2165 1023 2337 1077 statu,
2373 1014 2423 1068 in
2454 1029 2561 1084 quo
2607 1013 2764 1078 Pater
2793 1029 2849 1066 se
2892 1015 3065 1082 ipsum
3105 1029 3166 1066 ac
3196 1012 3376 1067 divina

1789 1109 1966 1162 omnia
2009 1109 2059 1160 in
2102 1106 2238 1160 Filio
2266 1108 2552 1176 cognovit;
2581 1121 2664 1160 ac"
2683 1105 2906 1174 proinde
2944 1107 3087 1177 λόγον
3128 1107 3378 1158 ratiOnem

1793 1199 2354 1265 interpretaturfnon
2385 1196 2655 1261 Verbum,
2692 1207 2976 1265 propterea
3014 1197 3154 1265 quod
3191 1197 3289 1250 hoc
3325 1196 3380 1250 in

1793 1298 1935 1342 statu
1978 1288 2134 1341 Pater
2176 1289 2545 1353 consideretur
2572 1288 3004 1361 uti_rationalis,
3035 1277 3130 1343 seu
3172 1303 3379 1358 cogno-

1793 1393 1951 1433 scens
1993 1380 2206 1444 omnia,
2246 1394 2597 1448 quaecumque
2645 1379 2811 1433 Deum
2861 1380 3181 1448 respiciunt;
3225 1391 3279 1434 at
3314 1381 3385 1436 ad

1796 1485 1884 1524 res
1912 1469 2200 1535 creandas,
2229 1471 2369 1540 quod
2414 1471 2642 1535 attinet,
2695 1471 2829 1524 nihil
2877 1471 3137 1525 hactenus
3199 1473 3383 1527 conci-

1799 1564 2006 1631 piatur;
2049 1579 2152 1632 qna
2213 1564 2323 1618 sola
2375 1563 2443 1618 de
2481 1579 2641 1618 causa
2684 1561 2829 1637 λόγον
2884 1564 3103 1618 Verbum
3154 1565 3387 1633 melius,

136 1653 216 1709 sed
243 1655 391 1709 etiam
421 1669 482 1708 ex
515 1653 674 1707 simili
703 1659 780 1705 tot
813 1651 1025 1705 Patrum
1054 1651 1324 1706 locutione
1345 1692 1361 1717 ,
1409 1667 1527 1720 quae
1572 1664 1692 1703 eas-
1723 1656 1771 1714 Β
1797 1654 1955 1723 quam
1986 1656 2232 1707 rationem
2263 1654 2726 1724 interpretandum
2771 1657 3099 1721 Augustmus
3145 1647 3388 1723 censuit,

136 1747 243 1802 dem
279 1746 439 1800 ferme
486 1743 723 1799 Zenonis
769 1741 1024 1796 formulas
1060 1744 1344 1808 continet,
1398 1757 1495 1797 nec
1534 1743 1691 1796 aliam

1803 1755 1861 1800 ut
1903 1747 2134 1801 vidimus
2160 1745 2187 1818 §
2213 1747 2268 1802 5.
2298 1745 2428 1801 Cum
2463 1762 2625 1816 porro
2655 1748 2902 1802 eumdem
2930 1746 3124 1802 Filium
3153 1751 3389 1827 Athena-

1798 1853 1955 1909 goras
1985 1838 2051 1892 ad
2083 1854 2170 1892 res
2211 1846 2419 1893 creatas
2473 1839 2666 1904 refert;
2717 1840 2884 1892 ideam
2916 1839 3065 1893 illum
3114 1839 3387 1911 appellat,

1799 1951 1899 2004 qua
1931 1933 2138 1988 scilicet
2159 1935 2208 1988 in
2239 1932 2375 1988 Fili‘o
2403 1949 2489 1988 res
2520 1933 2768 1988 creandm
2797 1943 3213 2003 praeconceptte,
3244 1939 3394 1989 teter-

1800 2043 2034 2096 numque
2085 2028 2136 2081 in
2175 2027 2346 2082 Verbo
2367 2027 2526 2080 dicta:
2575 2026 2760 2081 luere:
2795 2027 2844 2079 vi
2895 2028 3049 2094 cujus
3087 2027 3214 2081 dicti
3251 2036 3394 2082 stato

1801 2117 1995 2172 deinde
2041 2127 2284 2186 tempore
2333 2132 2453 2171 cum
2505 2099 2712 2172 ellectte
2761 2117 2958 2170 iuerint
3003 2133 3099 2186 per
3130 2116 3396 2183 Verbum,

1796 2211 1916 2278 jure
1944 2225 2128 2263 earum
2152 2210 2478 2276 efﬁcientiam
2509 2209 2685 2275 ipsum
2716 2208 2948 2263 Verbum
2978 2209 3232 2278 appellat.
3268 2210 3392 2264 Haec

1801 2302 1845 2355 si
1879 2309 2060 2356 mente
2101 2309 2314 2368 teneas,
2366 2301 2565 2354 Petavii
2593 2292 2823 2370 objecta
2855 2301 3035 2372 legere
3076 2304 3275 2372 poteris
3297 2344 3312 2368 ,
3340 2312 3396 2358 et

1801 2385 1989 2448 cuncta
2032 2408 2128 2448 sua
2173 2401 2366 2461 Sponte
2406 2392 2601 2447 cadere
2629 2395 2809 2449 statim
2863 2394 3140 2459 invenies,
3174 2404 3233 2449 ut
3264 2395 3396 2448 nihil

1801 2494 2060 2556 printerea
2092 2483 2294 2539 addere
2325 2498 2546 2539 necesse
2574 2485 2661 2537 sit.

1874 2575 2116 2648 [xcntjld
2147 2577 2319 2644 ipsum
2338 2576 2495 2644 plane
2523 2590 2585 2630 ex
2606 2576 2698 2629 illo
2716 2572 2924 2630 Tatiani
2957 2577 3270 2631 testimonio
3285 2577 3397 2631 col-

1802 2670 2130 2737 ligerelicet,
2145 2685 2304 2738 quem
2324 2668 2580 2722 Petavius
2608 2668 2798 2722 eodem
2822 2667 2999 2738 capite.
3031 2669 3195 2723 latine
3225 2669 3404 2722 reddit

1801 2745 1879 2817 sic
1899 2778 2024 2816 num
2043 2763 2076 2816 5
2097 2780 2109 2815 :
2135 2761 2273 2816 Deus
2303 2772 2410 2815 erat
2427 2763 2478 2814 in
2496 2762 2750 2831 principio
2767 2778 2784 2827 ;
2803 2762 3112 2832 principium
3132 2772 3303 2817 autem
3318 2780 3406 2815 ra-

136 2856 274 2909 nibus
314 2871 414 2909 una
459 2856 769 2922 10quentem
809 2850 902 2904 lib.
945 2865 962 2903 ι
1012 2847 1079 2903 de
1121 2847 1412 2912 Trinitate,
1457 2861 1576 2917 cap.
1626 2847 1694 2912 5,
1802 2855 1954 2919 tionis
1985 2862 2091 2906 esse
2126 2854 2402 2921 potentiam
2430 2854 2740 2919 accepimus.
2773 2851 2974 2907 Etenim
3006 2853 3262 2907 Dominus
3287 2870 3399 2907 om-

137 2962 269 3003 num.
294 2949 358 3015 7,
401 2959 681 3017 postquam
725 2959 911 3001 eorum
961 2943 1264 2998 teetlmonia
1294 2941 1651 2997 consideravit
1681 2958 1694 2991 ε
1803 2948 1941 3000 nium
1968 2963 2080 2998 cum
2109 2945 2398 3014 ipsetotius
2421 2954 2547 2998 esset
2574 2945 2796 2998 universi
2822 2945 3104 2998 substantia
3123 2987 3137 3010 ,
3160 2955 3405 3010 quatenus

135 3037 284 3108 Igitur
308 3039 558 3093 nonnulli
588 3047 876 3092 ueterum...
905 3045 1011 3088 tum
1039 3053 1072 3089 a
1099 3049 1338 3106 supremo
1369 3032 1474 3087 Deo
1501 3050 1560 3085 ac
1592 3030 1697 3084 Pa-

1806 3039 1944 3092 nulla
1977 3037 2146 3091 adhuc
2179 3048 2284 3090 erat
2314 3038 2452 3105 facta
2488 3049 2725 3090 creatura
2747 3077 2760 3101 ,
2792 3037 2932 3090 solus
2961 3036 3212 3090 exstabat.
3259 3037 3403 3102 Qua-

134 3141 196 3185 tre
222 3134 524 3200 productum
550 3145 661 3183 esse
688 3129 921 3182 dixerunt
952 3125 1144 3179 Filium
1163 3166 1176 3188 .
1206 3141 1320 3178 cum
1350 3125 1483 3177 hanc
1503 3121 1509 3126 ’
1529 3140 1697 3177 rerum
1802 3141 1945 3183 tenus
1987 3145 2102 3182 vero
2161 3137 2267 3181 tota
2310 3129 2381 3181 vis
2413 3140 2460 3180 et
2508 3127 2732 3196 potentia
2752 3168 2766 3192 ,
2800 3143 2858 3179 ac
2904 3138 3008 3179 tam
3050 3111 3227 3180 eorum
3252 3167 3266 3191 ,
3295 3142 3407 3196 qua:

136 3225 490 3278 universitatem
516 3223 733 3277 condere
760 3220 966 3284 statuit,
1001 3228 1052 3272 ut
1079 3218 1229 3271 illum
1257 3218 1392 3283 velut
1412 3217 1697 3269 ministrum

1806 3222 1964 3275 videri
1992 3230 2236 3292 possunt,
2269 3236 2419 3288 quam
2457 3237 2572 3288 qua:
2611 3220 2773 3273 videri
2803 3231 3089 3287 nequeunt,
3123 3221 3406 3275 substantia

137 3316 412 3370 adhiberet:
437 3331 588 3384 quam
617 3296 916 3368 sententiam
942 3311 1032 3363 alii
1055 3309 1248 3363 clarius
1270 3353 1284 3375 ,
1318 3307 1580 3366 obscurius
1609 3306 1700 3358 alii
1733 3339 1742 3345 -
1803 3324 1908 3367 erat
1943 3314 2051 3383 ipse
2069 3355 2081 3376 ν
2110 3329 2227 3365 cum
2256 3328 2313 3364 εο
2337 3322 2478 3365 erant
2518 3311 2712 3364 omm'a,
2749 3309 2888 3362 Nam
2918 3327 3033 3364 cum
3061 3311 3174 3378 ἱροο
3202 3327 3293 3382 ρετ
3321 3328 3407 3365 γα-

138 3409 423 3479 signiﬁcant,
443 3407 533 3461 sed
568 3406 654 3459 isti
681 3408 806 3476 fere.
836 3402 1202 3474 Athenagoras,
1225 3386 1505 3462 Ταιῖαηω,
1532 3395 1699 3450 ΤΙιεο-
1802 3404 2042 3457 ιίοηαιεηι
2071 3404 2171 3455 uim
2196 3403 2336 3474 λόγος
2363 3403 2497 3470 ipse,
2523 3402 2611 3468 qui
2631 3402 2685 3452 in
2710 3401 2799 3453 illo
2820 3407 2928 3453 erat
2953 3441 2968 3467 ,
2997 3401 3258 3468 produxit.
3304 3402 3407 3454 Vo-

137 3499 306 3566 plu'lus.
325 3495 692 3557 Tertullianus,
714 3491 1199 3548 etLactantius.Pro
1211 3490 1552 3559 Athenagora
1572 3489 1702 3542 satis
1806 3495 2001 3547 luntate
2031 3510 2182 3561 porro
2213 3493 2555 3561 simplicitatis
2582 3493 2741 3562 ipsius
2762 3492 2909 3565 λόγος
2936 3493 3139 3559 erupit,
3169 3493 3257 3561 qui
3295 3494 3382 3561 qui
3432 3535 3436 3538 .

142 3588 621 3660 loquituridemille
641 3595 841 3651 textus,
863 3599 1022 3655 quem
1042 3583 1547 3653 PetaviuSupposuit
1565 3579 1656 3634 lib.
1686 3595 1701 3633 ι
1807 3587 1922 3641 dem
1952 3589 2126 3641 nonin
2152 3603 2367 3640 vacuum
2398 3601 2664 3646 emanans,
2681 3586 3054 3655 primOgenium
3075 3601 3203 3650 apus
3231 3583 3408 3638 Patris

136 3682 193 3739 de
211 3683 400 3739 Trinil-
421 3726 437 3749 .
467 3697 587 3750 σερε
617 3683 682 3747 5ο
712 3669 864 3734 num:
893 3679 956 3743 4;
990 3677 1185 3733 ibidem
1215 3677 1360 3730 ειιίῐῐι
1386 3674 1582 3728 diserte
1613 3672 1694 3725 τλά·
1808 3681 1926 3750 fuit.
1953 3679 2084 3735 Cum
2112 3680 2371 3734 Tatianus
2391 3679 2700 3750 principium
2725 3680 2773 3731 in
2797 3677 2985 3733 Grmco
3009 3689 3155 3731 textu
3187 3677 3410 3732 deﬁniat

137 3777 286 3830 seruit
325 3776 490 3831 Deum
519 3774 720 3828 habere
759 3766 994 3835 Filium,
1033 3769 1230 3838 quiest
1265 3765 1489 3820 Verbum
1530 3755 1697 3817 Patris

1808 3775 1959 3848 λόγου
1985 3773 2198 3847 Susain
2221 3815 2234 3837 ,
2267 3789 2368 3826 vox
2400 3781 2580 3826 autem
2618 3772 2765 3842 λόγου
2795 3785 2953 3840 quam
3002 3771 3218 3828 rationis
3248 3786 3409 3825 voca-

136 3869 179 3919 irt
217 3868 324 3924 idea
367 3880 418 3924 ct
464 3866 773 3937 efﬁcientia,
810 3863 898 3918 ubi
927 3863 1045 3916 ίάεα
1085 3861 1230 3916 dicla
1277 3869 1361 3914 est
1403 3859 1469 3913 de
1492 3856 1703 3924 Verbo»
1810 3866 1937 3921 bulo
1974 3867 2220 3921 Petavius
2252 3864 2448 3923 vertit.
2485 3861 2701 3916 Verbum
2734 3863 2906 3930 ipsum
2946 3861 3214 3932 signiticet
3239 3861 3409 3930 (unde

136 3971 378 4028 quatenus
409 3961 463 4014 in
489 3974 559 4030 eo-
580 3959 760 4013 omnia
783 3955 850 4010 ab
872 3963 1076 4009 aeterno
1098 3953 1240 4007 dieta
1267 3961 1413 4015 sunt,
1431 3949 1697 4020 efﬁcientia

1820 3957 1972 4011 Verbi
2002 3958 2277 4028 potentiam
2316 3954 2565 4023 vulgatus
2605 3952 2879 4021 lnterpres
2924 3953 3156 4007 reddidit
3186 3970 3283 4022 pro
3328 3970 3414 4005 ra-

135 4062 296 4108 autem
316 4053 382 4107 de
413 4060 532 4106 actu
555 4059 810 4114 esterno,
839 4061 945 4116 quo
968 4046 1148 4100 omnia
1176 4060 1272 4114 per
1302 4043 1442 4097 idem
1469 4042 1697 4098 Verbum

1812 4050 1962 4104 tionis
1983 4049 2278 4120 potentiam.
2299 4056 2354 4102 et
2374 4046 2584 4111 melius,
2609 4045 2872 4112 siquidem
2901 4060 3000 4096 vox
3031 4043 3217 4098 Graeca
3243 4047 3410 4118 λόγος,

140 4155 246 4197 sunt
274 4144 511 4199 condila-
543 4141 635 4196 111³
666 4155 794 4194 νεΐο
815 4182 829 4206 ,
862 4154 981 4208 (tum
1010 4143 1163 4208 urget
1190 4134 1443 4206 Ρθιελνίυε
1468 4175 1482 4196 ι
1515 4133 1708 4202 quibus
1810 4157 1930 4196 cum
1961 4158 2045 4196 res
2074 4153 2287 4196 creatas
2333 4139 2589 4208 respicit,
2635 4136 2852 4191 Verbum
2885 4124 3060 4206 potius
3097 4154 3257 4208 quam
3284 4142 3412 4192 ratio

138 4236 490 4306 Athenagoras
526 4234 670 4289 hunc
709 4231 903 4287 Filium
948 4239 1104 4283 vocat
1135 4227 1504 4300 primogeniam
1537 4224 1697 4278 Patri:

1812 4235 2084 4290 reddenda
2116 4243 2198 4289 est
2229 4249 2292 4288 ex
2324 4231 2626 4301 Augustino
2649 4245 2822 4298 nuper
2846 4230 3106 4302 laudato),
3134 4232 3407 4300 palamtit,

140 4331 448 4400 progeniem,
495 4344 594 4381 non
641 4325 787 4395 quasi
829 4326 997 4394 factus
1039 4321 1104 4378 sit
1147 4322 1202 4384 (α
1233 4321 1486 4402 principio
1523 4319 1697 4389 quippt

1813 4328 2052 4399 principii
2103 4325 2359 4389 nomine,
2386 4323 2460 4377 uti
2502 4337 2529 4375 a
2576 4321 2804 4376 Tatiano
2853 4323 3188 4390 explicatur,
3232 4325 3410 4392 ipsum

141 4417 263 4485 Deus
282 4463 296 4485 ,
323 4421 410 4490 qui
435 4429 508 4472 est
533 4425 725 4473 caterua
755 4431 893 4470 mens
916 4457 930 4480 ,
961 4412 1173 4467 habebat
1203 4414 1257 4465 in
1295 4428 1347 4466 se
1393 4412 1503 4481 ipso
1527 4411 1668 4482 λόγον
1689 4449 1704 4474 ,
1732 4409 1785 4468 D
1820 4417 2041 4470 Verbum
2095 4425 2347 4486 Oportere
2391 4412 2612 4482 intelligi
2637 4455 2651 4479 ,
2694 4413 2846 4480 cujus
2888 4413 3105 4480 quidem
3145 4416 3367 4481 potentia
3392 4457 3404 4478 ,

139 1855 279 1909 quam
306 1849 540 1894 nostram
571 1837 979 1906 explicationem
1010 1835 1315 1891 idemtidem
1341 1841 1532 1904 patitur
1551 1877 1564 1897 ,
1591 1851 1694 1888 ma-

135 1933 362 1987 nifestum
393 1931 552 2000 plane
574 1929 815 1983 futurum
835 1938 950 1993 est,
982 1939 1036 1982 et
1060 1943 1168 1996 quo
1195 1942 1263 1982 ex
1291 1927 1433 1981 fuitte
1460 1926 1694 1981 Zenonis

135 2025 308 2083 locutio
355 2023 618 2088 manarit,
665 2033 718 2075 et
768 2031 1003 2074 nostram
1048 2020 1542 2086 interpretationem
1589 2035 1692 2072 non

132 2132 185 2172 ex
213 2117 414 2187 ingenio
451 2115 696 2170 eductam
717 2154 733 2180 ,
762 2113 856 2168 sed
899 2129 958 2168 re
997 2113 1110 2182 ipsa
1135 2154 1149 2178 ,
1179 2114 1222 2167 si
1269 2128 1375 2166 non
1406 2112 1583 2168 verbis
1616 2124 1695 2166 to-

135 2210 306 2271 tidem,
334 2208 532 2276 aliquot
561 2206 778 2260 Patrum
808 2204 1128 2259 testimoniis
1156 2204 1403 2258 traditam
1424 2245 1437 2266 ,
1470 2203 1694 2258 iisdem-

135 2316 225 2370 que
248 2297 574 2368 exponendis
605 2304 1088 2365 peropportunam.
1137 2310 1205 2349 ne
1235 2295 1476 2348 dicamus
1506 2307 1695 2347 neces-

135 2395 307 2448 sariam
330 2390 360 2457 ,'
389 2388 688 2444 habendam
721 2403 878 2443 esse:
910 2386 978 2442 de
1008 2387 1235 2456 singulis
1279 2387 1456 2456 aliqua
1488 2388 1700 2457 paucis-

134 2485 301 2549 simis,
344 2497 499 2553 quam
549 2479 716 2546 licet,
767 2479 943 2534 verbis
992 2468 1422 2537 animadvertere
1476 2480 1693 2549 placuit.

133 2573 312 2632 Petavii
340 2570 608 2627 accusatio
651 2569 911 2625 adversus
944 2571 1149 2636 Patres,
1180 2568 1268 2642 qui
1295 2570 1525 2626 Nicaeum
1555 2571 1698 2642 Syn-

135 2670 228 2725 odo
269 2654 620 2738 praeessem,
677 2663 856 2720 eidem
901 2663 1014 2719 fere
1069 2665 1258 2719 nititur
1308 2664 1588 2730 lormulm,
1637 2680 1700 2720 ac

135 2779 238 2834 quze
265 2763 312 2816 in
354 2757 575 2812 Zenone
603 2758 931 2824 reprehensa
960 2755 1082 2814 fuit.
1115 2755 1251 2810 Audi
1283 2757 1457 2827 ipsum
1489 2756 1556 2811 de
1582 2772 1700 2810 om-

140 4512 184 4562 id
208 4523 274 4565 est
300 4512 555 4566 rationem
577 4551 593 4576 ,
623 4525 738 4562 cum
765 4519 1008 4562 ceter-num
1033 4507 1096 4560 sit
1126 4499 1418 4572 rationalis)
1446 4502 1533 4556 sed
1558 4503 1629 4553 ita
1658 4511 1709 4553 ut

143 4620 240 4657 cum
265 4605 478 4659 materia
501 4611 738 4658 concreta
777 4601 978 4666 omnia,
1024 4599 1354 4668 informisque
1393 4607 1602 4666 natura,
1633 4602 1713 4646 at—

142 4715 224 4766 que
239 4709 370 4753 terra
395 4699 557 4752 instar
580 4697 794 4750 vehiculi
814 4694 1151 4768 subjiciuntur
1165 4735 1180 4759 ,
1203 4695 1257 4745 in
1277 4693 1436 4759 iisque
1462 4690 1713 4744 crassiora
1734 4700 1738 4704 ‘

143 4787 388 4844 levioribus
417 4789 639 4842 admista
667 4789 771 4840 sint
792 4829 806 4853 ,
840 4787 906 4839 ad
932 4785 1027 4840 hoc
1052 4794 1105 4838 ut
1128 4784 1243 4838 idea
1270 4793 1316 4836 et
1337 4793 1478 4836 actus
1505 4783 1712 4835 illorum

142 4891 249 4934 esset
267 4922 280 4945 ,
306 4882 558 4948 prodierit
581 4897 600 4934 :
633 4859 783 4945 haec,
811 4880 1057 4948 inquam,
1085 4877 1236 4932 nobis
1259 4875 1439 4930 favent
1465 4873 1707 4928 miriﬁce.

143 4969 190 5023 in
215 4975 393 5042 primis
421 4974 565 5029 enim
597 4972 792 5027 Filium
825 4972 965 5025 hunc
994 4971 1134 5042 λόγον
1161 4966 1518 5038 appellatum,
1551 4979 1710 5034 quem

149 5065 375 5119 rationem
401 5067 818 5136 interpretatur,
845 5063 914 5118 ab
944 5072 1146 5117 aeterno
1177 5061 1228 5116 in
1258 5061 1416 5116 Patre
1447 5060 1608 5114 fuisse
1636 5059 1714 5112 al-

147 5154 339 5224 ﬁmat,
376 5168 436 5213 ut
479 5158 636 5214 Pater
662 5165 911 5211 teternum
953 5152 1222 5209 rationalis
1269 5153 1432 5208 fuisse
1468 5147 1711 5207 dicatur:

143 5239 234 5317 quo
273 5251 465 5307 eodem
511 5260 834 5321 argumento
873 5259 928 5305 et
968 5248 1291 5317 Athanasius
1327 5253 1384 5302 et
1430 5245 1718 5315 Gregorius

143 5339 398 5413 Nyssenus
423 5354 474 5398 et
499 5343 591 5397 alii
613 5343 799 5397 Patres
831 5343 910 5395 usi
938 5351 1062 5396 sunt
1083 5383 1096 5408 ,
1130 5350 1186 5395 ut
1213 5341 1450 5394 divinum
1481 5338 1711 5392 Verbum

146 5448 388 5493 :cternum
435 5438 598 5492 fuisse
625 5435 845 5502 Arianis
872 5434 1300 5489 demonstrarent
1336 5449 1348 5486 :
1392 5433 1504 5486 sed.
1531 5446 1718 5485 rursus

149 5530 395 5598 prodiisse
424 5533 585 5599 illud,
634 5532 839 5599 inquit,
875 5530 1094 5584 creandi
1139 5529 1287 5584 orbis
1325 5545 1517 5600 causa,
1554 5529 1717 5582 veluti

149 5624 300 5680 idcum
334 5642 516 5684 rerum
553 5625 937 5687 creandarum,
968 5639 1088 5693 quae
1123 5622 1194 5680 ab
1231 5633 1433 5679 aeterno
1473 5620 1718 5693 profecto

619 5722 894 5781 ιἈτκοι..
946 5718 1057 5780 XI.

1815 4524 1909 4564 seu
1936 4511 2119 4562 virtute
2150 4509 2469 4578 (utrumque
2490 4504 2635 4559 enim
2673 4518 2775 4557 vox
2803 4502 2990 4558 Grieca
3015 4503 3220 4576 δύναμις
3249 4505 3412 4572 signi-

1818 4598 1980 4655 ﬁcare
2014 4597 2232 4669 potest)
2264 4597 2441 4653 omnia
2479 4594 2693 4650 condita
2734 4590 2861 4648 sunt
2887 4637 2900 4660 ,
2931 4604 2988 4648 ut
3035 4596 3085 4648 in
3116 4596 3411 4666 Scripturis

1817 4695 2046 4748 traditur
2070 4710 2084 4759 ;
2111 4692 2250 4747 unde
2289 4701 2339 4746 et
2381 4688 2691 4760 principium
2730 4702 2909 4742 rerum
2955 4688 3192 4743 omnium
3226 4691 3413 4744 rectis-

1819 4789 1956 4843 sime
1991 4789 2187 4842 dicitur
2210 4828 2223 4851 ,
2249 4786 2389 4857 quod
2429 4797 2625 4838 nomen
2666 4781 2731 4836 ad
2752 4797 2922 4835 rerum
2949 4781 3192 4852 originem
3223 4780 3414 4839 referri

1821 4883 1937 4949 ipse
1956 4882 2204 4936 Petavius
2227 4880 2503 4936 observat.
2540 4877 2719 4944 Itaque
2749 4875 2836 4928 ubi
2865 4874 3119 4929 Tntianus
3148 4876 3222 4928 ait
3247 4875 3415 4930 Dmm

1823 4975 1987 5030 fuisse
2015 4976 2067 5028 in
2095 4973 2507 5045 principio,cum
2539 4967 2843 5038 principium
2869 4967 2938 5020 sit
2961 4965 3133 5034 ipsum
3167 4966 3409 5034 Verbum,

1822 5065 1922 5120 Dei
1951 5065 2168 5120 nomine
2196 5063 2410 5118 Patrem
2441 5051 2767 5127 intelligens,
2789 5059 2929 5111 hunc
2953 5058 3134 5126 utique
3161 5059 3212 5113 in
3249 5060 3415 5116 Verbo
3439 5120 3446 5125 ,

1823 5159 1990 5213 fuisse
2031 5159 2226 5212 fatetur
2250 5196 2263 5218 ,
2294 5156 2450 5208 sicuti
2503 5166 2625 5206 mox
2670 5152 2851 5222 λόγον,
2887 5147 2936 5202 id
2976 5158 3059 5202 est
3100 5148 3316 5206 Verbum
3360 5157 3414 5209 in

1825 5253 1934 5320 ipso
1968 5250 2077 5303 Deo
2103 5249 2262 5302 Patre
2288 5246 2452 5300 fuisse
2475 5253 2659 5314 aperte
2687 5242 2883 5306 tradit;
2908 5241 3101 5302 quibus
3129 5255 3416 5332 ttt‘rnmque

1824 5353 1879 5400 et
1905 5358 2146 5412 semper,
2177 5351 2229 5395 et
2253 5338 2493 5408 ejusdem
2527 5335 2840 5390 substantia:
2881 5335 3044 5391 fuisse
3075 5340 3247 5404 palam
3282 5341 3417 5397 insi-

1825 5445 1973 5489 nuat.
2009 5432 2080 5485 lla
2123 5445 2304 5500 porro.
2334 5429 2533 5482 dictum
2571 5426 2656 5480 hic
2698 5443 2723 5476 a
2767 5425 2992 5479 Taliane
3030 5439 3080 5480 et
3111 5428 3323 5485 Patrem
3364 5437 3415 5488 in

1827 5527 2024 5592 Verbo,
2054 5536 2108 5579 et
2133 5521 2368 5589 Verbum
2394 5523 2444 5575 in
2471 5519 2631 5574 Patre
2658 5535 2745 5584 per
2780 5516 2930 5572 Verbi
2954 5521 3181 5575 virtutem
3201 5540 3417 5595 semper

1823 5621 1990 5678 fuisse
2016 5659 2030 5686 ,
2061 5612 2512 5688 quemadmodum
2541 5611 2791 5685 superius
2822 5611 3194 5687 Athenagoras
3223 5635 3266 5663 ιν

2858 5705 2892 5763 [ι.
