3826 6226
513 202 614 256 107

511 407 646 460 nalis
677 405 790 457 fuit.
817 401 937 456 Fuit
960 396 1208 451 nimirum
1231 409 1444 462 semper
1469 393 1629 447 Pater
1653 392 1703 445 in
1728 393 1903 448 Verbo
1926 435 1940 457 ,
1973 408 2092 448 cum

415 559 419 564 ι
509 498 627 553 sine
657 496 830 551 Verbo
861 505 964 546 non
1001 488 1189 541 fuisset
1218 486 1408 550 Pater;
1437 494 1490 540 et
1517 485 1839 556 principium
1880 487 1992 564 ipse
2013 503 2099 540 re-

511 606 626 645 rum
671 589 767 642 fuit
798 600 886 654 per
907 581 1135 636 virtutem
1179 577 1324 632 Verbi
1356 580 1534 633 omnia
1565 577 1796 633 cr'canda
1828 562 2013 634 dicens
2043 578 2095 634 in

512 681 716 742 Verbo,
747 689 851 743 quo
898 673 940 726 si
991 671 1280 732 caruisset,
1321 669 1453 722 nihil
1495 669 1718 723 dixisset
1760 669 2050 724 creandum
2084 711 2100 736 ,

505 789 569 828 ac
599 767 820 840 proinde
861 761 1182 834 principium
1217 758 1403 816 rerum
1433 761 1791 816 creandarum
1823 777 2094 832 nunquam

505 866 709 919 fuisset.
762 860 925 912 Porro
973 853 1257 927 loquitur,
1288 854 1366 908 uti
1411 853 1676 919 diximus,
1710 854 1813 907 hoc
1856 854 1908 907 in
1948 860 2096 908 textu

502 955 756 1010 Tatianus
779 949 842 1002 de
873 947 1048 1002 Verbo
1074 957 1345 1014 tamquam
1369 927 1547 998 rerum
1573 944 1926 1016 creandarum
1951 945 2098 1014 prin-

503 1047 677 1115 cipio;
730 1057 793 1095 ac
831 1031 1059 1109 proinde
1100 1031 1411 1107 praesumit,
1445 1037 1662 1104 omnia,
1697 1051 1815 1104 qua:
1863 1034 2095 1089 creanda

498 1135 824 1194 fuerunt.in
868 1134 970 1187 hoc
1002 1132 1181 1186 Verbo
1221 1121 1359 1185 dicta
1404 1131 1472 1184 ab
1519 1139 1722 1184 atterno
1772 1130 1958 1184 fuisse.
2004 1129 2094 1186 Sic

499 1231 712 1301 quidem
740 1225 1076 1294 intelligitur,
1108 1239 1267 1296 quam
1300 1224 1490 1278 idonea
1518 1224 1589 1278 sit
1624 1223 1743 1292 ejus
1781 1223 1910 1276 dicti
1933 1222 2089 1287 ratio,

496 1323 621 1377 Cum
647 1336 703 1375 eo
725 1361 739 1385 ,
770 1319 880 1374 Deo
907 1318 1143 1383 scilicet,
1169 1327 1312 1371 erant
1339 1317 1544 1383 omnia,
1570 1315 1695 1371 dum
1725 1317 1897 1385 inquit
1922 1333 1934 1369 :
1965 1316 2092 1370 Cum

490 1414 602 1483 ipso
647 1413 776 1469 cuitu
809 1429 897 1486 per
936 1411 1235 1466 rationalem
1261 1410 1498 1462 virtutem
1532 1409 1697 1478 ipsum
1741 1424 1940 1476 quoque
1968 1407 2092 1460 Ver-

497 1505 646 1570 buni,
675 1507 809 1577 quod
839 1507 888 1558 in
941 1505 1052 1572 ipso
1102 1511 1206 1556 erat
1227 1543 1241 1567 ,
1269 1500 1506 1569 produxit
1533 1516 1546 1562 ;
1580 1499 1828 1568 produxit
1882 1498 2090 1553 scilicet

411 1596 455 1613 ’⁷
491 1600 670 1656 omnia
697 1642 710 1661 ,
743 1614 861 1668 quae
893 1595 1091 1650 idcirco
1119 1609 1238 1648 cum
1273 1593 1382 1648 Deo
1431 1591 1734 1646 fueruntab
1764 1598 1998 1655 interno,
2030 1598 2088 1644 ιιι

496 1689 826 1762 probandum
856 1690 1056 1742 Auctor
1099 1692 1406 1753 sumpserat
1434 1701 1444 1736 :
1472 1690 1617 1737 recte
1637 1722 1651 1747 ,
1677 1695 1798 1734 nam
1843 1695 1962 1735 cum
1999 1696 2089 1750 per
2116 1674 2165 1734 B
2195 1685 2467 1754 pcdiemus
2494 1703 2505 1738 ;
2541 1699 2662 1760 nam
2702 1683 2840 1755 λόγον
2856 1685 3100 1765 intimum
3147 1685 3198 1737 in
3239 1683 3513 1737 visceribus
3537 1682 3635 1736 suis
3661 1681 3740 1734 Pa-
3790 1695 3791 1765 ι

492 1785 827 1847 rationalem,
861 1797 955 1837 seu
987 1780 1255 1834 locutivant
1286 1779 1520 1832 virtutem
1547 1775 1749 1839 omnia,
1777 1789 1896 1843 quze
1936 1783 2082 1842 post-

489 1894 552 1934 ea
604 1879 740 1944 facta
789 1885 944 1935 sunt,
994 1887 1024 1926 a
1065 1872 1176 1926 Deo
1212 1869 1371 1924 Patre
1414 1867 1554 1922 dicta
1601 1875 1654 1921 et
1700 1865 1771 1919 ita
1819 1863 2080 1934 quodama

489 1970 648 2024 modo
688 1965 942 2036 producta
978 1963 1175 2017 fuerint
1207 1961 1260 2015 in
1299 1960 1401 2012 hoc
1430 1957 1639 2024 Verbo,
1665 1957 1848 2010 omnia
1886 1955 1938 2009 in
1970 1955 2080 2028 hoc

489 2059 668 2114 Verbo
703 2066 995 2113 erantcum
1043 2055 1187 2119 Deo,
1218 2060 1273 2107 et
1321 2050 1482 2105 simul
1523 2064 1642 2103 cmn
1688 2048 1797 2102 Deo
1832 2054 1989 2102 erant
2024 2054 2079 2101 et

428 2162 431 2164 '
485 2151 673 2215 Pater,
705 2149 796 2220 qui
828 2149 962 2203 dixit
1003 2147 1181 2201 omnia
1208 2186 1222 2210 ,
1253 2155 1304 2198 et
1336 2142 1602 2207 Verbum,
1651 2140 1701 2194 in
1747 2155 1852 2210 quo
1896 2137 2076 2193 omnia

485 2245 627 2299 dicta
659 2251 800 2298 sunt.
837 2241 987 2308 Quod
1010 2241 1052 2293 si
1086 2239 1200 2292 hinc
1219 2236 1574 2292 aeternitatem
1601 2242 1866 2304 spectant,
1889 2240 2074 2286 natum

485 2335 663 2403 itaque
692 2349 722 2386 ει
766 2333 924 2387 Patre
951 2326 1204 2384 Taliauus
1244 2327 1586 2397 prmsumpsit
1631 2326 1698 2380 ah
1727 2335 1930 2378 :elcrno
1974 2326 2075 2378 hoc

485 2423 754 2486 Verbum,
779 2423 897 2475 sine
938 2437 1044 2488 quo
1091 2437 1194 2472 non
1239 2420 1414 2472 Solum
1456 2416 1587 2470 nihil
1627 2413 2072 2479 creaudum,sed

481 2529 582 2568 nec
615 2513 846 2567 Verbum
873 2511 1093 2581 fuisset,
1129 2526 1226 2563 nec
1259 2509 1434 2562 Pater.
1468 2508 1532 2560 Et
1561 2508 1674 2560 haec
1695 2504 1910 2574 quidem
1940 2520 2066 2573 pro-

476 2605 660 2658 ductio
680 2613 881 2657 aatcrna
912 2615 1089 2654 rerum
1118 2599 1167 2651 in
1201 2597 1377 2651 Verbo
1399 2595 1548 2649 illam
1572 2595 1736 2650 Verbi
1758 2594 2066 2664 generatio-

478 2711 600 2750 nem
628 2693 928 2748 subindicat
949 2733 963 2756 ,
998 2703 1116 2760 quze
1148 2698 1252 2741 non
1284 2701 1492 2750 rerum,
1525 2685 1621 2740 Sed
1653 2685 1810 2740 Verbi
1852 2684 2064 2755 prepria

473 2783 750 2854 generatio
779 2792 890 2847 est,
919 2795 1036 2835 cum
1064 2795 1167 2832 non
1199 2787 1303 2832 tam
1328 2777 1657 2838 divinorum,
1688 2793 1844 2846 quam
1871 2791 2064 2831 crean-

471 2877 661 2932 dorum
697 2875 925 2929 Verbum
950 2872 1020 2925 sit
1050 2870 1176 2925 illud
1199 2911 1214 2936 ,
1247 2868 1388 2939 quod
1421 2869 1578 2923 Pater
1607 2869 1674 2923 ab
1704 2878 1908 2923 aztcrno
1931 2882 2055 2938 pro-

471 2971 585 3038 prie
615 2968 833 3038 genttit,
866 2981 985 3021 cum
1026 2973 1080 3018 et
1120 2964 1295 3018 divina
1334 2970 1387 3016 et
1435 2963 1667 3016 creanda
1709 2963 1882 3016 dixit:
1913 2962 2055 3032 quod

1872 190 2403 248 PllOLEGOMENA.

510 314 588 366 vit
611 311 820 364 Patrem
849 319 1059 373 semper
1084 301 1332 355 habuisse
1361 301 1520 372 λόγον,
1539 299 1662 366 quia
1691 314 1902 368 semper
1929 301 2096 355 ratio-
2125 307 2180 364 Α
2203 306 2516 361 divisionem
2546 313 2673 374 puto
2717 295 3016 374 significare
3040 344 3054 368 ,
3087 309 3144 355 ιιι
3171 302 3333 355 vertit
3367 302 3655 373 interpres,
3681 312 3735 363 ait

3662 195 3677 248 ί
3687 199 3734 250 (ιδ

2203 397 2315 465 ipse
2345 397 2636 464 Petavius),
2670 405 2722 449 ut
2753 412 2813 449 ne
2844 405 3018 449 tamen
3047 393 3252 447 Patrem
3276 393 3387 446 sine
3420 390 3584 448 Verbo
3608 399 3733 452 relin-

2199 500 2408 559 queret;
2439 488 2628 562 quibus
2669 489 2851 563 verbis
2873 487 3125 542 Tatianus
3164 500 3222 540 se
3259 482 3558 563 credidisse
3579 490 3734 540 contu-

2201 591 2310 634 mat
2335 623 2349 648 ,
2376 581 2587 634 Patrem
2613 561 2826 648 semper
2855 577 3018 633 fuisse
3045 593 3166 632 cum
3198 561 3412 640 Verbo,
3442 585 3542 630 nec
3579 577 3640 631 ab
3664 580 3738 632 hoc

2198 685 2258 725 se
2291 687 2350 726 se
2387 671 2812 734 communicante
2852 669 3012 725 rebus
3038 667 3233 733 creatis
3265 675 3370 722 tam
3402 667 3584 721 multis
3609 667 3739 723 fuisse

2199 762 2442 818 relictmn
2462 807 2478 830 ,
2521 763 2716 833 quippe
2741 760 2880 832 quod
2909 776 2971 816 ea
3000 758 3413 816 communicatio
3441 757 3635 824 Verbi,
3658 775 3737 829 qua

2198 856 2250 911 in
2278 865 2354 911 tot
2379 870 2466 912 res
2491 865 2697 910 creatas
2724 853 2957 908 manavit
2982 853 3242 917 exterius,
3264 867 3373 906 non
3394 850 3631 904 abscissio
3653 849 3754 932 lue:

2196 953 2286 1014 rit.
2311 950 2548 1020 ejusdem
2585 949 2742 1005 Verbi
2769 965 2799 1002 a
2831 949 2988 1004 Patre
3009 988 3026 1016 ,
3052 963 3152 1004 seu
3191 946 3389 1001 divisio
3435 945 3630 1000 intima;
3651 944 3742 1013 ejus

2195 1041 2506 1095 substantia:
2531 1083 2545 1105 ,
2574 1055 2699 1108 qua,
2728 1037 2955 1100 Verbum
2984 1038 3035 1092 in
3062 1037 3240 1102 Patre,
3262 1043 3319 1101 et
3340 1035 3504 1090 Pater
3526 1032 3577 1088 in
3598 1033 3742 1090 Verbo

2195 1148 2409 1203 semper
2455 1133 2696 1201 exstitit,
2723 1133 2816 1189 sed
2845 1124 2989 1187 mera
3019 1130 3181 1184 fuerit
3215 1126 3459 1200 ejusdem
3489 1113 3740 1198 participa-

2195 1225 2269 1279 tio-
2288 1268 2302 1293 ,
2332 1240 2431 1294 qua
2462 1225 2634 1293 ipsum
2657 1223 2916 1288 Verbum,
2942 1223 3117 1292 et'per
3143 1219 3380 1275 Verbum
3412 1219 3556 1274 Deus
3585 1219 3740 1288 ipsein
3790 1219 3791 1290 ξ

2193 1316 2388 1371 creatis
2427 1317 2590 1372 rebus
2629 1309 2828 1372 elucet.
2878 1314 2982 1370 Sed
3011 1314 3078 1370 de
3105 1312 3329 1368 Tatiano
3359 1310 3522 1367 nimis
3551 1310 3742 1366 fortasse
3790 1309 3791 1374 Ξ

2193 1410 2380 1462 multa.
3076 1467 3080 1470 .
3462 1417 3464 1419 ι

2266 1499 2308 1553 Λ
2331 1497 2631 1568 TheOphilo
2657 1497 3011 1564 Antiocheno,
3037 1511 3193 1564 quem
3217 1493 3468 1551 Petavius
3489 1507 3584 1548 suo
3608 1492 3740 1546 modo
3790 1492 3791 1568 ξ

2192 1600 2584 1647 commentatur
2613 1591 2801 1647 eodem
2831 1589 2946 1660 cap.
2981 1593 3034 1656 5,
3066 1605 3210 1644 nttm.
3238 1589 3291 1651 6,
3321 1588 3534 1643 brevius
3563 1601 3651 1640 nos
3669 1602 3741 1640 ex-

2186 1786 2322 1832 trem
2367 1777 2615 1831 habuisse
2643 1775 2815 1845 palam
2849 1773 3043 1828 fatetur
3067 1790 3081 1838 ;
3109 1774 3267 1844 quem
3297 1770 3517 1847 λόγονέἱ
3546 1772 3738 1842 genitum
3790 1783 3791 1842 ᾖ

2182 1868 2330 1922 addit
2364 1885 2475 1921 cum
2504 1867 2753 1937 sapientia
2787 1881 2880 1919 sua
2923 1873 3230 1919 eructantem
3267 1865 3624 1929 ,ante'omnia;
3652 1879 3736 1916 ιιοιι
3790 1919 3791 1932 γ

2182 1961 2381 2015 idcirco
2427 1961 2716 2030 ingenitum
2766 1959 2912 2014 illum
2949 1959 3174 2027 primum
3217 1958 3355 2033 λόγον
3393 1955 3635 2026 putavit,
3663 1965 3740 2009 aut
3790 1957 3791 1998 ὲ

2182 2053 2528 2108 indiscretum
2556 2054 2604 2108 in
2635 2054 2825 2119 Patre,
2854 2063 2908 2122 et
2927 2053 3096 2107 solum
3121 2053 3376 2120 genitum,
3393 2045 3516 2106 cum
3541 2051 3592 2104 in
3612 2065 3738 2104 erea-

2181 2144 2379 2199 tionem
2417 2145 2598 2199 mundi
2637 2147 2811 2200 ortmia
2847 2146 2900 2198 in
2931 2144 3110 2198 Verbo
3139 2142 3279 2198 dicta
3299 2151 3433 2196 sunt
3457 2185 3472 2208 ,
3504 2151 3564 2196 ut
3594 2141 3736 2196 intcr-
3790 2213 3791 2216 η

2180 2243 2421 2305 pretatur
2460 2235 2748 2301 Petavius;
2791 2234 2883 2290 sed
2914 2231 3056 2309 λόγον
3088 2220 3233 2288 illum
3272 2234 3507 2303 priorem
3553 2233 3737 2300 accepit
3790 2271 3791 2274 η

2176 2327 2242 2380 de
2275 2326 2472 2390 Verbo,
2506 2327 2646 2396 quod
2674 2336 2790 2382 erat
2815 2326 3058 2381 intimum
3092 2326 3143 2380 in
3189 2325 3348 2380 Patre
3372 2367 3388 2391 ,
3422 2325 3475 2378 in
3506 2339 3610 2394 quo
3636 2338 3737 2376 om-
3790 2357 3791 2400 γ

2174 2421 2261 2473 nia
2305 2420 2480 2474 divina
2527 2421 2685 2475 Pater
2725 2421 2888 2484 dixit,
2940 2419 3100 2475 istum
3140 2429 3316 2489 autem
3355 2418 3424 2474 de
3465 2417 3637 2472 Verbo
3663 2432 3738 2470 res

2172 2512 2428 2565 creandas
2459 2510 2668 2565 dicente
2695 2512 2919 2580 accepit,
2955 2523 3008 2564 ut
3048 2509 3102 2564 in
3141 2510 3355 2564 Zenone
3388 2509 3625 2578 pluribus
3653 2524 3736 2562 ex-
3790 2565 3791 2572 η

2171 2601 2499 2669 plicavitnus.
2521 2600 2657 2657 luem
2679 2615 2836 2670 porro
2850 2601 3005 2654 aliam
3022 2601 3304 2670 quamdam
3331 2599 3582 2669 prolatitii
3605 2600 3734 2668 λόγου

2167 2692 2596 2762 generationem,
2623 2706 2780 2760 quam
2811 2691 2864 2744 in
2895 2689 3119 2744 Tatiano
3143 2690 3630 2751 consideravimus,
3656 2689 3737 2741 ad-

2164 2784 2349 2849 struit,
2375 2799 2490 2853 quia
2517 2780 2849 2854 generationi
2877 2790 3091 2836 mternm
3112 2781 3243 2835 nihil
3261 2779 3450 2845 officit,
3471 2791 3529 2834 ut
3557 2781 3736 2835 ibidem

2163 2875 2467 2940 innuimus,
2502 2883 2555 2928 et
2583 2873 2901 2928 confirmant
2928 2873 3089 2928 etiam
3116 2915 3131 2940 ,
3155 2888 3273 2943 qua:
3306 2873 3447 2928 idem
3481 2873 3738 2943 Theophi-

2160 2965 2241 3020 lus
2272 2964 2488 3021 subdit:
2519 2968 2681 3031 Patcr
2722 2966 2855 3020 hunc
2887 2967 3029 3041 λόγον
3065 2957 3582 3038 θεηιιίιρνοιαιὶιὶιιηι
3602 3008 3615 3033 ,
3637 2969 3737 3035 pri-

471 3071 757 3129 utrtuuque
784 3059 882 3112 etsi
923 3056 1081 3111 simul
1109 3056 1176 3110 ab
1206 3063 1410 3109 aeterno
1434 3054 1632 3108 dictum
1659 3053 1755 3108 fttit
1775 3095 1800 3120 τ
1820 3053 2055 3107 humano
2081 3039 2126 3102 Ο
2160 3059 2444 3129 magenium
2484 3058 2645 3111 ontnis
2679 3067 2924 3111 creatura:
2938 3039 2956 3124 ,⁷
2985 3075 3088 3112 non
3119 3069 3172 3119 ut
3197 3057 3363 3112 Verbo
3409 3075 3594 3113 vacuas
3636 3061 3732 3130 ipsi.

471 3165 647 3208 tamen
677 3150 925 3221 loquendi
957 3163 1104 3203 more
1138 3148 1284 3218 prius
1318 3147 1547 3202 alterum
1573 3188 1587 3212 ,
1618 3148 1843 3202 alterum
1877 3157 2053 3216 poste-

471 3249 580 3302 rius
619 3247 814 3300 dictum
847 3243 1146 3311 concipitur
1169 3281 1183 3306 ,
1217 3249 1273 3294 ut
1311 3241 1360 3294 in
1394 3239 1607 3294 Zenone
1644 3239 2046 3308 explicavimus.

467 3339 597 3393 Cum
625 3352 785 3409 porro
817 3337 927 3390 lucc
948 3333 1226 3403 generatio
1257 3347 1361 3386 non
1385 3347 1594 3397 rerum,
1621 3331 1714 3385 sed
1745 3330 1901 3386 Verbi
1924 3346 2047 3400 pro-

465 3433 579 3500 pria
611 3432 715 3495 sit;
748 3432 844 3485 etsi
875 3443 958 3482 res
992 3442 1084 3496 per
1113 3425 1257 3479 illam
1291 3424 1357 3478 ab
1385 3432 1586 3478 arteruo
1614 3422 1884 3492 producta:
1907 3462 1922 3488 ,
1947 3437 2044 3477 seu

464 3523 616 3578 dicta:
661 3521 712 3575 in
766 3520 935 3574 Verbo
961 3560 973 3583 ,
1019 3527 1124 3572 tum
1160 3533 1263 3569 non
1313 3525 1429 3567 artu
1455 3555 1468 3579 ,
1501 3513 1597 3568 sed
1649 3513 1827 3566 virtute
1869 3513 2042 3566 solum

463 3613 761 3670 exstiterint
782 3653 797 3677 ,
825 3621 1085 3680 quatenus
1115 3625 1208 3679 per
1236 3607 1394 3678 hujus
1423 3606 1577 3661 Verbi
1605 3606 1671 3658 ab
1697 3616 1900 3660 zeleruo
1920 3615 2044 3660 actu

464 3717 515 3761 et
547 3722 669 3760 vere
698 3703 823 3759 editi
855 3704 1106 3756 virtutem
1137 3699 1383 3754 crcanda-
1415 3698 1634 3753 fuerunt
1664 3698 1716 3752 in
1761 3706 2038 3766 tempore;

460 3801 630 3865 ipsum
661 3806 839 3850 tamen
869 3794 1100 3848 Verbum
1129 3806 1232 3845 non
1267 3805 1513 3858 pera-que
1542 3789 1724 3842 virtute
1747 3790 1919 3843 solum
1945 3830 1957 3854 ,
1985 3797 2043 3842 ut

458 3889 674 3943 l’ctavio
701 3887 869 3940 visum
895 3895 994 3950 est,
1027 3883 1117 3937 sed
1149 3891 1261 3934 actu
1284 3898 1308 3932 a
1340 3880 1497 3934 Patre
1524 3879 1722 3932 editum
1752 3879 1816 3933 ab
1839 3887 2039 3933 mteruo

459 3979 711 4033 'l‘atianus
740 3978 977 4038 censuit,
1011 3977 1083 4027 uti
1114 3988 1179 4028 ex
1212 3982 1322 4026 toto
1351 3961 1608 4025 contextu
1652 3971 1910 4024 hactenus
1947 3977 2040 4024 ex-

459 4073 656 4141 plieat'o
683 4071 864 4139 liquet.
898 4068 951 4120 ιιι
975 4078 1150 4121 autem
1171 4109 1183 4132 ,
1211 4064 1354 4134 quod
1383 4065 1502 4125 dein
1533 4063 1678 4116 addit
1711 4081 1723 4116 :
1764 4061 2036 4134 Voluntate

458 4177 609 4231 porro
651 4159 991 4228 simplicitatis
1022 4157 1182 4226 ipsius
1227 4157 1399 4226 λόγος,
1439 4168 1532 4207 seu
1575 4152 1790 4206 Verbum
1833 4155 2035 4222 erupit,

458 4253 587 4306 nihil
639 4260 888 4305 moveat:
925 4251 1008 4304 hic
1048 4251 1188 4304 enim
1224 4249 1367 4301 illam
1413 4247 1618 4300 externi
1666 4246 1813 4301 verbi
1857 4248 2036 4316 prola-

2155 3152 2327 3220 ﬁcrct,
2355 3151 2445 3204 seti
2487 3160 2539 3202 ut
2571 3150 2770 3204 verbum
2810 3150 3145 3221 gigneret,'id
3180 3159 3261 3205 est
3304 3151 3633 3220 prolatitium
3654 3195 3666 3217 ,
3694 3165 3734 3205 et

2153 3259 2268 3297 cum
2301 3243 2466 3296 Verbo
2489 3259 2600 3310 suo,
2635 3243 2684 3296 id
2709 3251 2792 3298 est
2815 3243 3006 3296 intimo
3027 3285 3041 3311 ,
3068 3254 3310 3314 perpetuo
3339 3256 3657 3300 versaretur.-

2226 3333 2428 3389 Eodcm
2451 3343 2697 3404 spectant
2715 3333 2803 3388 illa
2821 3333 3132 3388 Tertulliani
3157 3335 3247 3390 lib.
3272 3345 3460 3390 contra
3481 3337 3732 3391 Praxeam

2150 3441 2270 3496 cap.
2294 3428 2328 3482 5
2358 3442 2477 3498 quae
2501 3426 2750 3482 Petavius
2771 3426 2959 3482 recitat
2981 3441 3099 3496 cap.
3133 3425 3188 3492 5,
3215 3443 3338 3482 num
3363 3428 3419 3481 2.
3447 3427 3580 3482 Cum
3599 3429 3732 3484 enim

2149 3520 2294 3593 λόγον
2318 3562 2332 3587 ,
2363 3535 2455 3575 seu
2485 3519 2732 3574 rationem
2755 3518 2823 3573 ab
2843 3530 3048 3574 interno
3068 3535 3232 3589 penes
3257 3520 3422 3576 Deum
3454 3520 3616 3576 fuisse
3633 3531 3732 3577 tes-

2151 3619 2293 3665 tatur
2312 3653 2326 3678 ,
2351 3611 2585 3667 Verbum
2608 3611 2786 3682 utique
2811 3611 2900 3665 Dei
2923 3610 3166 3666 intimum
3190 3611 3257 3666 ab
3277 3621 3482 3668 interno
3502 3614 3730 3681 genitum

2150 3703 2362 3773 prodit,
2392 3704 2445 3757 in
2467 3719 2571 3774 quo
2594 3703 2751 3758 Pater
2778 3702 2961 3771 utique
2980 3703 3247 3760 rationalis
3269 3712 3386 3757 ante
3407 3705 3730 3773 principium,

2149 3794 2201 3850 id
2234 3805 2317 3849 est
2355 3796 2420 3850 ab
2465 3803 2694 3860 mterno,
2724 3809 2903 3849 secum
2948 3795 3060 3864 ipse
3103 3794 3450 3864 loquebatur,
3485 3812 3605 3866 qua:
3641 3797 3728 3850 Dci

2147 3897 2304 3948 sunt;
2342 3889 2473 3941 hanc
2500 3887 2639 3941 enim
2669 3896 2915 3956 putanms
2934 3887 3207 3954 rationem,
3239 3902 3398 3956 qttam
3427 3904 3575 3941 suam
3602 3888 3722 3942 Ter-

2149 3977 2404 4032 tullianus
2433 3977 2687 4047 appellat.
2721 3976 2852 4032 Cum
2884 3991 3042 4046 porro
3072 3977 3211 4032 idem
3242 3978 3381 4032 Deus
3409 3979 3476 4033 de
3501 3979 3729 4035 creando

2146 4068 2345 4122 mundo
2387 4068 2689 4123 deliberans
2729 4086 2841 4122 cum
2878 4070 3075 4122 ratione
3118 4086 3241 4135 sua,
3263 4069 3313 4124 id
3343 4077 3428 4124 est
3461 4069 3615 4138 Filio,
3649 4071 3728 4125 vel

2148 4159 2324 4215 Verbo
2343 4203 2355 4226 ,
2388 4163 2636 4234 cogitabat
2662 4171 2822 4232 atque
2850 4161 3146 4232 disponebat
3171 4180 3448 4218 sermonem
3471 4205 3485 4229 ,
3511 4179 3604 4220 seu
3630 4205 3644 4229 ,
3676 4176 3730 4219 ut

2145 4252 2305 4322 paulo
2333 4263 2459 4308 ante
2484 4254 2798 4323 explicatius
2824 4253 3060 4320 dixerat,
3091 4271 3205 4308 cum
3226 4255 3337 4324 ipsa
3357 4265 3400 4309 et
3432 4257 3484 4308 in
3516 4257 3625 4326 ipsa
3644 4274 3729 4310 ra-

459 4346 655 4398 tionem
699 4341 952 4412 prosliicit
978 4381 993 4406 ,
1025 4356 1182 4410 quam
1231 4341 1282 4392 in
1323 4339 1521 4392 mutulo
1561 4339 1794 4392 creando
1833 4340 2030 4392 editam
2059 4381 2106 4420 *λ
2143 4344 2307 4420 tione,
2336 4361 2492 4414 quam
2524 4347 2656 4398 intra
2698 4347 3042 4416 semetipsum
3076 4345 3325 4414 habebat,
3357 4339 3512 4403 tacite
3538 4351 3729 4420 cogita-

454 4453 560 4490 non
593 4438 717 4490 tmlli
746 4445 996 4505 putarunt
1029 4450 1121 4502 per
1153 4431 1458 4486 sensibilem
1499 4431 1780 4499 quamdam
1805 4446 1988 4484 vocem
2019 4472 2030 4496 ,
2058 4415 2113 4476 Ῑ)
2140 4415 2232 4488 bal
2249 4446 2294 4489 et
2321 4436 2616 4504 disponebat
2646 4440 2842 4503 secum,
2872 4453 2984 4507 qua:
3011 4453 3099 4506 per
3128 4454 3407 4492 sermonem
3431 4451 3538 4495 erat
3563 4415 3726 4495 dictu-

452 4543 555 4597 qua
589 4529 700 4596 ipse
740 4531 879 4581 Deus
904 4527 1031 4579 dixit
1057 4566 1071 4588 ,
1102 4534 1146 4577 et
1189 4522 1324 4590 facta
1354 4532 1470 4575 sunt
1497 4540 1508 4574 :
1544 4522 1592 4574 id
1618 4524 1756 4591 quod
1779 4523 1844 4576 ad
1874 4524 2029 4579 aliam

449 4624 800 4690 qugcstionem
831 4620 1078 4688 pertinet.
1109 4616 1258 4683 Quod
1286 4616 1328 4668 5i
1358 4614 1459 4667 hoc
1487 4613 1713 4693 vet-bunt
1738 4630 1840 4668 non
1861 4616 1910 4669 in
1944 4632 2033 4671 va-

449 4731 607 4768 cuum
637 4728 891 4767 emanans
935 4711 1301 4781 ]ινιιιιυυειιιιιιη
1337 4724 1463 4773 opus
1499 4706 1668 4761 Patris
1701 4707 1860 4761 fuisse
1889 4709 2025 4763 idem

448 4806 702 4860 Tatianus
733 4803 908 4856 subdit
934 4820 946 4854 :
981 4803 1030 4855 id
1073 4812 1278 4870 spectat
1299 4842 1312 4865 ,
1341 4809 1395 4853 ut
1427 4800 1634 4854 videtur
1656 4841 1669 4865 ,
1699 4799 1764 4853 ad
1794 4799 2026 4854 sensibi-

447 4899 548 4952 letn
582 4897 727 4949 illam
761 4895 904 4948 verbi
939 4894 1288 4962 prolationem
1312 4933 1326 4956 ,
1360 4908 1478 4962 quae
1515 4895 1556 4947 si
1590 4892 1686 4946 fuit
1713 4908 1886 4947 rerum
1914 4909 2028 4947 ont-

443 4988 587 5043 nium
605 5001 786 5049 causa,
805 4986 1034 5054 primum
1056 4987 1143 5038 hei
1163 5000 1295 5053 opus
1320 4983 1436 5038 Ιίιὶι.
1455 4987 1508 5040 Si
1536 5000 1659 5039 vero
1684 5001 1788 5038 non
1806 4985 2026 5054 prolati-

443 5078 571 5131 tittttt
597 5119 610 5141 ,
643 5076 734 5132 sed
761 5075 1004 5129 intimum
1052 5076 1225 5129 Patris
1282 5076 1512 5130 Verbum
1555 5076 1698 5130 foras
1746 5091 2028 5130 emanasse

441 5173 617 5240 aliquo
650 5171 809 5225 modo
835 5170 1100 5231 credidit;
1136 5181 1410 5223 trxtornam
1433 5169 1609 5241 [χειν]
1640 5171 1812 5224 eidem
1846 5171 2026 5225 Verbo

437 5267 836 5333 genrrationem
865 5263 1083 5326 tribuit,
1116 5277 1235 5330 qua:
1259 5263 1389 5314 nihil
1418 5272 1499 5316 est
1526 5263 1668 5318 aliud
1693 5305 1706 5330 ,
1731 5279 1888 5333 quam
1921 5278 2019 5318 ex-

434 5364 583 5409 terna
626 5355 864 5423 ejusdem
900 5352 1288 5415 manifestatio,
1321 5368 1424 5421 qua
1477 5353 1651 5408 divina
1699 5355 1866 5409 virtus
1897 5356 2006 5424 jam

437 5448 556 5500 inde
605 5447 671 5500 ab
716 5457 916 5500 aeterno
946 5445 1130 5500 intime
1162 5446 1331 5499 latens
1369 5445 1420 5498 in
1455 5445 1597 5511 Deo,
1631 5448 1771 5501 foras
1794 5449 2006 5503 tandem

437 5540 630 5610 prodiit
657 5581 670 5605 ,
701 5538 841 5591 unde
874 5536 997 5591 illud
1023 5535 1253 5591 Verbum
1299 5538 1685 5604 participatione
1707 5579 1721 5602 ,
1774 5552 1879 5592 non
1919 5540 2008 5593 ab-

374 5629 377 5632 ’
430 5633 668 5689 scissione
694 5639 870 5686 uatum
896 5627 1122 5686 subinde
1135 5626 1419 5684 affirmavit
1442 5629 1711 5704 (μερισμὸν
1735 5631 1877 5688 enim
1895 5649 2004 5688 non

2143 4542 2231 4580 rus
2255 4567 2270 4592 ,
2296 4542 2415 4580 cum
2448 4527 2620 4583 silicet
2657 4528 2914 4582 mundum
2939 4529 3237 4584 creandum
3280 4535 3567 4601 praecepit;
3602 4550 3723 4590 cum
3790 4539 3791 4590 ι

2144 4617 2257 4672 hanc
2278 4658 2293 4684 ,
2328 4619 2541 4687 inquam
2567 4659 2581 4684 ,
2617 4620 2754 4673 Deus
2781 4636 2958 4676 secum
2999 4621 3049 4676 in
3079 4623 3285 4678 ratione
3315 4639 3407 4679 seu
3435 4624 3612 4681 Verbo
3628 4644 3722 4682 cn-

2139 4708 2344 4778 gitasse
2374 4718 2429 4765 et
2455 4704 2788 4779 disposuisse
2818 4713 3076 4779 traditur,
3112 4715 3353 4770 inuuitur
3383 4717 3622 4784 profecto
3661 4735 3721 4774 ea
3790 4737 3791 4748 ι

2141 4802 2414 4870 generatio
2445 4801 2605 4856 Verbi
2628 4845 2640 4866 ,
2671 4818 2772 4872 qua
2809 4804 2967 4858 Pater
3010 4806 3237 4872 creanda
3269 4807 3322 4861 in
3361 4807 3538 4864 Verbo
3563 4813 3724 4866 tacite

2138 4892 2209 4944 ab
2236 4901 2436 4946 interno
2472 4893 2604 4947 dixit
2634 4902 2795 4963 atque
2827 4895 3081 4951 decrevit.
3113 4895 3350 4952 Tandem
3392 4885 3719 4968 prolatitium

2147 4985 2368 5038 verbum
2421 4986 2474 5038 in
2529 4985 2639 5055 ipsa
2672 4988 2942 5043 creatione
2968 4988 3167 5044 editum
3198 4989 3562 5050 Tertulliauus
3589 4994 3721 5051 iusi-

2142 5087 2269 5131 nuat
2298 5093 2414 5146 cap.
2445 5078 2476 5132 6
2505 5086 2559 5132 et
2583 5079 2636 5145 7,
2666 5089 2717 5133 et
2751 5079 2848 5135 hac
2884 5079 3112 5135 formula
3136 5081 3266 5136 nihil
3298 5082 3440 5138 aliud
3481 5085 3583 5139 nisi
3616 5101 3720 5140 ex-

2141 5177 2345 5223 ternam
2387 5169 2541 5224 Verbi
2586 5170 3065 5226 manifestationem
3113 5171 3412 5242 sig'nilicat,
3451 5190 3609 5244 quam
3667 5177 3716 5232 in

2131 5262 2359 5318 Tatiano
2381 5265 2778 5334 explicavimus.
2812 5265 2955 5320 Hanc
2986 5278 3159 5321 tamen
3193 5278 3518 5335 postremam
3537 5278 3591 5325 et
3618 5285 3716 5326 ex-

2138 5366 2340 5415 ternam
2387 5356 2712 5411 nativitatem
2750 5357 2938 5422 Verbi,
2966 5373 3084 5427 quae
3117 5359 3270 5412 initio
3302 5361 3560 5430 temporis
3584 5377 3714 5417 con-

2130 5448 2276 5514 tigit,
2310 5449 2530 5516 primam
2553 5457 2607 5502 et
2637 5449 2844 5503 urticam
2867 5465 2895 5501 a
2918 5449 3246 5504 Tertulliano
3301 5451 3567 5506 adsertam
3604 5451 3713 5506 Pe-

2131 5543 2302 5595 tavius
2350 5542 2635 5609 opinatur,
2666 5539 2716 5595 id
2768 5541 2906 5609 quod
2956 5540 3100 5596 hisce
3151 5541 3266 5610 ejus
3297 5544 3475 5598 verbis
3515 5546 3716 5600 euulici

2130 5636 2398 5690 existimat
2427 5650 2492 5690 ex
2522 5649 2637 5704 cap.
2660 5634 2724 5690 ϐε
2749 5633 2888 5688 Nam
2918 5646 2968 5688 ut
2992 5633 3218 5703 primum
3248 5633 3389 5689 Deus
3418 5639 3577 5692 voluit
3601 5656 3658 5695 ea
3688 5681 3703 5708 ,
