  <div class='ocr_page' id='page_1' title='image "/cluster/home/n/w/nwhite01/storage/ocr_20150623/11/uva.x000826576/063.png"; bbox 0 0 3826 6226; ppageno 0'>
   <div class='ocr_carea' id='block_1_1' title="bbox 478 260 571 314">
    <p class='ocr_par' dir='ltr' id='par_1_1' title="bbox 478 260 571 314">
     <span class='ocr_line' id='line_1_1' title="bbox 478 260 571 314; baseline -0.022 0"><span class='ocrx_word' id='word_1_1' title='bbox 478 260 571 314; x_wconf 76' lang='lat' dir='ltr'><strong>ill</strong></span> 
     </span>
    </p>
   </div>
   <div class='ocr_carea' id='block_1_2' title="bbox 1782 215 3724 319">
    <p class='ocr_par' dir='ltr' id='par_1_2' title="bbox 1782 215 3724 319">
     <span class='ocr_line' id='line_1_2' title="bbox 1782 215 3724 319; baseline 0.003 -9"><span class='ocrx_word' id='word_1_2' title='bbox 1782 215 2357 311; x_wconf 17' lang='lat' dir='ltr'><strong>&#39;PltULEGOilENA.</strong></span> <span class='ocrx_word' id='word_1_3' title='bbox 2489 294 2491 297; x_wconf 83' lang='lat'><strong>.</strong></span> <span class='ocrx_word' id='word_1_4' title='bbox 3477 306 3480 307; x_wconf 35' lang='grc' dir='ltr'><em>κ</em></span> <span class='ocrx_word' id='word_1_5' title='bbox 3644 262 3724 319; x_wconf 75' lang='lat' dir='ltr'><strong>te</strong></span> 
     </span>
    </p>
   </div>
   <div class='ocr_carea' id='block_1_3' title="bbox 474 346 3785 468">
    <p class='ocr_par' dir='ltr' id='par_1_3' title="bbox 474 346 3785 468">
     <span class='ocr_line' id='line_1_3' title="bbox 474 346 3785 468; baseline 0.001 -41"><span class='ocrx_word' id='word_1_6' title='bbox 474 376 611 430; x_wconf 85' lang='lat' dir='ltr'><strong>hunc</strong></span> <span class='ocrx_word' id='word_1_7' title='bbox 632 375 868 447; x_wconf 73' lang='lat' dir='ltr'><strong>spiritum</strong></span> <span class='ocrx_word' id='word_1_8' title='bbox 892 415 916 441; x_wconf 91' lang='lat'><strong>_,</strong></span> <span class='ocrx_word' id='word_1_9' title='bbox 959 390 1060 427; x_wconf 90' lang='lat' dir='ltr'><strong>non</strong></span> <span class='ocrx_word' id='word_1_10' title='bbox 1088 383 1250 438; x_wconf 90' lang='lat' dir='ltr'><strong>utero,</strong></span> <span class='ocrx_word' id='word_1_11' title='bbox 1277 372 1364 431; x_wconf 86' lang='lat' dir='ltr'><strong>sed</strong></span> <span class='ocrx_word' id='word_1_12' title='bbox 1403 379 1566 426; x_wconf 88' lang='lat' dir='ltr'><strong>mente</strong></span> <span class='ocrx_word' id='word_1_13' title='bbox 1611 379 1908 441; x_wconf 86' lang='lat' dir='ltr'><strong>conceptum</strong></span> <span class='ocrx_word' id='word_1_14' title='bbox 1937 413 1950 435; x_wconf 91' lang='lat'><strong>,</strong></span> <span class='ocrx_word' id='word_1_15' title='bbox 2004 349 2058 426; x_wconf 66' lang='lat' dir='ltr'><strong>ei</strong></span> <span class='ocrx_word' id='word_1_16' title='bbox 2086 378 2134 434; x_wconf 79' lang='grc' dir='ltr'>Α</span> <span class='ocrx_word' id='word_1_17' title='bbox 2163 371 2435 447; x_wconf 85' lang='lat' dir='ltr'><strong>proposito</strong></span> <span class='ocrx_word' id='word_1_18' title='bbox 2464 372 2592 428; x_wconf 85' lang='lat' dir='ltr'><strong>totis</strong></span> <span class='ocrx_word' id='word_1_19' title='bbox 2611 367 2840 444; x_wconf 84' lang='lat' dir='ltr'><strong>quatuor</strong></span> <span class='ocrx_word' id='word_1_20' title='bbox 2861 346 3122 431; x_wconf 82' lang='lat' dir='ltr'><strong>adversus</strong></span> <span class='ocrx_word' id='word_1_21' title='bbox 3149 373 3336 429; x_wconf 83' lang='lat' dir='ltr'><strong>Arium</strong></span> <span class='ocrx_word' id='word_1_22' title='bbox 3379 376 3536 431; x_wconf 86' lang='lat' dir='ltr'><strong>libris</strong></span> <span class='ocrx_word' id='word_1_23' title='bbox 3557 378 3722 433; x_wconf 84' lang='lat' dir='ltr'><strong>catho-</strong></span> 
     </span>
    </p>
   </div>
   <div class='ocr_carea' id='block_1_4' title="bbox 474 465 2058 538">
    <p class='ocr_par' dir='ltr' id='par_1_4' title="bbox 474 465 2058 538">
     <span class='ocr_line' id='line_1_4' title="bbox 474 465 2058 538; baseline -0.003 -13"><span class='ocrx_word' id='word_1_24' title='bbox 474 479 790 536; x_wconf 90' lang='lat' dir='ltr'><strong>conceptum</strong></span> <span class='ocrx_word' id='word_1_25' title='bbox 815 466 1026 538; x_wconf 97' lang='lat' dir='ltr'><strong>quidem</strong></span> <span class='ocrx_word' id='word_1_26' title='bbox 1051 481 1080 520; x_wconf 89' lang='lat' dir='ltr'><strong>a</strong></span> <span class='ocrx_word' id='word_1_27' title='bbox 1110 466 1264 521; x_wconf 85' lang='lat' dir='ltr'><strong>Patre</strong></span> <span class='ocrx_word' id='word_1_28' title='bbox 1291 465 1670 537; x_wconf 78' lang='lat' dir='ltr'><strong>inexcogitabili</strong></span> <span class='ocrx_word' id='word_1_29' title='bbox 1698 466 1921 536; x_wconf 76' lang='lat' dir='ltr'><strong>quatiant</strong></span> <span class='ocrx_word' id='word_1_30' title='bbox 1950 483 2058 520; x_wconf 87' lang='lat' dir='ltr'><strong>ma-</strong></span> 
     </span>
    </p>
   </div>
   <div class='ocr_carea' id='block_1_5' title="bbox 468 558 2060 633">
    <p class='ocr_par' dir='ltr' id='par_1_5' title="bbox 468 558 2060 633">
     <span class='ocr_line' id='line_1_5' title="bbox 468 558 2060 633; baseline -0.003 -15"><span class='ocrx_word' id='word_1_31' title='bbox 468 562 669 633; x_wconf 75' lang='lat' dir='ltr'><strong>iestatis</strong></span> <span class='ocrx_word' id='word_1_32' title='bbox 690 577 797 616; x_wconf 77' lang='lat' dir='ltr'><strong>sua:</strong></span> <span class='ocrx_word' id='word_1_33' title='bbox 824 561 1003 615; x_wconf 84' lang='lat' dir='ltr'><strong>virtute</strong></span> <span class='ocrx_word' id='word_1_34' title='bbox 1027 577 1088 612; x_wconf 86' lang='lat' dir='ltr'><strong>ac</strong></span> <span class='ocrx_word' id='word_1_35' title='bbox 1112 559 1335 631; x_wconf 86' lang='lat' dir='ltr'><strong>potentia</strong></span> <span class='ocrx_word' id='word_1_36' title='bbox 1372 558 1680 614; x_wconf 85' lang='lat' dir='ltr'><strong>Lactantius</strong></span> <span class='ocrx_word' id='word_1_37' title='bbox 1709 560 1882 629; x_wconf 89' lang='lat' dir='ltr'><strong>palam</strong></span> <span class='ocrx_word' id='word_1_38' title='bbox 1913 559 2060 615; x_wconf 83' lang='lat' dir='ltr'><strong>affir-</strong></span> 
     </span>
    </p>
   </div>
   <div class='ocr_carea' id='block_1_6' title="bbox 475 651 2058 732">
    <p class='ocr_par' dir='ltr' id='par_1_6' title="bbox 475 651 2058 732">
     <span class='ocr_line' id='line_1_6' title="bbox 475 651 2058 732; baseline -0.003 -20"><span class='ocrx_word' id='word_1_39' title='bbox 475 664 617 722; x_wconf 89' lang='lat' dir='ltr'><strong>met;</strong></span> <span class='ocrx_word' id='word_1_40' title='bbox 648 653 828 725; x_wconf 87' lang='lat' dir='ltr'><strong>procul</strong></span> <span class='ocrx_word' id='word_1_41' title='bbox 862 652 1024 712; x_wconf 86' lang='lat' dir='ltr'><strong>dubio</strong></span> <span class='ocrx_word' id='word_1_42' title='bbox 1051 652 1453 732; x_wconf 69' lang='lat' dir='ltr'><strong>generationem</strong></span> <span class='ocrx_word' id='word_1_43' title='bbox 1478 651 1719 722; x_wconf 81' lang='lat' dir='ltr'><strong>ejusdem</strong></span> <span class='ocrx_word' id='word_1_44' title='bbox 1742 651 1903 708; x_wconf 86' lang='lat' dir='ltr'><strong>Verbi</strong></span> <span class='ocrx_word' id='word_1_45' title='bbox 1952 668 2058 708; x_wconf 88' lang='lat' dir='ltr'><strong>non</strong></span> 
     </span>
    </p>
   </div>
   <div class='ocr_carea' id='block_1_7' title="bbox 473 734 2058 817">
    <p class='ocr_par' dir='ltr' id='par_1_7' title="bbox 473 734 2058 817">
     <span class='ocr_line' id='line_1_7' title="bbox 473 734 2058 817; baseline 0 -13"><span class='ocrx_word' id='word_1_46' title='bbox 473 757 751 810; x_wconf 76' lang='lat' dir='ltr'><strong>externam</strong></span> <span class='ocrx_word' id='word_1_47' title='bbox 775 787 789 812; x_wconf 92' lang='lat'><strong>,</strong></span> <span class='ocrx_word' id='word_1_48' title='bbox 831 745 926 802; x_wconf 88' lang='lat' dir='ltr'><strong>sed</strong></span> <span class='ocrx_word' id='word_1_49' title='bbox 956 747 1195 802; x_wconf 86' lang='lat' dir='ltr'><strong>intimam</strong></span> <span class='ocrx_word' id='word_1_50' title='bbox 1222 787 1237 812; x_wconf 98' lang='lat'><strong>,</strong></span> <span class='ocrx_word' id='word_1_51' title='bbox 1269 759 1334 800; x_wconf 89' lang='lat' dir='ltr'><strong>ac</strong></span> <span class='ocrx_word' id='word_1_52' title='bbox 1364 745 1524 801; x_wconf 84' lang='lat' dir='ltr'><strong>Verbi</strong></span> <span class='ocrx_word' id='word_1_53' title='bbox 1565 734 1752 801; x_wconf 69' lang='lat' dir='ltr'><strong>aeterni</strong></span> <span class='ocrx_word' id='word_1_54' title='bbox 1790 747 2058 817; x_wconf 84' lang='lat' dir='ltr'><strong>propriam</strong></span> 
     </span>
    </p>
   </div>
   <div class='ocr_carea' id='block_1_8' title="bbox 471 840 2060 914">
    <p class='ocr_par' dir='ltr' id='par_1_8' title="bbox 471 840 2060 914">
     <span class='ocr_line' id='line_1_8' title="bbox 471 840 2060 914; baseline -0.002 -15"><span class='ocrx_word' id='word_1_55' title='bbox 471 852 658 913; x_wconf 82' lang='lat' dir='ltr'><strong>aperte</strong></span> <span class='ocrx_word' id='word_1_56' title='bbox 678 840 961 914; x_wconf 81' lang='lat' dir='ltr'><strong>significat,</strong></span> <span class='ocrx_word' id='word_1_57' title='bbox 991 856 1150 910; x_wconf 90' lang='lat' dir='ltr'><strong>quam</strong></span> <span class='ocrx_word' id='word_1_58' title='bbox 1181 841 1398 911; x_wconf 83' lang='lat' dir='ltr'><strong>quidem</strong></span> <span class='ocrx_word' id='word_1_59' title='bbox 1427 842 1740 898; x_wconf 83' lang='lat' dir='ltr'><strong>nativitatem</strong></span> <span class='ocrx_word' id='word_1_60' title='bbox 1779 841 2060 902; x_wconf 72' lang='lat' dir='ltr'><strong>spiritalem</strong></span> 
     </span>
    </p>
   </div>
   <div class='ocr_carea' id='block_1_9' title="bbox 474 933 2061 1008">
    <p class='ocr_par' dir='ltr' id='par_1_9' title="bbox 474 933 2061 1008">
     <span class='ocr_line' id='line_1_9' title="bbox 474 933 2061 1008; baseline -0.002 -17"><span class='ocrx_word' id='word_1_61' title='bbox 474 936 709 1008; x_wconf 81' lang='lat' dir='ltr'><strong>appellat</strong></span> <span class='ocrx_word' id='word_1_62' title='bbox 734 950 853 1004; x_wconf 85' lang='lat' dir='ltr'><strong>cap.</strong></span> <span class='ocrx_word' id='word_1_63' title='bbox 886 935 972 991; x_wconf 78' lang='grc'><strong>15.</strong></span> <span class='ocrx_word' id='word_1_64' title='bbox 1005 944 1059 990; x_wconf 90' lang='lat' dir='ltr'><strong>et</strong></span> <span class='ocrx_word' id='word_1_65' title='bbox 1087 934 1344 988; x_wconf 78' lang='lat' dir='ltr'><strong>natiuitati</strong></span> <span class='ocrx_word' id='word_1_66' title='bbox 1370 934 1569 989; x_wconf 78' lang='lat' dir='ltr'><strong>carnali</strong></span> <span class='ocrx_word' id='word_1_67' title='bbox 1600 933 1841 1005; x_wconf 91' lang='lat' dir='ltr'><strong>opponit,</strong></span> <span class='ocrx_word' id='word_1_68' title='bbox 1872 949 2061 1005; x_wconf 89' lang='lat' dir='ltr'><strong>quam-</strong></span> 
     </span>
    </p>
   </div>
   <div class='ocr_carea' id='block_1_10' title="bbox 475 1026 2060 1100">
    <p class='ocr_par' dir='ltr' id='par_1_10' title="bbox 475 1026 2060 1100">
     <span class='ocr_line' id='line_1_10' title="bbox 475 1026 2060 1100; baseline -0.001 -16"><span class='ocrx_word' id='word_1_69' title='bbox 475 1044 578 1100; x_wconf 89' lang='lat' dir='ltr'><strong>que</strong></span> <span class='ocrx_word' id='word_1_70' title='bbox 616 1027 1058 1098; x_wconf 74' lang='lat' dir='ltr'><strong>inexcogitabilcm</strong></span> <span class='ocrx_word' id='word_1_71' title='bbox 1109 1028 1266 1097; x_wconf 86' lang='lat' dir='ltr'><strong>plane</strong></span> <span class='ocrx_word' id='word_1_72' title='bbox 1308 1042 1430 1083; x_wconf 87' lang='lat' dir='ltr'><strong>esse</strong></span> <span class='ocrx_word' id='word_1_73' title='bbox 1474 1027 1589 1098; x_wconf 86' lang='lat' dir='ltr'><strong>ipso</strong></span> <span class='ocrx_word' id='word_1_74' title='bbox 1616 1026 1806 1099; x_wconf 77' lang='lat' dir='ltr'><strong>capitis</strong></span> <span class='ocrx_word' id='word_1_75' title='bbox 1834 1027 1868 1082; x_wconf 87' lang='lat'><strong>8</strong></span> <span class='ocrx_word' id='word_1_76' title='bbox 1908 1026 2060 1082; x_wconf 89' lang='lat' dir='ltr'><strong>initio</strong></span> 
     </span>
    </p>
   </div>
   <div class='ocr_carea' id='block_1_11' title="bbox 475 1116 2062 1186">
    <p class='ocr_par' dir='ltr' id='par_1_11' title="bbox 475 1116 2062 1186">
     <span class='ocr_line' id='line_1_11' title="bbox 475 1116 2062 1186; baseline -0.004 -9"><span class='ocrx_word' id='word_1_77' title='bbox 475 1123 682 1177; x_wconf 86' lang='lat' dir='ltr'><strong>monuit</strong></span> <span class='ocrx_word' id='word_1_78' title='bbox 719 1137 734 1174; x_wconf 88' lang='lat'><strong>:</strong></span> <span class='ocrx_word' id='word_1_79' title='bbox 764 1119 908 1179; x_wconf 87' lang='lat' dir='ltr'><strong>unde</strong></span> <span class='ocrx_word' id='word_1_80' title='bbox 930 1130 985 1174; x_wconf 93' lang='lat' dir='ltr'><strong>et</strong></span> <span class='ocrx_word' id='word_1_81' title='bbox 1013 1118 1104 1175; x_wconf 92' lang='lat' dir='ltr'><strong>lib.</strong></span> <span class='ocrx_word' id='word_1_82' title='bbox 1134 1135 1170 1174; x_wconf 91' lang='lat' dir='ltr'><strong>ll</strong></span> <span class='ocrx_word' id='word_1_83' title='bbox 1197 1133 1317 1182; x_wconf 81' lang='lat' dir='ltr'><strong>can.</strong></span> <span class='ocrx_word' id='word_1_84' title='bbox 1343 1118 1376 1174; x_wconf 93' lang='lat'><strong>8</strong></span> <span class='ocrx_word' id='word_1_85' title='bbox 1399 1135 1522 1174; x_wconf 90' lang='lat' dir='ltr'><strong>eum</strong></span> <span class='ocrx_word' id='word_1_86' title='bbox 1549 1116 1876 1186; x_wconf 73' lang='lat' dir='ltr'><strong>ine/fabiliter</strong></span> <span class='ocrx_word' id='word_1_87' title='bbox 1900 1133 1929 1172; x_wconf 89' lang='lat' dir='ltr'><strong>a</strong></span> <span class='ocrx_word' id='word_1_88' title='bbox 1961 1117 2062 1172; x_wconf 83' lang='lat' dir='ltr'><strong>Pa-</strong></span> 
     </span>
    </p>
   </div>
   <div class='ocr_carea' id='block_1_12' title="bbox 476 1208 2060 1283">
    <p class='ocr_par' dir='ltr' id='par_1_12' title="bbox 476 1208 2060 1283">
     <span class='ocr_line' id='line_1_12' title="bbox 476 1208 2060 1283; baseline -0.004 -14"><span class='ocrx_word' id='word_1_89' title='bbox 476 1223 560 1269; x_wconf 87' lang='lat' dir='ltr'><strong>tre</strong></span> <span class='ocrx_word' id='word_1_90' title='bbox 581 1221 825 1268; x_wconf 82' lang='lat' dir='ltr'><strong>teternum</strong></span> <span class='ocrx_word' id='word_1_91' title='bbox 864 1211 1101 1283; x_wconf 88' lang='lat' dir='ltr'><strong>genitum</strong></span> <span class='ocrx_word' id='word_1_92' title='bbox 1127 1211 1326 1283; x_wconf 87' lang='lat' dir='ltr'><strong>prodit.</strong></span> <span class='ocrx_word' id='word_1_93' title='bbox 1361 1211 1529 1266; x_wconf 90' lang='lat' dir='ltr'><strong>Porro</strong></span> <span class='ocrx_word' id='word_1_94' title='bbox 1558 1225 1622 1266; x_wconf 79' lang='lat' dir='ltr'><strong>ex</strong></span> <span class='ocrx_word' id='word_1_95' title='bbox 1655 1224 1773 1280; x_wconf 86' lang='lat' dir='ltr'><strong>cap.</strong></span> <span class='ocrx_word' id='word_1_96' title='bbox 1795 1209 1866 1265; x_wconf 75' lang='lat'><strong>25</strong></span> <span class='ocrx_word' id='word_1_97' title='bbox 1888 1208 1984 1264; x_wconf 90' lang='lat' dir='ltr'><strong>lib.</strong></span> <span class='ocrx_word' id='word_1_98' title='bbox 2005 1223 2060 1263; x_wconf 80' lang='lat' dir='ltr'><strong>iv</strong></span> 
     </span>
    </p>
   </div>
   <div class='ocr_carea' id='block_1_13' title="bbox 471 1300 2060 1362">
    <p class='ocr_par' dir='ltr' id='par_1_13' title="bbox 471 1300 2060 1362">
     <span class='ocr_line' id='line_1_13' title="bbox 471 1300 2060 1362; baseline -0.003 0"><span class='ocrx_word' id='word_1_99' title='bbox 471 1303 816 1362; x_wconf 84' lang='lat' dir='ltr'><strong>manifestum</strong></span> <span class='ocrx_word' id='word_1_100' title='bbox 873 1303 1139 1359; x_wconf 44' lang='lat' dir='ltr'><strong>lit&#39;Deum</strong></span> <span class='ocrx_word' id='word_1_101' title='bbox 1169 1304 1233 1358; x_wconf 87' lang='lat' dir='ltr'><strong>de</strong></span> <span class='ocrx_word' id='word_1_102' title='bbox 1278 1303 1384 1358; x_wconf 88' lang='lat' dir='ltr'><strong>Deo</strong></span> <span class='ocrx_word' id='word_1_103' title='bbox 1433 1303 1670 1358; x_wconf 90' lang='lat' dir='ltr'><strong>habitum</strong></span> <span class='ocrx_word' id='word_1_104' title='bbox 1700 1319 1728 1356; x_wconf 89' lang='lat' dir='ltr'><strong>a</strong></span> <span class='ocrx_word' id='word_1_105' title='bbox 1783 1300 2060 1358; x_wconf 82' lang='lat' dir='ltr'><strong>Lactantio</strong></span> 
     </span>
    </p>
   </div>
   <div class='ocr_carea' id='block_1_14' title="bbox 469 1395 2059 1468">
    <p class='ocr_par' dir='ltr' id='par_1_14' title="bbox 469 1395 2059 1468">
     <span class='ocr_line' id='line_1_14' title="bbox 469 1395 2059 1468; baseline -0.003 -15"><span class='ocrx_word' id='word_1_106' title='bbox 469 1396 634 1464; x_wconf 92' lang='lat' dir='ltr'><strong>hunc,</strong></span> <span class='ocrx_word' id='word_1_107' title='bbox 658 1412 818 1467; x_wconf 86' lang='lat' dir='ltr'><strong>quem</strong></span> <span class='ocrx_word' id='word_1_108' title='bbox 860 1397 1144 1466; x_wconf 78' lang='lat' dir='ltr'><strong>prolatione</strong></span> <span class='ocrx_word' id='word_1_109' title='bbox 1182 1397 1320 1451; x_wconf 83' lang='lat' dir='ltr'><strong>uocis</strong></span> <span class='ocrx_word' id='word_1_110' title='bbox 1347 1411 1407 1450; x_wconf 89' lang='lat' dir='ltr'><strong>ac</strong></span> <span class='ocrx_word' id='word_1_111' title='bbox 1441 1395 1650 1468; x_wconf 78' lang='lat' dir='ltr'><strong>spiritus</strong></span> <span class='ocrx_word' id='word_1_112' title='bbox 1689 1395 1920 1466; x_wconf 88' lang='lat' dir='ltr'><strong>generari</strong></span> <span class='ocrx_word' id='word_1_113' title='bbox 1959 1407 2059 1466; x_wconf 86' lang='lat' dir='ltr'><strong>po-</strong></span> 
     </span>
    </p>
   </div>
   <div class='ocr_carea' id='block_1_15' title="bbox 471 1487 2059 1560">
    <p class='ocr_par' dir='ltr' id='par_1_15' title="bbox 471 1487 2059 1560">
     <span class='ocr_line' id='line_1_15' title="bbox 471 1487 2059 1560; baseline -0.003 -14"><span class='ocrx_word' id='word_1_114' title='bbox 471 1491 641 1547; x_wconf 86' lang='lat' dir='ltr'><strong>tuisse</strong></span> <span class='ocrx_word' id='word_1_115' title='bbox 662 1490 910 1556; x_wconf 88' lang='lat' dir='ltr'><strong>censuit;</strong></span> <span class='ocrx_word' id='word_1_116' title='bbox 941 1500 994 1546; x_wconf 92' lang='lat' dir='ltr'><strong>et</strong></span> <span class='ocrx_word' id='word_1_117' title='bbox 1020 1504 1208 1545; x_wconf 88' lang='lat' dir='ltr'><strong>vocem</strong></span> <span class='ocrx_word' id='word_1_118' title='bbox 1237 1504 1302 1544; x_wconf 90' lang='lat' dir='ltr'><strong>ac</strong></span> <span class='ocrx_word' id='word_1_119' title='bbox 1331 1488 1574 1560; x_wconf 85' lang='lat' dir='ltr'><strong>spiritum</strong></span> <span class='ocrx_word' id='word_1_120' title='bbox 1600 1487 1748 1542; x_wconf 90' lang='lat' dir='ltr'><strong>illum</strong></span> <span class='ocrx_word' id='word_1_121' title='bbox 1780 1489 1848 1542; x_wconf 86' lang='lat' dir='ltr'><strong>ab</strong></span> <span class='ocrx_word' id='word_1_122' title='bbox 1873 1502 1937 1541; x_wconf 92' lang='lat' dir='ltr'><strong>eo</strong></span> <span class='ocrx_word' id='word_1_123' title='bbox 1961 1502 2059 1541; x_wconf 89' lang='lat' dir='ltr'><strong>vo-</strong></span> 
     </span>
    </p>
   </div>
   <div class='ocr_carea' id='block_1_16' title="bbox 470 1579 2060 1652">
    <p class='ocr_par' dir='ltr' id='par_1_16' title="bbox 470 1579 2060 1652">
     <span class='ocr_line' id='line_1_16' title="bbox 470 1579 2060 1652; baseline -0.003 -14"><span class='ocrx_word' id='word_1_124' title='bbox 470 1590 652 1638; x_wconf 87' lang='lat' dir='ltr'><strong>catum</strong></span> <span class='ocrx_word' id='word_1_125' title='bbox 683 1581 848 1652; x_wconf 89' lang='lat' dir='ltr'><strong>liquet</strong></span> <span class='ocrx_word' id='word_1_126' title='bbox 868 1581 1135 1637; x_wconf 90' lang='lat' dir='ltr'><strong>locutione</strong></span> <span class='ocrx_word' id='word_1_127' title='bbox 1156 1579 1563 1652; x_wconf 87' lang='lat' dir='ltr'><strong>prophetarum,</strong></span> <span class='ocrx_word' id='word_1_128' title='bbox 1603 1579 1691 1650; x_wconf 87' lang='lat' dir='ltr'><strong>qui</strong></span> <span class='ocrx_word' id='word_1_129' title='bbox 1721 1579 1966 1634; x_wconf 74' lang='lat' dir='ltr'><strong>sermonis</strong></span> <span class='ocrx_word' id='word_1_130' title='bbox 1995 1593 2060 1634; x_wconf 91' lang='lat' dir='ltr'><strong>ac</strong></span> 
     </span>
    </p>
   </div>
   <div class='ocr_carea' id='block_1_17' title="bbox 470 1667 2060 1746">
    <p class='ocr_par' dir='ltr' id='par_1_17' title="bbox 470 1667 2060 1746">
     <span class='ocr_line' id='line_1_17' title="bbox 470 1667 2060 1746; baseline -0.004 -16"><span class='ocrx_word' id='word_1_131' title='bbox 470 1676 682 1746; x_wconf 83' lang='lat' dir='ltr'><strong>spiritus</strong></span> <span class='ocrx_word' id='word_1_132' title='bbox 705 1673 1010 1730; x_wconf 89' lang='lat' dir='ltr'><strong>nominibus</strong></span> <span class='ocrx_word' id='word_1_133' title='bbox 1034 1671 1130 1728; x_wconf 89' lang='lat' dir='ltr'><strong>Dei</strong></span> <span class='ocrx_word' id='word_1_134' title='bbox 1153 1671 1346 1727; x_wconf 85' lang='lat' dir='ltr'><strong>Filium</strong></span> <span class='ocrx_word' id='word_1_135' title='bbox 1376 1669 1696 1726; x_wconf 84' lang='lat' dir='ltr'><strong>indicarunt.</strong></span> <span class='ocrx_word' id='word_1_136' title='bbox 1721 1671 1905 1741; x_wconf 82' lang='lat' dir='ltr'><strong>Itaque</strong></span> <span class='ocrx_word' id='word_1_137' title='bbox 1926 1667 2060 1724; x_wconf 91' lang='lat' dir='ltr'><strong>nihil</strong></span> 
     </span>
    </p>
   </div>
   <div class='ocr_carea' id='block_1_18' title="bbox 2163 465 3785 544">
    <p class='ocr_par' dir='ltr' id='par_1_18' title="bbox 2163 465 3785 544">
     <span class='ocr_line' id='line_1_18' title="bbox 2163 465 3785 544; baseline 0.003 -24"><span class='ocrx_word' id='word_1_138' title='bbox 2163 465 2322 521; x_wconf 92' lang='lat' dir='ltr'><strong>licum</strong></span> <span class='ocrx_word' id='word_1_139' title='bbox 2344 465 2783 538; x_wconf 82' lang='lat' dir='ltr'><strong>dogmadisertis</strong></span> <span class='ocrx_word' id='word_1_140' title='bbox 2808 468 2989 525; x_wconf 86' lang='lat' dir='ltr'><strong>verbis</strong></span> <span class='ocrx_word' id='word_1_141' title='bbox 3024 467 3415 542; x_wconf 82' lang='lat' dir='ltr'><strong>sententiisque</strong></span> <span class='ocrx_word' id='word_1_142' title='bbox 3451 469 3723 535; x_wconf 87' lang='lat' dir='ltr'><strong>defendat,</strong></span> <span class='ocrx_word' id='word_1_143' title='bbox 3784 465 3785 544; x_wconf 59' lang='grc' dir='ltr'>ξ</span> 
     </span>
    </p>
   </div>
   <div class='ocr_carea' id='block_1_19' title="bbox 2165 544 3724 630">
    <p class='ocr_par' dir='ltr' id='par_1_19' title="bbox 2165 544 3724 630">
     <span class='ocr_line' id='line_1_19' title="bbox 2165 544 3724 630; baseline 0.003 -18"><span class='ocrx_word' id='word_1_144' title='bbox 2165 571 2218 612; x_wconf 89' lang='lat' dir='ltr'><strong>ut</strong></span> <span class='ocrx_word' id='word_1_145' title='bbox 2241 558 2287 613; x_wconf 92' lang='lat' dir='ltr'><strong>si</strong></span> <span class='ocrx_word' id='word_1_146' title='bbox 2322 559 2407 615; x_wconf 91' lang='lat' dir='ltr'><strong>cui</strong></span> <span class='ocrx_word' id='word_1_147' title='bbox 2437 560 2682 630; x_wconf 84' lang='lat' dir='ltr'><strong>aliquam</strong></span> <span class='ocrx_word' id='word_1_148' title='bbox 2714 560 2785 617; x_wconf 92' lang='lat' dir='ltr'><strong>ob</strong></span> <span class='ocrx_word' id='word_1_149' title='bbox 2833 559 3117 617; x_wconf 83' lang='lat' dir='ltr'><strong>formulam</strong></span> <span class='ocrx_word' id='word_1_150' title='bbox 3164 577 3194 616; x_wconf 88' lang='lat' dir='ltr'><strong>a</strong></span> <span class='ocrx_word' id='word_1_151' title='bbox 3250 561 3476 618; x_wconf 86' lang='lat' dir='ltr'><strong>Petavio</strong></span> <span class='ocrx_word' id='word_1_152' title='bbox 3497 544 3724 617; x_wconf 63' lang='lat' dir='ltr'><strong>notatam</strong></span> 
     </span>
    </p>
   </div>
   <div class='ocr_carea' id='block_1_20' title="bbox 2161 652 3730 734">
    <p class='ocr_par' dir='ltr' id='par_1_20' title="bbox 2161 652 3730 734">
     <span class='ocr_line' id='line_1_20' title="bbox 2161 652 3730 734; baseline 0.004 -28"><span class='ocrx_word' id='word_1_153' title='bbox 2161 652 2404 709; x_wconf 91' lang='lat' dir='ltr'><strong>videatur</strong></span> <span class='ocrx_word' id='word_1_154' title='bbox 2426 654 2662 734; x_wconf 79' lang='lat' dir='ltr'><strong>sensisse</strong></span> <span class='ocrx_word' id='word_1_155' title='bbox 2685 696 2701 723; x_wconf 95' lang='lat'><strong>,</strong></span> <span class='ocrx_word' id='word_1_156' title='bbox 2729 654 2967 710; x_wconf 85' lang='lat' dir='ltr'><strong>divinum</strong></span> <span class='ocrx_word' id='word_1_157' title='bbox 3016 654 3267 712; x_wconf 82' lang='lat' dir='ltr'><strong>Verbum‘</strong></span> <span class='ocrx_word' id='word_1_158' title='bbox 3285 666 3395 710; x_wconf 87' lang='lat' dir='ltr'><strong>tum</strong></span> <span class='ocrx_word' id='word_1_159' title='bbox 3426 660 3572 728; x_wconf 82' lang='lat' dir='ltr'><strong>foras</strong></span> <span class='ocrx_word' id='word_1_160' title='bbox 3603 672 3730 728; x_wconf 80' lang='lat' dir='ltr'><strong>gene-</strong></span> 
     </span>
    </p>
   </div>
   <div class='ocr_carea' id='block_1_21' title="bbox 2162 746 3785 821">
    <p class='ocr_par' dir='ltr' id='par_1_21' title="bbox 2162 746 3785 821">
     <span class='ocr_line' id='line_1_21' title="bbox 2162 746 3785 821; baseline 0.003 -22"><span class='ocrx_word' id='word_1_161' title='bbox 2162 746 2360 801; x_wconf 86' lang='lat' dir='ltr'><strong>ratione</strong></span> <span class='ocrx_word' id='word_1_162' title='bbox 2375 747 2645 817; x_wconf 85' lang='lat' dir='ltr'><strong>prodiisse,</strong></span> <span class='ocrx_word' id='word_1_163' title='bbox 2669 748 2872 817; x_wconf 86' lang='lat' dir='ltr'><strong>quando</strong></span> <span class='ocrx_word' id='word_1_164' title='bbox 2908 749 3154 803; x_wconf 81' lang='lat' dir='ltr'><strong>mundum</strong></span> <span class='ocrx_word' id='word_1_165' title='bbox 3180 749 3468 821; x_wconf 77' lang='lat' dir='ltr'><strong>procreauit</strong></span> <span class='ocrx_word' id='word_1_166' title='bbox 3507 747 3664 815; x_wconf 84' lang='lat' dir='ltr'><strong>Deus,</strong></span> <span class='ocrx_word' id='word_1_167' title='bbox 3688 760 3731 803; x_wconf 90' lang='lat' dir='ltr'><strong>ut</strong></span> <span class='ocrx_word' id='word_1_168' title='bbox 3784 765 3785 796; x_wconf 59' lang='grc' dir='ltr'>δ</span> 
     </span>
    </p>
   </div>
   <div class='ocr_carea' id='block_1_22' title="bbox 2161 839 3785 920">
    <p class='ocr_par' dir='ltr' id='par_1_22' title="bbox 2161 839 3785 920">
     <span class='ocr_line' id='line_1_22' title="bbox 2161 839 3785 920; baseline 0 -25"><span class='ocrx_word' id='word_1_169' title='bbox 2161 839 2302 896; x_wconf 91' lang='lat' dir='ltr'><strong>idem</strong></span> <span class='ocrx_word' id='word_1_170' title='bbox 2322 841 2521 895; x_wconf 86' lang='lat' dir='ltr'><strong>Auctor</strong></span> <span class='ocrx_word' id='word_1_171' title='bbox 2542 856 2608 896; x_wconf 83' lang='lat' dir='ltr'><strong>ex</strong></span> <span class='ocrx_word' id='word_1_172' title='bbox 2636 840 2815 896; x_wconf 90' lang='lat' dir='ltr'><strong>allatis</strong></span> <span class='ocrx_word' id='word_1_173' title='bbox 2842 841 2938 920; x_wconf 83' lang='lat' dir='ltr'><strong>abs</strong></span> <span class='ocrx_word' id='word_1_174' title='bbox 2969 857 3029 897; x_wconf 90' lang='lat' dir='ltr'><strong>se</strong></span> <span class='ocrx_word' id='word_1_175' title='bbox 3058 840 3529 912; x_wconf 78' lang='lat' dir='ltr'><strong>textibus‘colligit</strong></span> <span class='ocrx_word' id='word_1_176' title='bbox 3547 858 3562 907; x_wconf 89' lang='lat'><strong>;</strong></span> <span class='ocrx_word' id='word_1_177' title='bbox 3579 841 3634 920; x_wconf 84' lang='lat' dir='ltr'><strong>_is</strong></span> <span class='ocrx_word' id='word_1_178' title='bbox 3657 851 3731 896; x_wconf 85' lang='lat' dir='ltr'><strong>aut</strong></span> <span class='ocrx_word' id='word_1_179' title='bbox 3784 845 3785 850; x_wconf 79' lang='lat'>‘</span> 
     </span>
    </p>
   </div>
   <div class='ocr_carea' id='block_1_23' title="bbox 2162 931 3732 1007">
    <p class='ocr_par' dir='ltr' id='par_1_23' title="bbox 2162 931 3732 1007">
     <span class='ocr_line' id='line_1_23' title="bbox 2162 931 3732 1007; baseline 0.001 -19"><span class='ocrx_word' id='word_1_180' title='bbox 2162 933 2425 989; x_wconf 84' lang='lat' dir='ltr'><strong>Victorini</strong></span> <span class='ocrx_word' id='word_1_181' title='bbox 2452 934 2616 990; x_wconf 76' lang='lat' dir='ltr'><strong>libros</strong></span> <span class='ocrx_word' id='word_1_182' title='bbox 2638 950 2741 990; x_wconf 92' lang='lat' dir='ltr'><strong>non</strong></span> <span class='ocrx_word' id='word_1_183' title='bbox 2771 934 2981 1005; x_wconf 88' lang='lat' dir='ltr'><strong>legerit,</strong></span> <span class='ocrx_word' id='word_1_184' title='bbox 3007 931 3104 990; x_wconf 83' lang='lat' dir='ltr'><strong>aut</strong></span> <span class='ocrx_word' id='word_1_185' title='bbox 3130 935 3174 991; x_wconf 87' lang='lat' dir='ltr'><strong>si</strong></span> <span class='ocrx_word' id='word_1_186' title='bbox 3203 935 3347 1007; x_wconf 86' lang='lat' dir='ltr'><strong>legit,</strong></span> <span class='ocrx_word' id='word_1_187' title='bbox 3380 935 3585 1005; x_wconf 82' lang='lat' dir='ltr'><strong>sparsis</strong></span> <span class='ocrx_word' id='word_1_188' title='bbox 3603 949 3633 989; x_wconf 84' lang='lat' dir='ltr'><strong>a</strong></span> <span class='ocrx_word' id='word_1_189' title='bbox 3650 932 3732 990; x_wconf 86' lang='lat' dir='ltr'><strong>Pe-</strong></span> 
     </span>
    </p>
   </div>
   <div class='ocr_carea' id='block_1_24' title="bbox 2163 1024 3785 1100">
    <p class='ocr_par' dir='ltr' id='par_1_24' title="bbox 2163 1024 3785 1100">
     <span class='ocr_line' id='line_1_24' title="bbox 2163 1024 3785 1100; baseline 0 -21"><span class='ocrx_word' id='word_1_190' title='bbox 2163 1025 2302 1080; x_wconf 84' lang='lat' dir='ltr'><strong>tavio</strong></span> <span class='ocrx_word' id='word_1_191' title='bbox 2332 1025 2657 1100; x_wconf 68' lang='lat' dir='ltr'><strong>praeiudiciis</strong></span> <span class='ocrx_word' id='word_1_192' title='bbox 2681 1026 2906 1082; x_wconf 80' lang='lat' dir='ltr'><strong>fortasse</strong></span> <span class='ocrx_word' id='word_1_193' title='bbox 2934 1026 3224 1096; x_wconf 87' lang='lat' dir='ltr'><strong>impeditus</strong></span> <span class='ocrx_word' id='word_1_194' title='bbox 3244 1068 3260 1092; x_wconf 91' lang='lat'><strong>,</strong></span> <span class='ocrx_word' id='word_1_195' title='bbox 3291 1041 3398 1082; x_wconf 92' lang='lat' dir='ltr'><strong>non</strong></span> <span class='ocrx_word' id='word_1_196' title='bbox 3427 1024 3734 1091; x_wconf 74' lang='lat' dir='ltr'><strong>intellexerit</strong></span> <span class='ocrx_word' id='word_1_197' title='bbox 3784 1065 3785 1072; x_wconf 57' lang='grc' dir='ltr'><strong>η</strong></span> 
     </span>
    </p>
   </div>
   <div class='ocr_carea' id='block_1_25' title="bbox 2162 1110 3735 1190">
    <p class='ocr_par' dir='ltr' id='par_1_25' title="bbox 2162 1110 3735 1190">
     <span class='ocr_line' id='line_1_25' title="bbox 2162 1110 3735 1190; baseline 0.003 -17"><span class='ocrx_word' id='word_1_198' title='bbox 2162 1133 2295 1174; x_wconf 87' lang='lat' dir='ltr'><strong>sane</strong></span> <span class='ocrx_word' id='word_1_199' title='bbox 2332 1117 2451 1188; x_wconf 85' lang='lat' dir='ltr'><strong>ejus</strong></span> <span class='ocrx_word' id='word_1_200' title='bbox 2476 1110 2794 1174; x_wconf 75' lang='lat' dir='ltr'><strong>Sententiam</strong></span> <span class='ocrx_word' id='word_1_201' title='bbox 2818 1159 2832 1182; x_wconf 95' lang='lat'><strong>,</strong></span> <span class='ocrx_word' id='word_1_202' title='bbox 2862 1133 2984 1190; x_wconf 67' lang='lat' dir='ltr'><strong>quae</strong></span> <span class='ocrx_word' id='word_1_203' title='bbox 3009 1119 3324 1185; x_wconf 80' lang='lat' dir='ltr'><strong>clarissimis</strong></span> <span class='ocrx_word' id='word_1_204' title='bbox 3351 1119 3476 1181; x_wconf 87' lang='lat' dir='ltr'><strong>aliis</strong></span> <span class='ocrx_word' id='word_1_205' title='bbox 3517 1120 3735 1177; x_wconf 75' lang='lat' dir='ltr'><strong>testim.-</strong></span> 
     </span>
    </p>
   </div>
   <div class='ocr_carea' id='block_1_26' title="bbox 2163 1209 3731 1284">
    <p class='ocr_par' dir='ltr' id='par_1_26' title="bbox 2163 1209 3731 1284">
     <span class='ocr_line' id='line_1_26' title="bbox 2163 1209 3731 1284; baseline -0.001 -17"><span class='ocrx_word' id='word_1_206' title='bbox 2163 1210 2267 1267; x_wconf 88' lang='lat' dir='ltr'><strong>niis</strong></span> <span class='ocrx_word' id='word_1_207' title='bbox 2287 1209 2551 1281; x_wconf 81' lang='lat' dir='ltr'><strong>explicata</strong></span> <span class='ocrx_word' id='word_1_208' title='bbox 2583 1212 2718 1267; x_wconf 85' lang='lat' dir='ltr'><strong>satis</strong></span> <span class='ocrx_word' id='word_1_209' title='bbox 2739 1210 2970 1267; x_wconf 90' lang='lat' dir='ltr'><strong>videtur.</strong></span> <span class='ocrx_word' id='word_1_210' title='bbox 2998 1213 3132 1269; x_wconf 85' lang='lat' dir='ltr'><strong>Cum</strong></span> <span class='ocrx_word' id='word_1_211' title='bbox 3173 1213 3317 1268; x_wconf 89' lang='lat' dir='ltr'><strong>enim</strong></span> <span class='ocrx_word' id='word_1_212' title='bbox 3345 1211 3731 1284; x_wconf 72' lang='lat' dir='ltr'><strong>generationem</strong></span> 
     </span>
    </p>
   </div>
   <div class='ocr_carea' id='block_1_27' title="bbox 2162 1302 3734 1376">
    <p class='ocr_par' dir='ltr' id='par_1_27' title="bbox 2162 1302 3734 1376">
     <span class='ocr_line' id='line_1_27' title="bbox 2162 1302 3734 1376; baseline -0.003 -14"><span class='ocrx_word' id='word_1_213' title='bbox 2162 1304 2330 1362; x_wconf 83' lang='lat' dir='ltr'><strong>Verbi</strong></span> <span class='ocrx_word' id='word_1_214' title='bbox 2397 1315 2654 1361; x_wconf 68' lang='lat' dir='ltr'><strong>aeternam</strong></span> <span class='ocrx_word' id='word_1_215' title='bbox 2724 1302 2966 1376; x_wconf 84' lang='lat' dir='ltr'><strong>pluribus</strong></span> <span class='ocrx_word' id='word_1_216' title='bbox 3032 1306 3164 1363; x_wconf 87' lang='lat' dir='ltr'><strong>locis</strong></span> <span class='ocrx_word' id='word_1_217' title='bbox 3233 1302 3596 1363; x_wconf 81' lang='lat' dir='ltr'><strong>disertissime</strong></span> <span class='ocrx_word' id='word_1_218' title='bbox 3670 1305 3734 1359; x_wconf 84' lang='lat' dir='ltr'><strong>fa-</strong></span> 
     </span>
    </p>
   </div>
   <div class='ocr_carea' id='block_1_28' title="bbox 2164 1385 3735 1472">
    <p class='ocr_par' dir='ltr' id='par_1_28' title="bbox 2164 1385 3735 1472">
     <span class='ocr_line' id='line_1_28' title="bbox 2164 1385 3735 1472; baseline -0.003 -18"><span class='ocrx_word' id='word_1_219' title='bbox 2164 1407 2360 1465; x_wconf 84' lang='lat' dir='ltr'><strong>teatur,</strong></span> <span class='ocrx_word' id='word_1_220' title='bbox 2385 1398 2495 1470; x_wconf 88' lang='lat' dir='ltr'><strong>jam</strong></span> <span class='ocrx_word' id='word_1_221' title='bbox 2514 1398 2688 1456; x_wconf 86' lang='lat' dir='ltr'><strong>sicubi</strong></span> <span class='ocrx_word' id='word_1_222' title='bbox 2711 1398 2951 1470; x_wconf 87' lang='lat' dir='ltr'><strong>ejusdem</strong></span> <span class='ocrx_word' id='word_1_223' title='bbox 2973 1385 3134 1456; x_wconf 87' lang='lat' dir='ltr'><strong>Verbi</strong></span> <span class='ocrx_word' id='word_1_224' title='bbox 3154 1399 3556 1472; x_wconf 73' lang='lat' dir='ltr'><strong>generationem</strong></span> <span class='ocrx_word' id='word_1_225' title='bbox 3575 1396 3735 1468; x_wconf 73' lang='lat' dir='ltr'><strong>[sum]</strong></span> 
     </span>
    </p>
   </div>
   <div class='ocr_carea' id='block_1_29' title="bbox 2160 1492 3737 1566">
    <p class='ocr_par' dir='ltr' id='par_1_29' title="bbox 2160 1492 3737 1566">
     <span class='ocr_line' id='line_1_29' title="bbox 2160 1492 3737 1566; baseline -0.004 -18"><span class='ocrx_word' id='word_1_226' title='bbox 2160 1494 2622 1566; x_wconf 79' lang='lat' dir='ltr'><strong>manifestationem</strong></span> <span class='ocrx_word' id='word_1_227' title='bbox 2691 1495 2966 1566; x_wconf 89' lang='lat' dir='ltr'><strong>appellat,</strong></span> <span class='ocrx_word' id='word_1_228' title='bbox 3041 1508 3138 1550; x_wconf 91' lang='lat' dir='ltr'><strong>seu</strong></span> <span class='ocrx_word' id='word_1_229' title='bbox 3179 1492 3576 1561; x_wconf 59' lang='lat' dir='ltr'><strong>declarationem</strong></span> <span class='ocrx_word' id='word_1_230' title='bbox 3620 1492 3737 1545; x_wconf 75' lang='lat' dir='ltr'><strong>intus</strong></span> 
     </span>
    </p>
   </div>
   <div class='ocr_carea' id='block_1_30' title="bbox 2165 1576 3736 1657">
    <p class='ocr_par' dir='ltr' id='par_1_30' title="bbox 2165 1576 3736 1657">
     <span class='ocr_line' id='line_1_30' title="bbox 2165 1576 3736 1657; baseline -0.002 -16"><span class='ocrx_word' id='word_1_231' title='bbox 2165 1582 2437 1657; x_wconf 59' lang='lat' dir='ltr'><strong>potentias,</strong></span> <span class='ocrx_word' id='word_1_232' title='bbox 2469 1587 2542 1642; x_wconf 85' lang='lat' dir='ltr'><strong>ita</strong></span> <span class='ocrx_word' id='word_1_233' title='bbox 2575 1595 2630 1642; x_wconf 94' lang='lat' dir='ltr'><strong>ut</strong></span> <span class='ocrx_word' id='word_1_234' title='bbox 2659 1584 2819 1641; x_wconf 84' lang='lat' dir='ltr'><strong>Pater</strong></span> <span class='ocrx_word' id='word_1_235' title='bbox 2844 1576 2934 1654; x_wconf 89' lang='lat' dir='ltr'><strong>sit,</strong></span> <span class='ocrx_word' id='word_1_236' title='bbox 2961 1587 3049 1657; x_wconf 87' lang='lat' dir='ltr'><strong>qui</strong></span> <span class='ocrx_word' id='word_1_237' title='bbox 3078 1588 3237 1650; x_wconf 88' lang='lat' dir='ltr'><strong>intus,</strong></span> <span class='ocrx_word' id='word_1_238' title='bbox 3260 1583 3310 1638; x_wconf 85' lang='lat' dir='ltr'><em>F</em></span> <span class='ocrx_word' id='word_1_239' title='bbox 3312 1585 3458 1649; x_wconf 77' lang='lat' dir='ltr'><strong>ilius,</strong></span> <span class='ocrx_word' id='word_1_240' title='bbox 3484 1585 3575 1653; x_wconf 83' lang='lat' dir='ltr'><strong>qui</strong></span> <span class='ocrx_word' id='word_1_241' title='bbox 3593 1581 3736 1656; x_wconf 79' lang='lat' dir='ltr'><strong>foris,</strong></span> 
     </span>
    </p>
   </div>
   <div class='ocr_carea' id='block_1_31' title="bbox 2164 1672 3740 1748">
    <p class='ocr_par' dir='ltr' id='par_1_31' title="bbox 2164 1672 3740 1748">
     <span class='ocr_line' id='line_1_31' title="bbox 2164 1672 3740 1748; baseline -0.003 -17"><span class='ocrx_word' id='word_1_242' title='bbox 2164 1674 2328 1748; x_wconf 75' lang='lat' dir='ltr'><strong>(qua:</strong></span> <span class='ocrx_word' id='word_1_243' title='bbox 2366 1676 2652 1747; x_wconf 86' lang='lat' dir='ltr'><strong>fere&#39;sunt</strong></span> <span class='ocrx_word' id='word_1_244' title='bbox 2679 1685 2881 1731; x_wconf 64' lang='lat' dir='ltr'><strong>notatae</strong></span> <span class='ocrx_word' id='word_1_245' title='bbox 2912 1691 2943 1732; x_wconf 91' lang='lat' dir='ltr'><strong>a</strong></span> <span class='ocrx_word' id='word_1_246' title='bbox 2972 1676 3192 1732; x_wconf 86' lang='lat' dir='ltr'><strong>Petavio</strong></span> <span class='ocrx_word' id='word_1_247' title='bbox 3218 1675 3530 1747; x_wconf 59' lang='lat' dir='ltr'><strong>formulae):</strong></span> <span class='ocrx_word' id='word_1_248' title='bbox 3576 1674 3658 1729; x_wconf 84' lang='lat' dir='ltr'><strong>vel</strong></span> <span class='ocrx_word' id='word_1_249' title='bbox 3685 1672 3740 1728; x_wconf 85' lang='lat' dir='ltr'><strong>de</strong></span> 
     </span>
    </p>
   </div>
   <div class='ocr_carea' id='block_1_32' title="bbox 470 1762 3740 1840">
    <p class='ocr_par' dir='ltr' id='par_1_32' title="bbox 470 1762 3740 1840">
     <span class='ocr_line' id='line_1_32' title="bbox 470 1762 3740 1840; baseline 0 -19"><span class='ocrx_word' id='word_1_250' title='bbox 470 1777 634 1833; x_wconf 90' lang='lat' dir='ltr'><strong>vetat,</strong></span> <span class='ocrx_word' id='word_1_251' title='bbox 662 1767 787 1838; x_wconf 92' lang='lat' dir='ltr'><strong>quin</strong></span> <span class='ocrx_word' id='word_1_252' title='bbox 811 1765 999 1821; x_wconf 82' lang='lat' dir='ltr'><strong>uocalis</strong></span> <span class='ocrx_word' id='word_1_253' title='bbox 1022 1780 1238 1836; x_wconf 82' lang='lat' dir='ltr'><strong>quoque</strong></span> <span class='ocrx_word' id='word_1_254' title='bbox 1272 1764 1487 1834; x_wconf 83' lang='lat' dir='ltr'><strong>spiritus</strong></span> <span class='ocrx_word' id='word_1_255' title='bbox 1526 1764 1743 1820; x_wconf 88' lang='lat' dir='ltr'><strong>nomine</strong></span> <span class='ocrx_word' id='word_1_256' title='bbox 1767 1805 1782 1829; x_wconf 89' lang='lat'><strong>,</strong></span> <span class='ocrx_word' id='word_1_257' title='bbox 1825 1777 1932 1834; x_wconf 93' lang='lat' dir='ltr'><strong>quo</strong></span> <span class='ocrx_word' id='word_1_258' title='bbox 1959 1762 2061 1818; x_wconf 83' lang='lat' dir='ltr'><strong>Pe—</strong></span> <span class='ocrx_word' id='word_1_259' title='bbox 2089 1772 2139 1832; x_wconf 85' lang='lat' dir='ltr'><strong>B</strong></span> <span class='ocrx_word' id='word_1_260' title='bbox 2163 1767 2353 1824; x_wconf 88' lang='lat' dir='ltr'><strong>eadem</strong></span> <span class='ocrx_word' id='word_1_261' title='bbox 2388 1769 2738 1840; x_wconf 75' lang='lat' dir='ltr'><strong>generatione</strong></span> <span class='ocrx_word' id='word_1_262' title='bbox 2766 1777 2966 1825; x_wconf 68' lang='lat' dir='ltr'><strong>aeterna</strong></span> <span class='ocrx_word' id='word_1_263' title='bbox 2995 1768 3081 1824; x_wconf 70' lang='lat' dir='ltr'><strong>hie</strong></span> <span class='ocrx_word' id='word_1_264' title='bbox 3107 1765 3356 1825; x_wconf 68' lang='lat' dir='ltr'><strong>formula</strong></span> <span class='ocrx_word' id='word_1_265' title='bbox 3390 1766 3740 1839; x_wconf 86' lang='lat' dir='ltr'><strong>intelligantur</strong></span> 
     </span>
    </p>
   </div>
   <div class='ocr_carea' id='block_1_33' title="bbox 443 1853 2062 1927">
    <p class='ocr_par' dir='ltr' id='par_1_33' title="bbox 443 1853 2062 1927">
     <span class='ocr_line' id='line_1_33' title="bbox 443 1853 2062 1927; baseline -0.002 -13"><span class='ocrx_word' id='word_1_266' title='bbox 443 1922 447 1926; x_wconf 40' lang='lat'><strong>,</strong></span> <span class='ocrx_word' id='word_1_267' title='bbox 477 1860 652 1914; x_wconf 88' lang='lat' dir='ltr'><strong>tavius</strong></span> <span class='ocrx_word' id='word_1_268' title='bbox 675 1874 859 1915; x_wconf 88' lang='lat' dir='ltr'><strong>vocem</strong></span> <span class='ocrx_word' id='word_1_269' title='bbox 881 1866 1161 1914; x_wconf 82' lang='lat' dir='ltr'><strong>sonantem</strong></span> <span class='ocrx_word' id='word_1_270' title='bbox 1181 1858 1411 1927; x_wconf 88' lang='lat' dir='ltr'><strong>accepit,</strong></span> <span class='ocrx_word' id='word_1_271' title='bbox 1440 1857 1533 1912; x_wconf 91' lang='lat' dir='ltr'><strong>Dei</strong></span> <span class='ocrx_word' id='word_1_272' title='bbox 1562 1856 1753 1912; x_wconf 89' lang='lat' dir='ltr'><strong>Filium</strong></span> <span class='ocrx_word' id='word_1_273' title='bbox 1789 1856 1963 1911; x_wconf 88' lang='lat' dir='ltr'><strong>Deum</strong></span> <span class='ocrx_word' id='word_1_274' title='bbox 1993 1853 2062 1911; x_wconf 89' lang='lat' dir='ltr'><strong>de</strong></span> 
     </span>
    </p>
   </div>
   <div class='ocr_carea' id='block_1_34' title="bbox 478 1948 2055 2024">
    <p class='ocr_par' dir='ltr' id='par_1_34' title="bbox 478 1948 2055 2024">
     <span class='ocr_line' id='line_1_34' title="bbox 478 1948 2055 2024; baseline -0.005 -13"><span class='ocrx_word' id='word_1_275' title='bbox 478 1955 593 2011; x_wconf 89' lang='lat' dir='ltr'><strong>Deo</strong></span> <span class='ocrx_word' id='word_1_276' title='bbox 617 1969 742 2010; x_wconf 82' lang='lat' dir='ltr'><strong>vere</strong></span> <span class='ocrx_word' id='word_1_277' title='bbox 772 1953 1137 2024; x_wconf 89' lang='lat' dir='ltr'><strong>intelligamus</strong></span> <span class='ocrx_word' id='word_1_278' title='bbox 1165 1954 1216 2006; x_wconf 93' lang='lat' dir='ltr'><strong>in</strong></span> <span class='ocrx_word' id='word_1_279' title='bbox 1245 1951 1461 2018; x_wconf 81' lang='lat' dir='ltr'><strong>scriptis</strong></span> <span class='ocrx_word' id='word_1_280' title='bbox 1509 1949 1799 2017; x_wconf 87' lang='lat' dir='ltr'><strong>Lactantii,</strong></span> <span class='ocrx_word' id='word_1_281' title='bbox 1825 1964 1889 2004; x_wconf 90' lang='lat' dir='ltr'><strong>ac</strong></span> <span class='ocrx_word' id='word_1_282' title='bbox 1917 1948 2055 2019; x_wconf 73' lang='lat' dir='ltr'><strong>prte-</strong></span> 
     </span>
    </p>
   </div>
   <div class='ocr_carea' id='block_1_35' title="bbox 475 2035 2062 2117">
    <p class='ocr_par' dir='ltr' id='par_1_35' title="bbox 475 2035 2062 2117">
     <span class='ocr_line' id='line_1_35' title="bbox 475 2035 2062 2117; baseline -0.006 -11"><span class='ocrx_word' id='word_1_283' title='bbox 475 2050 663 2106; x_wconf 87' lang='lat' dir='ltr'><strong>sertim</strong></span> <span class='ocrx_word' id='word_1_284' title='bbox 692 2048 783 2104; x_wconf 89' lang='lat' dir='ltr'><strong>lib.</strong></span> <span class='ocrx_word' id='word_1_285' title='bbox 811 2035 1010 2117; x_wconf 50' lang='lat' dir='ltr'><strong>tv&#39;cap.</strong></span> <span class='ocrx_word' id='word_1_286' title='bbox 1040 2047 1072 2102; x_wconf 92' lang='lat'>8</span> <span class='ocrx_word' id='word_1_287' title='bbox 1107 2057 1160 2101; x_wconf 91' lang='lat' dir='ltr'><strong>et</strong></span> <span class='ocrx_word' id='word_1_288' title='bbox 1184 2045 1218 2101; x_wconf 86' lang='lat'><strong>9</strong></span> <span class='ocrx_word' id='word_1_289' title='bbox 1242 2086 1257 2112; x_wconf 93' lang='lat'><strong>,</strong></span> <span class='ocrx_word' id='word_1_290' title='bbox 1286 2045 1374 2101; x_wconf 91' lang='lat' dir='ltr'><strong>ubi</strong></span> <span class='ocrx_word' id='word_1_291' title='bbox 1396 2059 1525 2100; x_wconf 87' lang='lat' dir='ltr'><strong>sane</strong></span> <span class='ocrx_word' id='word_1_292' title='bbox 1553 2044 1881 2114; x_wconf 59' lang='lat' dir='ltr'><strong>huicsocali</strong></span> <span class='ocrx_word' id='word_1_293' title='bbox 1908 2043 2062 2113; x_wconf 89' lang='lat' dir='ltr'><strong>spiri-</strong></span> 
     </span>
    </p>
   </div>
   <div class='ocr_carea' id='block_1_36' title="bbox 476 2134 2059 2213">
    <p class='ocr_par' dir='ltr' id='par_1_36' title="bbox 476 2134 2059 2213">
     <span class='ocr_line' id='line_1_36' title="bbox 476 2134 2059 2213; baseline -0.004 -17"><span class='ocrx_word' id='word_1_294' title='bbox 476 2145 570 2208; x_wconf 85' lang='lat' dir='ltr'><strong>tui,</strong></span> <span class='ocrx_word' id='word_1_295' title='bbox 604 2157 762 2213; x_wconf 91' lang='lat' dir='ltr'><strong>quem</strong></span> <span class='ocrx_word' id='word_1_296' title='bbox 788 2142 947 2197; x_wconf 86' lang='lat' dir='ltr'><strong>Pater</strong></span> <span class='ocrx_word' id='word_1_297' title='bbox 974 2157 1075 2195; x_wconf 86' lang='lat' dir='ltr'><strong>non</strong></span> <span class='ocrx_word' id='word_1_298' title='bbox 1103 2150 1266 2207; x_wconf 89' lang='lat' dir='ltr'><strong>utero,</strong></span> <span class='ocrx_word' id='word_1_299' title='bbox 1298 2139 1387 2194; x_wconf 87' lang='lat' dir='ltr'><strong>sed</strong></span> <span class='ocrx_word' id='word_1_300' title='bbox 1416 2147 1579 2192; x_wconf 85' lang='lat' dir='ltr'><strong>mente</strong></span> <span class='ocrx_word' id='word_1_301' title='bbox 1603 2146 1897 2207; x_wconf 81' lang='lat' dir='ltr'><strong>conceperat</strong></span> <span class='ocrx_word' id='word_1_302' title='bbox 1917 2178 1932 2204; x_wconf 91' lang='lat'><strong>,</strong></span> <span class='ocrx_word' id='word_1_303' title='bbox 1967 2134 2059 2191; x_wconf 88' lang='lat' dir='ltr'><strong>Dei</strong></span> 
     </span>
    </p>
   </div>
   <div class='ocr_carea' id='block_1_37' title="bbox 474 2230 2063 2308">
    <p class='ocr_par' dir='ltr' id='par_1_37' title="bbox 474 2230 2063 2308">
     <span class='ocr_line' id='line_1_37' title="bbox 474 2230 2063 2308; baseline -0.006 -15"><span class='ocrx_word' id='word_1_304' title='bbox 474 2237 650 2293; x_wconf 86' lang='lat' dir='ltr'><strong>Patris</strong></span> <span class='ocrx_word' id='word_1_305' title='bbox 677 2238 908 2308; x_wconf 69' lang='lat' dir='ltr'><strong>e/ﬁgiem,</strong></span> <span class='ocrx_word' id='word_1_306' title='bbox 940 2250 1036 2291; x_wconf 89' lang='lat' dir='ltr'><strong>seu</strong></span> <span class='ocrx_word' id='word_1_307' title='bbox 1056 2235 1324 2305; x_wconf 84' lang='lat' dir='ltr'><strong>imaginem</strong></span> <span class='ocrx_word' id='word_1_308' title='bbox 1375 2233 1560 2288; x_wconf 90' lang='lat' dir='ltr'><strong>tribuit</strong></span> <span class='ocrx_word' id='word_1_309' title='bbox 1601 2247 1721 2288; x_wconf 90' lang='lat' dir='ltr'><strong>cum</strong></span> <span class='ocrx_word' id='word_1_310' title='bbox 1778 2230 1944 2286; x_wconf 89' lang='lat' dir='ltr'><strong>Paulo</strong></span> <span class='ocrx_word' id='word_1_311' title='bbox 1970 2270 1985 2296; x_wconf 94' lang='lat'><strong>,</strong></span> <span class='ocrx_word' id='word_1_312' title='bbox 2007 2237 2063 2284; x_wconf 87' lang='lat' dir='ltr'><strong>et</strong></span> 
     </span>
    </p>
   </div>
   <div class='ocr_carea' id='block_1_38' title="bbox 481 2321 2064 2406">
    <p class='ocr_par' dir='ltr' id='par_1_38' title="bbox 481 2321 2064 2406">
     <span class='ocr_line' id='line_1_38' title="bbox 481 2321 2064 2406; baseline -0.008 -19"><span class='ocrx_word' id='word_1_313' title='bbox 481 2331 893 2388; x_wconf 88' lang='lat' dir='ltr'><strong>substantialem</strong></span> <span class='ocrx_word' id='word_1_314' title='bbox 915 2327 1132 2399; x_wconf 88' lang='lat' dir='ltr'><strong>quidem</strong></span> <span class='ocrx_word' id='word_1_315' title='bbox 1172 2326 1457 2397; x_wconf 89' lang='lat' dir='ltr'><strong>imaginem</strong></span> <span class='ocrx_word' id='word_1_316' title='bbox 1482 2364 1499 2390; x_wconf 91' lang='lat'><strong>,</strong></span> <span class='ocrx_word' id='word_1_317' title='bbox 1546 2325 1753 2406; x_wconf 77' lang='lat' dir='ltr'><strong>quippe</strong></span> <span class='ocrx_word' id='word_1_318' title='bbox 1773 2337 1910 2393; x_wconf 68' lang='lat' dir='ltr'><strong>quae</strong></span> <span class='ocrx_word' id='word_1_319' title='bbox 1936 2321 2064 2386; x_wconf 92' lang='lat' dir='ltr'><strong>,.in-</strong></span> 
     </span>
    </p>
   </div>
   <div class='ocr_carea' id='block_1_39' title="bbox 475 2413 2064 2495">
    <p class='ocr_par' dir='ltr' id='par_1_39' title="bbox 475 2413 2064 2495">
     <span class='ocr_line' id='line_1_39' title="bbox 475 2413 2064 2495; baseline -0.004 -21"><span class='ocrx_word' id='word_1_320' title='bbox 475 2425 612 2495; x_wconf 86' lang='lat' dir='ltr'><strong>quit,</strong></span> <span class='ocrx_word' id='word_1_321' title='bbox 644 2424 854 2495; x_wconf 85' lang='lat' dir='ltr'><strong>proprio</strong></span> <span class='ocrx_word' id='word_1_322' title='bbox 879 2437 1033 2475; x_wconf 86' lang='lat' dir='ltr'><strong>sensu</strong></span> <span class='ocrx_word' id='word_1_323' title='bbox 1060 2436 1120 2473; x_wconf 89' lang='lat' dir='ltr'><strong>ac</strong></span> <span class='ocrx_word' id='word_1_324' title='bbox 1145 2418 1398 2486; x_wconf 84' lang='lat' dir='ltr'><strong>sapientia</strong></span> <span class='ocrx_word' id='word_1_325' title='bbox 1419 2418 1601 2495; x_wconf 81' lang='lat' dir='ltr'><strong>vigeat,</strong></span> <span class='ocrx_word' id='word_1_326' title='bbox 1634 2413 1775 2486; x_wconf 91' lang='lat' dir='ltr'><strong>quod</strong></span> <span class='ocrx_word' id='word_1_327' title='bbox 1798 2414 1850 2469; x_wconf 90' lang='lat' dir='ltr'><strong>in</strong></span> <span class='ocrx_word' id='word_1_328' title='bbox 1881 2427 2064 2468; x_wconf 85' lang='lat' dir='ltr'><strong>vocem</strong></span> 
     </span>
    </p>
   </div>
   <div class='ocr_carea' id='block_1_40' title="bbox 475 2492 2065 2576">
    <p class='ocr_par' dir='ltr' id='par_1_40' title="bbox 475 2492 2065 2576">
     <span class='ocr_line' id='line_1_40' title="bbox 475 2492 2065 2576; baseline -0.009 -2"><span class='ocrx_word' id='word_1_329' title='bbox 475 2492 762 2574; x_wconf 74' lang='lat' dir='ltr'><strong>sonantem</strong></span> <span class='ocrx_word' id='word_1_330' title='bbox 785 2532 814 2570; x_wconf 88' lang='lat' dir='ltr'><strong>a</strong></span> <span class='ocrx_word' id='word_1_331' title='bbox 847 2515 1065 2571; x_wconf 87' lang='lat' dir='ltr'><strong>Petavio</strong></span> <span class='ocrx_word' id='word_1_332' title='bbox 1099 2512 1421 2570; x_wconf 83' lang='lat' dir='ltr'><strong>intellectam</strong></span> <span class='ocrx_word' id='word_1_333' title='bbox 1444 2492 1549 2564; x_wconf 83' lang='lat' dir='ltr'><strong>non</strong></span> <span class='ocrx_word' id='word_1_334' title='bbox 1575 2507 1736 2575; x_wconf 80' lang='lat' dir='ltr'><strong>cadit.</strong></span> <span class='ocrx_word' id='word_1_335' title='bbox 1768 2506 2065 2576; x_wconf 83' lang='lat' dir='ltr'><strong>Compara-</strong></span> 
     </span>
    </p>
   </div>
   <div class='ocr_carea' id='block_1_41' title="bbox 482 2599 2068 2681">
    <p class='ocr_par' dir='ltr' id='par_1_41' title="bbox 482 2599 2068 2681">
     <span class='ocr_line' id='line_1_41' title="bbox 482 2599 2068 2681; baseline -0.008 -14"><span class='ocrx_word' id='word_1_336' title='bbox 482 2611 557 2667; x_wconf 86' lang='lat' dir='ltr'><strong>tio</strong></span> <span class='ocrx_word' id='word_1_337' title='bbox 594 2625 756 2681; x_wconf 91' lang='lat' dir='ltr'><strong>porro</strong></span> <span class='ocrx_word' id='word_1_338' title='bbox 796 2607 887 2662; x_wconf 88' lang='lat' dir='ltr'><strong>illa</strong></span> <span class='ocrx_word' id='word_1_339' title='bbox 914 2605 1144 2677; x_wconf 91' lang='lat' dir='ltr'><strong>duplicis</strong></span> <span class='ocrx_word' id='word_1_340' title='bbox 1174 2603 1388 2658; x_wconf 90' lang='lat' dir='ltr'><strong>humani</strong></span> <span class='ocrx_word' id='word_1_341' title='bbox 1414 2601 1655 2673; x_wconf 88' lang='lat' dir='ltr'><strong>spiritus,</strong></span> <span class='ocrx_word' id='word_1_342' title='bbox 1684 2614 1911 2670; x_wconf 90' lang='lat' dir='ltr'><strong>quorum</strong></span> <span class='ocrx_word' id='word_1_343' title='bbox 1934 2599 2068 2655; x_wconf 86' lang='lat' dir='ltr'><strong>alte-</strong></span> 
     </span>
    </p>
   </div>
   <div class='ocr_carea' id='block_1_42' title="bbox 481 2692 2066 2761">
    <p class='ocr_par' dir='ltr' id='par_1_42' title="bbox 481 2692 2066 2761">
     <span class='ocr_line' id='line_1_42' title="bbox 481 2692 2066 2761; baseline -0.007 -3"><span class='ocrx_word' id='word_1_344' title='bbox 481 2719 600 2758; x_wconf 88' lang='lat' dir='ltr'><strong>rum</strong></span> <span class='ocrx_word' id='word_1_345' title='bbox 651 2701 898 2756; x_wconf 89' lang='lat' dir='ltr'><strong>homines</strong></span> <span class='ocrx_word' id='word_1_346' title='bbox 926 2714 958 2754; x_wconf 91' lang='lat' dir='ltr'><strong>e</strong></span> <span class='ocrx_word' id='word_1_347' title='bbox 992 2699 1208 2754; x_wconf 89' lang='lat' dir='ltr'><strong>naribus</strong></span> <span class='ocrx_word' id='word_1_348' title='bbox 1247 2696 1464 2751; x_wconf 88' lang='lat' dir='ltr'><strong>tacitum</strong></span> <span class='ocrx_word' id='word_1_349' title='bbox 1513 2695 1786 2761; x_wconf 88' lang='lat' dir='ltr'><strong>emittunt,</strong></span> <span class='ocrx_word' id='word_1_350' title='bbox 1833 2692 2066 2748; x_wconf 86' lang='lat' dir='ltr'><strong>alterum</strong></span> 
     </span>
    </p>
   </div>
   <div class='ocr_carea' id='block_1_43' title="bbox 481 2781 2071 2859">
    <p class='ocr_par' dir='ltr' id='par_1_43' title="bbox 481 2781 2071 2859">
     <span class='ocr_line' id='line_1_43' title="bbox 481 2781 2071 2859; baseline -0.009 -9"><span class='ocrx_word' id='word_1_351' title='bbox 481 2809 550 2850; x_wconf 81' lang='lat' dir='ltr'><strong>ex</strong></span> <span class='ocrx_word' id='word_1_352' title='bbox 574 2807 669 2848; x_wconf 88' lang='lat' dir='ltr'><strong>ore</strong></span> <span class='ocrx_word' id='word_1_353' title='bbox 691 2807 811 2848; x_wconf 91' lang='lat' dir='ltr'><strong>cum</strong></span> <span class='ocrx_word' id='word_1_354' title='bbox 858 2791 1083 2859; x_wconf 88' lang='lat' dir='ltr'><strong>strepitu</strong></span> <span class='ocrx_word' id='word_1_355' title='bbox 1125 2786 1338 2850; x_wconf 91' lang='lat' dir='ltr'><strong>edunt,</strong></span> <span class='ocrx_word' id='word_1_356' title='bbox 1389 2800 1511 2840; x_wconf 92' lang='lat' dir='ltr'><strong>cum</strong></span> <span class='ocrx_word' id='word_1_357' title='bbox 1556 2784 1874 2858; x_wconf 82' lang='lat' dir='ltr'><strong>loquuntur,</strong></span> <span class='ocrx_word' id='word_1_358' title='bbox 1926 2781 2071 2837; x_wconf 84' lang='lat' dir='ltr'><strong>valet</strong></span> 
     </span>
    </p>
   </div>
   <div class='ocr_carea' id='block_1_44' title="bbox 483 2875 2071 2956">
    <p class='ocr_par' dir='ltr' id='par_1_44' title="bbox 483 2875 2071 2956">
     <span class='ocr_line' id='line_1_44' title="bbox 483 2875 2071 2956; baseline -0.007 -15"><span class='ocrx_word' id='word_1_359' title='bbox 483 2884 702 2956; x_wconf 87' lang='lat' dir='ltr'><strong>quidem</strong></span> <span class='ocrx_word' id='word_1_360' title='bbox 731 2883 798 2938; x_wconf 90' lang='lat' dir='ltr'><strong>ad</strong></span> <span class='ocrx_word' id='word_1_361' title='bbox 833 2880 1203 2953; x_wconf 80' lang='lat' dir='ltr'><strong>explicandum</strong></span> <span class='ocrx_word' id='word_1_362' title='bbox 1235 2878 1522 2935; x_wconf 87' lang='lat' dir='ltr'><strong>discrimen</strong></span> <span class='ocrx_word' id='word_1_363' title='bbox 1553 2875 1873 2942; x_wconf 81' lang='lat' dir='ltr'><strong>aLactantio</strong></span> <span class='ocrx_word' id='word_1_364' title='bbox 1899 2875 2071 2930; x_wconf 77' lang='lat' dir='ltr'><strong>inten-</strong></span> 
     </span>
    </p>
   </div>
   <div class='ocr_carea' id='block_1_45' title="bbox 481 2967 2073 3054">
    <p class='ocr_par' dir='ltr' id='par_1_45' title="bbox 481 2967 2073 3054">
     <span class='ocr_line' id='line_1_45' title="bbox 481 2967 2073 3054; baseline -0.008 -20"><span class='ocrx_word' id='word_1_365' title='bbox 481 2987 595 3034; x_wconf 91' lang='lat' dir='ltr'><strong>tum</strong></span> <span class='ocrx_word' id='word_1_366' title='bbox 626 2978 765 3033; x_wconf 91' lang='lat' dir='ltr'><strong>inter</strong></span> <span class='ocrx_word' id='word_1_367' title='bbox 795 2975 1013 3046; x_wconf 89' lang='lat' dir='ltr'><strong>spiritus</strong></span> <span class='ocrx_word' id='word_1_368' title='bbox 1034 2973 1323 3044; x_wconf 85' lang='lat' dir='ltr'><strong>angelicas,</strong></span> <span class='ocrx_word' id='word_1_369' title='bbox 1359 2971 1453 3041; x_wconf 91' lang='lat' dir='ltr'><strong>qui</strong></span> <span class='ocrx_word' id='word_1_370' title='bbox 1483 2979 1753 3054; x_wconf 80' lang='lat' dir='ltr'><strong>tamquam</strong></span> <span class='ocrx_word' id='word_1_371' title='bbox 1797 2967 2016 3039; x_wconf 85' lang='lat' dir='ltr'><strong>spiritus</strong></span> <span class='ocrx_word' id='word_1_372' title='bbox 2041 2981 2073 3022; x_wconf 87' lang='lat' dir='ltr'><strong><em>e</em></strong></span> 
     </span>
    </p>
   </div>
   <div class='ocr_carea' id='block_1_46' title="bbox 483 3062 2074 3138">
    <p class='ocr_par' dir='ltr' id='par_1_46' title="bbox 483 3062 2074 3138">
     <span class='ocr_line' id='line_1_46' title="bbox 483 3062 2074 3138; baseline -0.01 -6"><span class='ocrx_word' id='word_1_373' title='bbox 483 3071 714 3132; x_wconf 83' lang='lat' dir='ltr'><strong>naribus</strong></span> <span class='ocrx_word' id='word_1_374' title='bbox 732 3073 946 3138; x_wconf 91' lang='lat' dir='ltr'><strong>ductus,</strong></span> <span class='ocrx_word' id='word_1_375' title='bbox 971 3085 1078 3125; x_wconf 89' lang='lat' dir='ltr'><strong>non</strong></span> <span class='ocrx_word' id='word_1_376' title='bbox 1105 3067 1174 3124; x_wconf 87' lang='lat' dir='ltr'><strong>ad</strong></span> <span class='ocrx_word' id='word_1_377' title='bbox 1195 3065 1517 3132; x_wconf 90' lang='lat' dir='ltr'><strong>docendum,</strong></span> <span class='ocrx_word' id='word_1_378' title='bbox 1547 3063 1641 3119; x_wconf 90' lang='lat' dir='ltr'><strong>sed</strong></span> <span class='ocrx_word' id='word_1_379' title='bbox 1668 3062 1733 3118; x_wconf 89' lang='lat' dir='ltr'><strong>ad</strong></span> <span class='ocrx_word' id='word_1_380' title='bbox 1767 3062 2074 3118; x_wconf 86' lang='lat' dir='ltr'><strong>ministran-</strong></span> 
     </span>
    </p>
   </div>
   <div class='ocr_carea' id='block_1_47' title="bbox 2165 1857 3742 1934">
    <p class='ocr_par' dir='ltr' id='par_1_47' title="bbox 2165 1857 3742 1934">
     <span class='ocr_line' id='line_1_47' title="bbox 2165 1857 3742 1934; baseline -0.001 -18"><span class='ocrx_word' id='word_1_381' title='bbox 2165 1876 2388 1918; x_wconf 90' lang='lat' dir='ltr'><strong>necesse</strong></span> <span class='ocrx_word' id='word_1_382' title='bbox 2408 1870 2513 1930; x_wconf 92' lang='lat' dir='ltr'><strong>est,</strong></span> <span class='ocrx_word' id='word_1_383' title='bbox 2547 1863 2634 1918; x_wconf 88' lang='lat' dir='ltr'><strong>vel</strong></span> <span class='ocrx_word' id='word_1_384' title='bbox 2660 1863 2732 1917; x_wconf 88' lang='lat' dir='ltr'><strong>ita</strong></span> <span class='ocrx_word' id='word_1_385' title='bbox 2756 1857 2881 1918; x_wconf 74' lang='lat' dir='ltr'><strong>su&#39;nt</strong></span> <span class='ocrx_word' id='word_1_386' title='bbox 2901 1863 2970 1920; x_wconf 90' lang='lat' dir='ltr'><strong>de</strong></span> <span class='ocrx_word' id='word_1_387' title='bbox 2994 1871 3221 1926; x_wconf 31' lang='lat' dir='ltr'><strong>externa,</strong></span> <span class='ocrx_word' id='word_1_388' title='bbox 3239 1863 3596 1934; x_wconf 77' lang='lat' dir='ltr'><strong>generatione</strong></span> <span class='ocrx_word' id='word_1_389' title='bbox 3620 1862 3742 1916; x_wconf 86' lang='lat' dir='ltr'><strong>acci-</strong></span> 
     </span>
    </p>
   </div>
   <div class='ocr_carea' id='block_1_48' title="bbox 2163 1953 3740 2027">
    <p class='ocr_par' dir='ltr' id='par_1_48' title="bbox 2163 1953 3740 2027">
     <span class='ocr_line' id='line_1_48' title="bbox 2163 1953 3740 2027; baseline 0.001 -19"><span class='ocrx_word' id='word_1_390' title='bbox 2163 1953 2407 2027; x_wconf 60' lang='lat' dir='ltr'><strong>piendae,</strong></span> <span class='ocrx_word' id='word_1_391' title='bbox 2435 1964 2490 2009; x_wconf 92' lang='lat' dir='ltr'><strong>ut</strong></span> <span class='ocrx_word' id='word_1_392' title='bbox 2513 1955 2791 2026; x_wconf 87' lang='lat' dir='ltr'><strong>generatio</strong></span> <span class='ocrx_word' id='word_1_393' title='bbox 2812 1954 2929 2011; x_wconf 67' lang='lat' dir='ltr'><strong>haec</strong></span> <span class='ocrx_word' id='word_1_394' title='bbox 2956 1955 3194 2011; x_wconf 81' lang='lat' dir='ltr'><strong>exterior</strong></span> <span class='ocrx_word' id='word_1_395' title='bbox 3223 1954 3280 2010; x_wconf 92' lang='lat' dir='ltr'><strong>in</strong></span> <span class='ocrx_word' id='word_1_396' title='bbox 3314 1955 3562 2025; x_wconf 83' lang='lat' dir='ltr'><strong>tempore</strong></span> <span class='ocrx_word' id='word_1_397' title='bbox 3590 1996 3606 2024; x_wconf 91' lang='lat'><strong>,</strong></span> <span class='ocrx_word' id='word_1_398' title='bbox 3634 1970 3740 2026; x_wconf 68' lang='lat' dir='ltr'><strong>qua</strong></span> 
     </span>
    </p>
   </div>
   <div class='ocr_carea' id='block_1_49' title="bbox 2165 2045 3744 2120">
    <p class='ocr_par' dir='ltr' id='par_1_49' title="bbox 2165 2045 3744 2120">
     <span class='ocr_line' id='line_1_49' title="bbox 2165 2045 3744 2120; baseline -0.001 -18"><span class='ocrx_word' id='word_1_399' title='bbox 2165 2048 2526 2103; x_wconf 87' lang='lat' dir='ltr'><strong>manifestatio</strong></span> <span class='ocrx_word' id='word_1_400' title='bbox 2563 2055 2650 2104; x_wconf 90' lang='lat' dir='ltr'><strong>est</strong></span> <span class='ocrx_word' id='word_1_401' title='bbox 2672 2089 2688 2117; x_wconf 94' lang='lat'><strong>,</strong></span> <span class='ocrx_word' id='word_1_402' title='bbox 2722 2047 3059 2120; x_wconf 80' lang='lat' dir='ltr'><strong>generatibni</strong></span> <span class='ocrx_word' id='word_1_403' title='bbox 3105 2047 3183 2103; x_wconf 90' lang='lat' dir='ltr'><strong>illi</strong></span> <span class='ocrx_word' id='word_1_404' title='bbox 3225 2045 3429 2104; x_wconf 59' lang='lat' dir='ltr'><strong>intimae</strong></span> <span class='ocrx_word' id='word_1_405' title='bbox 3460 2048 3515 2102; x_wconf 88' lang='lat' dir='ltr'><strong>et</strong></span> <span class='ocrx_word' id='word_1_406' title='bbox 3544 2056 3744 2102; x_wconf 65' lang='lat' dir='ltr'><strong>aeterna</strong></span> 
     </span>
    </p>
   </div>
   <div class='ocr_carea' id='block_1_50' title="bbox 2171 2138 3745 2214">
    <p class='ocr_par' dir='ltr' id='par_1_50' title="bbox 2171 2138 3745 2214">
     <span class='ocr_line' id='line_1_50' title="bbox 2171 2138 3745 2214; baseline -0.002 -18"><span class='ocrx_word' id='word_1_407' title='bbox 2171 2141 2306 2196; x_wconf 90' lang='lat' dir='ltr'><strong>nihil</strong></span> <span class='ocrx_word' id='word_1_408' title='bbox 2325 2140 2626 2213; x_wconf 62' lang='lat' dir='ltr'><strong>prejudicii</strong></span> <span class='ocrx_word' id='word_1_409' title='bbox 2645 2152 2815 2198; x_wconf 92' lang='lat' dir='ltr'><strong>creet.</strong></span> <span class='ocrx_word' id='word_1_410' title='bbox 2838 2140 3079 2214; x_wconf 87' lang='lat' dir='ltr'><strong>Utroque</strong></span> <span class='ocrx_word' id='word_1_411' title='bbox 3101 2156 3232 2196; x_wconf 88' lang='lat' dir='ltr'><strong>sane</strong></span> <span class='ocrx_word' id='word_1_412' title='bbox 3258 2140 3420 2197; x_wconf 87' lang='lat' dir='ltr'><strong>modo</strong></span> <span class='ocrx_word' id='word_1_413' title='bbox 3444 2141 3679 2210; x_wconf 87' lang='lat' dir='ltr'><strong>scriptor</strong></span> <span class='ocrx_word' id='word_1_414' title='bbox 3694 2138 3745 2194; x_wconf 59' lang='lat' dir='ltr'><strong>ilo</strong></span> 
     </span>
    </p>
   </div>
   <div class='ocr_carea' id='block_1_51' title="bbox 2164 2225 3745 2308">
    <p class='ocr_par' dir='ltr' id='par_1_51' title="bbox 2164 2225 3745 2308">
     <span class='ocr_line' id='line_1_51' title="bbox 2164 2225 3745 2308; baseline -0.001 -19"><span class='ocrx_word' id='word_1_415' title='bbox 2164 2234 2216 2290; x_wconf 92' lang='lat' dir='ltr'><strong>le</strong></span> <span class='ocrx_word' id='word_1_416' title='bbox 2240 2248 2332 2289; x_wconf 89' lang='lat' dir='ltr'><strong>eas</strong></span> <span class='ocrx_word' id='word_1_417' title='bbox 2349 2232 2602 2290; x_wconf 79' lang='lat' dir='ltr'><strong>formulas</strong></span> <span class='ocrx_word' id='word_1_418' title='bbox 2617 2234 2829 2304; x_wconf 84' lang='lat' dir='ltr'><strong>accipit.</strong></span> <span class='ocrx_word' id='word_1_419' title='bbox 2863 2225 3228 2308; x_wconf 77' lang='lat' dir='ltr'><strong>Primomodo</strong></span> <span class='ocrx_word' id='word_1_420' title='bbox 3255 2235 3663 2305; x_wconf 87' lang='lat' dir='ltr'><strong>generationem</strong></span> <span class='ocrx_word' id='word_1_421' title='bbox 3681 2234 3745 2287; x_wconf 88' lang='lat' dir='ltr'><strong>in-</strong></span> 
     </span>
    </p>
   </div>
   <div class='ocr_carea' id='block_1_52' title="bbox 2167 2326 3745 2398">
    <p class='ocr_par' dir='ltr' id='par_1_52' title="bbox 2167 2326 3745 2398">
     <span class='ocr_line' id='line_1_52' title="bbox 2167 2326 3745 2398; baseline 0 -18"><span class='ocrx_word' id='word_1_422' title='bbox 2167 2333 2371 2381; x_wconf 90' lang='lat' dir='ltr'><strong>ternam</strong></span> <span class='ocrx_word' id='word_1_423' title='bbox 2395 2334 2451 2380; x_wconf 87' lang='lat' dir='ltr'><strong>et</strong></span> <span class='ocrx_word' id='word_1_424' title='bbox 2479 2335 2733 2383; x_wconf 66' lang='lat' dir='ltr'><strong>internata</strong></span> <span class='ocrx_word' id='word_1_425' title='bbox 2772 2326 2929 2382; x_wconf 85' lang='lat' dir='ltr'><strong>Verbi</strong></span> <span class='ocrx_word' id='word_1_426' title='bbox 2951 2326 3412 2398; x_wconf 74' lang='lat' dir='ltr'><strong>manifestationem</strong></span> <span class='ocrx_word' id='word_1_427' title='bbox 3435 2338 3613 2394; x_wconf 84' lang='lat' dir='ltr'><strong>vocat,</strong></span> <span class='ocrx_word' id='word_1_428' title='bbox 3635 2342 3745 2398; x_wconf 80' lang='lat' dir='ltr'><strong>qua-</strong></span> 
     </span>
    </p>
   </div>
   <div class='ocr_carea' id='block_1_53' title="bbox 2167 2419 3739 2492">
    <p class='ocr_par' dir='ltr' id='par_1_53' title="bbox 2167 2419 3739 2492">
     <span class='ocr_line' id='line_1_53' title="bbox 2167 2419 3739 2492; baseline 0.001 -18"><span class='ocrx_word' id='word_1_429' title='bbox 2167 2427 2324 2474; x_wconf 88' lang='lat' dir='ltr'><strong>tenus</strong></span> <span class='ocrx_word' id='word_1_430' title='bbox 2345 2419 2484 2475; x_wconf 86' lang='lat' dir='ltr'><strong>Deus</strong></span> <span class='ocrx_word' id='word_1_431' title='bbox 2511 2419 2698 2486; x_wconf 77' lang='lat' dir='ltr'><strong>volens</strong></span> <span class='ocrx_word' id='word_1_432' title='bbox 2727 2421 3076 2489; x_wconf 85' lang='lat' dir='ltr'><strong>semetipsum</strong></span> <span class='ocrx_word' id='word_1_433' title='bbox 3106 2421 3292 2477; x_wconf 86' lang='lat' dir='ltr'><strong>videre</strong></span> <span class='ocrx_word' id='word_1_434' title='bbox 3319 2431 3374 2476; x_wconf 89' lang='lat' dir='ltr'><strong>et</strong></span> <span class='ocrx_word' id='word_1_435' title='bbox 3403 2435 3739 2492; x_wconf 81' lang='lat' dir='ltr'><strong>cognoscere.</strong></span> 
     </span>
    </p>
   </div>
   <div class='ocr_carea' id='block_1_54' title="bbox 2168 2509 3750 2583">
    <p class='ocr_par' dir='ltr' id='par_1_54' title="bbox 2168 2509 3750 2583">
     <span class='ocr_line' id='line_1_54' title="bbox 2168 2509 3750 2583; baseline 0.001 -18"><span class='ocrx_word' id='word_1_436' title='bbox 2168 2510 2455 2581; x_wconf 79' lang='lat' dir='ltr'><strong>imaginem</strong></span> <span class='ocrx_word' id='word_1_437' title='bbox 2477 2512 2555 2565; x_wconf 90' lang='lat' dir='ltr'><strong>sui</strong></span> <span class='ocrx_word' id='word_1_438' title='bbox 2581 2511 2635 2566; x_wconf 93' lang='lat' dir='ltr'><strong>in</strong></span> <span class='ocrx_word' id='word_1_439' title='bbox 2656 2527 2758 2581; x_wconf 89' lang='lat' dir='ltr'><strong>qua</strong></span> <span class='ocrx_word' id='word_1_440' title='bbox 2782 2526 2842 2567; x_wconf 90' lang='lat' dir='ltr'><strong>se</strong></span> <span class='ocrx_word' id='word_1_441' title='bbox 2860 2509 3090 2576; x_wconf 89' lang='lat' dir='ltr'><strong>videret,</strong></span> <span class='ocrx_word' id='word_1_442' title='bbox 3112 2511 3317 2583; x_wconf 85' lang='lat' dir='ltr'><strong>genuit,</strong></span> <span class='ocrx_word' id='word_1_443' title='bbox 3340 2510 3552 2568; x_wconf 69' lang='lat' dir='ltr'><strong>et’hanc</strong></span> <span class='ocrx_word' id='word_1_444' title='bbox 3580 2512 3750 2582; x_wconf 79' lang='lat' dir='ltr'><strong>imagi-</strong></span> 
     </span>
    </p>
   </div>
   <div class='ocr_carea' id='block_1_55' title="bbox 2171 2595 3745 2678">
    <p class='ocr_par' dir='ltr' id='par_1_55' title="bbox 2171 2595 3745 2678">
     <span class='ocr_line' id='line_1_55' title="bbox 2171 2595 3745 2678; baseline -0.001 -20"><span class='ocrx_word' id='word_1_445' title='bbox 2171 2617 2294 2658; x_wconf 92' lang='lat' dir='ltr'><strong>nem</strong></span> <span class='ocrx_word' id='word_1_446' title='bbox 2311 2644 2325 2670; x_wconf 94' lang='lat'><strong>,</strong></span> <span class='ocrx_word' id='word_1_447' title='bbox 2351 2617 2471 2674; x_wconf 83' lang='lat' dir='ltr'><strong>quae</strong></span> <span class='ocrx_word' id='word_1_448' title='bbox 2491 2603 2670 2674; x_wconf 87' lang='lat' dir='ltr'><strong>utique</strong></span> <span class='ocrx_word' id='word_1_449' title='bbox 2694 2602 2928 2678; x_wconf 83' lang='lat' dir='ltr'><strong>Verbum</strong></span> <span class='ocrx_word' id='word_1_450' title='bbox 2959 2613 3040 2658; x_wconf 82' lang='lat' dir='ltr'><strong>est</strong></span> <span class='ocrx_word' id='word_1_451' title='bbox 3060 2643 3074 2669; x_wconf 93' lang='lat'><strong>,</strong></span> <span class='ocrx_word' id='word_1_452' title='bbox 3101 2595 3564 2670; x_wconf 73' lang='lat' dir='ltr'><strong>manifestati&#39;onem</strong></span> <span class='ocrx_word' id='word_1_453' title='bbox 3590 2612 3745 2664; x_wconf 82' lang='lat' dir='ltr'><strong>vocat,</strong></span> 
     </span>
    </p>
   </div>
   <div class='ocr_carea' id='block_1_56' title="bbox 2176 2686 3746 2774">
    <p class='ocr_par' dir='ltr' id='par_1_56' title="bbox 2176 2686 3746 2774">
     <span class='ocr_line' id='line_1_56' title="bbox 2176 2686 3746 2774; baseline -0.003 -24"><span class='ocrx_word' id='word_1_454' title='bbox 2176 2686 2403 2764; x_wconf 83' lang='lat' dir='ltr'><strong>eamque</strong></span> <span class='ocrx_word' id='word_1_455' title='bbox 2416 2695 2544 2766; x_wconf 78' lang='lat' dir='ltr'><strong>faris</strong></span> <span class='ocrx_word' id='word_1_456' title='bbox 2564 2711 2599 2774; x_wconf 84' lang='lat' dir='ltr'><strong>a_</strong></span> <span class='ocrx_word' id='word_1_457' title='bbox 2615 2694 2787 2762; x_wconf 86' lang='lat' dir='ltr'><strong>Patre,</strong></span> <span class='ocrx_word' id='word_1_458' title='bbox 2815 2693 2865 2749; x_wconf 93' lang='lat' dir='ltr'><strong>id</strong></span> <span class='ocrx_word' id='word_1_459' title='bbox 2889 2703 2974 2750; x_wconf 89' lang='lat' dir='ltr'><strong>est</strong></span> <span class='ocrx_word' id='word_1_460' title='bbox 2993 2709 3021 2748; x_wconf 86' lang='lat' dir='ltr'><strong>a</strong></span> <span class='ocrx_word' id='word_1_461' title='bbox 3046 2693 3206 2774; x_wconf 85' lang='lat' dir='ltr'><strong>Patre</strong></span> <span class='ocrx_word' id='word_1_462' title='bbox 3222 2694 3530 2750; x_wconf 88' lang='lat' dir='ltr'><strong>distinctam</strong></span> <span class='ocrx_word' id='word_1_463' title='bbox 3552 2693 3746 2759; x_wconf 85' lang='lat' dir='ltr'><strong>habuit,</strong></span> 
     </span>
    </p>
   </div>
   <div class='ocr_carea' id='block_1_57' title="bbox 2173 2773 3749 2858">
    <p class='ocr_par' dir='ltr' id='par_1_57' title="bbox 2173 2773 3749 2858">
     <span class='ocr_line' id='line_1_57' title="bbox 2173 2773 3749 2858; baseline -0.001 -15"><span class='ocrx_word' id='word_1_464' title='bbox 2173 2789 2251 2844; x_wconf 91' lang='lat' dir='ltr'><strong>uti</strong></span> <span class='ocrx_word' id='word_1_465' title='bbox 2272 2803 2301 2842; x_wconf 87' lang='lat' dir='ltr'><strong>a</strong></span> <span class='ocrx_word' id='word_1_466' title='bbox 2324 2788 2483 2844; x_wconf 88' lang='lat' dir='ltr'><strong>Patre</strong></span> <span class='ocrx_word' id='word_1_467' title='bbox 2506 2773 2796 2844; x_wconf 88' lang='lat' dir='ltr'><strong>distinctus</strong></span> <span class='ocrx_word' id='word_1_468' title='bbox 2816 2803 3048 2858; x_wconf 89' lang='lat' dir='ltr'><strong>persona</strong></span> <span class='ocrx_word' id='word_1_469' title='bbox 3068 2773 3236 2844; x_wconf 79' lang='lat' dir='ltr'><strong>Filius</strong></span> <span class='ocrx_word' id='word_1_470' title='bbox 3261 2796 3365 2853; x_wconf 89' lang='lat' dir='ltr'><strong>est,</strong></span> <span class='ocrx_word' id='word_1_471' title='bbox 3389 2788 3523 2845; x_wconf 89' lang='lat' dir='ltr'><strong>licet</strong></span> <span class='ocrx_word' id='word_1_472' title='bbox 3549 2803 3749 2857; x_wconf 85' lang='lat' dir='ltr'><strong>semper</strong></span> 
     </span>
    </p>
   </div>
   <div class='ocr_carea' id='block_1_58' title="bbox 2173 2879 3748 2952">
    <p class='ocr_par' dir='ltr' id='par_1_58' title="bbox 2173 2879 3748 2952">
     <span class='ocr_line' id='line_1_58' title="bbox 2173 2879 3748 2952; baseline 0.001 -14"><span class='ocrx_word' id='word_1_473' title='bbox 2173 2884 2226 2938; x_wconf 92' lang='lat' dir='ltr'><strong>in</strong></span> <span class='ocrx_word' id='word_1_474' title='bbox 2251 2882 2406 2938; x_wconf 86' lang='lat' dir='ltr'><strong>Patre</strong></span> <span class='ocrx_word' id='word_1_475' title='bbox 2428 2882 2605 2937; x_wconf 85' lang='lat' dir='ltr'><strong>fuerit.</strong></span> <span class='ocrx_word' id='word_1_476' title='bbox 2642 2881 2755 2936; x_wconf 82' lang='lat' dir='ltr'><strong>Hoc</strong></span> <span class='ocrx_word' id='word_1_477' title='bbox 2791 2881 3240 2951; x_wconf 52' lang='lat' dir='ltr'><strong>expresse‘docet</strong></span> <span class='ocrx_word' id='word_1_478' title='bbox 3278 2880 3371 2937; x_wconf 91' lang='lat' dir='ltr'><strong>lib.</strong></span> <span class='ocrx_word' id='word_1_479' title='bbox 3409 2896 3451 2948; x_wconf 84' lang='grc' dir='ltr'><strong>ι,</strong></span> <span class='ocrx_word' id='word_1_480' title='bbox 3480 2894 3605 2952; x_wconf 81' lang='lat' dir='ltr'><strong>pag.</strong></span> <span class='ocrx_word' id='word_1_481' title='bbox 3636 2879 3748 2940; x_wconf 73' lang='lat'><strong>269.</strong></span> 
     </span>
    </p>
   </div>
   <div class='ocr_carea' id='block_1_59' title="bbox 2174 2963 3753 3046">
    <p class='ocr_par' dir='ltr' id='par_1_59' title="bbox 2174 2963 3753 3046">
     <span class='ocr_line' id='line_1_59' title="bbox 2174 2963 3753 3046; baseline -0.001 -16"><span class='ocrx_word' id='word_1_482' title='bbox 2174 2975 2277 3030; x_wconf 91' lang='lat' dir='ltr'><strong>litt.</strong></span> <span class='ocrx_word' id='word_1_483' title='bbox 2311 2977 2374 3038; x_wconf 88' lang='lat' dir='ltr'><strong>h.</strong></span> <span class='ocrx_word' id='word_1_484' title='bbox 2406 2983 2536 3030; x_wconf 80' lang='lat' dir='ltr'><strong>tom.‘</strong></span> <span class='ocrx_word' id='word_1_485' title='bbox 2570 2991 2625 3030; x_wconf 84' lang='lat' dir='ltr'><strong>tv</strong></span> <span class='ocrx_word' id='word_1_486' title='bbox 2671 2974 2922 3031; x_wconf 84' lang='lat' dir='ltr'><strong>Biblioth.</strong></span> <span class='ocrx_word' id='word_1_487' title='bbox 2955 2963 3087 3042; x_wconf 83' lang='lat' dir='ltr'><strong>PP.,</strong></span> <span class='ocrx_word' id='word_1_488' title='bbox 3115 2973 3248 3040; x_wconf 90' lang='lat' dir='ltr'><strong>Deo,</strong></span> <span class='ocrx_word' id='word_1_489' title='bbox 3283 2986 3444 3046; x_wconf 88' lang='lat' dir='ltr'><strong>quem</strong></span> <span class='ocrx_word' id='word_1_490' title='bbox 3474 2975 3630 3029; x_wconf 78' lang='lat' dir='ltr'><strong>uitans</strong></span> <span class='ocrx_word' id='word_1_491' title='bbox 3655 2988 3753 3043; x_wconf 83' lang='lat' dir='ltr'><strong>per-</strong></span> 
     </span>
    </p>
   </div>
   <div class='ocr_carea' id='block_1_60' title="bbox 2175 3059 3748 3139">
    <p class='ocr_par' dir='ltr' id='par_1_60' title="bbox 2175 3059 3748 3139">
     <span class='ocr_line' id='line_1_60' title="bbox 2175 3059 3748 3139; baseline -0.003 -17"><span class='ocrx_word' id='word_1_492' title='bbox 2175 3067 2596 3139; x_wconf 79' lang='lat' dir='ltr'><strong>fectamdefinit,</strong></span> <span class='ocrx_word' id='word_1_493' title='bbox 2619 3068 2836 3134; x_wconf 79' lang='lat' dir='ltr'><strong>uolente,</strong></span> <span class='ocrx_word' id='word_1_494' title='bbox 2861 3067 3054 3137; x_wconf 86' lang='lat' dir='ltr'><strong>inquit,</strong></span> <span class='ocrx_word' id='word_1_495' title='bbox 3075 3067 3248 3122; x_wconf 79' lang='lat' dir='ltr'><strong>videre</strong></span> <span class='ocrx_word' id='word_1_496' title='bbox 3265 3075 3423 3121; x_wconf 87' lang='lat' dir='ltr'><strong>semet</strong></span> <span class='ocrx_word' id='word_1_497' title='bbox 3445 3059 3642 3134; x_wconf 77' lang='lat' dir='ltr'><strong>ipsum,</strong></span> <span class='ocrx_word' id='word_1_498' title='bbox 3665 3063 3748 3118; x_wconf 77' lang='lat' dir='ltr'><strong>hoc</strong></span> 
     </span>
    </p>
   </div>
   <div class='ocr_carea' id='block_1_61' title="bbox 487 3154 3750 3229">
    <p class='ocr_par' dir='ltr' id='par_1_61' title="bbox 487 3154 3750 3229">
     <span class='ocr_line' id='line_1_61' title="bbox 487 3154 3750 3229; baseline -0.006 -6"><span class='ocrx_word' id='word_1_499' title='bbox 487 3167 615 3223; x_wconf 91' lang='lat' dir='ltr'><strong>dum</strong></span> <span class='ocrx_word' id='word_1_500' title='bbox 646 3165 807 3220; x_wconf 73' lang='grc' dir='ltr'><strong>ιςιείιε</strong></span> <span class='ocrx_word' id='word_1_501' title='bbox 828 3161 1028 3220; x_wconf 89' lang='lat' dir='ltr'><strong>conditi</strong></span> <span class='ocrx_word' id='word_1_502' title='bbox 1051 3168 1197 3226; x_wconf 81' lang='lat' dir='ltr'><strong>sum,</strong></span> <span class='ocrx_word' id='word_1_503' title='bbox 1224 3167 1284 3213; x_wconf 67' lang='lat' dir='ltr'><strong>et</strong></span> <span class='ocrx_word' id='word_1_504' title='bbox 1306 3156 1552 3228; x_wconf 77' lang='lat' dir='ltr'><strong>Spiritum</strong></span> <span class='ocrx_word' id='word_1_505' title='bbox 1581 3155 1768 3220; x_wconf 90' lang='lat' dir='ltr'><strong>Verbi,</strong></span> <span class='ocrx_word' id='word_1_506' title='bbox 1792 3154 1905 3224; x_wconf 91' lang='lat' dir='ltr'><strong>qui,</strong></span> <span class='ocrx_word' id='word_1_507' title='bbox 1937 3163 2070 3208; x_wconf 89' lang='lat' dir='ltr'><strong>tam-</strong></span> <span class='ocrx_word' id='word_1_508' title='bbox 2100 3161 2146 3224; x_wconf 71' lang='grc' dir='ltr'><strong>ί]</strong></span> <span class='ocrx_word' id='word_1_509' title='bbox 2176 3172 2250 3215; x_wconf 71' lang='lat' dir='ltr'><strong>est</strong></span> <span class='ocrx_word' id='word_1_510' title='bbox 2270 3201 2287 3227; x_wconf 75' lang='grc'><em>,</em></span> <span class='ocrx_word' id='word_1_511' title='bbox 2323 3160 2614 3229; x_wconf 74' lang='lat' dir='ltr'><strong>potentiam</strong></span> <span class='ocrx_word' id='word_1_512' title='bbox 2648 3174 2799 3216; x_wconf 73' lang='lat' dir='ltr'><strong>suam</strong></span> <span class='ocrx_word' id='word_1_513' title='bbox 2821 3200 2837 3225; x_wconf 68' lang='lat'><strong>,</strong></span> <span class='ocrx_word' id='word_1_514' title='bbox 2871 3157 3083 3214; x_wconf 78' lang='lat' dir='ltr'><strong>Patrem</strong></span> <span class='ocrx_word' id='word_1_515' title='bbox 3109 3159 3318 3214; x_wconf 73' lang='lat' dir='ltr'><strong>scilicet</strong></span> <span class='ocrx_word' id='word_1_516' title='bbox 3341 3157 3599 3226; x_wconf 75' lang='lat' dir='ltr'><strong>(Patrem</strong></span> <span class='ocrx_word' id='word_1_517' title='bbox 3623 3157 3750 3214; x_wconf 79' lang='lat' dir='ltr'><strong>enim</strong></span> 
     </span>
    </p>
   </div>
   <div class='ocr_carea' id='block_1_62' title="bbox 482 3247 2070 3331">
    <p class='ocr_par' dir='ltr' id='par_1_62' title="bbox 482 3247 2070 3331">
     <span class='ocr_line' id='line_1_62' title="bbox 482 3247 2070 3331; baseline -0.008 -17"><span class='ocrx_word' id='word_1_518' title='bbox 482 3274 643 3331; x_wconf 90' lang='lat' dir='ltr'><strong>quam</strong></span> <span class='ocrx_word' id='word_1_519' title='bbox 667 3259 888 3328; x_wconf 86' lang='lat' dir='ltr'><strong>spiritus</strong></span> <span class='ocrx_word' id='word_1_520' title='bbox 917 3271 984 3311; x_wconf 80' lang='lat' dir='ltr'><strong>ex</strong></span> <span class='ocrx_word' id='word_1_521' title='bbox 1011 3270 1106 3309; x_wconf 89' lang='lat' dir='ltr'><strong>ore</strong></span> <span class='ocrx_word' id='word_1_522' title='bbox 1137 3251 1388 3324; x_wconf 90' lang='lat' dir='ltr'><strong>prodiens</strong></span> <span class='ocrx_word' id='word_1_523' title='bbox 1408 3292 1423 3313; x_wconf 94' lang='lat'><strong>,</strong></span> <span class='ocrx_word' id='word_1_524' title='bbox 1451 3249 1650 3306; x_wconf 90' lang='lat' dir='ltr'><strong>docere</strong></span> <span class='ocrx_word' id='word_1_525' title='bbox 1698 3247 1947 3317; x_wconf 86' lang='lat' dir='ltr'><strong>homines</strong></span> <span class='ocrx_word' id='word_1_526' title='bbox 1975 3247 2070 3302; x_wconf 91' lang='lat' dir='ltr'><strong>de-</strong></span> 
     </span>
    </p>
   </div>
   <div class='ocr_carea' id='block_1_63' title="bbox 484 3341 2072 3417">
    <p class='ocr_par' dir='ltr' id='par_1_63' title="bbox 484 3341 2072 3417">
     <span class='ocr_line' id='line_1_63' title="bbox 484 3341 2072 3417; baseline -0.009 -9"><span class='ocrx_word' id='word_1_527' title='bbox 484 3352 646 3408; x_wconf 86' lang='lat' dir='ltr'><strong>bebat</strong></span> <span class='ocrx_word' id='word_1_528' title='bbox 671 3367 684 3403; x_wconf 88' lang='lat'><strong>:</strong></span> <span class='ocrx_word' id='word_1_529' title='bbox 714 3360 770 3404; x_wconf 89' lang='lat' dir='ltr'><strong>at</strong></span> <span class='ocrx_word' id='word_1_530' title='bbox 797 3349 850 3404; x_wconf 92' lang='lat' dir='ltr'><strong>in</strong></span> <span class='ocrx_word' id='word_1_531' title='bbox 880 3345 1263 3417; x_wconf 70' lang='lat' dir='ltr'><strong>reliqiiis&#39;niliil</strong></span> <span class='ocrx_word' id='word_1_532' title='bbox 1304 3343 1485 3409; x_wconf 89' lang='lat' dir='ltr'><strong>valet;</strong></span> <span class='ocrx_word' id='word_1_533' title='bbox 1532 3341 1894 3413; x_wconf 82' lang='lat' dir='ltr'><strong>neque-enim</strong></span> <span class='ocrx_word' id='word_1_534' title='bbox 1923 3355 2072 3395; x_wconf 91' lang='lat' dir='ltr'><strong>com-</strong></span> 
     </span>
    </p>
   </div>
   <div class='ocr_carea' id='block_1_64' title="bbox 482 3432 2068 3515">
    <p class='ocr_par' dir='ltr' id='par_1_64' title="bbox 482 3432 2068 3515">
     <span class='ocr_line' id='line_1_64' title="bbox 482 3432 2068 3515; baseline -0.007 -16"><span class='ocrx_word' id='word_1_535' title='bbox 482 3444 820 3515; x_wconf 83' lang='lat' dir='ltr'><strong>parationem</strong></span> <span class='ocrx_word' id='word_1_536' title='bbox 849 3439 1142 3513; x_wconf 84' lang='lat' dir='ltr'><strong>perfectam</strong></span> <span class='ocrx_word' id='word_1_537' title='bbox 1171 3447 1225 3493; x_wconf 93' lang='lat' dir='ltr'><strong>et</strong></span> <span class='ocrx_word' id='word_1_538' title='bbox 1269 3436 1600 3507; x_wconf 74' lang='lat' dir='ltr'><strong>adaequeiam</strong></span> <span class='ocrx_word' id='word_1_539' title='bbox 1645 3434 1927 3489; x_wconf 87' lang='lat' dir='ltr'><strong>instituere</strong></span> <span class='ocrx_word' id='word_1_540' title='bbox 1966 3432 2068 3488; x_wconf 56' lang='lat' dir='ltr'><strong>ibi.</strong></span> 
     </span>
    </p>
   </div>
   <div class='ocr_carea' id='block_1_65' title="bbox 484 3525 2070 3597">
    <p class='ocr_par' dir='ltr' id='par_1_65' title="bbox 484 3525 2070 3597">
     <span class='ocr_line' id='line_1_65' title="bbox 484 3525 2070 3597; baseline -0.008 -5"><span class='ocrx_word' id='word_1_541' title='bbox 484 3535 609 3592; x_wconf 90' lang='lat' dir='ltr'><strong>dem</strong></span> <span class='ocrx_word' id='word_1_542' title='bbox 642 3533 948 3590; x_wconf 87' lang='lat' dir='ltr'><strong>Laclantius</strong></span> <span class='ocrx_word' id='word_1_543' title='bbox 967 3530 1168 3596; x_wconf 86' lang='lat' dir='ltr'><strong>voluit;</strong></span> <span class='ocrx_word' id='word_1_544' title='bbox 1195 3529 1335 3584; x_wconf 89' lang='lat' dir='ltr'><strong>unde</strong></span> <span class='ocrx_word' id='word_1_545' title='bbox 1358 3525 1570 3583; x_wconf 89' lang='lat' dir='ltr'><strong>irrideri</strong></span> <span class='ocrx_word' id='word_1_546' title='bbox 1599 3526 1735 3581; x_wconf 86' lang='lat' dir='ltr'><strong>hanc</strong></span> <span class='ocrx_word' id='word_1_547' title='bbox 1757 3527 1829 3582; x_wconf 90' lang='lat' dir='ltr'><strong>ob</strong></span> <span class='ocrx_word' id='word_1_548' title='bbox 1849 3539 2070 3597; x_wconf 85' lang='lat' dir='ltr'><strong>compa-</strong></span> 
     </span>
    </p>
   </div>
   <div class='ocr_carea' id='block_1_66' title="bbox 487 3619 2074 3689">
    <p class='ocr_par' dir='ltr' id='par_1_66' title="bbox 487 3619 2074 3689">
     <span class='ocr_line' id='line_1_66' title="bbox 487 3619 2074 3689; baseline -0.008 -6"><span class='ocrx_word' id='word_1_549' title='bbox 487 3627 754 3683; x_wconf 86' lang='lat' dir='ltr'><strong>rationem</strong></span> <span class='ocrx_word' id='word_1_550' title='bbox 785 3641 814 3679; x_wconf 90' lang='lat' dir='ltr'><strong>a</strong></span> <span class='ocrx_word' id='word_1_551' title='bbox 841 3624 1061 3681; x_wconf 85' lang='lat' dir='ltr'><strong>Petavio</strong></span> <span class='ocrx_word' id='word_1_552' title='bbox 1088 3638 1192 3678; x_wconf 90' lang='lat' dir='ltr'><strong>non</strong></span> <span class='ocrx_word' id='word_1_553' title='bbox 1235 3619 1660 3689; x_wconf 33' lang='lat' dir='ltr'><strong>debuitz&#39;neque</strong></span> <span class='ocrx_word' id='word_1_554' title='bbox 1703 3634 1884 3673; x_wconf 86' lang='lat' dir='ltr'><strong>sonum</strong></span> <span class='ocrx_word' id='word_1_555' title='bbox 1923 3632 2074 3672; x_wconf 80' lang='lat' dir='ltr'><strong>uoca-</strong></span> 
     </span>
    </p>
   </div>
   <div class='ocr_carea' id='block_1_67' title="bbox 491 3708 2075 3790">
    <p class='ocr_par' dir='ltr' id='par_1_67' title="bbox 491 3708 2075 3790">
     <span class='ocr_line' id='line_1_67' title="bbox 491 3708 2075 3790; baseline -0.007 -15"><span class='ocrx_word' id='word_1_556' title='bbox 491 3724 623 3787; x_wconf 86' lang='lat' dir='ltr'><strong>tem,</strong></span> <span class='ocrx_word' id='word_1_557' title='bbox 653 3732 812 3790; x_wconf 88' lang='lat' dir='ltr'><strong>quem</strong></span> <span class='ocrx_word' id='word_1_558' title='bbox 830 3717 967 3773; x_wconf 88' lang='lat' dir='ltr'><strong>eain</strong></span> <span class='ocrx_word' id='word_1_559' title='bbox 994 3713 1397 3786; x_wconf 88' lang='lat' dir='ltr'><strong>comparatione</strong></span> <span class='ocrx_word' id='word_1_560' title='bbox 1426 3709 1645 3766; x_wconf 85' lang='lat' dir='ltr'><strong>adhibet</strong></span> <span class='ocrx_word' id='word_1_561' title='bbox 1669 3752 1684 3778; x_wconf 93' lang='lat'><strong>,</strong></span> <span class='ocrx_word' id='word_1_562' title='bbox 1731 3709 1984 3766; x_wconf 88' lang='lat' dir='ltr'><strong>transfert</strong></span> <span class='ocrx_word' id='word_1_563' title='bbox 2007 3708 2075 3765; x_wconf 90' lang='lat' dir='ltr'><strong>ad</strong></span> 
     </span>
    </p>
   </div>
   <div class='ocr_carea' id='block_1_68' title="bbox 492 3800 2077 3882">
    <p class='ocr_par' dir='ltr' id='par_1_68' title="bbox 492 3800 2077 3882">
     <span class='ocr_line' id='line_1_68' title="bbox 492 3800 2077 3882; baseline -0.007 -15"><span class='ocrx_word' id='word_1_564' title='bbox 492 3811 753 3878; x_wconf 86' lang='lat' dir='ltr'><strong>Verbum,</strong></span> <span class='ocrx_word' id='word_1_565' title='bbox 775 3819 1040 3882; x_wconf 87' lang='lat' dir='ltr'><strong>quatenus</strong></span> <span class='ocrx_word' id='word_1_566' title='bbox 1087 3822 1120 3863; x_wconf 92' lang='lat' dir='ltr'><strong>e</strong></span> <span class='ocrx_word' id='word_1_567' title='bbox 1148 3804 1324 3862; x_wconf 90' lang='lat' dir='ltr'><strong>Patris</strong></span> <span class='ocrx_word' id='word_1_568' title='bbox 1370 3811 1552 3860; x_wconf 90' lang='lat' dir='ltr'><strong>mente</strong></span> <span class='ocrx_word' id='word_1_569' title='bbox 1578 3801 1645 3858; x_wconf 88' lang='lat' dir='ltr'><strong>ab</strong></span> <span class='ocrx_word' id='word_1_570' title='bbox 1674 3800 1880 3857; x_wconf 68' lang='lat' dir='ltr'><strong>anei-no</strong></span> <span class='ocrx_word' id='word_1_571' title='bbox 1926 3801 2077 3872; x_wconf 87' lang='lat' dir='ltr'><strong>geni-</strong></span> 
     </span>
    </p>
   </div>
   <div class='ocr_carea' id='block_1_69' title="bbox 494 3897 2076 3974">
    <p class='ocr_par' dir='ltr' id='par_1_69' title="bbox 494 3897 2076 3974">
     <span class='ocr_line' id='line_1_69' title="bbox 494 3897 2076 3974; baseline -0.007 -9"><span class='ocrx_word' id='word_1_572' title='bbox 494 3919 606 3965; x_wconf 91' lang='lat' dir='ltr'><strong>tum</strong></span> <span class='ocrx_word' id='word_1_573' title='bbox 625 3907 744 3974; x_wconf 89' lang='lat' dir='ltr'><strong>fuit,</strong></span> <span class='ocrx_word' id='word_1_574' title='bbox 773 3905 869 3962; x_wconf 90' lang='lat' dir='ltr'><strong>sed</strong></span> <span class='ocrx_word' id='word_1_575' title='bbox 888 3920 948 3960; x_wconf 89' lang='lat' dir='ltr'><strong>ea</strong></span> <span class='ocrx_word' id='word_1_576' title='bbox 966 3905 1183 3970; x_wconf 84' lang='lat' dir='ltr'><strong>ratione,</strong></span> <span class='ocrx_word' id='word_1_577' title='bbox 1213 3900 1386 3972; x_wconf 89' lang='lat' dir='ltr'><strong>inquit</strong></span> <span class='ocrx_word' id='word_1_578' title='bbox 1412 3940 1442 3963; x_wconf 89' lang='lat'><strong>,.</strong></span> <span class='ocrx_word' id='word_1_579' title='bbox 1459 3898 1580 3967; x_wconf 87' lang='lat' dir='ltr'><strong>quia</strong></span> <span class='ocrx_word' id='word_1_580' title='bbox 1605 3913 1724 3954; x_wconf 82' lang='lat' dir='ltr'><strong>uoce</strong></span> <span class='ocrx_word' id='word_1_581' title='bbox 1761 3901 1872 3969; x_wconf 83' lang='lat' dir='ltr'><strong>ejus</strong></span> <span class='ocrx_word' id='word_1_582' title='bbox 1894 3897 1963 3952; x_wconf 85' lang='lat' dir='ltr'><strong>ad</strong></span> <span class='ocrx_word' id='word_1_583' title='bbox 1981 3914 2076 3970; x_wconf 82' lang='lat' dir='ltr'><strong>po-</strong></span> 
     </span>
    </p>
   </div>
   <div class='ocr_carea' id='block_1_70' title="bbox 497 3989 2078 4073">
    <p class='ocr_par' dir='ltr' id='par_1_70' title="bbox 497 3989 2078 4073">
     <span class='ocr_line' id='line_1_70' title="bbox 497 3989 2078 4073; baseline -0.008 -17"><span class='ocrx_word' id='word_1_584' title='bbox 497 4002 675 4073; x_wconf 85' lang='lat' dir='ltr'><strong>pulum</strong></span> <span class='ocrx_word' id='word_1_585' title='bbox 702 4000 865 4070; x_wconf 74' lang='lat' dir='ltr'><strong>fuerat</strong></span> <span class='ocrx_word' id='word_1_586' title='bbox 913 4013 1120 4062; x_wconf 87' lang='lat' dir='ltr'><strong>usurus,</strong></span> <span class='ocrx_word' id='word_1_587' title='bbox 1145 3995 1200 4048; x_wconf 84' lang='lat' dir='ltr'><strong>id</strong></span> <span class='ocrx_word' id='word_1_588' title='bbox 1222 4004 1315 4061; x_wconf 86' lang='lat' dir='ltr'><strong>est,</strong></span> <span class='ocrx_word' id='word_1_589' title='bbox 1336 3993 1472 4062; x_wconf 83' lang='lat' dir='ltr'><strong>quod</strong></span> <span class='ocrx_word' id='word_1_590' title='bbox 1499 3989 1587 4044; x_wconf 87' lang='lat' dir='ltr'><strong>ille</strong></span> <span class='ocrx_word' id='word_1_591' title='bbox 1620 3992 1860 4063; x_wconf 87' lang='lat' dir='ltr'><strong>magister</strong></span> <span class='ocrx_word' id='word_1_592' title='bbox 1875 3994 2078 4062; x_wconf 75' lang='lat' dir='ltr'><strong>futurus</strong></span> 
     </span>
    </p>
   </div>
   <div class='ocr_carea' id='block_1_71' title="bbox 497 4080 2079 4154">
    <p class='ocr_par' dir='ltr' id='par_1_71' title="bbox 497 4080 2079 4154">
     <span class='ocr_line' id='line_1_71' title="bbox 497 4080 2079 4154; baseline -0.009 -5"><span class='ocrx_word' id='word_1_593' title='bbox 497 4104 623 4148; x_wconf 85' lang='lat' dir='ltr'><strong>esset</strong></span> <span class='ocrx_word' id='word_1_594' title='bbox 653 4092 898 4146; x_wconf 70' lang='lat' dir='ltr'><strong>doctrinm</strong></span> <span class='ocrx_word' id='word_1_595' title='bbox 924 4088 1020 4143; x_wconf 87' lang='lat' dir='ltr'><strong>Dei</strong></span> <span class='ocrx_word' id='word_1_596' title='bbox 1047 4085 1332 4144; x_wconf 60' lang='lat' dir='ltr'><strong>et&#39;ctelestis</strong></span> <span class='ocrx_word' id='word_1_597' title='bbox 1352 4090 1528 4144; x_wconf 88' lang='lat' dir='ltr'><strong>arcani</strong></span> <span class='ocrx_word' id='word_1_598' title='bbox 1554 4088 1623 4142; x_wconf 83' lang='lat' dir='ltr'><strong>ad</strong></span> <span class='ocrx_word' id='word_1_599' title='bbox 1663 4085 1888 4140; x_wconf 82' lang='lat' dir='ltr'><strong>homines</strong></span> <span class='ocrx_word' id='word_1_600' title='bbox 1914 4080 2079 4154; x_wconf 77' lang='lat' dir='ltr'><strong>perfe—</strong></span> 
     </span>
    </p>
   </div>
   <div class='ocr_carea' id='block_1_72' title="bbox 501 4172 2076 4253">
    <p class='ocr_par' dir='ltr' id='par_1_72' title="bbox 501 4172 2076 4253">
     <span class='ocr_line' id='line_1_72' title="bbox 501 4172 2076 4253; baseline -0.007 -16"><span class='ocrx_word' id='word_1_601' title='bbox 501 4183 667 4251; x_wconf 81' lang='lat' dir='ltr'><strong>rendi,</strong></span> <span class='ocrx_word' id='word_1_602' title='bbox 697 4180 841 4253; x_wconf 91' lang='lat' dir='ltr'><strong>quod</strong></span> <span class='ocrx_word' id='word_1_603' title='bbox 871 4189 1077 4250; x_wconf 77' lang='lat' dir='ltr'><strong>spectat</strong></span> <span class='ocrx_word' id='word_1_604' title='bbox 1098 4179 1164 4234; x_wconf 90' lang='lat' dir='ltr'><strong>ad</strong></span> <span class='ocrx_word' id='word_1_605' title='bbox 1202 4179 1348 4235; x_wconf 89' lang='lat' dir='ltr'><strong>illam</strong></span> <span class='ocrx_word' id='word_1_606' title='bbox 1377 4179 1676 4234; x_wconf 90' lang='lat' dir='ltr'><strong>doctrinam</strong></span> <span class='ocrx_word' id='word_1_607' title='bbox 1701 4217 1717 4243; x_wconf 93' lang='lat'><strong>,</strong></span> <span class='ocrx_word' id='word_1_608' title='bbox 1745 4187 1904 4247; x_wconf 83' lang='lat' dir='ltr'><strong>quam</strong></span> <span class='ocrx_word' id='word_1_609' title='bbox 1945 4172 2076 4229; x_wconf 82' lang='lat' dir='ltr'><strong>divi—</strong></span> 
     </span>
    </p>
   </div>
   <div class='ocr_carea' id='block_1_73' title="bbox 503 4269 2078 4333">
    <p class='ocr_par' dir='ltr' id='par_1_73' title="bbox 503 4269 2078 4333">
     <span class='ocr_line' id='line_1_73' title="bbox 503 4269 2078 4333; baseline -0.009 0"><span class='ocrx_word' id='word_1_610' title='bbox 503 4292 636 4333; x_wconf 88' lang='lat' dir='ltr'><strong>num</strong></span> <span class='ocrx_word' id='word_1_611' title='bbox 663 4274 1152 4330; x_wconf 81' lang='lat' dir='ltr'><strong>Verbum&#39;humana</strong></span> <span class='ocrx_word' id='word_1_612' title='bbox 1192 4272 1418 4328; x_wconf 89' lang='lat' dir='ltr'><strong>subinde</strong></span> <span class='ocrx_word' id='word_1_613' title='bbox 1461 4280 1651 4328; x_wconf 87' lang='lat' dir='ltr'><strong>natura</strong></span> <span class='ocrx_word' id='word_1_614' title='bbox 1692 4269 1934 4325; x_wconf 86' lang='lat' dir='ltr'><strong>indutum</strong></span> <span class='ocrx_word' id='word_1_615' title='bbox 1980 4281 2078 4321; x_wconf 77' lang='lat' dir='ltr'><strong>cx-</strong></span> 
     </span>
    </p>
   </div>
   <div class='ocr_carea' id='block_1_74' title="bbox 500 4357 2080 4442">
    <p class='ocr_par' dir='ltr' id='par_1_74' title="bbox 500 4357 2080 4442">
     <span class='ocr_line' id='line_1_74' title="bbox 500 4357 2080 4442; baseline -0.009 -15"><span class='ocrx_word' id='word_1_616' title='bbox 500 4368 704 4442; x_wconf 87' lang='lat' dir='ltr'><strong>pressis</strong></span> <span class='ocrx_word' id='word_1_617' title='bbox 752 4367 970 4422; x_wconf 88' lang='lat' dir='ltr'><strong>vocibus</strong></span> <span class='ocrx_word' id='word_1_618' title='bbox 998 4365 1235 4421; x_wconf 87' lang='lat' dir='ltr'><strong>tradidit.</strong></span> <span class='ocrx_word' id='word_1_619' title='bbox 1269 4364 1376 4420; x_wconf 89' lang='lat' dir='ltr'><strong>Sed</strong></span> <span class='ocrx_word' id='word_1_620' title='bbox 1402 4364 1480 4420; x_wconf 89' lang='lat' dir='ltr'><strong>-de</strong></span> <span class='ocrx_word' id='word_1_621' title='bbox 1519 4360 1882 4420; x_wconf 78' lang='lat' dir='ltr'><strong>Anteniczenis</strong></span> <span class='ocrx_word' id='word_1_622' title='bbox 1909 4357 2080 4414; x_wconf 72' lang='lat' dir='ltr'><strong>Patri~</strong></span> 
     </span>
    </p>
   </div>
   <div class='ocr_carea' id='block_1_75' title="bbox 494 4451 2078 4528">
    <p class='ocr_par' dir='ltr' id='par_1_75' title="bbox 494 4451 2078 4528">
     <span class='ocr_line' id='line_1_75' title="bbox 494 4451 2078 4528; baseline -0.008 -10"><span class='ocrx_word' id='word_1_623' title='bbox 494 4462 599 4518; x_wconf 89' lang='lat' dir='ltr'><strong>bus</strong></span> <span class='ocrx_word' id='word_1_624' title='bbox 627 4459 907 4525; x_wconf 86' lang='lat' dir='ltr'><strong>hactenus,</strong></span> <span class='ocrx_word' id='word_1_625' title='bbox 935 4468 1069 4528; x_wconf 88' lang='lat' dir='ltr'><strong>quos</strong></span> <span class='ocrx_word' id='word_1_626' title='bbox 1089 4471 1209 4511; x_wconf 90' lang='lat' dir='ltr'><strong>cum</strong></span> <span class='ocrx_word' id='word_1_627' title='bbox 1235 4455 1410 4510; x_wconf 91' lang='lat' dir='ltr'><strong>eidem</strong></span> <span class='ocrx_word' id='word_1_628' title='bbox 1438 4471 1625 4510; x_wconf 88' lang='lat' dir='ltr'><strong>omnes</strong></span> <span class='ocrx_word' id='word_1_629' title='bbox 1654 4452 1898 4510; x_wconf 62' lang='lat' dir='ltr'><strong>formulae</strong></span> <span class='ocrx_word' id='word_1_630' title='bbox 1927 4451 2078 4519; x_wconf 90' lang='lat' dir='ltr'><strong>insis-</strong></span> 
     </span>
    </p>
   </div>
   <div class='ocr_carea' id='block_1_76' title="bbox 2171 3248 3753 3330">
    <p class='ocr_par' dir='ltr' id='par_1_76' title="bbox 2171 3248 3753 3330">
     <span class='ocr_line' id='line_1_76' title="bbox 2171 3248 3753 3330; baseline -0.002 -25"><span class='ocrx_word' id='word_1_631' title='bbox 2171 3255 2448 3324; x_wconf 83' lang='lat' dir='ltr'><strong>potentiam</strong></span> <span class='ocrx_word' id='word_1_632' title='bbox 2472 3249 2799 3322; x_wconf 79' lang='lat' dir='ltr'><strong>appellavit)</strong></span> <span class='ocrx_word' id='word_1_633' title='bbox 2849 3252 2997 3330; x_wconf 77' lang='lat' dir='ltr'><strong>facta</strong></span> <span class='ocrx_word' id='word_1_634' title='bbox 3024 3260 3111 3318; x_wconf 80' lang='lat' dir='ltr'><strong>est</strong></span> <span class='ocrx_word' id='word_1_635' title='bbox 3141 3252 3256 3321; x_wconf 86' lang='lat' dir='ltr'><strong>ipsa</strong></span> <span class='ocrx_word' id='word_1_636' title='bbox 3302 3250 3655 3320; x_wconf 80' lang='lat' dir='ltr'><strong>manifestatio</strong></span> <span class='ocrx_word' id='word_1_637' title='bbox 3682 3248 3753 3305; x_wconf 87' lang='lat' dir='ltr'><strong>sui</strong></span> 
     </span>
    </p>
   </div>
   <div class='ocr_carea' id='block_1_77' title="bbox 2172 3335 3751 3417">
    <p class='ocr_par' dir='ltr' id='par_1_77' title="bbox 2172 3335 3751 3417">
     <span class='ocr_line' id='line_1_77' title="bbox 2172 3335 3751 3417; baseline -0.002 -17"><span class='ocrx_word' id='word_1_638' title='bbox 2172 3346 2284 3417; x_wconf 87' lang='lat' dir='ltr'><strong>(ubi</strong></span> <span class='ocrx_word' id='word_1_639' title='bbox 2314 3337 2788 3415; x_wconf 38' lang='lat' dir='ltr'><strong>manifestationem&#39;</strong></span> <span class='ocrx_word' id='word_1_640' title='bbox 2804 3353 2989 3414; x_wconf 86' lang='lat' dir='ltr'><strong>aperte</strong></span> <span class='ocrx_word' id='word_1_641' title='bbox 3013 3353 3166 3400; x_wconf 85' lang='lat' dir='ltr'><strong>vocat</strong></span> <span class='ocrx_word' id='word_1_642' title='bbox 3187 3335 3462 3417; x_wconf 81' lang='lat' dir='ltr'><strong>imaginem</strong></span> <span class='ocrx_word' id='word_1_643' title='bbox 3485 3342 3686 3409; x_wconf 82' lang='lat' dir='ltr'><strong>Patris,</strong></span> <span class='ocrx_word' id='word_1_644' title='bbox 3708 3344 3751 3397; x_wconf 88' lang='lat' dir='ltr'><strong>in</strong></span> 
     </span>
    </p>
   </div>
   <div class='ocr_carea' id='block_1_78' title="bbox 2173 3431 3757 3515">
    <p class='ocr_par' dir='ltr' id='par_1_78' title="bbox 2173 3431 3757 3515">
     <span class='ocr_line' id='line_1_78' title="bbox 2173 3431 3757 3515; baseline -0.002 -21"><span class='ocrx_word' id='word_1_645' title='bbox 2173 3454 2278 3508; x_wconf 90' lang='lat' dir='ltr'><strong>qua</strong></span> <span class='ocrx_word' id='word_1_646' title='bbox 2309 3439 2481 3494; x_wconf 89' lang='lat' dir='ltr'><strong>Patris</strong></span> <span class='ocrx_word' id='word_1_647' title='bbox 2505 3438 2802 3496; x_wconf 88' lang='lat' dir='ltr'><strong>substantia</strong></span> <span class='ocrx_word' id='word_1_648' title='bbox 2862 3438 3143 3509; x_wconf 78' lang='lat' dir='ltr'><strong>manifesta</strong></span> <span class='ocrx_word' id='word_1_649' title='bbox 3183 3431 3261 3492; x_wconf 73' lang='lat' dir='ltr'><strong>&#39;fit</strong></span> <span class='ocrx_word' id='word_1_650' title='bbox 3290 3437 3392 3514; x_wconf 88' lang='lat' dir='ltr'><strong>ipsi</strong></span> <span class='ocrx_word' id='word_1_651' title='bbox 3429 3437 3619 3515; x_wconf 83' lang='lat' dir='ltr'><strong>Patri)</strong></span> <span class='ocrx_word' id='word_1_652' title='bbox 3661 3452 3757 3506; x_wconf 76' lang='lat' dir='ltr'><strong>qua</strong></span> 
     </span>
    </p>
   </div>
   <div class='ocr_carea' id='block_1_79' title="bbox 2173 3529 3757 3604">
    <p class='ocr_par' dir='ltr' id='par_1_79' title="bbox 2173 3529 3757 3604">
     <span class='ocr_line' id='line_1_79' title="bbox 2173 3529 3757 3604; baseline -0.003 -19"><span class='ocrx_word' id='word_1_653' title='bbox 2173 3531 2430 3604; x_wconf 83' lang='lat' dir='ltr'><strong>generatio</strong></span> <span class='ocrx_word' id='word_1_654' title='bbox 2454 3540 2527 3585; x_wconf 85' lang='lat' dir='ltr'><strong>est</strong></span> <span class='ocrx_word' id='word_1_655' title='bbox 2543 3541 2590 3586; x_wconf 86' lang='lat' dir='ltr'><strong>et</strong></span> <span class='ocrx_word' id='word_1_656' title='bbox 2611 3530 2818 3599; x_wconf 82' lang='lat' dir='ltr'><strong>dicitur,</strong></span> <span class='ocrx_word' id='word_1_657' title='bbox 2853 3539 2901 3586; x_wconf 83' lang='lat' dir='ltr'><strong>et</strong></span> <span class='ocrx_word' id='word_1_658' title='bbox 2917 3529 3075 3602; x_wconf 69' lang='lat' dir='ltr'><strong>juxta</strong></span> <span class='ocrx_word' id='word_1_659' title='bbox 3102 3530 3197 3584; x_wconf 87' lang='lat' dir='ltr'><strong>Itoc</strong></span> <span class='ocrx_word' id='word_1_660' title='bbox 3214 3529 3342 3601; x_wconf 82' lang='lat' dir='ltr'><strong>foris</strong></span> <span class='ocrx_word' id='word_1_661' title='bbox 3355 3530 3612 3585; x_wconf 70' lang='lat' dir='ltr'><strong>exsistens</strong></span> <span class='ocrx_word' id='word_1_662' title='bbox 3629 3545 3648 3584; x_wconf 91' lang='lat'><strong><em>:</em></strong></span> <span class='ocrx_word' id='word_1_663' title='bbox 3663 3545 3757 3584; x_wconf 81' lang='lat' dir='ltr'><strong>om-</strong></span> 
     </span>
    </p>
   </div>
   <div class='ocr_carea' id='block_1_80' title="bbox 2175 3617 3785 3696">
    <p class='ocr_par' dir='ltr' id='par_1_80' title="bbox 2175 3617 3785 3696">
     <span class='ocr_line' id='line_1_80' title="bbox 2175 3617 3785 3696; baseline -0.002 -19"><span class='ocrx_word' id='word_1_664' title='bbox 2175 3627 2255 3678; x_wconf 87' lang='lat' dir='ltr'><strong>nis</strong></span> <span class='ocrx_word' id='word_1_665' title='bbox 2299 3626 2433 3680; x_wconf 88' lang='lat' dir='ltr'><strong>enim</strong></span> <span class='ocrx_word' id='word_1_666' title='bbox 2476 3625 2863 3696; x_wconf 76' lang='lat' dir='ltr'><strong>cognoscentia,</strong></span> <span class='ocrx_word' id='word_1_667' title='bbox 2900 3623 3178 3680; x_wconf 79' lang='lat' dir='ltr'><strong>secundum</strong></span> <span class='ocrx_word' id='word_1_668' title='bbox 3213 3621 3362 3692; x_wconf 57' lang='lat' dir='ltr'><strong>“quod</strong></span> <span class='ocrx_word' id='word_1_669' title='bbox 3409 3617 3785 3692; x_wconf 77' lang='lat' dir='ltr'><strong>cognoscentis</strong></span> 
     </span>
    </p>
   </div>
   <div class='ocr_carea' id='block_1_81' title="bbox 2174 3711 3760 3786">
    <p class='ocr_par' dir='ltr' id='par_1_81' title="bbox 2174 3711 3760 3786">
     <span class='ocr_line' id='line_1_81' title="bbox 2174 3711 3760 3786; baseline -0.001 -17"><span class='ocrx_word' id='word_1_670' title='bbox 2174 3725 2267 3782; x_wconf 88' lang='lat' dir='ltr'><strong>est,</strong></span> <span class='ocrx_word' id='word_1_671' title='bbox 2292 3715 2416 3784; x_wconf 80' lang='lat' dir='ltr'><strong>[oris</strong></span> <span class='ocrx_word' id='word_1_672' title='bbox 2445 3722 2519 3770; x_wconf 82' lang='lat' dir='ltr'><strong>est</strong></span> <span class='ocrx_word' id='word_1_673' title='bbox 2552 3715 2616 3770; x_wconf 88' lang='lat' dir='ltr'><strong>ab</strong></span> <span class='ocrx_word' id='word_1_674' title='bbox 2643 3715 2757 3782; x_wconf 89' lang='lat' dir='ltr'><strong>illo,</strong></span> <span class='ocrx_word' id='word_1_675' title='bbox 2792 3714 2881 3786; x_wconf 83' lang='lat' dir='ltr'><strong>qui</strong></span> <span class='ocrx_word' id='word_1_676' title='bbox 2906 3715 3049 3785; x_wconf 85' lang='lat' dir='ltr'><strong>cupit</strong></span> <span class='ocrx_word' id='word_1_677' title='bbox 3076 3711 3380 3786; x_wconf 74' lang='lat' dir='ltr'><strong>cognoscere</strong></span> <span class='ocrx_word' id='word_1_678' title='bbox 3407 3728 3426 3768; x_wconf 90' lang='lat'><strong><em>:</em></strong></span> <span class='ocrx_word' id='word_1_679' title='bbox 3452 3711 3585 3782; x_wconf 83' lang='lat' dir='ltr'><strong>foris</strong></span> <span class='ocrx_word' id='word_1_680' title='bbox 3603 3722 3760 3768; x_wconf 66' lang='lat' dir='ltr'><strong>autem</strong></span> 
     </span>
    </p>
   </div>
   <div class='ocr_carea' id='block_1_82' title="bbox 2177 3805 3758 3879">
    <p class='ocr_par' dir='ltr' id='par_1_82' title="bbox 2177 3805 3758 3879">
     <span class='ocr_line' id='line_1_82' title="bbox 2177 3805 3758 3879; baseline -0.001 -18"><span class='ocrx_word' id='word_1_681' title='bbox 2177 3807 2290 3861; x_wconf 81' lang='lat' dir='ltr'><strong>dico</strong></span> <span class='ocrx_word' id='word_1_682' title='bbox 2321 3808 2459 3862; x_wconf 88' lang='lat' dir='ltr'><strong>sicut</strong></span> <span class='ocrx_word' id='word_1_683' title='bbox 2487 3806 2546 3862; x_wconf 83' lang='lat' dir='ltr'><strong>in</strong></span> <span class='ocrx_word' id='word_1_684' title='bbox 2571 3808 2904 3879; x_wconf 86' lang='lat' dir='ltr'><strong>inspectione,</strong></span> <span class='ocrx_word' id='word_1_685' title='bbox 2922 3806 3206 3863; x_wconf 77' lang='lat' dir='ltr'><strong>secundum</strong></span> <span class='ocrx_word' id='word_1_686' title='bbox 3233 3805 3372 3876; x_wconf 83' lang='lat' dir='ltr'><strong>quod</strong></span> <span class='ocrx_word' id='word_1_687' title='bbox 3395 3813 3473 3861; x_wconf 87' lang='lat' dir='ltr'><strong>est</strong></span> <span class='ocrx_word' id='word_1_688' title='bbox 3491 3805 3669 3860; x_wconf 70' lang='lat' dir='ltr'><strong>sidere</strong></span> <span class='ocrx_word' id='word_1_689' title='bbox 3688 3822 3758 3859; x_wconf 83' lang='lat' dir='ltr'><strong>se-</strong></span> 
     </span>
    </p>
   </div>
   <div class='ocr_carea' id='block_1_83' title="bbox 2178 3885 3785 3972">
    <p class='ocr_par' dir='ltr' id='par_1_83' title="bbox 2178 3885 3785 3972">
     <span class='ocr_line' id='line_1_83' title="bbox 2178 3885 3785 3972; baseline -0.002 -18"><span class='ocrx_word' id='word_1_690' title='bbox 2178 3909 2275 3954; x_wconf 83' lang='lat' dir='ltr'><strong>met</strong></span> <span class='ocrx_word' id='word_1_691' title='bbox 2303 3900 2494 3970; x_wconf 87' lang='lat' dir='ltr'><strong>ipsum.</strong></span> <span class='ocrx_word' id='word_1_692' title='bbox 2538 3899 2790 3956; x_wconf 82' lang='lat' dir='ltr'><strong>lntimant</strong></span> <span class='ocrx_word' id='word_1_693' title='bbox 2809 3916 2939 3972; x_wconf 91' lang='lat' dir='ltr'><strong>ergo</strong></span> <span class='ocrx_word' id='word_1_694' title='bbox 2972 3885 3338 3970; x_wconf 66' lang='lat' dir='ltr'><strong>aeternamque</strong></span> <span class='ocrx_word' id='word_1_695' title='bbox 3362 3897 3505 3955; x_wconf 87' lang='lat' dir='ltr'><strong>hanc</strong></span> <span class='ocrx_word' id='word_1_696' title='bbox 3525 3900 3785 3970; x_wconf 52' lang='lat' dir='ltr'><strong>manifesu</strong></span> 
     </span>
    </p>
   </div>
   <div class='ocr_carea' id='block_1_84' title="bbox 2180 3984 3763 4065">
    <p class='ocr_par' dir='ltr' id='par_1_84' title="bbox 2180 3984 3763 4065">
     <span class='ocr_line' id='line_1_84' title="bbox 2180 3984 3763 4065; baseline 0.002 -21"><span class='ocrx_word' id='word_1_697' title='bbox 2180 3993 2419 4048; x_wconf 88' lang='lat' dir='ltr'><strong>tationem</strong></span> <span class='ocrx_word' id='word_1_698' title='bbox 2469 3989 2541 4050; x_wconf 59' lang='lat' dir='ltr'><strong>et&#39;</strong></span> <span class='ocrx_word' id='word_1_699' title='bbox 2560 3995 2937 4065; x_wconf 86' lang='lat' dir='ltr'><strong>generationem</strong></span> <span class='ocrx_word' id='word_1_700' title='bbox 2980 3993 3256 4065; x_wconf 84' lang='lat' dir='ltr'><strong>agnoscit,</strong></span> <span class='ocrx_word' id='word_1_701' title='bbox 3297 3984 3446 4050; x_wconf 77' lang='lat' dir='ltr'><strong>Sicut</strong></span> <span class='ocrx_word' id='word_1_702' title='bbox 3485 3991 3680 4052; x_wconf 79' lang='lat' dir='ltr'><strong>intima</strong></span> <span class='ocrx_word' id='word_1_703' title='bbox 3714 4001 3763 4049; x_wconf 83' lang='lat' dir='ltr'><strong>et</strong></span> 
     </span>
    </p>
   </div>
   <div class='ocr_carea' id='block_1_85' title="bbox 2179 4083 3760 4156">
    <p class='ocr_par' dir='ltr' id='par_1_85' title="bbox 2179 4083 3760 4156">
     <span class='ocr_line' id='line_1_85' title="bbox 2179 4083 3760 4156; baseline -0.002 -16"><span class='ocrx_word' id='word_1_704' title='bbox 2179 4097 2380 4142; x_wconf 68' lang='lat' dir='ltr'><strong>aeterna</strong></span> <span class='ocrx_word' id='word_1_705' title='bbox 2429 4085 2529 4141; x_wconf 90' lang='lat' dir='ltr'><strong>fuit</strong></span> <span class='ocrx_word' id='word_1_706' title='bbox 2571 4085 2746 4141; x_wconf 89' lang='lat' dir='ltr'><strong>Patris</strong></span> <span class='ocrx_word' id='word_1_707' title='bbox 2776 4085 3012 4156; x_wconf 89' lang='lat' dir='ltr'><strong>cognitio</strong></span> <span class='ocrx_word' id='word_1_708' title='bbox 3037 4126 3052 4154; x_wconf 90' lang='lat'><strong>,</strong></span> <span class='ocrx_word' id='word_1_709' title='bbox 3096 4101 3204 4156; x_wconf 89' lang='lat' dir='ltr'><strong>qua</strong></span> <span class='ocrx_word' id='word_1_710' title='bbox 3232 4100 3292 4140; x_wconf 90' lang='lat' dir='ltr'><strong>se</strong></span> <span class='ocrx_word' id='word_1_711' title='bbox 3327 4085 3502 4155; x_wconf 82' lang='lat' dir='ltr'><strong>ipsum</strong></span> <span class='ocrx_word' id='word_1_712' title='bbox 3535 4083 3593 4141; x_wconf 88' lang='lat' dir='ltr'><strong>in</strong></span> <span class='ocrx_word' id='word_1_713' title='bbox 3635 4083 3760 4141; x_wconf 77' lang='lat' dir='ltr'><strong>Filio</strong></span> 
     </span>
    </p>
   </div>
   <div class='ocr_carea' id='block_1_86' title="bbox 2179 4175 3755 4251">
    <p class='ocr_par' dir='ltr' id='par_1_86' title="bbox 2179 4175 3755 4251">
     <span class='ocr_line' id='line_1_86' title="bbox 2179 4175 3755 4251; baseline -0.001 -18"><span class='ocrx_word' id='word_1_714' title='bbox 2179 4177 2432 4248; x_wconf 87' lang='lat' dir='ltr'><strong>cognovit</strong></span> <span class='ocrx_word' id='word_1_715' title='bbox 2456 4194 2470 4232; x_wconf 91' lang='lat'><strong>:</strong></span> <span class='ocrx_word' id='word_1_716' title='bbox 2493 4176 2634 4248; x_wconf 91' lang='lat' dir='ltr'><strong>quod</strong></span> <span class='ocrx_word' id='word_1_717' title='bbox 2657 4177 2954 4251; x_wconf 86' lang='lat' dir='ltr'><strong>luculenter</strong></span> <span class='ocrx_word' id='word_1_718' title='bbox 2974 4177 3167 4246; x_wconf 90' lang='lat' dir='ltr'><strong>probat</strong></span> <span class='ocrx_word' id='word_1_719' title='bbox 3197 4176 3381 4232; x_wconf 88' lang='lat' dir='ltr'><strong>multis</strong></span> <span class='ocrx_word' id='word_1_720' title='bbox 3406 4176 3461 4232; x_wconf 91' lang='lat' dir='ltr'><strong>in</strong></span> <span class='ocrx_word' id='word_1_721' title='bbox 3488 4175 3631 4231; x_wconf 84' lang='lat' dir='ltr'><strong>locis</strong></span> <span class='ocrx_word' id='word_1_722' title='bbox 3655 4185 3755 4232; x_wconf 81' lang='lat' dir='ltr'><strong>tum</strong></span> 
     </span>
    </p>
   </div>
   <div class='ocr_carea' id='block_1_87' title="bbox 2181 4256 3785 4341">
    <p class='ocr_par' dir='ltr' id='par_1_87' title="bbox 2181 4256 3785 4341">
     <span class='ocr_line' id='line_1_87' title="bbox 2181 4256 3785 4341; baseline -0.005 -15"><span class='ocrx_word' id='word_1_723' title='bbox 2181 4269 2482 4341; x_wconf 61' lang='lat' dir='ltr'><strong>praesertim</strong></span> <span class='ocrx_word' id='word_1_724' title='bbox 2513 4269 2606 4325; x_wconf 90' lang='lat' dir='ltr'><strong>lib.</strong></span> <span class='ocrx_word' id='word_1_725' title='bbox 2638 4285 2699 4336; x_wconf 86' lang='grc' dir='ltr'><strong>ιι,</strong></span> <span class='ocrx_word' id='word_1_726' title='bbox 2731 4284 2855 4341; x_wconf 87' lang='lat' dir='ltr'><strong>pag.</strong></span> <span class='ocrx_word' id='word_1_727' title='bbox 2881 4268 3011 4335; x_wconf 69' lang='lat'><strong>273,</strong></span> <span class='ocrx_word' id='word_1_728' title='bbox 3035 4268 3074 4322; x_wconf 91' lang='lat' dir='ltr'><strong>f.</strong></span> <span class='ocrx_word' id='word_1_729' title='bbox 3099 4256 3157 4323; x_wconf 78' lang='grc' dir='ltr'><strong>ω</strong></span> <span class='ocrx_word' id='word_1_730' title='bbox 3183 4268 3358 4338; x_wconf 88' lang='lat' dir='ltr'><strong>ipsum</strong></span> <span class='ocrx_word' id='word_1_731' title='bbox 3388 4265 3562 4322; x_wconf 88' lang='lat' dir='ltr'><strong>fusius</strong></span> <span class='ocrx_word' id='word_1_732' title='bbox 3581 4267 3785 4324; x_wconf 13' lang='lat' dir='ltr'><strong>statuit.</strong></span> 
     </span>
    </p>
   </div>
   <div class='ocr_carea' id='block_1_88' title="bbox 2183 4344 3764 4436">
    <p class='ocr_par' dir='ltr' id='par_1_88' title="bbox 2183 4344 3764 4436">
     <span class='ocr_line' id='line_1_88' title="bbox 2183 4344 3764 4436; baseline -0.002 -18"><span class='ocrx_word' id='word_1_733' title='bbox 2183 4344 2278 4419; x_wconf 41' lang='lat' dir='ltr'><strong>lib&#39;.</strong></span> <span class='ocrx_word' id='word_1_734' title='bbox 2305 4378 2383 4429; x_wconf 87' lang='lat' dir='ltr'><strong>ut,</strong></span> <span class='ocrx_word' id='word_1_735' title='bbox 2410 4377 2533 4435; x_wconf 81' lang='lat' dir='ltr'><strong>pag.</strong></span> <span class='ocrx_word' id='word_1_736' title='bbox 2557 4361 2687 4426; x_wconf 77' lang='grc'><strong>275,</strong></span> <span class='ocrx_word' id='word_1_737' title='bbox 2714 4360 2738 4416; x_wconf 94' lang='lat' dir='ltr'><strong>f</strong></span> <span class='ocrx_word' id='word_1_738' title='bbox 2759 4373 2813 4418; x_wconf 89' lang='lat' dir='ltr'><strong>et</strong></span> <span class='ocrx_word' id='word_1_739' title='bbox 2845 4377 2902 4434; x_wconf 89' lang='lat' dir='ltr'><strong>g,</strong></span> <span class='ocrx_word' id='word_1_740' title='bbox 2930 4376 2997 4417; x_wconf 75' lang='lat' dir='ltr'><strong>ex</strong></span> <span class='ocrx_word' id='word_1_741' title='bbox 3023 4375 3132 4432; x_wconf 92' lang='lat' dir='ltr'><strong>quo</strong></span> <span class='ocrx_word' id='word_1_742' title='bbox 3162 4374 3227 4416; x_wconf 79' lang='lat' dir='ltr'><strong>ex</strong></span> <span class='ocrx_word' id='word_1_743' title='bbox 3257 4375 3426 4431; x_wconf 88' lang='lat' dir='ltr'><strong>pauca</strong></span> <span class='ocrx_word' id='word_1_744' title='bbox 3454 4360 3764 4436; x_wconf 87' lang='lat' dir='ltr'><strong>transcribi-</strong></span> 
     </span>
    </p>
   </div>
   <div class='ocr_carea' id='block_1_89' title="bbox 2182 4431 3785 4535">
    <p class='ocr_par' dir='ltr' id='par_1_89' title="bbox 2182 4431 3785 4535">
     <span class='ocr_line' id='line_1_89' title="bbox 2182 4431 3785 4535; baseline -0.002 -25"><span class='ocrx_word' id='word_1_745' title='bbox 2182 4469 2302 4510; x_wconf 91' lang='lat' dir='ltr'><strong>mus</strong></span> <span class='ocrx_word' id='word_1_746' title='bbox 2328 4474 2343 4511; x_wconf 89' lang='lat'><strong>:</strong></span> <span class='ocrx_word' id='word_1_747' title='bbox 2369 4431 2721 4535; x_wconf 63' lang='lat' dir='ltr'><strong>intelligentia</strong></span> <span class='ocrx_word' id='word_1_748' title='bbox 2751 4431 2888 4525; x_wconf 70' lang='lat' dir='ltr'><strong>quod</strong></span> <span class='ocrx_word' id='word_1_749' title='bbox 2921 4431 3161 4525; x_wconf 80' lang='lat' dir='ltr'><strong>intelligit</strong></span> <span class='ocrx_word' id='word_1_750' title='bbox 3189 4452 3316 4522; x_wconf 78' lang='lat' dir='ltr'><strong>{oris</strong></span> <span class='ocrx_word' id='word_1_751' title='bbox 3345 4459 3439 4518; x_wconf 84' lang='lat' dir='ltr'><strong>est,</strong></span> <span class='ocrx_word' id='word_1_752' title='bbox 3482 4434 3532 4508; x_wconf 82' lang='lat' dir='ltr'><strong>et</strong></span> <span class='ocrx_word' id='word_1_753' title='bbox 3556 4453 3614 4506; x_wconf 77' lang='lat' dir='ltr'><strong>id</strong></span> <span class='ocrx_word' id='word_1_754' title='bbox 3641 4431 3785 4523; x_wconf 44' lang='lat' dir='ltr'><strong>quod‘</strong></span> 
     </span>
    </p>
   </div>
   <div class='ocr_carea' id='block_1_90' title="bbox 500 4529 3785 4632">
    <p class='ocr_par' dir='ltr' id='par_1_90' title="bbox 500 4529 3785 4632">
     <span class='ocr_line' id='line_1_90' title="bbox 500 4529 3785 4632; baseline -0.003 -23"><span class='ocrx_word' id='word_1_755' title='bbox 500 4563 675 4610; x_wconf 85' lang='lat' dir='ltr'><strong>tentes</strong></span> <span class='ocrx_word' id='word_1_756' title='bbox 698 4550 912 4632; x_wconf 82' lang='lat' dir='ltr'><strong>audisti,</strong></span> <span class='ocrx_word' id='word_1_757' title='bbox 939 4563 1098 4620; x_wconf 85' lang='lat' dir='ltr'><strong>quam</strong></span> <span class='ocrx_word' id='word_1_758' title='bbox 1125 4529 1283 4602; x_wconf 52' lang='lat' dir='ltr'><strong>leno</strong></span> <span class='ocrx_word' id='word_1_759' title='bbox 1318 4547 1592 4617; x_wconf 88' lang='lat' dir='ltr'><strong>usurpavit</strong></span> <span class='ocrx_word' id='word_1_760' title='bbox 1621 4587 1635 4612; x_wconf 94' lang='lat'><strong>,</strong></span> <span class='ocrx_word' id='word_1_761' title='bbox 1673 4545 1779 4600; x_wconf 91' lang='lat' dir='ltr'><strong>duo</strong></span> <span class='ocrx_word' id='word_1_762' title='bbox 1815 4542 1931 4598; x_wconf 84' lang='lat' dir='ltr'><strong>haec</strong></span> <span class='ocrx_word' id='word_1_763' title='bbox 1969 4550 2079 4596; x_wconf 86' lang='lat' dir='ltr'><strong>sta—</strong></span> <span class='ocrx_word' id='word_1_764' title='bbox 2103 4548 2154 4609; x_wconf 88' lang='lat' dir='ltr'><strong>D</strong></span> <span class='ocrx_word' id='word_1_765' title='bbox 2180 4547 2416 4618; x_wconf 87' lang='lat' dir='ltr'><strong>intelligit</strong></span> <span class='ocrx_word' id='word_1_766' title='bbox 2437 4529 2594 4602; x_wconf 86' lang='lat' dir='ltr'><strong>intus.</strong></span> <span class='ocrx_word' id='word_1_767' title='bbox 2625 4545 2760 4602; x_wconf 85' lang='lat' dir='ltr'><strong>Hinc</strong></span> <span class='ocrx_word' id='word_1_768' title='bbox 2792 4543 3155 4616; x_wconf 87' lang='lat' dir='ltr'><strong>Patrem,.qui</strong></span> <span class='ocrx_word' id='word_1_769' title='bbox 3181 4543 3450 4616; x_wconf 87' lang='lat' dir='ltr'><strong>intelligit,</strong></span> <span class='ocrx_word' id='word_1_770' title='bbox 3487 4546 3672 4616; x_wconf 86' lang='lat' dir='ltr'><strong>posuit</strong></span> <span class='ocrx_word' id='word_1_771' title='bbox 3697 4546 3785 4622; x_wconf 38' lang='lat' dir='ltr'><strong>iii-3</strong></span> 
     </span>
    </p>
   </div>
   <div class='ocr_carea' id='block_1_91' title="bbox 503 4633 2080 4713">
    <p class='ocr_par' dir='ltr' id='par_1_91' title="bbox 503 4633 2080 4713">
     <span class='ocr_line' id='line_1_91' title="bbox 503 4633 2080 4713; baseline -0.01 -11"><span class='ocrx_word' id='word_1_772' title='bbox 503 4656 615 4702; x_wconf 91' lang='lat' dir='ltr'><strong>tuta</strong></span> <span class='ocrx_word' id='word_1_773' title='bbox 643 4643 929 4713; x_wconf 82' lang='lat' dir='ltr'><strong>intelliges,</strong></span> <span class='ocrx_word' id='word_1_774' title='bbox 961 4642 1102 4696; x_wconf 88' lang='lat' dir='ltr'><strong>hunc</strong></span> <span class='ocrx_word' id='word_1_775' title='bbox 1124 4656 1230 4695; x_wconf 91' lang='lat' dir='ltr'><strong>non</strong></span> <span class='ocrx_word' id='word_1_776' title='bbox 1255 4653 1413 4704; x_wconf 86' lang='lat' dir='ltr'><strong>nova,</strong></span> <span class='ocrx_word' id='word_1_777' title='bbox 1446 4636 1542 4693; x_wconf 93' lang='lat' dir='ltr'><strong>sed</strong></span> <span class='ocrx_word' id='word_1_778' title='bbox 1583 4636 1751 4692; x_wconf 83' lang='lat' dir='ltr'><strong>veteri</strong></span> <span class='ocrx_word' id='word_1_779' title='bbox 1787 4649 1940 4707; x_wconf 90' lang='lat' dir='ltr'><strong>usum</strong></span> <span class='ocrx_word' id='word_1_780' title='bbox 1973 4633 2080 4687; x_wconf 87' lang='lat' dir='ltr'><strong>for-</strong></span> 
     </span>
    </p>
   </div>
   <div class='ocr_carea' id='block_1_92' title="bbox 505 4727 2081 4806">
    <p class='ocr_par' dir='ltr' id='par_1_92' title="bbox 505 4727 2081 4806">
     <span class='ocr_line' id='line_1_92' title="bbox 505 4727 2081 4806; baseline -0.01 -12"><span class='ocrx_word' id='word_1_781' title='bbox 505 4740 674 4800; x_wconf 88' lang='lat' dir='ltr'><strong>mula.</strong></span> <span class='ocrx_word' id='word_1_782' title='bbox 705 4750 865 4806; x_wconf 90' lang='lat' dir='ltr'><strong>quam</strong></span> <span class='ocrx_word' id='word_1_783' title='bbox 886 4733 1094 4793; x_wconf 87' lang='lat' dir='ltr'><strong>scilicet</strong></span> <span class='ocrx_word' id='word_1_784' title='bbox 1143 4746 1173 4785; x_wconf 89' lang='lat' dir='ltr'><strong>a</strong></span> <span class='ocrx_word' id='word_1_785' title='bbox 1201 4739 1280 4785; x_wconf 93' lang='lat' dir='ltr'><strong>tot</strong></span> <span class='ocrx_word' id='word_1_786' title='bbox 1299 4729 1545 4785; x_wconf 84' lang='lat' dir='ltr'><strong>Patribus</strong></span> <span class='ocrx_word' id='word_1_787' title='bbox 1581 4727 1827 4783; x_wconf 89' lang='lat' dir='ltr'><strong>traditam</strong></span> <span class='ocrx_word' id='word_1_788' title='bbox 1856 4739 2081 4794; x_wconf 88' lang='lat' dir='ltr'><strong>accepe-</strong></span> 
     </span>
    </p>
   </div>
   <div class='ocr_carea' id='block_1_93' title="bbox 507 4819 2080 4896">
    <p class='ocr_par' dir='ltr' id='par_1_93' title="bbox 507 4819 2080 4896">
     <span class='ocr_line' id='line_1_93' title="bbox 507 4819 2080 4896; baseline -0.012 -10"><span class='ocrx_word' id='word_1_789' title='bbox 507 4841 611 4894; x_wconf 87' lang='lat' dir='ltr'><strong>rat,</strong></span> <span class='ocrx_word' id='word_1_790' title='bbox 645 4829 698 4883; x_wconf 92' lang='lat' dir='ltr'><strong>in</strong></span> <span class='ocrx_word' id='word_1_791' title='bbox 727 4838 1020 4896; x_wconf 89' lang='lat' dir='ltr'><strong>eorumque</strong></span> <span class='ocrx_word' id='word_1_792' title='bbox 1063 4823 1212 4877; x_wconf 89' lang='lat' dir='ltr'><strong>libris</strong></span> <span class='ocrx_word' id='word_1_793' title='bbox 1241 4821 1538 4896; x_wconf 87' lang='lat' dir='ltr'><strong>didicerat;</strong></span> <span class='ocrx_word' id='word_1_794' title='bbox 1575 4819 1696 4873; x_wconf 92' lang='lat' dir='ltr'><strong>illos</strong></span> <span class='ocrx_word' id='word_1_795' title='bbox 1741 4827 1946 4876; x_wconf 72' lang='lat' dir='ltr'><strong>autem,</strong></span> <span class='ocrx_word' id='word_1_796' title='bbox 1974 4830 2080 4869; x_wconf 90' lang='lat' dir='ltr'><strong>non</strong></span> 
     </span>
    </p>
   </div>
   <div class='ocr_carea' id='block_1_94' title="bbox 506 4909 2082 4978">
    <p class='ocr_par' dir='ltr' id='par_1_94' title="bbox 506 4909 2082 4978">
     <span class='ocr_line' id='line_1_94' title="bbox 506 4909 2082 4978; baseline -0.011 0"><span class='ocrx_word' id='word_1_797' title='bbox 506 4938 625 4978; x_wconf 89' lang='lat' dir='ltr'><strong>eam</strong></span> <span class='ocrx_word' id='word_1_798' title='bbox 651 4922 702 4976; x_wconf 91' lang='lat' dir='ltr'><strong>in</strong></span> <span class='ocrx_word' id='word_1_799' title='bbox 725 4918 1044 4975; x_wconf 87' lang='lat' dir='ltr'><strong>sententiam</strong></span> <span class='ocrx_word' id='word_1_800' title='bbox 1086 4914 1392 4969; x_wconf 87' lang='lat' dir='ltr'><strong>adhibuisse</strong></span> <span class='ocrx_word' id='word_1_801' title='bbox 1437 4913 1572 4966; x_wconf 87' lang='lat' dir='ltr'><strong>hanc</strong></span> <span class='ocrx_word' id='word_1_802' title='bbox 1610 4909 1894 4966; x_wconf 88' lang='lat' dir='ltr'><strong>formulam</strong></span> <span class='ocrx_word' id='word_1_803' title='bbox 1926 4947 1941 4972; x_wconf 96' lang='lat'><strong>,</strong></span> <span class='ocrx_word' id='word_1_804' title='bbox 1979 4921 2082 4977; x_wconf 91' lang='lat' dir='ltr'><strong>qua</strong></span> 
     </span>
    </p>
   </div>
   <div class='ocr_carea' id='block_1_95' title="bbox 509 4999 2084 5082">
    <p class='ocr_par' dir='ltr' id='par_1_95' title="bbox 509 4999 2084 5082">
     <span class='ocr_line' id='line_1_95' title="bbox 509 4999 2084 5082; baseline -0.011 -12"><span class='ocrx_word' id='word_1_805' title='bbox 509 5004 723 5070; x_wconf 69' lang='lat' dir='ltr'><strong>Arionis</strong></span> <span class='ocrx_word' id='word_1_806' title='bbox 755 5010 1126 5082; x_wconf 65' lang='lat' dir='ltr'><strong>priecinerent,</strong></span> <span class='ocrx_word' id='word_1_807' title='bbox 1161 5015 1218 5061; x_wconf 93' lang='lat' dir='ltr'><strong>ut</strong></span> <span class='ocrx_word' id='word_1_808' title='bbox 1247 5003 1567 5060; x_wconf 54' lang='lat' dir='ltr'><strong>existimavit</strong></span> <span class='ocrx_word' id='word_1_809' title='bbox 1587 5002 1863 5067; x_wconf 83' lang='lat' dir='ltr'><strong>Petavius,</strong></span> <span class='ocrx_word' id='word_1_810' title='bbox 1909 5000 2004 5054; x_wconf 90' lang='lat' dir='ltr'><strong>sed</strong></span> <span class='ocrx_word' id='word_1_811' title='bbox 2033 4999 2084 5052; x_wconf 90' lang='lat' dir='ltr'><strong>in</strong></span> 
     </span>
    </p>
   </div>
   <div class='ocr_carea' id='block_1_96' title="bbox 508 5091 2086 5174">
    <p class='ocr_par' dir='ltr' id='par_1_96' title="bbox 508 5091 2086 5174">
     <span class='ocr_line' id='line_1_96' title="bbox 508 5091 2086 5174; baseline -0.012 -13"><span class='ocrx_word' id='word_1_812' title='bbox 508 5121 628 5161; x_wconf 84' lang='lat' dir='ltr'><strong>eam</strong></span> <span class='ocrx_word' id='word_1_813' title='bbox 660 5146 674 5169; x_wconf 91' lang='lat'><strong>,</strong></span> <span class='ocrx_word' id='word_1_814' title='bbox 705 5119 809 5174; x_wconf 89' lang='lat' dir='ltr'><strong>qua</strong></span> <span class='ocrx_word' id='word_1_815' title='bbox 836 5101 983 5156; x_wconf 85' lang='lat' dir='ltr'><strong>Zeno</strong></span> <span class='ocrx_word' id='word_1_816' title='bbox 1018 5099 1338 5153; x_wconf 82' lang='lat' dir='ltr'><strong>Arianorum</strong></span> <span class='ocrx_word' id='word_1_817' title='bbox 1372 5095 1709 5166; x_wconf 87' lang='lat' dir='ltr'><strong>impugnator</strong></span> <span class='ocrx_word' id='word_1_818' title='bbox 1751 5091 2044 5147; x_wconf 89' lang='lat' dir='ltr'><strong>acerrimus</strong></span> <span class='ocrx_word' id='word_1_819' title='bbox 2071 5129 2086 5154; x_wconf 93' lang='lat'><strong>,</strong></span> 
     </span>
    </p>
   </div>
   <div class='ocr_carea' id='block_1_97' title="bbox 512 5185 2089 5267">
    <p class='ocr_par' dir='ltr' id='par_1_97' title="bbox 512 5185 2089 5267">
     <span class='ocr_line' id='line_1_97' title="bbox 512 5185 2089 5267; baseline -0.011 -15"><span class='ocrx_word' id='word_1_820' title='bbox 512 5197 657 5267; x_wconf 83' lang='lat' dir='ltr'><strong>ipsos</strong></span> <span class='ocrx_word' id='word_1_821' title='bbox 678 5196 858 5264; x_wconf 88' lang='lat' dir='ltr'><strong>legens</strong></span> <span class='ocrx_word' id='word_1_822' title='bbox 885 5195 1019 5249; x_wconf 86' lang='lat' dir='ltr'><strong>adeo</strong></span> <span class='ocrx_word' id='word_1_823' title='bbox 1041 5202 1185 5247; x_wconf 91' lang='lat' dir='ltr'><strong>recte</strong></span> <span class='ocrx_word' id='word_1_824' title='bbox 1207 5188 1580 5259; x_wconf 88' lang='lat' dir='ltr'><strong>intelligendos</strong></span> <span class='ocrx_word' id='word_1_825' title='bbox 1602 5185 1804 5257; x_wconf 78' lang='lat' dir='ltr'><strong>putavit</strong></span> <span class='ocrx_word' id='word_1_826' title='bbox 1828 5227 1844 5251; x_wconf 96' lang='lat'><strong>,</strong></span> <span class='ocrx_word' id='word_1_827' title='bbox 1898 5193 1954 5237; x_wconf 93' lang='lat' dir='ltr'><strong>ut</strong></span> <span class='ocrx_word' id='word_1_828' title='bbox 2001 5195 2089 5236; x_wconf 89' lang='lat' dir='ltr'><strong>ea-</strong></span> 
     </span>
    </p>
   </div>
   <div class='ocr_carea' id='block_1_98' title="bbox 509 5276 2092 5362">
    <p class='ocr_par' dir='ltr' id='par_1_98' title="bbox 509 5276 2092 5362">
     <span class='ocr_line' id='line_1_98' title="bbox 509 5276 2092 5362; baseline -0.012 -16"><span class='ocrx_word' id='word_1_829' title='bbox 509 5291 632 5346; x_wconf 82' lang='lat' dir='ltr'><strong>dem</strong></span> <span class='ocrx_word' id='word_1_830' title='bbox 664 5289 886 5362; x_wconf 86' lang='lat' dir='ltr'><strong>formula</strong></span> <span class='ocrx_word' id='word_1_831' title='bbox 915 5287 1014 5342; x_wconf 91' lang='lat' dir='ltr'><strong>sibi</strong></span> <span class='ocrx_word' id='word_1_832' title='bbox 1063 5299 1274 5356; x_wconf 90' lang='lat' dir='ltr'><strong>quoque</strong></span> <span class='ocrx_word' id='word_1_833' title='bbox 1318 5282 1572 5338; x_wconf 89' lang='lat' dir='ltr'><strong>utendum</strong></span> <span class='ocrx_word' id='word_1_834' title='bbox 1618 5278 1745 5334; x_wconf 89' lang='lat' dir='ltr'><strong>nihil</strong></span> <span class='ocrx_word' id='word_1_835' title='bbox 1775 5276 2092 5347; x_wconf 86' lang='lat' dir='ltr'><strong>ambigeret.</strong></span> 
     </span>
    </p>
   </div>
   <div class='ocr_carea' id='block_1_99' title="bbox 519 5387 2091 5489">
    <p class='ocr_par' dir='ltr' id='par_1_99' title="bbox 519 5387 2091 5489">
     <span class='ocr_line' id='line_1_99' title="bbox 519 5387 2091 5489; baseline -0.011 -14"><span class='ocrx_word' id='word_1_836' title='bbox 519 5419 548 5489; x_wconf 85' lang='lat'><strong>§</strong></span> <span class='ocrx_word' id='word_1_837' title='bbox 574 5416 706 5474; x_wconf 83' lang='lat' dir='ltr'><strong>Vill.</strong></span> <span class='ocrx_word' id='word_1_838' title='bbox 732 5387 803 5457; x_wconf 56' lang='grc' dir='ltr'><strong>ἔ·-</strong></span> <span class='ocrx_word' id='word_1_839' title='bbox 827 5413 1025 5470; x_wconf 77' lang='lat' dir='ltr'><strong>Marius</strong></span> <span class='ocrx_word' id='word_1_840' title='bbox 1057 5411 1346 5467; x_wconf 83' lang='lat' dir='ltr'><strong>Victorinus</strong></span> <span class='ocrx_word' id='word_1_841' title='bbox 1375 5428 1406 5464; x_wconf 89' lang='lat' dir='ltr'><strong>a</strong></span> <span class='ocrx_word' id='word_1_842' title='bbox 1440 5409 1635 5464; x_wconf 84' lang='lat' dir='ltr'><strong>Petavii</strong></span> <span class='ocrx_word' id='word_1_843' title='bbox 1671 5423 1886 5462; x_wconf 86' lang='lat' dir='ltr'><strong>censura</strong></span> <span class='ocrx_word' id='word_1_844' title='bbox 1925 5405 2091 5460; x_wconf 81' lang='lat' dir='ltr'><strong>vindi-</strong></span> 
     </span>
    </p>
   </div>
   <div class='ocr_carea' id='block_1_100' title="bbox 1209 5516 1373 5560">
    <p class='ocr_par' dir='ltr' id='par_1_100' title="bbox 1209 5516 1373 5560">
     <span class='ocr_line' id='line_1_100' title="bbox 1209 5516 1373 5560; baseline -0.018 0"><span class='ocrx_word' id='word_1_845' title='bbox 1209 5516 1373 5560; x_wconf 86' lang='lat' dir='ltr'><strong>catus.</strong></span> 
     </span>
    </p>
   </div>
   <div class='ocr_carea' id='block_1_101' title="bbox 587 5643 2089 5712">
    <p class='ocr_par' dir='ltr' id='par_1_101' title="bbox 587 5643 2089 5712">
     <span class='ocr_line' id='line_1_101' title="bbox 587 5643 2089 5712; baseline -0.002 -11"><span class='ocrx_word' id='word_1_846' title='bbox 587 5647 663 5701; x_wconf 89' lang='lat' dir='ltr'><strong>De</strong></span> <span class='ocrx_word' id='word_1_847' title='bbox 700 5644 866 5701; x_wconf 80' lang='lat' dir='ltr'><strong>Mario</strong></span> <span class='ocrx_word' id='word_1_848' title='bbox 891 5644 1165 5701; x_wconf 88' lang='lat' dir='ltr'><strong>Victorino</strong></span> <span class='ocrx_word' id='word_1_849' title='bbox 1192 5684 1209 5710; x_wconf 91' lang='lat'><strong>,</strong></span> <span class='ocrx_word' id='word_1_850' title='bbox 1248 5643 1338 5712; x_wconf 89' lang='lat' dir='ltr'><strong>qui</strong></span> <span class='ocrx_word' id='word_1_851' title='bbox 1388 5643 1440 5697; x_wconf 91' lang='lat' dir='ltr'><strong>in</strong></span> <span class='ocrx_word' id='word_1_852' title='bbox 1463 5643 1639 5697; x_wconf 84' lang='lat' dir='ltr'><strong>eadem</strong></span> <span class='ocrx_word' id='word_1_853' title='bbox 1666 5658 1772 5697; x_wconf 85' lang='lat' dir='ltr'><strong>esse</strong></span> <span class='ocrx_word' id='word_1_854' title='bbox 1805 5659 1961 5699; x_wconf 87' lang='lat' dir='ltr'><strong>causa</strong></span> <span class='ocrx_word' id='word_1_855' title='bbox 1986 5643 2089 5698; x_wconf 87' lang='lat' dir='ltr'><strong>Pe-</strong></span> 
     </span>
    </p>
   </div>
   <div class='ocr_carea' id='block_1_102' title="bbox 518 5731 2087 5818">
    <p class='ocr_par' dir='ltr' id='par_1_102' title="bbox 518 5731 2087 5818">
     <span class='ocr_line' id='line_1_102' title="bbox 518 5731 2087 5818; baseline -0.001 -26"><span class='ocrx_word' id='word_1_856' title='bbox 518 5737 657 5792; x_wconf 87' lang='lat' dir='ltr'><strong>tavio</strong></span> <span class='ocrx_word' id='word_1_857' title='bbox 684 5737 832 5793; x_wconf 85' lang='lat' dir='ltr'><strong>visus</strong></span> <span class='ocrx_word' id='word_1_858' title='bbox 859 5745 962 5801; x_wconf 88' lang='lat' dir='ltr'><strong>est,</strong></span> <span class='ocrx_word' id='word_1_859' title='bbox 1001 5734 1129 5806; x_wconf 89' lang='lat' dir='ltr'><strong>quid</strong></span> <span class='ocrx_word' id='word_1_860' title='bbox 1156 5732 1347 5792; x_wconf 85' lang='lat' dir='ltr'><strong>attinet</strong></span> <span class='ocrx_word' id='word_1_861' title='bbox 1373 5731 1585 5803; x_wconf 89' lang='lat' dir='ltr'><strong>dicere,</strong></span> <span class='ocrx_word' id='word_1_862' title='bbox 1613 5747 1735 5818; x_wconf 77' lang='lat' dir='ltr'><strong>cum</strong></span> <span class='ocrx_word' id='word_1_863' title='bbox 1756 5733 1845 5790; x_wconf 85' lang='lat' dir='ltr'><strong>ille</strong></span> <span class='ocrx_word' id='word_1_864' title='bbox 1866 5733 2000 5792; x_wconf 86' lang='lat' dir='ltr'><strong>adeo</strong></span> <span class='ocrx_word' id='word_1_865' title='bbox 2018 5749 2087 5790; x_wconf 78' lang='lat' dir='ltr'><strong>ex</strong></span> 
     </span>
    </p>
   </div>
   <div class='ocr_carea' id='block_1_103' title="bbox 2124 5095 3785 5174">
    <p class='ocr_par' dir='ltr' id='par_1_103' title="bbox 2124 5095 3785 5174">
     <span class='ocr_line' id='line_1_103' title="bbox 2124 5095 3785 5174; baseline 0.004 -22"><span class='ocrx_word' id='word_1_866' title='bbox 2124 5161 2134 5174; x_wconf 37' lang='lat'>.</span> <span class='ocrx_word' id='word_1_867' title='bbox 2188 5100 2352 5169; x_wconf 82' lang='lat' dir='ltr'><strong>potius</strong></span> <span class='ocrx_word' id='word_1_868' title='bbox 2378 5100 2492 5167; x_wconf 86' lang='lat' dir='ltr'><strong>ipsa</strong></span> <span class='ocrx_word' id='word_1_869' title='bbox 2517 5100 2839 5167; x_wconf 81' lang='lat' dir='ltr'><strong>substantia;</strong></span> <span class='ocrx_word' id='word_1_870' title='bbox 2878 5103 2964 5172; x_wconf 88' lang='lat' dir='ltr'><strong>qui</strong></span> <span class='ocrx_word' id='word_1_871' title='bbox 2995 5119 3110 5157; x_wconf 88' lang='lat' dir='ltr'><strong>cum</strong></span> <span class='ocrx_word' id='word_1_872' title='bbox 3136 5102 3280 5172; x_wconf 82' lang='lat' dir='ltr'><strong>{oras</strong></span> <span class='ocrx_word' id='word_1_873' title='bbox 3308 5112 3509 5173; x_wconf 84' lang='lat' dir='ltr'><strong>spectat</strong></span> <span class='ocrx_word' id='word_1_874' title='bbox 3531 5145 3546 5169; x_wconf 91' lang='lat'><strong>,</strong></span> <span class='ocrx_word' id='word_1_875' title='bbox 3579 5101 3683 5158; x_wconf 77' lang='lat' dir='ltr'><strong>Itoc</strong></span> 
     </span>
    </p>
   </div>
   <div class='ocr_carea' id='block_1_104' title="bbox 2181 4638 3785 4711">
    <p class='ocr_par' dir='ltr' id='par_1_104' title="bbox 2181 4638 3785 4711">
     <span class='ocr_line' id='line_1_104' title="bbox 2181 4638 3785 4711; baseline 0 -18"><span class='ocrx_word' id='word_1_876' title='bbox 2181 4649 2285 4706; x_wconf 88' lang='lat' dir='ltr'><strong>tus,</strong></span> <span class='ocrx_word' id='word_1_877' title='bbox 2317 4639 2504 4695; x_wconf 88' lang='lat' dir='ltr'><strong>Filium</strong></span> <span class='ocrx_word' id='word_1_878' title='bbox 2531 4649 2736 4707; x_wconf 84' lang='lat' dir='ltr'><strong>autem,</strong></span> <span class='ocrx_word' id='word_1_879' title='bbox 2761 4654 2927 4711; x_wconf 90' lang='lat' dir='ltr'><strong>quem</strong></span> <span class='ocrx_word' id='word_1_880' title='bbox 2950 4638 3216 4710; x_wconf 87' lang='lat' dir='ltr'><strong>intelligit,</strong></span> <span class='ocrx_word' id='word_1_881' title='bbox 3252 4652 3348 4694; x_wconf 85' lang='lat' dir='ltr'><strong>seu</strong></span> <span class='ocrx_word' id='word_1_882' title='bbox 3377 4638 3432 4692; x_wconf 89' lang='lat' dir='ltr'><strong>in</strong></span> <span class='ocrx_word' id='word_1_883' title='bbox 3471 4653 3584 4709; x_wconf 90' lang='lat' dir='ltr'><strong>quo</strong></span> <span class='ocrx_word' id='word_1_884' title='bbox 3613 4653 3678 4696; x_wconf 86' lang='lat' dir='ltr'><strong>se</strong></span> <span class='ocrx_word' id='word_1_885' title='bbox 3700 4639 3785 4706; x_wconf 46' lang='lat' dir='ltr'><strong>ing</strong></span> 
     </span>
    </p>
   </div>
   <div class='ocr_carea' id='block_1_105' title="bbox 2181 4717 3785 4808">
    <p class='ocr_par' dir='ltr' id='par_1_105' title="bbox 2181 4717 3785 4808">
     <span class='ocr_line' id='line_1_105' title="bbox 2181 4717 3785 4808; baseline 0 -24"><span class='ocrx_word' id='word_1_886' title='bbox 2181 4746 2299 4785; x_wconf 92' lang='lat' dir='ltr'><strong>sum</strong></span> <span class='ocrx_word' id='word_1_887' title='bbox 2328 4732 2597 4800; x_wconf 80' lang='lat' dir='ltr'><strong>intelligit,</strong></span> <span class='ocrx_word' id='word_1_888' title='bbox 2624 4735 2771 4802; x_wconf 74' lang='lat' dir='ltr'><strong>foris.</strong></span> <span class='ocrx_word' id='word_1_889' title='bbox 2799 4731 2909 4786; x_wconf 86' lang='lat' dir='ltr'><strong>Hac</strong></span> <span class='ocrx_word' id='word_1_890' title='bbox 2935 4732 3146 4786; x_wconf 87' lang='lat' dir='ltr'><strong>ratione</strong></span> <span class='ocrx_word' id='word_1_891' title='bbox 3170 4737 3376 4808; x_wconf 78' lang='lat' dir='ltr'><strong>motum</strong></span> <span class='ocrx_word' id='word_1_892' title='bbox 3405 4729 3700 4800; x_wconf 87' lang='lat' dir='ltr'><strong>quemdam</strong></span> <span class='ocrx_word' id='word_1_893' title='bbox 3722 4717 3785 4808; x_wconf 34' lang='lat' dir='ltr'><strong>in;</strong></span> 
     </span>
    </p>
   </div>
   <div class='ocr_carea' id='block_1_106' title="bbox 2185 4815 3785 4898">
    <p class='ocr_par' dir='ltr' id='par_1_106' title="bbox 2185 4815 3785 4898">
     <span class='ocr_line' id='line_1_106' title="bbox 2185 4815 3785 4898; baseline 0.004 -21"><span class='ocrx_word' id='word_1_894' title='bbox 2185 4823 2344 4888; x_wconf 84' lang='lat' dir='ltr'><strong>Patre</strong></span> <span class='ocrx_word' id='word_1_895' title='bbox 2370 4823 2610 4894; x_wconf 83' lang='lat' dir='ltr'><strong>agnoscit</strong></span> <span class='ocrx_word' id='word_1_896' title='bbox 2636 4824 2927 4879; x_wconf 89' lang='lat' dir='ltr'><strong>interiorem</strong></span> <span class='ocrx_word' id='word_1_897' title='bbox 2959 4833 3015 4880; x_wconf 91' lang='lat' dir='ltr'><strong>et</strong></span> <span class='ocrx_word' id='word_1_898' title='bbox 3043 4824 3099 4879; x_wconf 89' lang='lat' dir='ltr'><strong>in</strong></span> <span class='ocrx_word' id='word_1_899' title='bbox 3136 4840 3191 4879; x_wconf 86' lang='lat' dir='ltr'><strong>se</strong></span> <span class='ocrx_word' id='word_1_900' title='bbox 3212 4839 3535 4889; x_wconf 81' lang='lat' dir='ltr'><strong>conuersum,</strong></span> <span class='ocrx_word' id='word_1_901' title='bbox 3572 4840 3644 4881; x_wconf 78' lang='lat' dir='ltr'><strong>ex</strong></span> <span class='ocrx_word' id='word_1_902' title='bbox 3673 4815 3785 4898; x_wconf 50' lang='lat' dir='ltr'><strong>quo]</strong></span> 
     </span>
    </p>
   </div>
   <div class='ocr_carea' id='block_1_107' title="bbox 2188 4909 3785 4990">
    <p class='ocr_par' dir='ltr' id='par_1_107' title="bbox 2188 4909 3785 4990">
     <span class='ocr_line' id='line_1_107' title="bbox 2188 4909 3785 4990; baseline 0.001 -20"><span class='ocrx_word' id='word_1_903' title='bbox 2188 4916 2356 4972; x_wconf 88' lang='lat' dir='ltr'><strong>Filius</strong></span> <span class='ocrx_word' id='word_1_904' title='bbox 2385 4928 2672 4986; x_wconf 83' lang='lat' dir='ltr'><strong>generatur</strong></span> <span class='ocrx_word' id='word_1_905' title='bbox 2693 4909 2719 4983; x_wconf 31' lang='lat'><strong>;&#39;</strong></span> <span class='ocrx_word' id='word_1_906' title='bbox 2753 4923 2912 4988; x_wconf 84' lang='lat' dir='ltr'><strong>quem</strong></span> <span class='ocrx_word' id='word_1_907' title='bbox 2943 4919 2996 4974; x_wconf 90' lang='lat' dir='ltr'><strong>in</strong></span> <span class='ocrx_word' id='word_1_908' title='bbox 3026 4934 3140 4972; x_wconf 90' lang='lat' dir='ltr'><strong>rem</strong></span> <span class='ocrx_word' id='word_1_909' title='bbox 3174 4927 3498 4987; x_wconf 79' lang='lat' dir='ltr'><strong>praesentem</strong></span> <span class='ocrx_word' id='word_1_910' title='bbox 3527 4919 3785 4990; x_wconf 63' lang='lat' dir='ltr'><strong>explicati</strong></span> 
     </span>
    </p>
   </div>
   <div class='ocr_carea' id='block_1_108' title="bbox 2188 4997 3785 5082">
    <p class='ocr_par' dir='ltr' id='par_1_108' title="bbox 2188 4997 3785 5082">
     <span class='ocr_line' id='line_1_108' title="bbox 2188 4997 3785 5082; baseline 0 -20"><span class='ocrx_word' id='word_1_911' title='bbox 2188 5009 2296 5062; x_wconf 89' lang='lat' dir='ltr'><strong>sic:</strong></span> <span class='ocrx_word' id='word_1_912' title='bbox 2331 5009 2542 5080; x_wconf 87' lang='lat' dir='ltr'><strong>Semper</strong></span> <span class='ocrx_word' id='word_1_913' title='bbox 2567 5019 2729 5064; x_wconf 85' lang='lat' dir='ltr'><strong>motus</strong></span> <span class='ocrx_word' id='word_1_914' title='bbox 2760 5027 2821 5066; x_wconf 75' lang='lat' dir='ltr'><strong>ea:</strong></span> <span class='ocrx_word' id='word_1_915' title='bbox 2847 5011 3150 5080; x_wconf 86' lang='lat' dir='ltr'><strong>substantia,</strong></span> <span class='ocrx_word' id='word_1_916' title='bbox 3179 5020 3229 5067; x_wconf 89' lang='lat' dir='ltr'><strong>et</strong></span> <span class='ocrx_word' id='word_1_917' title='bbox 3263 5011 3318 5065; x_wconf 90' lang='lat' dir='ltr'><strong>in</strong></span> <span class='ocrx_word' id='word_1_918' title='bbox 3345 5009 3663 5080; x_wconf 75' lang='lat' dir='ltr'><strong>substantia,</strong></span> <span class='ocrx_word' id='word_1_919' title='bbox 3703 4997 3785 5082; x_wconf 49' lang='lat' dir='ltr'><strong>veli</strong></span> 
     </span>
    </p>
   </div>
   <div class='ocr_carea' id='block_1_109' title="bbox 2191 5193 3785 5264">
    <p class='ocr_par' dir='ltr' id='par_1_109' title="bbox 2191 5193 3785 5264">
     <span class='ocr_line' id='line_1_109' title="bbox 2191 5193 3785 5264; baseline 0.003 -23"><span class='ocrx_word' id='word_1_920' title='bbox 2191 5200 2360 5252; x_wconf 82' lang='lat' dir='ltr'><strong>autem</strong></span> <span class='ocrx_word' id='word_1_921' title='bbox 2385 5194 2526 5259; x_wconf 81' lang='lat' dir='ltr'><strong>foras</strong></span> <span class='ocrx_word' id='word_1_922' title='bbox 2553 5202 2798 5261; x_wconf 87' lang='lat' dir='ltr'><strong>spectare,</strong></span> <span class='ocrx_word' id='word_1_923' title='bbox 2830 5202 3020 5247; x_wconf 88' lang='lat' dir='ltr'><strong>motum</strong></span> <span class='ocrx_word' id='word_1_924' title='bbox 3049 5194 3124 5248; x_wconf 82' lang='lat' dir='ltr'><strong>vel</strong></span> <span class='ocrx_word' id='word_1_925' title='bbox 3153 5194 3420 5250; x_wconf 85' lang='lat' dir='ltr'><strong>motionem</strong></span> <span class='ocrx_word' id='word_1_926' title='bbox 3450 5209 3560 5249; x_wconf 86' lang='lat' dir='ltr'><strong>esse</strong></span> <span class='ocrx_word' id='word_1_927' title='bbox 3580 5210 3604 5260; x_wconf 88' lang='lat'><strong><em>;</em></strong></span> <span class='ocrx_word' id='word_1_928' title='bbox 3639 5193 3785 5264; x_wconf 61' lang='lat' dir='ltr'><strong>quod?</strong></span> 
     </span>
    </p>
   </div>
   <div class='ocr_carea' id='block_1_110' title="bbox 2192 5270 3785 5358">
    <p class='ocr_par' dir='ltr' id='par_1_110' title="bbox 2192 5270 3785 5358">
     <span class='ocr_line' id='line_1_110' title="bbox 2192 5270 3785 5358; baseline 0.006 -27"><span class='ocrx_word' id='word_1_929' title='bbox 2192 5281 2358 5350; x_wconf 80' lang='lat' dir='ltr'><strong>ipsum</strong></span> <span class='ocrx_word' id='word_1_930' title='bbox 2386 5281 2479 5333; x_wconf 87' lang='lat' dir='ltr'><strong>hoc</strong></span> <span class='ocrx_word' id='word_1_931' title='bbox 2518 5280 2651 5334; x_wconf 79' lang='lat' dir='ltr'><strong>illud</strong></span> <span class='ocrx_word' id='word_1_932' title='bbox 2677 5270 2753 5337; x_wconf 83' lang='lat' dir='ltr'><strong>est</strong></span> <span class='ocrx_word' id='word_1_933' title='bbox 2778 5299 2832 5337; x_wconf 86' lang='lat' dir='ltr'><strong>se</strong></span> <span class='ocrx_word' id='word_1_934' title='bbox 2872 5284 3075 5352; x_wconf 51' lang='grc' dir='ltr'><strong>υἱῶν-εί</strong></span> <span class='ocrx_word' id='word_1_935' title='bbox 3103 5301 3156 5340; x_wconf 87' lang='lat' dir='ltr'><strong>se</strong></span> <span class='ocrx_word' id='word_1_936' title='bbox 3192 5286 3496 5358; x_wconf 75' lang='lat' dir='ltr'><strong>intelligere,</strong></span> <span class='ocrx_word' id='word_1_937' title='bbox 3538 5301 3603 5339; x_wconf 87' lang='lat' dir='ltr'><strong>ac</strong></span> <span class='ocrx_word' id='word_1_938' title='bbox 3637 5273 3785 5358; x_wconf 57' lang='grc' dir='ltr'><strong>εοεκῂ</strong></span> 
     </span>
    </p>
   </div>
   <div class='ocr_carea' id='block_1_111' title="bbox 2193 5369 3785 5448">
    <p class='ocr_par' dir='ltr' id='par_1_111' title="bbox 2193 5369 3785 5448">
     <span class='ocr_line' id='line_1_111' title="bbox 2193 5369 3785 5448; baseline 0.004 -25"><span class='ocrx_word' id='word_1_939' title='bbox 2193 5372 2318 5447; x_wconf 82' lang='lat' dir='ltr'><strong>uelle</strong></span> <span class='ocrx_word' id='word_1_940' title='bbox 2339 5387 2358 5424; x_wconf 89' lang='lat'><em>:</em></span> <span class='ocrx_word' id='word_1_941' title='bbox 2389 5381 2692 5426; x_wconf 81' lang='lat' dir='ltr'><strong>cantantem</strong></span> <span class='ocrx_word' id='word_1_942' title='bbox 2715 5390 2769 5428; x_wconf 86' lang='lat' dir='ltr'><strong>se</strong></span> <span class='ocrx_word' id='word_1_943' title='bbox 2789 5375 2941 5442; x_wconf 82' lang='lat' dir='ltr'><strong>videt,</strong></span> <span class='ocrx_word' id='word_1_944' title='bbox 2970 5379 3198 5448; x_wconf 83' lang='lat' dir='ltr'><strong>geminus</strong></span> <span class='ocrx_word' id='word_1_945' title='bbox 3223 5377 3444 5442; x_wconf 71' lang='lat' dir='ltr'><strong>exsistit,</strong></span> <span class='ocrx_word' id='word_1_946' title='bbox 3461 5387 3511 5432; x_wconf 90' lang='lat' dir='ltr'><strong>et</strong></span> <span class='ocrx_word' id='word_1_947' title='bbox 3532 5369 3785 5448; x_wconf 39' lang='lat' dir='ltr'><strong>intelligi-1</strong></span> 
     </span>
    </p>
   </div>
   <div class='ocr_carea' id='block_1_112' title="bbox 2194 5463 3770 5539">
    <p class='ocr_par' dir='ltr' id='par_1_112' title="bbox 2194 5463 3770 5539">
     <span class='ocr_line' id='line_1_112' title="bbox 2194 5463 3770 5539; baseline 0.003 -24"><span class='ocrx_word' id='word_1_948' title='bbox 2194 5471 2278 5515; x_wconf 89' lang='lat' dir='ltr'><strong>tur</strong></span> <span class='ocrx_word' id='word_1_949' title='bbox 2313 5463 2506 5529; x_wconf 82' lang='lat' dir='ltr'><strong>uidens,</strong></span> <span class='ocrx_word' id='word_1_950' title='bbox 2535 5471 2582 5517; x_wconf 84' lang='lat' dir='ltr'><strong>et</strong></span> <span class='ocrx_word' id='word_1_951' title='bbox 2605 5465 2743 5534; x_wconf 86' lang='lat' dir='ltr'><strong>quod</strong></span> <span class='ocrx_word' id='word_1_952' title='bbox 2767 5466 2984 5534; x_wconf 80' lang='lat' dir='ltr'><strong>videtur,</strong></span> <span class='ocrx_word' id='word_1_953' title='bbox 3014 5469 3121 5539; x_wconf 88' lang='lat' dir='ltr'><strong>ipse</strong></span> <span class='ocrx_word' id='word_1_954' title='bbox 3142 5469 3230 5538; x_wconf 85' lang='lat' dir='ltr'><strong>qui</strong></span> <span class='ocrx_word' id='word_1_955' title='bbox 3262 5465 3417 5532; x_wconf 79' lang='lat' dir='ltr'><strong>videt,</strong></span> <span class='ocrx_word' id='word_1_956' title='bbox 3448 5467 3626 5535; x_wconf 83' lang='lat' dir='ltr'><strong>ipsum</strong></span> <span class='ocrx_word' id='word_1_957' title='bbox 3645 5463 3770 5537; x_wconf 75' lang='lat' dir='ltr'><strong>quod</strong></span> 
     </span>
    </p>
   </div>
   <div class='ocr_carea' id='block_1_113' title="bbox 2192 5555 3768 5630">
    <p class='ocr_par' dir='ltr' id='par_1_113' title="bbox 2192 5555 3768 5630">
     <span class='ocr_line' id='line_1_113' title="bbox 2192 5555 3768 5630; baseline 0.003 -24"><span class='ocrx_word' id='word_1_958' title='bbox 2192 5555 2423 5610; x_wconf 80' lang='lat' dir='ltr'><strong>videtur:</strong></span> <span class='ocrx_word' id='word_1_959' title='bbox 2448 5557 2569 5627; x_wconf 89' lang='lat' dir='ltr'><strong>quia</strong></span> <span class='ocrx_word' id='word_1_960' title='bbox 2589 5573 2645 5612; x_wconf 86' lang='lat' dir='ltr'><strong>se</strong></span> <span class='ocrx_word' id='word_1_961' title='bbox 2669 5559 2823 5625; x_wconf 83' lang='lat' dir='ltr'><strong>uidet,</strong></span> <span class='ocrx_word' id='word_1_962' title='bbox 2855 5558 2953 5613; x_wconf 81' lang='lat' dir='ltr'><strong>hoc</strong></span> <span class='ocrx_word' id='word_1_963' title='bbox 2970 5569 3046 5614; x_wconf 87' lang='lat' dir='ltr'><strong>est</strong></span> <span class='ocrx_word' id='word_1_964' title='bbox 3067 5563 3205 5629; x_wconf 81' lang='lat' dir='ltr'><strong>foras</strong></span> <span class='ocrx_word' id='word_1_965' title='bbox 3238 5566 3502 5630; x_wconf 85' lang='lat' dir='ltr'><strong>spectans,</strong></span> <span class='ocrx_word' id='word_1_966' title='bbox 3533 5559 3669 5626; x_wconf 82' lang='lat' dir='ltr'><strong>[oris</strong></span> <span class='ocrx_word' id='word_1_967' title='bbox 3689 5573 3768 5630; x_wconf 79' lang='lat' dir='ltr'><strong>ge-</strong></span> 
     </span>
    </p>
   </div>
   <div class='ocr_carea' id='block_1_114' title="bbox 2192 5646 3769 5721">
    <p class='ocr_par' dir='ltr' id='par_1_114' title="bbox 2192 5646 3769 5721">
     <span class='ocr_line' id='line_1_114' title="bbox 2192 5646 3769 5721; baseline 0.003 -21"><span class='ocrx_word' id='word_1_968' title='bbox 2192 5650 2356 5717; x_wconf 85' lang='lat' dir='ltr'><strong>nitus,</strong></span> <span class='ocrx_word' id='word_1_969' title='bbox 2383 5652 2460 5705; x_wconf 81' lang='lat' dir='ltr'><strong>uel</strong></span> <span class='ocrx_word' id='word_1_970' title='bbox 2485 5651 2750 5716; x_wconf 77' lang='lat' dir='ltr'><strong>exsistens,</strong></span> <span class='ocrx_word' id='word_1_971' title='bbox 2773 5652 2971 5719; x_wconf 85' lang='lat' dir='ltr'><strong>utquid</strong></span> <span class='ocrx_word' id='word_1_972' title='bbox 2997 5651 3063 5703; x_wconf 84' lang='lat' dir='ltr'><strong>sit</strong></span> <span class='ocrx_word' id='word_1_973' title='bbox 3093 5649 3363 5718; x_wconf 78' lang='lat' dir='ltr'><strong>intelligat.</strong></span> <span class='ocrx_word' id='word_1_974' title='bbox 3397 5646 3543 5720; x_wconf 84' lang='lat' dir='ltr'><strong>Ergo</strong></span> <span class='ocrx_word' id='word_1_975' title='bbox 3576 5651 3624 5703; x_wconf 83' lang='lat' dir='ltr'><strong>si</strong></span> <span class='ocrx_word' id='word_1_976' title='bbox 3653 5649 3769 5721; x_wconf 75' lang='lat' dir='ltr'><strong>foris</strong></span> 
     </span>
    </p>
   </div>
   <div class='ocr_carea' id='block_1_115' title="bbox 2193 5739 3766 5812">
    <p class='ocr_par' dir='ltr' id='par_1_115' title="bbox 2193 5739 3766 5812">
     <span class='ocr_line' id='line_1_115' title="bbox 2193 5739 3766 5812; baseline 0.003 -18"><span class='ocrx_word' id='word_1_977' title='bbox 2193 5749 2284 5810; x_wconf 78' lang='lat' dir='ltr'><strong>est,</strong></span> <span class='ocrx_word' id='word_1_978' title='bbox 2311 5751 2356 5796; x_wconf 91' lang='lat' dir='ltr'><strong>et</strong></span> <span class='ocrx_word' id='word_1_979' title='bbox 2383 5758 2425 5798; x_wconf 75' lang='lat' dir='ltr'><strong>si</strong></span> <span class='ocrx_word' id='word_1_980' title='bbox 2467 5743 2684 5812; x_wconf 78' lang='lat' dir='ltr'><strong>genitus,</strong></span> <span class='ocrx_word' id='word_1_981' title='bbox 2709 5743 2878 5800; x_wconf 75' lang='lat' dir='ltr'><strong>Filius</strong></span> <span class='ocrx_word' id='word_1_982' title='bbox 2895 5759 2914 5798; x_wconf 77' lang='lat'><strong>.&#39;</strong></span> <span class='ocrx_word' id='word_1_983' title='bbox 2941 5756 3099 5812; x_wconf 88' lang='lat' dir='ltr'><strong>quem</strong></span> <span class='ocrx_word' id='word_1_984' title='bbox 3123 5750 3300 5796; x_wconf 86' lang='lat' dir='ltr'><strong>tamen</strong></span> <span class='ocrx_word' id='word_1_985' title='bbox 3321 5739 3517 5797; x_wconf 86' lang='lat' dir='ltr'><strong>eadem</strong></span> <span class='ocrx_word' id='word_1_986' title='bbox 3537 5759 3662 5799; x_wconf 84' lang='lat' dir='ltr'><strong>cum</strong></span> <span class='ocrx_word' id='word_1_987' title='bbox 3681 5741 3766 5798; x_wconf 59' lang='lat' dir='ltr'><strong>Pa&#39;</strong></span> 
     </span>
    </p>
   </div>
  </div>
