3826 6226
89 269 197 325 “3

89 395 181 442 tre
209 387 525 453 substantia
557 389 826 462 prccditum
865 389 1214 446 demonstrat.
1257 389 1411 446 llunc
1451 389 1674 447 tandem
1703 400 1751 458 Λ

88 489 318 548 motum,
352 499 464 554 quo
487 484 648 538 Pater
672 483 854 536 Filium
884 471 1084 553 genuit,
1117 486 1456 550 apet'ationem
1499 492 1552 552 et
1585 499 1669 536 ac-

86 572 280 630 tionem
309 585 492 642 vocat,
530 586 585 632 et
627 575 806 630 addit:
839 574 939 628 llic
970 583 1166 645 partus,
1199 575 1280 628 liic
1310 576 1519 632 natalis.
1552 575 1668 630 Alia

85 667 333 736 ejusdem
371 669 586 740 generis
621 670 766 737 plura
807 655 1016 724 adferre
1055 683 1334 740 possemus
1375 670 1669 738 praesertim

84 773 148 812 ex
173 759 314 816 libro
337 776 412 826 tv,
446 777 567 831 pag.
601 760 706 815 287
731 769 786 816 et
808 759 912 815 288
936 777 950 825 ;
976 761 1068 814 sed
1097 759 1211 815 bmc
1233 761 1361 815 satis
1384 763 1494 814 visa
1519 769 1666 828 sunt,

85 862 141 906 ut
162 853 392 922 quisque
422 853 704 924 intelligat,
725 854 1178 925 manifestationem
1209 854 1664 923 Operationemque,

82 959 184 1014 qua
215 947 354 999 intus
378 943 539 1000 Pater
559 985 575 1011 ,
608 944 662 1000 ἐι
693 938 862 1000 Filius
892 945 1020 1016 foris
1042 959 1161 999 esse
1194 944 1420 999 traditur
1441 987 1454 1010 ,
1486 945 1552 998 ad
1579 947 1672 1015 ge-

83 1039 418 1092 nerationem
463 1048 720 1092 mternam
763 1038 1115 1107 intimamque
1159 1037 1267 1091 Deo
1299 1053 1364 1092 ex
1411 1036 1668 1092 Victorini

82 1128 352 1199 sententia
377 1127 740 1183 referendam.
773 1129 960 1185 Altero
997 1139 1174 1183 autem
1211 1128 1369 1183 modo
1397 1145 1516 1184 cum
1552 1146 1667 1181 ma-

80 1214 464 1282 nifestationein
505 1227 560 1273 et
603 1219 852 1272 actionem
891 1218 1030 1273 idem
1063 1217 1370 1273 Victorinus
1401 1219 1562 1272 refert
1585 1217 1665 1284 [ad

79 1325 260 1362 rerum
291 1310 647 1384 creationem,
697 1310 1235 1366 animadvertendum
1279 1318 1382 1373 est,
1430 1325 1548 1361 eam
1588 1310 1660 1363 ita

78 1398 273 1455 referri
299 1441 316 1464 ,
344 1407 403 1453 ut
427 1399 596 1456 Filius
623 1401 714 1472 Dei
744 1400 813 1459 ab
839 1411 1039 1456 aeterno
1090 1401 1250 1456 fuerit
1275 1403 1416 1474 λὸγος
1441 1402 1668 1454 omnium

77 1507 191 1560 qua
214 1501 332 1546 sunt
359 1507 419 1546 ex
448 1492 544 1546 lib.
586 1508 626 1558 t,
667 1507 789 1563 pag.
825 1479 954 1559 260,
985 1492 1040 1557 b,
1066 1494 1105 1558 f,
1129 1489 1248 1546 cum
1277 1493 1484 1549 scilicet
1511 1491 1669 1565 Pater

78 1583 256 1636 omnia
298 1583 466 1636 futura
510 1581 753 1638 decrevit
797 1582 853 1636 in
893 1581 1104 1649 Verbo;
1147 1599 1250 1636 non
1292 1583 1451 1648 enim,
1496 1583 1668 1652 inquit
1709 1608 1717 1614 -

80 1686 196 1762 pag.
228 1670 359 1736 262.
389 1671 444 1739 b,
469 1673 611 1746 λόγος
638 1666 828 1727 locutio
846 1673 1082 1743 quadam
1105 1683 1210 1738 est,
1232 1673 1322 1728 sed
1353 1675 1574 1743 potentia
1600 1673 1668 1726 ad

1079 273 1524 332 DISSERTATIO
1563 272 1626 341 ll,
1661 275 1755 331 DE
1797 275 1851 331 8.
1895 277 2049 335 ΖΕΝ.
2097 278 2458 338 DOCTRINA.

3258 298 3352 354 lli

2407 398 2631 459 CAPUT
2670 402 2731 458 ll.

1775 550 1877 599 Ql'O
1896 551 2131 594 CONSILIO
2155 556 2200 595 S.
2225 557 2358 597 ΖεΝο
2381 545 2446 599 ΒΕ
2476 562 2697 603 ΕΤΕΒΝΑ
2726 565 2847 605 γιιιι
2872 567 2959 607 DEI
2982 568 3349 612 GENERATIONB
3406 592 3408 598 τ

1847 645 1988 684 ιιΑυι)
2015 645 2343 688 εοιιιθηκυυκ
2365 651 2612 704 DUXERIT,
2632 655 2864 704 QUOSQUE
2881 660 3023 698 FIDE!
3039 660 3352 703 TRACTATUS

1846 737 1916 776 ET
1943 738 2072 786 QUAS
2097 740 2370 782 ῖοιικυιιΛε
2400 745 2899 792 REPHREHENDEBIT.
3329 725 3331 727 ι

1849 865 2220 922 Difficultatem
2273 884 2376 924 non
2425 861 2687 928 modicam
2735 853 3053 945 quibusdam
3102 879 3348 950 injiciunt

1775 973 1878 1013 non
1905 960 2066 1015 nulla:
2096 963 2373 1018 sententiae
2400 965 2453 1018 in
2485 973 2639 1020 tract.
2675 969 2700 1021 l
2734 967 2795 1020 de
2830 967 2978 1033 Fide,
3011 972 3205 1040 quibus
3233 973 3350 1043 pri-

1773 1064 1860 1103 ma
1891 1049 2142 1120 adspectu
2175 1054 2382 1109 videtur
2406 1055 2464 1110 8.
2489 1055 2632 1111 Zeno
2657 1065 2710 1111 et
2741 1057 2859 1113 fidei
2885 1060 3226 1117 didascaliam
3254 1079 3348 1120 ne-

1771 1158 1928 1215 gare,
1961 1152 2014 1198 et
2043 1146 2437 1214 reprehendere
2466 1165 2564 1204 nec
2595 1166 2700 1206 non
2734 1153 3044 1224 impugnare
3075 1157 3224 1221 illos,
3256 1160 3350 1229 qui

1773 1234 1824 1286 in
1877 1237 2185 1290 tractatibus
2234 1238 2391 1292 fidem
2446 1250 2757 1309 exponunt,
2812 1253 2968 1313 atque
3018 1230 3348 1318 argtImentis

1773 1325 2109 1379 confirmant.
2139 1327 2244 1382 Sed
2276 1329 2318 1382 si
2347 1331 2464 1399 quis
2491 1331 2549 1386 8.
2583 1333 2816 1389 Zenonis
2844 1345 3074 1391 mentem
3097 1379 3112 1403 ,
3143 1354 3204 1394 ac
3231 1349 3344 1394 tra-

1772 1424 1945 1470 ctatus
1974 1417 2089 1485 ejus
2111 1420 2379 1473 scribendi
2406 1424 2742 1478 occasionem
2771 1425 2936 1492 probe
2960 1428 3172 1490 callent,
3203 1447 3353 1500 qua!-

1772 1522 2000 1576 cutnque
2027 1509 2077 1561 in
2109 1509 2248 1565 hanc
2276 1527 2388 1566 rem
2417 1513 2628 1567 duriora
2658 1526 2970 1584 occurrunt,
3006 1518 3159 1575 facile
3190 1522 3348 1578 intel-
3421 1511 3423 1513 1

1771 1596 1916 1665 liget.
1947 1584 2002 1652 lu
2034 1599 2263 1654 concilio
2292 1600 2596 1656 Sardicensi
2621 1603 2688 1657 ad
2717 1608 3161 1675 compescendam
3189 1612 3346 1665 Aria-

1771 1703 1959 1742 norum
2009 1690 2318 1755 audaciam,
2367 1694 2454 1761 qui
2503 1693 2735 1749 Nicatore
2790 1695 2913 1752 fidei
2967 1697 3195 1755 formula
3242 1718 3347 1759 nou
3425 1703 3430 1708 ’

81 1764 355 1819 creandum
397 1765 590 1835 aliquid
618 1765 955 1836 confabulans
987 1768 1076 1833 iis,
1116 1766 1295 1836 quibus
1326 1770 1555 1835 futurum
1591 1775 1659 1820 est

1772 1782 2025 1848 contenti,
2077 1797 2243 1838 novas
2291 1784 2514 1840 subinde
2558 1788 2968 1858 explicationes.
3024 1791 3347 1864 additiones,

93 1875 217 1912 esse.
261 1856 395 1913 Vide
440 1873 492 1928 p.
531 1859 657 1925 270,
703 1861 759 1915 (1.
789 1860 923 1916 Hinc
951 1871 1128 1916 autem
1163 1861 1354 1915 Filium
1389 1861 1560 1915 relate
1590 1861 1658 1914 ad

83 1960 357 2007 creaturas
403 1951 542 2026 λόγον
587 1963 632 2006 et
679 1953 990 2008 uoluntatem
1032 1953 1204 2007 Patris
1237 1951 1432 2008 ibidem
1469 1961 1655 2019 vocat,

83 2059 234 2113 quem
252 2045 322 2098 ab
346 2053 549 2098 aeterno
571 2053 626 2098 et
647 2045 805 2098 unius
825 2059 946 2098 cum
973 2044 1133 2098 Patre
1159 2043 1476 2098 substantia:
1498 2042 1662 2098 fuisse

83 2134 280 2190 adserit
320 2148 440 2205 pag.
479 2133 608 2200 363,
659 2149 709 2188 a.
756 2133 994 2190 Tandem
1032 2136 1340 2202 voluntatem
1386 2133 1525 2190 hanc
1566 2134 1660 2190 Dei

84 2237 216 2280 stato
241 2235 480 2296 tempore
510 2242 829 2296 progressam
870 2227 1033 2281 tradit
1078 2227 1132 2281 in
1177 2236 1438 2279 actuosam
1479 2235 1660 2295 poten-

85 2323 227 2387 tiani,
249 2320 441 2375 ibidem
460 2361 474 2382 .
505 2335 624 2374 cum
652 2321 860 2375 scilicet
883 2321 937 2373 in
966 2318 1280 2386 eﬂ'ectionem
1310 2335 1518 2383 eorum,
1551 2332 1664 2384 quia

86 2423 216 2478 sunt,
240 2428 520 2482 progressa
549 2421 633 2466 est
661 2428 712 2479 p.
744 2411 872 2477 9.66,
917 2426 966 2465 e.
1011 2413 1128 2478 Qua
1157 2412 1208 2463 in
1237 2427 1295 2464 re
1324 2425 1445 2466 cum
1477 2410 1654 2464 mani-

89 2504 328 2560 festatum
362 2502 513 2559 nobis
543 2503 612 2557 sit
641 2502 875 2559 Verbum
903 2543 918 2569 ,
963 2502 1080 2556 haec
1114 2501 1511 2567 manifestatio,
1566 2515 1661 2556 seu

87 2599 380 2670 apparentia
406 2641 420 2663 ,
454 2597 528 2651 uti
570 2606 729 2653 vocat
756 2638 772 2664 ,
820 2596 1058 2674 exterior
1086 2594 1365 2650 Victorino
1392 2593 1585 2650 natalis
1611 2603 1666 2649 et

90 2689 361 2758 generatio
389 2688 629 2760 qumdam
655 2688 910 2743 habetur:
946 2688 1116 2758 inquit
1142 2686 1284 2742 enim
1319 2686 1412 2740 lib.
1436 2686 1516 2751 ‘tv,
1541 2701 1659 2756 pag.

87 2780 202 2848 234,
223 2781 255 2835 d
281 2799 295 2833 :
323 2781 636 2850 Apparentia
657 2796 773 2835 vero
799 2779 860 2833 ab
883 2777 1096 2835 occultis
1118 2788 1264 2832 ortus
1295 2788 1391 2844 est,
1414 2788 1461 2833 et
1487 2779 1548 2832 ab
1573 2795 1662 2832 oc-

91 2875 230 2929 cultis
257 2883 418 2938 ortus,
454 2884 499 2929 et
531 2876 718 2929 natalis
740 2883 832 2940 est,
871 2884 920 2928 et
955 2879 1065 2948 ejus
1089 2872 1296 2937 natalis,
1328 2873 1415 2942 qui
1441 2882 1488 2926 et
1517 2882 1660 2926 ante-

91 2983 229 3036 quam
265 2969 343 3022 sic
380 2968 616 3032 oriretur,
647 2961 917 3033 exstiterit,
954 2967 1042 3021 ubi
1069 2980 1326 3035 expresse
1354 2966 1655 3036 generatio-

92 3072 200 3112 nem
263 3058 681 3130 metaplioricam
735 3058 914 3113 Verbo
973 3059 1158 3113 tribuit
1209 3058 1432 3127 iii-ipsa
1483 3072 1660 3112 rerum

1766 1876 2236 1946 correctioncSque
2256 1879 2779 1946 commentabantur,
2811 1881 2943 1937 illud
2971 1896 3184 1940 cautum
3215 1887 3333 1957 fuit,

1762 1966 1903 2035 quod
1949 1967 2108 2022 refert
2145 1967 2203 2023 S.
2247 1969 2574 2026 Athanasius
2605 1973 2655 2026 in
2687 1981 2832 2028 tomo
2857 1973 2922 2028 ad
2955 1977 3343 2049 Antioclienos,

1763 2062 1851 2130 qui
1885 2061 2151 2130 tamquam
2182 2063 2396 2117 concilii
2429 2063 2774 2119 Alexandrini
2802 2066 3052 2136 synodica
3079 2068 3337 2127 habetur:

1766 2151 2027 2218 Quamuis,
2061 2152 2233 2222 inquit
2259 2169 2404 2208 num.
2436 2155 2488 2220 5,
2523 2171 2641 2226 pag.
2675 2155 2800 2223 772,
2832 2174 2934 2210 non
2967 2160 3099 2214 nulli
3125 2164 3350 2231 postula—

1762 2246 1895 2309 rint,
1920 2256 1974 2298 ut
2004 2247 2236 2314 quadam
2260 2246 2321 2299 de
2345 2248 2446 2316 ﬁde
2470 2248 2826 2314 scriberentur,
2858 2250 3004 2317 quasi
3029 2251 3224 2320 aliquid
3250 2253 3301 2307 Ν
3307 2255 3350 2307 i-'

1765 2349 1918 2388 create
1955 2336 2149 2404 synodo
2179 2336 2387 2400 deesset,
2427 2346 2577 2406 atque
2612 2339 2665 2390 id
2703 2340 2928 2394 obtinere
2956 2343 3124 2395 conati
3165 2353 3348 2399 temere

1765 2427 1992 2496 fuerint;
2040 2427 2264 2497 synodus
2309 2437 2476 2482 tamen
2523 2417 2756 2485 Sbrdica:
2794 2440 2970 2487 coacta
3002 2449 3109 2487 rem
3142 2435 3350 2506 indigne

1767 2518 1880 2572 tulit
1905 2560 1920 2585 ,
1963 2509 2269 2589 sanciuilque
2296 2560 2312 2586 ,
2368 2531 2424 2575 ut
2465 2521 2661 2576 nullum
2705 2523 2839 2577 ultra
2884 2525 2946 2578 de
2983 2525 3086 2593 ﬁde
3119 2526 3349 2598 ederetur

1764 2615 2086 2684 rescriptum,
2125 2616 2212 2670 sed
2231 2617 2486 2687 sufﬁceret
2518 2617 2645 2687 ﬁdes
2672 2636 2704 2672 a
2733 2618 2972 2674 Patribus
3001 2619 3195 2676 Nician:
3223 2638 3348 2693 pro-

1765 2705 2014 2777 mulgata,
2054 2707 2239 2783 quippe
2259 2706 2371 2775 qua:
2397 2710 2450 2761 in
2480 2709 2622 2763 nullo
2649 2711 2906 2781 deﬁceret,
2943 2712 3030 2764 sed
3057 2713 3205 2780 plena
3232 2715 3342 2782 pie-

1767 2799 1889 2851 tatis
1911 2809 2072 2866 esset;
2095 2803 2390 2878 statuitque,
2410 2819 2472 2855 ne
2483 2803 2645 2857 altera
2675 2805 2906 2858 ederetur
2926 2807 3046 2875 ﬁdei
3073 2808 3344 2875 professio,

1767 2904 1829 2942 ne
1852 2906 1967 2960 quia
1997 2889 2186 2945 Nicceae
2221 2892 2408 2963 scripta
2449 2896 2636 2962 fuerat,
2667 2895 2964 2966 imperfecta
3000 2907 3340 2966 reputaretur,

1766 2996 1928 3052 neque
1947 2983 2145 3036 occasio
2172 2983 2234 3036 iis
2263 2967 2487 3051 dcretur,
2514 2985 2602 3055 qui
2621 3001 2750 3057 sirpe
2779 3002 2986 3040 numero
3006 2988 3068 3042 de
3089 2989 3192 3056 ﬁde
3215 2991 3337 3043 scri-

1733 3116 1737 3120 -
1769 3076 1884 3130 bere
1922 3092 1981 3131 ac
2021 3076 2235 3145 deﬁnire
2283 3077 2478 3133 volunt.
2521 3081 2590 3133 At
2621 3078 2720 3134 hac
2749 3081 2998 3136 cautione
3028 3081 3095 3136 ab
3133 3084 3344 3138 Arianis

94 3153 392 3216 "alioue?
418 3161 466 3206 ⁸⁸
507 3161 776 3222 “nmium”
809 3153 882 3206 δίε
911 3153 1151 3217 oriretur,
1189 3151 1439 3214 3mth
1486 3151 1658 3221 ipsum
1690 3158 1732 3221 C
1766 3177 2106 3238 contempta,
2138 3169 2189 3223 in
2230 3184 2296 3224 eo
2323 3170 2561 3239 quotidie
2585 3169 2953 3236 laborabatur,
2989 3181 3045 3227 ut
3066 3189 3171 3243 quo
3199 3175 3345 3244 quis-

100 3244 160 3297 ab
198 3254 396 3301 eterna
439 3246 712 3301 exstitisse
752 3260 818 3300 ex
863 3244 952 3299 illa
993 3244 1339 3314 generatione
1378 3253 1575 3300 aeterna
1607 3253 1663 3299 et

97 3338 285 3416 intima,
325 3338 396 3394 de
421 3351 523 3409 qua
555 3339 611 3393 in
637 3337 1005 3407 superioribus
1034 3338 1168 3392 satis
1193 3337 1393 3392 dictum
1420 3346 1523 3392 est.
1551 3336 1658 3390 Ne-

97 3429 192 3499 gari
213 3430 424 3500 quidem
447 3430 630 3500 nequit
653 3429 770 3486 hinc
798 3431 1048 3485 subtilius
1069 3439 1126 3486 et
1151 3430 1434 3486 obscurius
1459 3430 1660 3501 scripta

99 3534 122 3572 s
143 3519 403 3591 Victorino
427 3563 444 3590 ,
476 3530 638 3592 atque
680 3537 746 3577 ex
778 3521 1087 3580 dialectices
1107 3564 1123 3589 ,
1157 3523 1208 3576 in
1235 3538 1338 3592 qua
1366 3524 1658 3592 plurimum

103 3609 444 3669 delectabatur
467 3655 484 3681 ,
513 3609 978 3684 regulisderivata
1005 3655 1020 3679 ,
1058 3613 1108 3668 id
1139 3614 1279 3684 quod
1309 3616 1360 3669 in
1387 3629 1453 3670 eo
1477 3630 1660 3686 repre-

102 3701 263 3758 hendit
297 3703 355 3760 S.
392 3703 784 3777 Hieronymus:
833 3705 926 3760 sed
971 3704 1121 3760 aliud
1157 3714 1240 3760 est
1279 3706 1654 3763 obsctrritatem

100 3792 492 3868 dialectieenque
521 3799 575 3853 in
617 3797 736 3867 ejus
783 3797 936 3852 libris
978 3797 1236 3852 adversus
1265 3798 1496 3854 Arianos
1534 3814 1659 3869 per-

101 3890 351 3962 stringere,
398 3891 544 3947 aliud
592 3892 851 3946 obscuras
889 3891 1146 3958 quasdam
1198 3891 1363 3960 ipsius
1400 3891 1658 3948 formulas

102 3981 355 4040 deﬂectere
385 3985 436 4039 in
468 3984 790 4040 sententiain
816 4023 834 4050 ,
873 3999 1032 4055 quam
1060 3977 1449 4037 disertissimis
1478 3984 1656 4040 verbis

104 4071 178 4127 ille
199 4074 313 4129 totis
338 4084 566 4140 quatuor
596 4071 792 4130 iisdem
817 4074 966 4128 libris
993 4075 1269 4144 impugnat
1294 4115 1308 4138 ,
1345 4074 1490 4156 quod
1525 4075 1652 4130 fecit

106 4161 287 4232 Petam,
319 4176 373 4221 ut
404 4181 472 4221 ne
501 4167 570 4221 dc
598 4167 1040 4235 interpretatione
1062 4166 1382 4238 cogitaverit
1411 4167 1647 4237 quidem.

105 4251 243 4312 Vides
264 4256 498 4322 interim,
553 4254 768 4329 [xcvm]
821 4256 990 4311 lector
1013 4257 1236 4326 Optime,
1281 4271 1383 4325 qua
1409 4257 1656 4313 cautione

107 4348 393 4402 versuidutu
425 4349 495 4404 sit
539 4348 594 4402 in
641 4348 984 4419 antiquorum
1015 4347 1375 4422 voluminibus
1402 4387 1415 4410 ,
1457 4363 1524 4402 ne
1549 4363 1653 4418 qua

107 4433 322 4494 fallamur
347 4440 587 4510 ipsorum
605 4439 889 4503 locutione
911 4481 927 4507 ,
967 4454 1125 4510 quam
1153 4454 1223 4495 ex
1258 4447 1439 4495 nostra
1467 4440 1651 4509 vulga-

1764 3263 1883 3332 quis
1909 3277 2033 3318 suas
2061 3275 2241 3335 partes
2268 3265 2351 3335 (in
2383 3280 2515 3336 quas
2544 3266 2642 3334 ipsi
2674 3266 2812 3322 inter
2858 3281 2915 3322 se
2946 3283 3156 3339 quoque
3188 3281 3339 3325 erant

1763 3353 1955 3427 divisi)
1997 3365 2254 3428 augeret,
2296 3358 2762 3428 simplicioresque
2805 3359 3113 3431 deciperet;
3161 3365 3334 3418 varias

1762 3447 1946 3501 ederet
1970 3447 2119 3514 ﬁdes,
2155 3462 2246 3502 seu
2277 3458 2520 3503 tractatus
2541 3448 2685 3518 ﬁdei,
2718 3449 2769 3504 in
2802 3450 2994 3519 quibus
3019 3466 3168 3506 suam
3195 3453 3342 3523 quis-

1762 3553 1865 3609 que
1899 3540 2216 3593 sententiam
2255 3551 2310 3594 et
2349 3555 2588 3596 errorem
2627 3539 2811 3597 multis
2848 3541 3340 3601 ratiocinationibus

1761 3641 1815 3687 et
1840 3632 2181 3702 argumentis
2199 3640 2475 3688 statueret.

1835 3724 2030 3779 llarum
2080 3724 2424 3787 formularum
2466 3735 2519 3781 et
2569 3726 2758 3782 horum
2798 3734 3114 3783 tractatuum
3157 3727 3339 3783 multi-

1763 3815 2050 3886 plicitatem
2081 3831 2143 3872 ac
2181 3833 2409 3887 pugnam
2453 3820 2708 3888 praeclare
2733 3819 2974 3891 depingit
2999 3834 3214 3877 coaevus
3242 3837 3338 3875 au-

1759 3919 1876 3964 ctor
1902 3909 1959 3966 S.
1996 3910 2225 3964 llilarius
2252 3911 2344 3966 lib.
2373 3928 2410 3964 ll
2448 3909 2515 3965 ad
2544 3911 2914 3968 Constantium
2947 3928 3096 3968 num.
3120 3914 3176 3979 4,
3207 3929 3334 3985 pag,

1759 4001 1883 4067 545,
1925 4003 2014 4057 ubi
2055 4010 2335 4072 postquam
2384 4003 2670 4057 altlrmavit
2711 4004 2960 4070 Arianos,
3008 4004 3134 4059 dum
3177 4007 3337 4061 fidem

1758 4093 2022 4164 requisiti,
2048 4078 2157 4147 sua
2187 4093 2431 4155 scribunt,
2460 4103 2507 4147 et
2549 4093 2672 4146 dum
2710 4109 2825 4163 quae
2853 4093 2949 4148 Dei
2983 4104 3122 4162 sunt,
3154 4097 3341 4164 μνωάὶ-

1759 4195 1894 4253 cant,
1922 4187 2093 4242 orbem
2116 4196 2361 4242 (sternunt
2392 4188 2580 4241 erroris
2611 4197 2657 4241 et
2690 4186 2949 4241 redeuntis
2973 4187 3027 4241 in
3061 4204 3116 4242 se
3144 4204 3343 4258 semper

1758 4280 2046 4334 certaminis
2087 4278 2471 4332 circumtulisse.
2520 4277 2630 4333 Sub
2675 4279 2824 4348 cujus
2863 4279 3177 4334 necessitatis
3211 4291 3342 4335 tam-

1707 4388 1712 4391 ‘
1756 4388 1906 4442 quam
1927 4369 2248 4441 improbabiti
2268 4371 2550 4436 occasione,
2573 4369 2850 4424 scribenda!
2867 4380 3017 4440 atque
3040 4370 3342 4427 innovandos

1757 4463 1880 4532 ﬁdei
1914 4461 2097 4517 exinde
2133 4479 2256 4517 usus
2293 4463 2520 4518 inolevit.
2566 4462 2675 4559 Qui
2698 4471 2964 4532 postquam
3007 4477 3147 4517 noua
3173 4465 3341 4533 potius

108 4531 202 4586 rite
235 4525 491 4589 Sententia
533 4531 905 4603 explicandam
953 4541 1200 4602 putemus
1221 4574 1244 4597 ι
1288 4547 1408 4587 cum
1442 4532 1516 4587 illi
1546 4546 1652 4587 non

1772 4556 1906 4623 :mpit
1936 4553 2174 4617 condere,
2200 4569 2350 4623 quam
2371 4534 2859 4624 acceptare‘iinere;
2886 4571 2976 4609 nec
3010 4564 3230 4609 veterata
3253 4556 3344 4611 de-

107 4635 354 4695 nunquam
377 4628 536 4680 aliam
561 4616 642 4680 vel
666 4626 766 4680 sevi
787 4625 868 4679 vel
893 4625 1096 4680 scholae
1125 4624 1348 4695 alicujus
1378 4626 1649 4697 propriam

109 4714 148 4766 ei
169 4713 400 4793 locutioni
425 4718 754 4788 subjecerint
777 4734 800 4784 ',
825 4718 875 4771 id
904 4717 1045 4789 quod
1068 4726 1182 4801 tum
1222 4718 1520 4785 praesertim
1561 4732 1654 4772 su-

110 4803 268 4868 talari
299 4823 395 4880 par
430 4819 536 4875 est,
566 4825 687 4863 cum
715 4823 783 4864 ex
809 4807 962 4863 obvia
995 4808 1350 4878 explicatione
1380 4808 1654 4888 indignum

112 4895 270 4968 aliquid
293 4902 525 4972 eruitur,
555 4900 698 4973 quod
732 4903 784 4956 in
814 4915 1058 4957 errorem
1091 4909 1145 4959 et
1175 4901 1408 4956 dedecus
1436 4901 1647 4971 sapien-
1687 4923 1691 4925 ·

114 4985 416 5055 liabet-um.
451 4996 536 5050 vel
566 4996 735 5050 etiam
767 4995 1230 5050 sanctissimorum
1260 4994 1538 5050 hominum
1565 5011 1654 5051 ce-

115 5077 200 5138 tht.
223 5083 322 5141 Hoc
347 5089 610 5163 principio
640 5104 739 5144 nos
765 5088 825 5144 8.
855 5087 1124 5144 Zenonem
1150 5131 1164 5153 ,
1197 5103 1358 5161 quem
1391 5089 1444 5145 in
1475 5090 1653 5158 perni-

115 5171 218 5230 tiosi
240 5178 450 5233 nimium
479 5181 684 5235 erroris
706 5181 1065 5250 suspicionem
1091 5179 1406 5235 devocatum
1430 5166 1459 5234 a
1487 5175 1653 5254 Peta-

115 5255 184 5317 Vin
215 5264 531 5338 Iegeramus,
576 5272 898 5325 accuratiori
941 5271 1193 5326 examine
1240 5271 1653 5342 pervolventes,

115 5357 356 5436 sellium
371 5360 491 5430 ejus
507 5362 832 5415 sententiam
859 5363 991 5416 satis
1011 5362 1261 5418 eduxisse
1282 5373 1336 5417 et
1356 5363 1656 5432 explicasse

117 5447 536 5520 “videmur,
561 5468 686 5524 qua:
716 5453 783 5508 ad
812 5455 1284 5509 Antenicaznoruni
1316 5471 1528 5526 quoque
1559 5457 1657 5510 Pa-
1710 5472 1713 5474 ·

119 5547 232 5628 ttIIt
251 5543 607 5620 Victorinique
644 5547 906 5627 vindicias
945 5545 1336 5617 comparandas
1377 5564 1481 5604 nou
1510 5550 1658 5605 nihi-

121 5627 210 5690 li
229 5640 486 5708 eoat-liL-

1690 5647 1696 5655 .
1766 5576 1932 5630 dimus
1955 5573 2018 5626 ab
2042 5589 2102 5627 ea
2118 5573 2241 5641 ﬁde,
2261 5588 2373 5643 qua!
2397 5573 2510 5626 sola
2539 5581 2612 5625 est
2635 5589 2652 5625 :
2690 5580 2735 5625 et
2758 5571 2881 5624 dum
2907 5570 3079 5639 plures

1762 4649 1944 4720 fendit,
1974 4664 2064 4702 nec
2092 4648 2331 4701 innovate
2361 4648 2583 4718 ﬁrmavit
2607 4662 2624 4700 :
2650 4657 2695 4701 et
2724 4651 2859 4718 facta
2889 4658 2960 4700 est
2994 4648 3120 4716 ﬁdes
3145 4657 3342 4718 lemm-

1761 4757 1901 4807 rum,
1950 4741 2118 4814 potius
2156 4756 2306 4812 quam
2355 4737 2766 4810 Euangeliorum,
2805 4738 2925 4792 dum
2962 4750 3011 4793 et
3061 4743 3339 4793 secundum

1761 4849 1921 4888 annos
1950 4831 2253 4886 describitur
2273 4874 2287 4897 ,
2331 4841 2378 4886 et
2408 4817 2685 4886 secundum
2709 4817 3074 4901 confessionem
3096 4830 3340 4902 baptismi

1762 4943 1862 4982 non
1893 4935 2112 4981 tenetur.
2148 4925 2504 4980 Periculosum
2541 4925 2682 4979 nobis
2716 4924 2991 4978 admodum
3017 4928 3164 4993 atque
3189 4923 3343 4976 etiam

1753 5019 2040 5074 miserabile
2062 5027 2154 5081 est,
2181 5027 2249 5072 tot
2281 5034 2418 5072 nunc
2441 5017 2569 5087 ﬁdes
2592 5017 2846 5082 exsistere,
2880 5023 2996 5084 quot
3020 5014 3342 5080 voluntates;

1756 5120 1804 5166 et
1830 5121 1899 5165 tot
1925 5111 2067 5165 nobis
2101 5110 2359 5164 doctrinas
2409 5125 2536 5174 esse,
2568 5117 2686 5178 quot
2732 5123 2936 5172 mores;
2973 5116 3021 5160 et
3061 5114 3132 5160 tot
3158 5111 3369 5161 causas

1759 5204 2196 5274 blasphemiarum
2222 5203 2498 5274 pullulare,
2541 5210 2660 5271 quot
2693 5200 2816 5253 uitia
2840 5207 2959 5252 sunt
2983 5214 3003 5253 :
3033 5207 3140 5252 tum
3161 5207 3250 5253 aut
3271 5199 3347 5254 ita

1760 5297 1887 5365 ﬁdes
1915 5295 2227 5362 scribuntur,
2258 5304 2316 5350 ut
2334 5295 2582 5366 volumus,
2606 5302 2692 5348 aut
2711 5292 2804 5353 ita,
2826 5299 2881 5344 ut
2901 5286 3162 5360 nolumus,
3189 5290 3317 5344 intel

1765 5389 2010 5461 liguntur.
2032 5387 2198 5461 [xcrx]
2235 5388 2448 5452 Etcum,
2470 5385 2748 5439 secundum
2767 5399 2926 5438 unum
2941 5381 3102 5437 Deum
3122 5392 3172 5437 et
3187 5399 3267 5436 ιη’
3291 5391 3307 5412 ‘

1767 5468 2046 5535 Dominum
2075 5490 2122 5534 et
2143 5497 2300 5533 unum
2331 5479 2599 5548 baptisma,
2622 5479 2776 5532 etiam
2803 5477 2929 5545 ﬁdes
2961 5492 3067 5530 una
3091 5476 3176 5539 sit,
3236 5469 3302 5503 ι’

1776 5576 1931 5596 Js_---.-
1963 5573 2018 5596 ..ι
2052 5589 2102 5596 --
2124 5573 2220 5596 ι..-
2269 5588 2373 5596 -.-_
2401 5573 2509 5596 --ι-
2547 5581 2612 5596 --ι
2640 5589 2652 5596 .
2695 5580 2735 5596 ,ι
2762 5571 2878 5596 1-.-.
2908 5570 3079 5596 ..ι-...--
3108 5568 3138 5596 ε
3182 5580 3196 5596 ο
3223 5547 3296 5596 ad

3102 5559 3257 5637 βαι

1767 5668 1821 5722 id
1842 5675 2098 5739 caper-unt
2121 5638 2253 5730 esse,
2274 5638 2349 5720 ne
2376 5665 2484 5718 ulla
2510 5665 2612 5728 sit;
2654 5672 2710 5720 et
2739 5677 2884 5717 num.
2909 5638 2984 5728 Β,
3017 5638 3286 5739 υΙχΑἿίξίΫ

1769 5734 2059 5815 dictionum
2075 5756 2318 5828 exempla
2341 5757 2581 5824 subiicit:
2602 5754 2802 5812 Conscii
2822 5756 2955 5810 enim
2972 5769 3029 5807 iv
3088 5734 3279 5793 "mmo
