3826 6226
476 238 621 340 its-

1851 234 2087 329 PROLEt

2192 277 2389 333 unus.
2741 275 2745 278 ’
2822 305 2835 315 -
3274 254 3277 255 ί
3396 254 3399 255 ί
3608 290 3730 355 ,ιω

387 390 393 397 ’
491 383 704 457 inuicem
732 418 907 457 sumus
937 441 950 463 ,
982 407 1110 467 .post
1139 395 1320 448 nicatni
1348 398 1614 445 conventus
1639 390 1909 459 synodum,
1939 389 2068 441 nihil
2171 409 2229 444 ac
2269 392 2399 461 ﬁdei
2417 397 2681 451 sa’t‘ularis
2706 416 2877 454 amore
2894 401 3163 471 jactantia!
3188 406 3461 463 accenssrs,
3490 406 3735 457 'ttascentis

494 497 641 567 aliud
661 511 812 565 quam
838 492 989 569 ﬁdem
1009 487 1177 540 scribi.
1204 484 1340 537 Dum
1362 483 1415 535 in
1442 481 1602 555 verbis
1631 498 1805 553 pugna
1826 489 1922 545 est,
1950 479 2105 559 dum“

496 582 561 638 de
587 581 887 638 novitatibus
906 572 1117 646 questio
1136 583 1228 638 est,
1253 574 1374 627 dum
1396 574 1459 626 de
1480 570 1728 644 ambiguis
1757 571 1953 624 Occasio
1975 579 2070 635 est,

498 680 618 732 dum
644 676 708 730 de
726 672 1014 728 auctoribus
1043 669 1247 735 querela
1272 678 1367 735 est,
1391 669 1520 723 dum
1539 669 1601 733 de
1619 668 1800 721 studiis
1821 676 2072 720 certamen

499 776 592 831 est,
630 767 752 819 dum
785 765 840 817 in
874 748 1118 833 consensu
1138 760 1424 833 difﬁcultas
1458 768 1553 823 est,
1594 756 1719 811 dum
1757 751 1888 810 alter
1928 757 2075 833 alteri

500 837 767 912 anathema
794 860 910 907 esse'
927 832 1074 921 coepit
1097 867 1115 905 :
1144 832 1303 923 prape
1317 855 1433 925 jam
1456 859 1600 904 uento
1628 847 1818 903 Christi
1850 858 1942 901 est.
1976 832 2072 900 In?

500 960 633 1006 certo
652 949 783 1003 enim
805 944 1155 1010 doctrinarum
1180 932 1327 997 vento
1346 957 1588 1011 vagamur
1610 956 1628 994 :
1656 949 1703 993 et
1723 947 1813 992 aut
1837 937 1959 991 dum
1982 940 2075 991 do-

500 1044 688 1100 cemus,
718 1032 1073 1109 perturbemus
1096 1050 1115 1098 ;
1142 1038 1229 1106 a’ut
1250 1033 1377 1116 dum
1393 1031 1650 1094 docemur,
1675 1022 1923 1116 erramus.
1952 1026 2074 1081 lam

500 1137 614 1186 itero
638 1126 860 1200 prosim!
876 1127 1001 1180 anni
1020 1126 1169 1194 ﬁdes,
1191 1125 1313 1194 quid
1332 1125 1446 1194 jam
1474 1122 1539 1175 de
1564 1119 1914 1174 intmutatione
1941 1121 1994 1172 in
2021 1136 2073 1174 se

502 1224 675 1279 habet?
695 1221 950 1287 Primum,
973 1235 1086 1290 qua:
1105 1220 1402 1272 homousion
1424 1209 1648 1271 decernit
1669 1215 1844 1268 taceri:
1866 1230 2076 1284 sequens

500 1328 723 1381 rursum,
748 1322 861 1383 quae
889 1312 1185 1365 homousion
1214 1307 1464 1371 decernit,
1488 1316 1536 1361 et
1556 1304 1844 1375 praedicat:
1872 1308 2076 1359 tertium

489 1408 771 1478 deinceps;
799 1421 910 1477 qua:
948 1405 1109 1459 usiam
1145 1401 1441 1468 simpliciter
1477 1417 1508 1454 a
1552 1397 1790 1453 Patribus
1827 1390 2076 1468 prmum?-

503 1506 663 1569 ptant,‘
705 1515 793 1565 per
817 1495 1180 1567 indulgentiam
1209 1501 1448 1546 excusat:
1483 1500 1793 1561 postremum
1817 1490 2097 1561 quartum,‘

503 1607 617 1663 quia
638 1607 739 1644 non
759 1597 979 1650 excusat,
1012 1584 1101 1638 sed
1117 1582 1445 1637 condemnat.
1486 1581 1556 1635 Et
1587 1588 1707 1651 post
1729 1595 1895 1652 pauca
1924 1597 1954 1633 :-
1976 1582 2081 1634 An-

500 1703 632 1742 nuas
656 1693 803 1753 atque
827 1688 1104 1733 menstruas
1132 1676 1290 1749 (adeo
1313 1675 1620 1746 frequenter
1642 1673 2002 1740 mutabantur,
2028 1683 2084 1728 et

2173 479 2272 535 Dei
2311 483 2373 535 de
2420 481 2524 538 Deo
2566 486 2902 557 Spiritusque'
2927 488 3090 541 sancti
3118 487 3531 542 inaestimabilem
3564 481 3735 544 incont-

2173 572 2658 643 preltensibilemque
2697 578 2975 630 diuinitatis
3001 563 3419 646 perpetuitatem,
3450 583 3578 651 jure
3607 582 3733 646 ipso,

2172 678 2271 730 quo
2297 680 2358 718 ex
2380 682 2433 718 se
2458 673 2548 729 est,
2579 667 2889 737 argumentis
2916 681 3115 736 cogere,
3137 668 3453 736 examinare,
3476 672 3662 735 metiri,
3689 689 3735 724 ac

2173 754 2455 807 discernere
2484 770 2630 822 posse
2658 742 3012 822 prmsumebat.
3045 754 3180 811 Huic
3215 774 3365 829 ergo,
3398 759 3523 835 licet
3560 761 3735 818 fortas-

2173 842 2251 896 sis
2274 843 2547 899 nonmala
2579 850 2758 899 mente
2788 842 2927 900 hanc
2950 846 3371 916 disputationem
3398 834 3624 922 aggredi
3651 858 3736 909 vcl-

2174 931 2268 997 let,
2301 939 2358 985 ut
2387 933 2454 986 ab
2482 931 2648 988 hocce
2676 935 2892 998 curioso
2919 938 3101 993 studio
3126 946 3412 1009 avocaret,
3462 938 3736 1011 periculum
3790 984 3791 1005 ι

2172 1022 2433 1104 ejusmodi
2475 1023 2889 1093 disputationum
2918 1042 3044 1088 ante
3078 1034 3264 1089 oculos
3304 1036 3486 1106 p’osuit
3520 1054 3536 1090 :
3565 1048 3623 1094 et
3660 1041 3738 1094 bac

2175 1116 2455 1172 occasione
2477 1126 2738 1175 tractatus
2766 1120 2889 1176 iidei
2914 1164 2930 1189 ,
2962 1124 3051 1194 qui
3074 1125 3362 1183 'Sillﬁliblls
3389 1129 3739 1186 ratioCinatio-

2176 1209 2334 1266 nibus
2363 1210 2429 1265 ab
2454 1210 2671 1305 Arianis
2699 1213 2754 1268 in
2790 1214 2906 1269 dies
2931 1214 3251 1284 edebantur,
3283 1220 3335 1275 in
3379 1204 3738 1276 invidiam‘vo-
3790 1234 3791 1303 ι

2177 1310 2298 1367 eat;
2330 1302 2525 1373 quippe
2553 1302 2642 1373 qui
2674 1304 2870 1369 lidem‘,
2917 1324 3073 1379 quam
3110 1309 3478 1379 explicandam
3515 1322 3575 1366 et
3603 1327 3740 1383 argu-
3790 1324 3791 1369 Υ

2177 1395 2375 1450 mentis
2403 1399 2823 1454 conﬁrmandam
2862 1400 2962 1456 sibi
3000 1412 3359 1472 sumpserant,
3400 1402 3679 1459 discidisse
3702 1416 3742 1459 et

2180 1484 2511 1541 destruxisse
2550 1489 3024 1547 convincebantur.
3068 1482 3125 1547 in
3168 1492 3304 1548 hanc
3341 1509 3456 1549 rem
3492 1494 3745 1549 credulita-
3790 1482 3791 1551 Ϊ

2182 1585 2301 1646 tem,
2340 1594 2435 1635 seu
2472 1579 2630 1635 ﬁdem
2660 1582 2955 1652 simplicem
2983 1601 3093 1655 prm
3127 1585 3310 1663 subtili
3339 1587 3587 1644 doctrina
3614 1605 3743 1644 com-

2185 1669 2430 1735 mendat,
2463 1672 2603 1740 quod
2640 1689 2700 1729 ea
2731 1691 2832 1729 una
2864 1677 3151 1732 universim
3181 1679 3484 1735 necessaria
3518 1683 3619 1748 sit,
3653 1685 3745 1736 lucc
3790 1688 3791 1748 ς

507 1790 660 1832 novat
703 1767 929 1828 subinde
974 1765 1305 1838 edebantur)
1347 1767 1409 1820 de
1447 1766 1557 1820 Deo
1585 1766 1711 1835 ﬁdes
1742 1766 2077 1832 decernimus,
2114 1758 2159 1826 B
2186 1773 2375 1849 autem,
2396 1768 2824 1836 prmsumptionis
2855 1777 2909 1822 et
2939 1769 3159 1837 periculi
3187 1761 3544 1841 plenajunde
3571 1775 3644 1827 ait
3668 1793 3747 1826 nu-
3790 1812 3791 1849 ξ

504 1867 715 1922 decretis
752 1865 1068 1934 paenitetnus,
1115 1863 1409 1930 paenitentes
1456 1856 1801 1927 defendimus,
1849 1848 2084 1926 defensos

460 1992 464 1996 -
508 1956 993 2016 anatlteinatizamus
1018 1973 1036 2020 ;
1075 1963 1164 2008 aut
1188 1954 1239 2007 in
1268 1952 1455 2005 nostris
1485 1950 1683 2029 aliena,
1715 1959 1802 2001 aut
1833 1949 1886 2001 in
1907 1948 2086 2001 alienis

506 2060 679 2106 nostra
706 2049 1005 2101 damnamus
1027 2062 1046 2111 ;
1086 2054 1131 2099 et
1160 2040 1446 2095 mordentes
1484 2041 1726 2101 invicem,-
1735 2040 1849 2108 jam
1875 2054 2073 2119 assum-

510 2145 586 2215 pti
612 2149 787 2195 sumus
814 2141 883 2194 'ab
911 2141 1145 2193 inuicem.
1195 2137 1358 2190 Erant
1384 2136 1577 2203 quippe
1608 2135 1782 2201 plures
1811 2130 1931 2184 ﬁdei
1976 2130 2084 2184 lor-

512 2235 693 2301 multe,
737 2236 844 2287 tum
890 2230 1053 2285 variis
1089 2228 1427 2305 Arianorunr
1451 2237 1505 2280 et
1540 2222 1995 2279 Sctniarianorum
2030 2222 2083 2276 in

516 2327 738 2399 synodis
766 2324 955 2390 editas,
999 2328 1106 2377 tum
1149 2336 1265 2389 qua:
1302 2336 1338 2372 a
1382 2318 1693 2401 quibusdam
1725 2310 1992 2387 episcopis
2033 2319 2085 2373 itt

515 2416 625 2473 suae
652 2425 811 2473 sectae
840 2412 1201 2469 defensionem
1232 2406 1722 2488 promulgabatttut-_.
1757 2407 1882 2461 Haec
1910 2408 2088 2477 itaque

515 2517 638 2562 sunt
659 2505 894 2561 illimulti
915 2493 1178 2568 tractatus,
1204 2502 1375 2555 multa:
1394 2489 1608 2567 ﬁdes,'et
1628 2489 2090 2565 quidem‘novellw,’

512 2610 558 2654 et
584 2600 688 2653 litis
714 2597 949 2657 laboreet
977 2594 1150 2662 favore
1169 2594 1391 2653 nutritw.
1421 2605 1553 2661 quas
1582 2590 1641 2646 S.
1673 2589 1819 2645 Zeno
1849 2605 2088 2646 comme-

521 2698 694 2746 morat
739 2695 945 2746 tractat.
970 2704 983 2741 t
1013 2688 1102 2742 lib.
1134 2702 1169 2751 ι,
1196 2700 1342 2739 num.
1376 2685 1429 2738 5.

590 2766 646 2836 In
673 2783 753 2835 his
780 2764 957 2837 autem
988 2789 1183 2849 quanta
1204 2771 1493 2833 subtilitate
1523 2776 1744 2846 ingenii,
1781 2786 2090 2849 quantaque

520 2874 1036 2944 argumentationum
1078 2871 1131 2926 vi
1167 2880 1441 2939 uterentur
1480 2871 1714 2925 haeretici
1744 2885 1938 2940 magno
1968 2886 2089 2924 cum

519 2954 811 3034 legentium
854 2962 1120 3032 periculo,
1166 2972 1308 3032 patet
1347 2979 1416 3018 ex
1451 2962 1721 3016 Athanasii
1761 2962 1986 3032 epistola
2025 2962 2090 3017 ad

520 3061 813 3129 Episcopos
838 3058 1057 3131 [Egypti
1092 3070 1144 3114 et
1169 3060 1350 3129 Libya:
1385 3074 1503 3128 pug.
1536 3058 1640 3113 278
1663 3101 1675 3121 ,
1709 3073 1854 3119 nunt.
1888 3057 1920 3111 8
1942 3100 1956 3125 ,
2002 3058 2090 3111 ubi

2190 1869 2325 1908 mer.
2360 1848 2381 1907 i
2413 1874 2427 1908 :
2458 1854 2935 1925 blanifestissimum
2964 1867 3103 1922 puto,
3131 1860 3283 1912 nimis
3308 1870 3477 1915 astuto
3514 1878 3623 1917 esse
3647 1865 3747 1916 siat-
3790 1840 3791 1895 Ῑ

2188 1945 2369 2012 plicem
2408 1946 2666 1999 meliorem
2709 1963 2727 2001 :
2769 1950 2888 2015 quia
2934 1946 3152 2018 simpleai
3197 1951 3430 2006 omnibus
3471 1952 3569 2007 Dei
3612 1957 3749 2008 verbis
3790 1990 3791 1995 η

2188 2035 2487 2103 simpliciter
2512 2037 2710 2103 credit;
2736 2048 2932 2093 astutus
2964 2048 3131 2115 autem
3161 2042 3317 2096 nimia
3345 2044 3600 2115 sapientia
3632 2047 3749 2113 infa-

2189 2132 2357 2177 tuatus
2380 2166 2395 2190 ,
2438 2126 2847 2195 inquisitionibus
2887 2121 3028 2183 uanis
3069 2111 3224 2185 semet
3265 2133 3436 2203 ipsum
3477 2139 3746 2206 confundit.

2187 2214 2302 2270 Non
2332 2216 2511 2286 itaque
2537 2216 2834 2287 simplicem
2880 2220 3230 2295 didascaliam
3265 2224 3387 2281 ﬁdei
3416 2225 3474 2282 S'.
3496 2227 3641 2283 Zeno
3668 2229 3748 2283 huc

2188 2306 2306 2361 loco
2334 2306 2712 2377 reprehendit,
2746 2326 2904 2381 quam
2952 2329 3054 2367 non
3087 2326 3244 2384 negat
3282 2320 3675 2384 necessariam,
3706 2332 3749 2375 ut

2180 2398 2308 2474 quis
2334 2398 2466 2483 sciat
2488 2437 2508 2466 ,ε
2531 2400 2788 2470 quidquid
2813 2403 3035 2459 credere
3059 2405 3253 2483 debet;
3283 2407 3376 2463 sed
3400 2420 3621 2480 argutas
3648 2412 3749 2466 lidci

2189 2476 2599 2569 disputationes,
2619 2510 2751 2564 quas
2771 2506 2940 2563 vocat,
2961 2513 3058 2553 seu
3081 2478 3302 2555 nimium
3326 2502 3379 2556 in
3401 2502 3503 2558 (ide
3532 2502 3610 2576 [ο]
3646 2521 3751 2560 acu-

2189 2595 2334 2649 men,
2362 2583 2746 2649 curiOsitatem,
2772 2576 3197 2661 d’ialccticenque
3222 2590 3469 2662 pluribus
3502 2597 3749 2664 pernicie.

2191 2689 2304 2728 sam
2335 2675 2486 2731 unice
2515 2678 2838 2734 condemnat
2862 2697 2874 2734 :
2909 2680 3202 2751 Disputatio
3229 2686 3392 2755 enim,
3425 2687 3600 2758 inquit
3628 2706 3680 2743 η.
3704 2689 3747 2751 ‘2,

2190 2769 2319 2821 sicut
2346 2771 2526 2824 excolit
2553 2771 2704 2838 ﬁdem
2724 2791 2743 2838 ;
2763 2774 2857 2837 ita,
2884 2775 2930 2829 si
2960 2787 3157 2831 uersuta
3183 2778 3281 2842 sit,
3312 2762 3544 2834 eradicat
3574 2782 3750 2851 ﬁdem,

2194 2872 2248 2914 ιιι
2271 2861 2324 2915 itt
2352 2861 2671 2917 Arianorum
2693 2863 3143 2934 disputationibus
3160 2878 3319 2941 atque
3337 2868 3652 2928 tractatibus
3677 2891 3750 2927 cx-

2192 2954 2447 3019 perientia
2478 2956 2721 3010 docebat.
2764 2956 2944 3027 Itaque
2983 2962 3210 3029 similia,
3240 2977 3303 3016 ac
3330 2964 3420 3018 alii
3453 2967 3663 3035 Patres,
3704 2967 3748 3022 S.

2194 3044 2340 3099 Zeno
2372 3040 2585 3100 tradtdﬂ
2610 3049 2723 3117 sive
2750 3048 2849 3103 hoc
2872 3054 3167 3107 sermouel
3195 3053 3258 3107 de
3282 3052 3435 3122 Fide,
3460 3074 3616 3126 quem
3646 3059 3755 3113 hac-

519 3152 812 3206 catbolicos
841 3153 905 3205 ab
933 3150 1192 3221 ejusmodi
1219 3144 1537 3218 scriptorum
1566 3138 1793 3224 lectione
1822 3148 2095 3204 deterrere
2122 3135 2167 3197 C
2200 3134 2352 3193 lénus
2378 3143 2717 3196 commenlali
2744 3158 2947 3206 SUIIIIIS.
2981 3144 3093 3213 sive
3123 3140 3273 3211 alibi.
3306 3156 3359 3202 el
3385 3151 3628 3219 pluribus
3656 3156 3754 3222 qui-

520 3254 744 3298 conatur
780 3243 861 3297 bis
901 3244 1077 3297 verbis
1105 3260 1118 3295 :
1161 3241 1299 3295 Nam
1328 3241 1526 3297 etiamsi
1549 3256 1692 3294 uoces
1723 3257 1785 3294 ea:
1810 3240 2093 3310 Scripturis

519 3346 831 3399 mutuentur,
856 3334 1124 3389 scribentes
1154 3333 1483 3387 nihilominus
1512 3334 1758 3401 repellite,
1783 3335 1896 3386 licet
1923 3334 2093 3385 ortho-

521 3429 669 3481 doxa:
695 3429 817 3497 ﬁdei
845 3427 991 3480 verba
1031 3427 1361 3495 protulerint,
1404 3428 1502 3478 nec
1534 3427 1604 3478 sic
1640 3423 1894 3492 loquentes
1934 3425 2093 3477 velitis

516 3518 792 3572 attendere.
841 3515 945 3568 Nec
990 3518 1139 3568 etiam
1182 3527 1319 3567 recta
1357 3526 1517 3568 mente
1545 3516 1838 3583 loquuntur,
1884 3516 1970 3567 sed
2014 3516 2094 3565 Itis

521 3607 683 3661 verbis
712 3607 842 3660 velut
873 3608 1037 3658 ovium
1080 3605 1211 3674 pelle
1247 3604 1442 3670 induti,
1486 3605 1620 3657 intus
1651 3606 1822 3657 eadem
1854 3621 1913 3656 ac
1943 3605 2096 3658 Arius

519 3686 853 3753 sentiunt.....
885 3694 1064 3765 Itaque
1098 3696 1140 3748 si
1166 3710 1279 3765 qua:
1303 3694 1590 3759 scriberent,
1619 3712 1679 3748 ea
1706 3696 1977 3762 scriberent
2007 3712 2093 3748 or-

525 3788 732 3842 thodoxi
753 3829 766 3852 ,
788 3796 843 3853 ut
878 3777 1090 3854 magnus
1116 3784 1323 3847 Hosius,
1365 3796 1468 3838 etc.
1504 3786 1662 3852 (alios
1690 3785 1978 3839 catholicos
2012 3802 2095 3838 rc-

522 3879 890 3951 censcl).......
926 3880 982 3930 .‘i
1016 3878 1093 3931 illi
1122 3876 1350 3950 (Ariani)
1385 3878 1463 3930 Itis
1490 3877 1811 3949 (catholicis)
1835 3882 1997 3929 e‘ssent
2024 3877 2093 3929 si-

520 3975 687 4037 miles,
723 3974 892 4027 nullus
921 3973 1145 4042 profecto
1167 3972 1217 4024 in
1238 3971 1441 4024 illorum
1465 3969 1667 4037 scriptis
1689 3980 1815 4023 esset
1846 3970 2096 4036 suspicio-

524 4065 602 4119 nis
627 4066 767 4118 locus
790 4079 809 4117 :
837 4063 1051 4131 simplex
1071 4062 1203 4116 enim
1223 4079 1283 4115 ac
1310 4062 1582 4138 candidum
1610 4071 1683 4130 est
1715 4061 1935 4115 virorum
1958 4062 2094 4129 Apo-

522 4158 821 4211 stolicorum
848 4143 1124 4226 ingenium.
1158 4155 1223 4208 Et
1249 4169 1468 4208 numero
1491 4154 1524 4209 9
1556 4170 1569 4206 :
1606 4152 1738 4220 Quia
1763 4168 1878 4206 vero
1908 4154 2096 4223 scripta

523 4259 753 4303 auctores
771 4265 853 4302 eos
875 4248 1072 4315 habent,
1096 4249 1178 4318 qui
1198 4264 1288 4317 pro
1310 4245 1676 4318 propugnanda
1697 4247 1900 4300 lueresis
1943 4262 2096 4299 causa

523 4342 751 4395 mercede
780 4350 902 4395 sunt
946 4341 1346 4396 conducti
1376 4339 1715 4409 cirigilandum
1747 4348 1791 4391 et
1821 4338 2096 4391 cavendum

520 4447 616 4501 est,
648 4439 946 4505 [νων-ειη..
976 4451 1038 4488 ne
1063 4451 1160 4505 qua
1190 4437 1329 4512 fraus
1360 4449 1421 4486 ea:
1447 4433 1706 4486 verborum
1737 4434 1985 4504 elegantia
2009 4449 2088 4486 as-

2195 3229 2334 3283 dem‘
2360 3231 2409 3284 itt
2449 3231 2613 3293 locis.
2653 3249 2770 3303 qua:
2793 3250 3111 3291 enumerare
3149 3236 3304 3292 nimis
3335 3251 3479 3295 esset
3523 3242 3751 3312 lengum;

2194 3335 2313 3373 cum
2338 3322 2537 3376 scilicet
2570 3324 2887 3378 Arianorum
2923 3327 3165 3394 petulans
3192 3328 3464 3396 ingenium
3496 3346 3751 3391 coercere,

2196 3420 2251 3467 et
2278 3413 2492 3466 nimiam
2524 3422 2841 3470 arcanorum
2870 3417 2989 3471 lidei
3018 3410 3510 3489 investigattdorutn
3542 3425 3728 3478 (ξιιτίυεί

2199 3516 2357 3557 tatem
2396 3506 2686 3573 reprimere
2717 3508 2971 3569 studens,
3013 3510 3337 3566 credendum
3387 3513 3606 3582 quidem
3648 3531 3754 3570 esse

2196 3596 2393 3663 docuit,
2426 3599 2679 3668 quidquid
2721 3601 2788 3654 de
2833 3601 2951 3655 Filii
2998 3603 3274 3658 nativitate
3306 3604 3651 3673 traditur;'at
3684 3627 3756 3661 ar-

2195 3694 2650 3760 gumentationibus
2691 3696 2828 3748 vanis
2864 3698 3064 3764 opinari
3103 3698 3246 3763 velle,
3282 3715 3383 3753 non
3414 3703 3648 3766 colentis,
3681 3705 3756 3755 std

2197 3781 2445 3839 dementis
2490 3803 2594 3839 esse
2634 3787 2959 3842 afﬁrtttavit.-
2984 3789 3113 3845 Vide
3152 3800 3305 3846 tract.
3354 3792 3518 3849 ειη).
3559 3810 3626 3862 ιι,
3675 3815 3756 3850 tnt-

2196 3889 2346 3928 ntero
2377 3876 2425 3928 l.
2810 3886 2813 3891 '
3460 3933 3464 3937 .

2266 3968 2415 4033 Quod
2447 3969 2489 4023 si
2521 3969 2579 4024 S.
2608 3969 2754 4025 Zeno
2781 3978 2935 4027 tract.
2970 3971 3090 4028 ﬁdei
3118 3990 3147 4027 a
3176 3976 3460 4033 catholicis
3488 3980 3648 4037 etiam
3678 3980 3757 4034 Im.

2196 4060 2427 4114 minibus
2455 4061 2963 4135 scribi‘adversatus
2987 4079 3111 4119 vere
3138 4065 3250 4133 iuit,
3297 4067 3425 4123 iecit
3445 4112 3460 4136 ,
3491 4071 3632 4140 quod
3668 4088 3759 4125 ca:-

2197 4151 2298 4206 teri
2325 4142 2693 4208 occidentales
2724 4154 2995 4210 faciebant
3017 4156 3253 4226 episcopi
3271 4187 3303 4224 ,ο
3327 4161 3415 4229 qui
3456 4164 3677 4229 proinde
3704 4164 3758 4215 de

2195 4242 2554 4297 Orientalibus
2584 4255 2686 4298 nOn
2720 4248 2856 4300 bene
2882 4235 3225 4315 sentiebant,
3256 4264 3377 4311 cum
3412 4250 3481 4305 de
3512 4251 3631 4306 lidei
3667 4256 3758 4305 tor-

2196 4336 2353 4390 mulis
2375 4352 2467 4399 seu
2493 4337 2801 4393 tractatibus
2830 4354 2925 4406 per
2951 4339 3169 4394 eosdem
3196 4341 3352 4396 editis
3376 4343 3617 4399 auditum
3649 4345 3755 4399 ltuit.

2196 4426 2331 4482 Hinc
2357 4428 2413 4483 S.
2452 4427 2682 4484 llilarins
2714 4438 2769 4483 ut
2797 4430 3090 4485 catholicos
3116 4425 3423 4501 Orientales
3451 4435 3759 4511 Occidenta-

523 4502 747 4597 tutiaque
782 4524 991 4579 oriatur.
1022 4502 1166 4579 llanc
1195 4507 1513 4579 Arianorum
1550 4526 1600 4578 in
1632 4524 1794 4579 rebus.
1816 4502 1938 4579 lidei
1975 4541 2092 4594 per-
2115 4502 2167 4562 D
2196 4518 2335 4573 libus
2368 4534 2429 4573 ea
2446 4519 2522 4588 de
2554 4536 2610 4574 re
2637 4520 2933 4590 indignatis-
2947 4523 3280 4600 conciliaret,
3304 4536 3507 4594 "eorum
3538 4539 3756 4583 mentem

520 4634 708 4689 peram
740 4617 1226 4687 philosophantium
1258 4616 1601 4671 calliditatem
1634 4616 1721 4670 alii
1747 4614 1964 4686 quoque
1994 4618 2092 4671 Pa-

524 4722 634 4773 tres
660 4718 942 4764 testantur.
977 4710 1104 4765 Vide
1130 4709 1548 4780 plura-Gregorii
1575 4709 1836 4780 Nyssazni,
1870 4710 2094 4764 Nazian-

525 4802 664 4868 zetti,
697 4801 896 4869 Basilii,
935 4785 1233 4871 Epiphanii,
1264 4801 1524 4865 Faustini,
1555 4799 1760 4872 Cyrilli,
1786 4812 1839 4855 et
1865 4803 2092 4856 Ambro-

522 4895 587 4949 sii
636 4896 935 4947 testimonia
982 4911 1009 4946 ιι
1062 4896 1274 4949 Patavio
1319 4894 1542 4949 collecta
1593 4896 2093 4965 ittgProlegomcnis

523 5000 640 5051 cap.
679 4984 747 5049 5,
781 5001 806 5035 a
841 5000 987 5037 num.
1022 4986 1073 5039 5.
1119 4985 1263 5039 llauc
1294 5000 1423 5040 vero
1460 4986 1799 5054 sophisticmt
1832 4988 2095 5043 callidita-

525 5085 631 5130 tcm
675 5085 726 5130 et
770 5075 1053 5129 humanam
1098 5088 1530 5145 argumentorum
1566 5077 2046 5152 ratiocinationem
2077 5121 2092 5146 ,

524 5181 642 5235 qua:
683 5165 903 5219 Arianos
952 5168 1000 5218 in
1050 5175 1122 5219 tot
1164 5183 1375 5221 errores
1406 5169 1803 5238 sententiasque
1832 5168 2095 5226 distraxe—

526 5264 624 5318 rat,
662 5266 841 5321 utpote
872 5255 1083 5323 periculi
1125 5256 1335 5325 plenam
1369 5255 1611 5311 catholici
1646 5259 1829 5313 Patres
1862 5249 2090 5314 maxime

525 5346 824 5414 fugiendam
880 5357 1126 5414 putarunt
1174 5364 1189 5403 ε

528 5452 683 5491 causa
734 5437 919 5499 hient,
963 5451 1057 5489 cur
1094 5436 1144 5491 S.
1191 5436 1332 5490 Zeno
1372 5429 1493 5491 ﬁdei
1540 5446 1790 5494 tractatus
1823 5434 1935 5494 ﬁcri
1968 5456 2090 5510 pro-

529 5529 754 5582 ltil):'l‘t't.
794 5527 972 5581 Frater
1010 5531 1128 5598 ille,
1169 5547 1325 5599 quem
1369 5540 1594 5585 tractatu
1632 5535 1650 5586 1
1690 5524 2090 5602 τιΙΙιιιιιιὶιυαῚΒ

532 5629 671 5683 erat,
705 5620 792 5688 qui
824 5621 983 5689 ipsum
1012 5624 1199 5690 fontem
1228 5623 1503 5676 divinitatis
1534 5622 1897 5694 pltilosOphicis
1925 5641 2092 5695 argu-

534 5715 710 5767 mentis
736 5714 999 5773 exhaurire
1018 5716 1313 5779 conabatur,
1348 5732 1489 5771 num.
1522 5719 1583 5774 εκ
1607 5718 1690 5787 qui
1714 5718 1803 5771 sub
1833 5734 1953 5772 sono
1974 5718 2095 5785 legis

1242 5358 1295 5401 et
1348 5348 1469 5401 hinc
1515 5349 1623 5417 jam
1672 5358 1837 5429 patet,
1881 5351 2005 5419 quid
2030 5334 2120 5405 in.
2185 5351 2278 5419 jus
2310 5348 2519 5416 quaerit,
2554 5364 2665 5418 quae
2690 5350 2803 5418 jani
2835 5350 3030 5419 pridem
3053 5352 3140 5419 per
3168 5340 3295 5405 alios
3321 5354 3514 5408 amisit.
3552 5355 3753 5425 Interim
3790 5362 3791 5429 ἦ

2198 4602 2587 4682 consiliumque
2623 4630 2686 4668 ex
2719 4611 3040 4669 necessitate
3080 4610 3307 4686 purgare
3344 4620 3548 4674 studuit
3591 4622 3643 4675 in
3673 4624 3755 4675 ιιι».
3790 4666 3791 4669 η

2198 4703 2264 4758 de
2293 4704 2519 4775 Syttodis
2558 4705 2622 4780 ad
2653 4692 2937 4782 episcopos
2966 4706 3149 4763 Gallia:
3180 4725 3326 4762 nutu.
3358 4710 3429 4766 63
3461 4729 3472 4765 :
3506 4712 3652 4767 Nihil
3677 4733 3757 4767 an-

2197 4810 2294 4854 tem
2314 4799 2687 4861 mirum-pideri
2713 4800 2850 4869 vobis
2875 4802 3035 4865 debet,
3066 4799 3273 4856 Fratres
3302 4802 3609 4867 charissinti,
3633 4809 3759 4876 quod
3790 4820 3791 4879 ξ

2197 4900 2300 4944 tam
2331 4895 2612 4961 frequenter
2638 4893 2821 4958 exponi
2860 4894 2984 4961 ﬁdes
3019 4906 3193 4962 rtepr
3221 4905 3389 4949 sunt
3424 4884 3755 4953 necessitatem

2196 4983 2326 5036 lianc
2354 4987 2499 5053 {uror
2525 4982 2787 5035 ltmreticus
2816 4985 3049 5055 imponit.
3082 4984 3147 5039 Et
3179 4987 3297 5039 titox
3337 5005 3349 5041 :
3385 4988 3547 5058 Atque
3576 4991 3757 5043 utinam

2194 5075 2389 5143 penitus
2425 5059 2704 5151 nescirent!
2745 5089 2859 5126 cum
2894 5076 3192 5145 procliuiere
3221 5078 3353 5144 enim
3382 5079 3529 5132 uenia
3564 5081 3757 5150 igaora-
3790 5106 3791 5163 χ

2192 5173 2317 5229 rent,
2355 5180 2503 5231 quam
2531 5163 2880 5235 obtrectaren‘t.
2919 5158 3025 5220 Sed
3060 5158 3791 5238 horum-Episcoporum'doQ§

2194 5255 2272 5308 lor
2292 5271 2345 5308 se
2371 5255 2502 5307 inira
2524 5256 2779 5308 silentium
2804 5273 2903 5311 non
2926 5250 3183 5314 continens
3208 5298 3222 5324 ,
3248 5259 3495 5313 raritatem
3524 5263 3641 5330 ﬁdei
3670 5264 3755 5315 ltu-
3790 5304 3791 5323 ι

2195 5447 2370 5493 tamen
2401 5439 2544 5508 ipsos
2574 5439 2879 5495 Gallicanos
2916 5434 3196 5512 episcopos
3232 5444 3603 5513 commendat,
3632 5458 3754 5501 taut-

2196 5543 2350 5597 qnam
2392 5529 2560 5582 beatos
2595 5531 2645 5582 in
2676 5530 2897 5585 Domino
2923 5541 2970 5584 et
3000 5532 3267 5601 gloriosos,
3309 5535 3419 5603 qui,
3448 5538 3543 5601 ait,
3571 5540 3753 5607 perfec-

2198 5628 2297 5670 tam
2344 5630 2491 5687 atque
2527 5620 2871 5689 Apostolicam
2912 5622 3065 5691 ﬁdem
3104 5613 3423 5679 conscientia
3454 5627 3755 5698 professione

2198 5713 2486 5781 retinentes,
2515 5703 2827 5789 conscriptas
2853 5715 2978 5791 ﬁdes
3007 5716 3103 5780 ltuc
3130 5733 3285 5798 usque
3304 5720 3509 5793 nescitis
3542 5720 3751 5792 :quibus
