3826 6226
462 294 561 349 119

1815 288 2318 346 PROLEGOMENA
2336 333 2347 346 .

457 414 637 479 unum,
676 414 719 468 si
759 414 932 485 rigide
959 411 1284 481 accipiendae
1312 417 1458 474 sunt,
1491 409 1924 462 contratlietorize
1965 410 2047 462 in-
2077 413 2123 470 A
2153 413 2435 482 perspicue
2475 412 2796 484 adsumptum
2843 413 3097 466 hominem
3142 412 3209 466 de
3255 412 3372 467 sola
3404 422 3585 468 natura
3629 414 3705 467 lni-

459 493 765 575 veniuntur,
800 517 854 562 et
878 505 1160 560 contrariis
1190 504 1347 574 plane
1381 502 1680 558 hzcresibus
1709 501 2049 557 Nestorianm

463 612 514 659 et
549 600 888 672 liutyehianm
915 600 1109 652 favent.
1147 597 1258 651 Hoc
1290 607 1468 650 autem
1499 596 1670 664 ipsum
1696 595 1826 648 satis
1857 595 2049 657 innuit,

463 697 567 750 alio
599 696 754 762 plane
793 709 955 747 sensu
983 735 998 756 ,
1038 707 1196 759 quam
1239 706 1397 758 quem
1439 690 1604 742 verba
1635 689 1804 758 rigide
1833 697 2051 757 accepta

463 787 744 851 referunt,
777 783 1153 854 pronuntiatas
1184 781 1370 835 fuisse.
1407 780 1460 834 Id
1490 793 1654 849 porro
1682 779 2052 848 antiquitatem

466 883 632 936 nostri
660 879 954 944 Scriptoris
981 878 1212 932 maxime
1237 874 1421 929 statuit
1453 895 1462 926 :
1495 889 1615 929 cum
1649 872 1885 927 nondum
1917 873 2058 926 natis

464 974 664 1028 smculo
712 973 754 1026 V
791 972 1028 1038 Nestorii
1058 981 1111 1025 et
1147 968 1462 1040 Eutychetis
1502 967 1829 1030 hmresibus,
1863 967 2057 1036 quibus

465 1068 570 1121 illa:
599 1066 841 1119 formulae
866 1064 1116 1119 videntur
1141 1063 1339 1125 favere,
1366 1061 1535 1114 sancti
1566 1060 1754 1113 l’atres
1784 1059 1947 1112 tutius
1976 1059 2054 1111 lo-

445 1170 756 1231 querentur
791 1159 952 1229 (quod
999 1173 1165 1228 smpe,
1205 1156 1307 1210 alia
1335 1155 1459 1210 licet
1488 1155 1795 1218 occasione,
1827 1155 2052 1222 August.

471 1250 738 1320 advertit)
788 1263 844 1304 ut
897 1251 964 1304 de
1005 1251 1258 1304 bmrctico
1303 1264 1487 1307 sensu,
1520 1247 1608 1317 qui
1639 1246 1845 1301 eisdem
1877 1256 2060 1311 postea

467 1345 742 1412 subjectus
775 1344 890 1402 fuit.
911 1359 977 1396 ne
993 1343 1292 1413 cogitarent
1321 1339 1672 1411 [cnlquidem
1701 1357 1713 1390 :
1740 1337 1882 1392 unde
1905 1337 2064 1391 modo

471 1437 570 1491 hac
599 1481 612 1501 ,
647 1437 807 1491 modo
851 1437 938 1490 illa
970 1436 1068 1490 etsi
1115 1435 1384 1488 contraria
1433 1432 1665 1487 formula
1715 1430 1937 1484 liberius
1962 1471 1977 1496 ,
2011 1430 2062 1482 in

475 1531 800 1584 catholicum
836 1541 1012 1583 tamen
1046 1527 1404 1596 eumdemque
1435 1541 1654 1580 sensum
1686 1524 1990 1578 utebantur.

544 1622 720 1677 Prima
767 1622 966 1676 locutio
1005 1622 1256 1673 hominem
1303 1617 1894 1686 adsumpsit,suscepit,
1935 1625 2066 1680 etc.,

474 1716 651 1769 solum
683 1724 805 1784 post
838 1713 1143 1768 Nestorium
1173 1711 1468 1780 displicuit,
1495 1726 1614 1763 cum
1638 1719 1789 1762 antea
1814 1723 1844 1760 a
1870 1707 2069 1760 sanctis

2156 519 2309 558 mana
2345 504 2632 570 intellexit,
2663 515 2716 559 ut
2748 507 2961 561 unicam
2993 521 3278 577 personam
3311 506 3364 560 in
3395 503 3603 560 Christo
3627 523 3703 561 es-

2155 597 2358 650 stitisse
2397 597 2599 652 diserte
2630 597 2864 652 adserat.
2897 599 3049 666 Quod
3079 615 3207 653 vero
3245 599 3390 653 Zeno
3419 600 3494 652 ait
3519 615 3578 652 ex
3616 618 3706 668 prr-

2156 703 2282 740 sona
2313 688 2532 742 hominis
2555 732 2567 751 ,
2601 704 2786 744 vocem
2818 705 3064 759 personze
3111 707 3213 746 non
3245 688 3604 755 scholastica,
3636 693 3711 744 scd

2157 781 2363 850 vulgari
2390 768 2550 836 sensu
2584 782 2789 838 Latinis
2819 783 2989 837 sacris
3021 769 3388 853 Seripioribus
3429 784 3616 837 usitato
3639 799 3713 837 ac-

2159 872 2303 941 cepit
2333 887 2426 938 pro
2449 887 2534 936 eo,
2565 875 2705 943 quod
2731 874 2835 928 dici
2860 876 2994 929 alias
3023 878 3157 930 solet
3188 877 3264 930 uti
3286 877 3459 942 homo,
3485 891 3574 930 seu
3603 889 3714 929 tam-

2161 982 2312 1032 quam
2339 968 2508 1030 homo,
2532 967 2674 1036 quod
2703 967 2823 1022 aliis
2849 968 3075 1022 aliorum
3102 969 3321 1026 Patrum
3349 969 3605 1038 exemplis
3625 978 3718 1023 sta-

2166 1057 2364 1110 tuimus
2392 1056 2578 1110 adnot.
2608 1059 2676 1112 75
2705 1057 2758 1112 in
2789 1069 2940 1112 tract.
2975 1060 3041 1114 16
3068 1060 3161 1116 lib.
3196 1071 3233 1113 ιι

2237 1149 2418 1204 Altera
2442 1160 2625 1227 autem
2653 1151 2876 1206 formula
2909 1152 3196 1206 mistionem
3223 1153 3550 1224 exprimens,
3574 1153 3723 1207 Patri-

2168 1242 2263 1294 bus
2293 1251 2417 1295 ante
2445 1242 2718 1313 Eutychen
2752 1242 3001 1311 frequens
3031 1253 3135 1309 est;
3169 1244 3412 1314 adeoque
3443 1246 3496 1298 in
3525 1259 3582 1299 ea
3609 1243 3722 1297 nihil

2170 1333 2439 1386 lucreseos
2483 1333 2988 1401 deprehenderunt,
3036 1347 3091 1389 ut
3123 1337 3458 1406 Augustinus
3495 1338 3583 1406 ep.
3617 1338 3724 1398 £57,

2169 1426 2240 1480 al.
2271 1427 2302 1479 5
2327 1468 2339 1490 ,
2384 1441 2530 1480 ιιιιιιι.
2563 1428 2622 1493 Η
2658 1470 2671 1491 ,
2706 1427 2868 1482 Verbi
2915 1429 3340 1484 incarnationem
3379 1429 3610 1484 delinire
3633 1447 3727 1483 non

2172 1518 2428 1573 dubitarit
2469 1538 2480 1572 :
2525 1518 2740 1574 Mistum
2781 1519 2880 1574 Dei
2927 1531 2972 1576 et
3013 1522 3249 1576 hominis.
3299 1522 3547 1577 Miscendi
3572 1533 3729 1576 autem

2173 1610 2396 1664 verbum
2447 1610 2550 1665 hoc
2599 1611 2719 1666 loco
2760 1612 2956 1666 divina)
3008 1612 3362 1683 humanmque
3404 1624 3596 1668 naturm
3638 1630 3730 1666 non

2175 1702 2540 1758 confusionem
2569 1745 2584 1768 ,
2615 1704 2707 1758 sed
2740 1705 2992 1758 unionem
3020 1745 3035 1768 ,
3079 1720 3174 1760 seu
3215 1706 3634 1771 eciijunctionem
3671 1708 3735 1758 si-

478 1807 730 1861 Patribus
780 1816 928 1861 recto
969 1819 1128 1858 sensa
1162 1804 1509 1856 adhiberetur
1535 1844 1548 1867 ,
1585 1813 1640 1854 ut
1689 1800 2066 1854 animadvertit
2100 1805 2145 1863 B
2171 1797 2387 1866 guilieat
2411 1797 2461 1851 in
2489 1811 2714 1864 persciia
2741 1797 2923 1859 Verbi;
2950 1798 3093 1852 unde
3117 1799 3448 1868 Augustinus
3471 1800 3734 1868 proposita:

479 1898 795 1965 Agobardus
836 1898 1095 1951 adversus
1127 1894 1384 1958 Felicem,
1405 1910 1553 1946 num.
1583 1892 1616 1945 8
1644 1909 1656 1943 :
1706 1891 1920 1943 Videtur
1942 1891 2069 1943 mihi

477 1994 633 2044 etiam
662 2000 828 2042 vestra
866 1989 1094 2041 charitas
1125 1985 1449 2038 admouenda
1487 1984 1548 2037 de
1585 1984 1709 2047 hoc,
1753 1981 1889 2051 quod
1917 1979 2072 2034 Feli'c

480 2087 767 2152 frequenter
797 2081 983 2152 gaudet
1015 2080 1180 2133 dicere
1209 2079 1463 2130 hominem
1505 2077 1830 2147 adsumptum
1859 2076 1936 2130 vel
1962 2080 2070 2146 for-

482 2190 617 2226 mam
649 2175 799 2226 servi.
848 2170 1170 2238 Quamquam
1199 2170 1330 2223 enim
1363 2178 1408 2222 et
1449 2171 1530 2239 pie
1556 2167 1658 2221 dici
1686 2169 1851 2236 potuit
1877 2208 1890 2227 ,
1921 2167 2071 2220 sicuti

484 2281 531 2320 et
564 2266 972 2336 frequentissime
994 2264 1186 2316 dictum
1217 2280 1248 2315 a
1276 2261 1481 2327 Sanctis
1509 2260 1749 2314 Patribus
1773 2261 2024 2312 inuenitur
2055 2275 2072 2312 .'

485 2371 651 2412 tamen
680 2356 1110 2409 considerandum
1143 2363 1234 2410 est.
1263 2351 1396 2420 quod
1434 2353 1487 2404 in
1526 2350 1765 2404 Nestorio
1797 2351 1903 2404 haee
1928 2351 2074 2402 verba

484 2451 673 2504 nostris
713 2449 1088 2504 disnlicuerunt
1124 2462 1141 2498 :
1170 2446 1313 2514 quod
1345 2459 1473 2498 sane
1503 2436 1850 2496 verissimum
1877 2451 1960 2496 est
1983 2482 1998 2502 .
2032 2441 2076 2496 si

484 2541 821 2595 Victorinum
854 2538 1112 2606 excipias,
1132 2537 1222 2605 qui
1250 2548 1377 2590 ante
1403 2534 1631 2589 Nestorii
1653 2542 1892 2596 :ctatcm,
1917 2533 2013 2586 lib.
2042 2547 2077 2585 ιι

490 2631 749 2686 adversus
780 2631 963 2682 Arium
993 2644 1109 2698 pag.
1139 2628 1266 2693 272,
1303 2637 1432 2680 tom.
1464 2641 1516 2679 tv
1544 2625 1680 2679 Bibl.
1711 2623 1816 2678 PP.
1852 2624 2078 2678 novissi-

495 2736 596 2775 ma:
632 2721 888 2775 editionis
929 2720 1198 2789 Lugdun.,
1236 2733 1342 2772 non
1383 2718 1672 2780 hominem,
1699 2715 1793 2770 sed
1817 2731 2022 2769 carnem
2052 2730 2080 2766 a

496 2814 676 2868 Verbo
727 2813 1066 2880 adsumptam
1121 2811 1227 2866 dici
1281 2811 1472 2864 voluit.
1521 2811 1787 2863 Caeterum
1833 2808 2086 2876 antiquos

497 2907 710 2971 Patres,
741 2907 833 2975 qui
867 2906 1054 2960 eadem
1093 2904 1320 2958 formula
1347 2903 1612 2958 catholice
1643 2902 1722 2956 usi
1750 2911 1892 2964 sunt,
1927 2902 1971 2955 si
1997 2916 2085 2955 re-

493 3011 720 3051 censere
745 3011 933 3050 omnes
972 2995 1254 3059 vellemus,
1304 2995 1464 3048 nimis
1495 3002 1640 3048 esset
1678 2993 1915 3062 longum.
1943 2991 2085 3045 Satis

493 3089 566 3142 sit
610 3089 854 3142 iudicare
887 3087 1276 3147 Tertullianuin
1306 3133 1321 3156 ,
1356 3087 1695 3141 Lactantium
1725 3125 1737 3148 ,
1781 3084 2038 3138 Hilarium
2071 3124 2084 3148 ,

2179 1889 2374 1943 ibidem
2415 1889 2696 1958 qumsfioni
2728 1933 2742 1956 ,
2784 1891 3034 1959 quomodo
3071 1890 3213 1944 Deus
3259 1892 3449 1944 homini
3493 1893 3737 1958 permistus

2172 1983 2238 2034 sit
2271 1983 2406 2050 (hac
2429 1984 2571 2037 enim
2602 1998 2731 2037 voce
2759 1985 2924 2060 utitur
2949 1984 2968 2054 )
2996 1995 3274 2056 postquam
3304 1986 3454 2055 prius
3486 1984 3736 2053 respondit

2176 2091 2269 2144 per
2289 2077 2446 2129 aliam
2475 2077 2848 2145 qnzcstinnem,
2879 2077 3131 2144 quomodo
3162 2078 3435 2132 misceatur
3456 2079 3619 2131 anima
3641 2094 3740 2129 cor-

2131 2218 2133 2220 .
2178 2168 2312 2235 pari,
2351 2167 2525 2222 eidem
2567 2169 2961 2237 comparationi
2995 2169 3252 2223 insistens
3291 2169 3501 2236 reponit
3527 2169 3739 2222 secundo

2179 2261 2254 2312 sic
2290 2278 2301 2312 :
2336 2258 2481 2312 Sicut
2507 2260 2559 2312 in
2586 2261 2781 2313 unitate
2807 2275 3037 2330 persona:
3066 2263 3240 2314 anima
3267 2262 3443 2315 unitur
3463 2263 3675 2329 corpori,
3699 2271 3741 2312 ut

2179 2353 2329 2406 homo
2356 2353 2420 2405 sit
2445 2369 2462 2415 ;
2501 2354 2574 2406 ita
2601 2354 2654 2406 in
2690 2353 2887 2426 unitate
2921 2369 3152 2422 personae
3175 2352 3315 2408 Deus
3344 2355 3520 2423 unitur
3549 2353 3737 2415 homini,

2182 2453 2238 2497 ut
2268 2442 2501 2496 Christus
2533 2431 2640 2497 sit:
2674 2444 2763 2498 ubi
2789 2445 3000 2498 uniendi
3044 2446 3264 2500 verbum
3299 2461 3399 2515 pro
3425 2461 3510 2511 eo,
3539 2446 3672 2515 quod
3699 2446 3741 2499 in

2182 2536 2480 2605 quaestione
2532 2537 2861 2606 propositum
2921 2537 3111 2602 fuerat,
3163 2537 3432 2601 miscendi,
3483 2539 3741 2607 supposuit

2183 2637 2456 2700 tamquam
2490 2646 2652 2683 unum
2684 2639 2738 2684 et
2759 2630 2900 2684 idem
2927 2647 2940 2682 :
2975 2636 3031 2683 et
3061 2628 3186 2683 dein
3219 2639 3421 2691 mouet,
3456 2629 3556 2684 hoc
3586 2629 3743 2683 audito

2186 2723 2403 2777 nomine
2423 2721 2757 2776 recedendum
2787 2738 2816 2776 a
2835 2721 3210 2775 consuetudine
3239 2737 3530 2789 corporum,
3557 2737 3651 2789 qua
3674 2737 3743 2772 so-

2187 2817 2285 2869 lent
2311 2815 2411 2869 duo
2433 2816 2654 2880 liquores
2684 2816 2769 2869 ita‘
2793 2815 3126 2879 commisceri,
3165 2823 3220 2867 ut
3249 2825 3425 2867 neuter
3451 2824 3608 2867 servet
3635 2814 3744 2866 intr-

2187 2908 2420 2976 gritatem
2449 2923 2595 2960 suam
2620 2947 2634 2970 ,
2666 2915 2770 2960 etc.
2801 2905 3062 2974 Leporius
3088 2905 3139 2959 in
3174 2905 3356 2960 libello
3384 2903 3747 2958 Emendationis

2191 2999 2625 3066 conjunctiouem
2661 2997 2800 3051 hanc
2831 2997 3088 3052 miscendi
3115 2997 3279 3050 verbo
3308 2995 3657 3066 signiﬁcatam
3685 2995 3746 3046 in.

2191 3093 2459 3160 telligens,
2493 3091 2645 3145 Novit
2670 3093 2826 3156 enim,
2848 3090 3038 3160 inquit,
3062 3091 3171 3143 sine
3201 3088 3529 3155 corruptione
3549 3089 3746 3148 misceri,

500 3177 889 3249 Hieronymum
920 3221 934 3242 ,
990 3179 1345 3246 Augustinum
1383 3220 1398 3244 ,
1441 3186 1517 3239 et,
1545 3177 1688 3246 quod
1733 3176 1902 3246 pluris
1961 3186 2043 3234 est
2067 3216 2081 3240 ,
2117 3174 2160 3234 C
2193 3195 2239 3239 et
2267 3194 2431 3238 tamen
2458 3185 2511 3237 in
2541 3185 2749 3238 ueritate
2778 3183 3007 3239 misceri.’
3032 3174 3233 3238 Eodem
3256 3183 3422 3238 verbo
3447 3184 3498 3237 in
3526 3182 3746 3238 eamdem

500 3269 673 3338 ipsum
703 3285 920 3340 quoque
952 3269 1008 3325 S.
1037 3271 1274 3324 Leonem
1298 3312 1310 3333 ,
1349 3271 1437 3340 qui
1467 3271 1763 3324 acerrimus
1801 3271 1924 3324 licet
1951 3269 2086 3324 Nes-

503 3361 729 3417 torianac
760 3363 984 3416 lucresis
1017 3363 1356 3431 impuguator
1377 3404 1390 3428 ,
1421 3377 1673 3416 sermone
1713 3370 1890 3415 tamen
1921 3362 1988 3416 94
2020 3361 2088 3416 de

497 3451 764 3522 Transfig.
790 3467 910 3520 cap.
941 3452 998 3515 2,
1032 3454 1254 3521 suscepti
1283 3453 1524 3513 hominis,
1554 3459 1609 3504 et
1637 3467 1800 3508 Serm.
1834 3453 1903 3505 55
1935 3469 2025 3505 seu
2054 3451 2088 3504 4

503 3545 568 3598 de
600 3545 899 3612 Epiphania
934 3546 1107 3596 unitas
1140 3545 1340 3596 homini
1368 3542 1606 3612 sei-ipsit.
1642 3543 1878 3617 {laminis
1908 3553 2084 3598 autem

503 3638 721 3692 nomine
758 3636 810 3690 hi
843 3652 1028 3690 omnes
1057 3637 1242 3690 Patres
1273 3646 1530 3697 naturain,
1567 3650 1669 3690 non
1701 3652 1968 3702 personam
1999 3636 2090 3686 ho-

498 3730 668 3786 minis.
698 3737 1025 3796 :cceperunt.
1077 3727 1209 3780 Iliuc
1251 3727 1308 3782 S.
1349 3727 1680 3804 Augustinus
1725 3725 1792 3780 de
1827 3725 2085 3779 Prmdest.

503 3815 819 3875 Sanctorum
861 3835 1008 3872 num.
1046 3820 1136 3882 51,
1181 3832 1463 3888 postquam
1509 3827 1798 3885 susceptum
1836 3819 2087 3884 hominem

503 3911 660 3974 dixit,
691 3912 839 3964 addit
869 3925 990 3964 tnov
1023 3924 1306 3981 susceptam
1345 3921 1580 3963 naturam
1619 3905 1860 3963 hominis.
1892 3909 2089 3963 Simili-

505 4014 586 4058 ter
617 4005 870 4068 Hilarius,
903 4005 994 4073 qui
1033 4005 1083 4057 in
1117 4019 1236 4072 eap.
1267 4007 1300 4058 5
1327 4003 1557 4057 Matthxi
1583 4045 1596 4070 ,
1634 4019 1780 4056 nutu.
1813 4003 1848 4055 ‘2
1870 4045 1884 4068 ,
1917 4003 2088 4056 homi-

504 4113 652 4160 nem,
691 4113 839 4163 quem
877 4097 1263 4165 adsumpserat,
1296 4097 1538 4164 scripsit;
1575 4097 1624 4148 in
1661 4095 1792 4162 psal.
1838 4111 1957 4160 va,
1994 4112 2090 4149 nn-

506 4205 641 4245 lner.
680 4189 776 4253 1'2,
818 4190 1103 4254 adsumpta:
1148 4205 1210 4240 ea:
1247 4188 1456 4258 Virgine
1499 4191 1666 4240 carnis
1715 4181 1992 4253 naturam;
2039 4189 2089 4240 in

507 4300 593 4353 ps.
625 4298 808 4344 cxxxv,
847 4298 996 4334 num.
1038 4281 1071 4333 4
1099 4323 1112 4346 ,
1147 4282 1550 4350 adsumptionem
1585 4283 1752 4333 carnis
1784 4290 2010 4346 nostrw;
2041 4289 2097 4333 et

508 4377 561 4429 in
589 4389 708 4443 cap.
744 4390 795 4426 IV
824 4373 1037 4433 Matth.,
1057 4388 1203 4425 num.
1233 4374 1318 4436 14,
1346 4377 1603 4426 materiem
1631 4373 1890 4442 adsumpti
1916 4387 2093 4441 corpo-

506 4471 579 4522 ris
620 4478 902 4522 memorat.
936 4467 1080 4519 Zeno
1111 4467 1308 4534 pariter
1337 4473 1493 4519 tract.
1529 4466 1561 4518 8
1597 4467 1687 4518 lib.
1723 4482 1788 4531 ιι,
1833 4480 1978 4518 ιιιιιιι.
2021 4464 2057 4517 2
2080 4505 2094 4528 ,

509 4559 562 4613 in
593 4560 698 4612 line
725 4561 797 4610 ait
844 4577 854 4611 :
890 4556 1106 4609 Carnem
1138 4557 1250 4608 ideo
1282 4558 1522 4626 dignatus
1553 4566 1623 4608 est
1661 4557 1888 4609 induere.
1922 4553 2095 4609 Cmtc—

507 4668 624 4708 rum
666 4651 946 4722 adsumpti,
985 4650 1066 4703 vel
1097 4650 1315 4718 suscepti
1344 4649 1562 4701 hominis
1598 4649 1794 4701 locutio
1824 4664 1888 4701 eo
1919 4649 2094 4700 minus

510 4745 564 4798 in
612 4745 849 4811 antiquis
892 4741 1369 4810 reprehendenda,
1421 4741 1584 4808 quod'
1612 4741 1662 4794 in
1702 4739 2098 4809 posterioribus

508 4836 762 4890 Nestor-io
796 4837 968 4887 adhuc
996 4850 1060 4888 eo
1091 4845 1272 4897 recto,
1307 4850 1411 4903 quo
1442 4834 1707 4894 diximus;
1749 4849 1908 4888 sensu
1942 4849 2089 4887 nsnr-
2126 4861 2173 4918 Ι)

512 4939 630 4996 pata
674 4929 948 4980 invenitur
979 4928 1030 4979 in
1057 4927 1183 4992 ipsis
1214 4941 1424 4994 quoque
1460 4921 1579 4979 fidei
1612 4925 1876 4988 formulis,
1912 4926 1981 4977 nti
2014 4935 2095 4979 est

513 5019 598 5072 illa
632 5034 658 5069 τι
715 5019 956 5071 Martem:
1007 5016 1148 5071 edita
1196 5027 1324 5069 tum.
1370 5032 1384 5068 ι
1430 5016 1496 5069 de
1526 5015 1708 5082 Antiq.
1745 5014 1951 5066 Ecclus.
1985 5015 2088 5068 Rit.

516 5124 632 5177 pag.
670 5110 796 5171 165,
833 5112 882 5163 in
919 5111 1127 5180 Ilymno
1160 5108 1228 5162 Te
1259 5109 1449 5169 Deum,
1479 5108 1565 5175 qui
1600 5107 1886 5161 Ambrosio
1909 5120 1962 5160 et
1991 5109 2096 5160 Au-

512 5200 727 5266 gustino
756 5200 912 5267 vulgo
947 5201 1226 5258 tribuitur.
1280 5209 1332 5251 et
1373 5197 1510 5266 apud
1555 5199 1736 5265 plures
1764 5197 2053 5266 scriptores
2075 5238 2088 5259 ,

511 5290 584 5340 uti
621 5299 786 5357 patet,
815 5291 897 5343 vcl
929 5307 991 5344 ex
1022 5307 1126 5344 uno
1157 5291 1389 5343 Facundi
1426 5290 1826 5343 llermianensis
1855 5291 2094 5342 testimo~

514 5379 602 5430 niu
629 5380 702 5430 sic
735 5381 1016 5432 scribentis
1051 5383 1141 5435 lib.
1177 5400 1223 5435 ix
1259 5398 1420 5450 prope
1455 5386 1612 5435 linem
1637 5400 1648 5432 :
1671 5382 1876 5448 Antiqui
1909 5379 2093 5432 Docto-

511 5483 592 5519 res
615 5469 870 5531 dixerunt,
903 5473 1138 5537 quoniam
1175 5472 1306 5526 Dens
1339 5473 1558 5524 Verbum
1588 5473 1651 5523 sit
1676 5472 2027 5538 principaliter
2048 5480 2094 5522 et

514 5560 771 5616 equidm:
822 5565 1083 5612 ιιδδιιιιιὶιιηι
1117 5566 1403 5632 mtigchittts
1442 5562 1602 5615 Filius
1631 5561 1728 5614 Dei
1761 5580 1776 5614 :
1801 5564 1950 5614 homo
1978 5577 2094 5613 vero

496 5651 814 5705 admmﬂltus
846 5667 904 5700 cr
934 5655 1118 5702 uuitutu
1147 5658 1255 5717 eius
1282 5673 1504 5721 ρει-δυηιι·
1528 5657 1739 5723 arrepit,
1773 5665 1826 5706 ut
1857 5653 2095 5722 unigeni-

514 5749 588 5791 ttts
621 5738 786 5793 Filius
815 5758 1007 5802 sciupcr
1046 5754 1191 5796 csset.
1225 5754 1268 5794 et
1297 5747 1543 5796 diceretur
1583 5761 1598 5795 ς
1638 5745 1929 5807 inquibus
1959 5743 2095 5796 adeo

2191 3278 2514 3332 sententiam
2557 3277 2638 3330 usi
2670 3278 2818 3331 fuere
2843 3276 3098 3340 lrenzeus,
3130 3276 3510 3340 Tertollianus.
3543 3275 3746 3347 Cypria-

2195 3384 2316 3434 nus,
2344 3369 2626 3432 Firmieus,
2665 3368 2918 3435 llilarius,
2943 3378 3017 3434 et,
3048 3378 3106 3424 ut
3135 3370 3408 3424 mittamus
3430 3378 3672 3432 caeteros,
3698 3368 3743 3420 S.

2193 3461 2301 3514 Leo
2315 3459 2631 3531 Eutychetis
2648 3461 2947 3528 damnator,
2965 3475 3128 3515 serm.
3148 3460 3238 3527 22,
3256 3461 3322 3515 de
3335 3460 3512 3515 Nativ.
3532 3458 3746 3528 5.eap.l:

2197 3552 2262 3606 Ut
2299 3563 2493 3606 natura:
2529 3553 2677 3606 alteri
2715 3553 2877 3605 altera
2902 3553 3328 3618 misceretur;.et
3368 3567 3532 3606 serm.
3578 3553 3660 3613 53,-
3699 3548 3748 3600 de

2193 3641 2385 3710 Epiob.
2413 3641 2468 3704 4.
2521 3657 2638 3711 cap.
2665 3643 2699 3696 4
2727 3662 2739 3697 :
2769 3641 2986 3696 Naturce
3003 3647 3172 3697 carnis
3193 3643 3478 3707 immistus;
3525 3655 3623 3697 nec
3664 3653 3750 3693 non

2193 3731 2330 3804 [cm]
2357 3731 2577 3801 Vigilius
2601 3732 2693 3787 lib.
2725 3749 2738 3786 ι
2768 3744 2950 3787 contra
2979 3733 3254 3804 Eutychen
3281 3732 3453 3787 adhuc
3480 3743 3599 3802 post
3619 3731 3749 3799 hujus

2196 3824 2420 3878 haeresis
2461 3833 2637 3878 ortum
2663 3867 2676 3890 ,
2710 3836 2740 3876 a
2767 3840 2869 3893 qua
2913 3825 3012 3877 hoc
3051 3825 3303 3878 mistionis
3333 3839 3532 3880 nomen
3573 3824 3668 3876 alia
3694 3821 3749 3873 si-

2196 3915 2539 3985 gnitleatione
2567 3926 2842 3985 acceptum
2885 3917 3021 3971 male
3050 3916 3235 3971 audire
3271 3910 3541 3987 coeperat.
3563 3915 3750 3984 Perspi-

2196 4021 2293 4060 eue
2338 4016 2513 4060 autem
2555 4005 2704 4061 Zeno
2754 4007 3056 4061 mistiouem
3089 4022 3185 4076 pro
3221 4009 3624 4078 conjunctione.
3651 4018 3748 4075 qua“:

2200 4107 2402 4151 natura:
2430 4099 2625 4151 divina:
2655 4108 2710 4152 et
2742 4099 2986 4153 humanm
3013 4099 3372 4168 integritatem
3397 4114 3506 4153 non
3533 4098 3744 4157 larderet,

2197 4190 2470 4258 accepisse
2503 4199 2640 4259 patet
2672 4191 2754 4244 vel
2783 4207 2845 4245 ex
2880 4191 2996 4258 ipso
3025 4199 3176 4244 tract.
3210 4192 3243 4246 8
3275 4193 3368 4245 lib.
3399 4209 3457 4253 ιι.
3496 4207 3644 4246 ιιιιιη.
3686 4190 3745 4249 9..

2199 4281 2285 4335 ubi
2309 4282 2511 4332 mistum
2542 4280 2754 4347 quidem
2785 4281 3027 4335 humana:
3057 4282 3205 4335 carni
3240 4283 3328 4336 Dei
3359 4281 3559 4338 Filium
3596 4280 3746 4337 tradit.

2200 4375 2293 4426 sed
2326 4375 2392 4424 ita
2431 4382 2488 4425 ut
2519 4373 2720 4443 integra
2759 4383 2902 4426 eSs-ct
2948 4382 3167 4441 utraque
3206 4381 3392 4427 natura
3425 4391 3438 4428 :
3481 4373 3749 4440 Ibidemque

2201 4463 2361 4526 salvo,
2392 4463 2580 4533 inquit,
2608 4464 2742 4530 quod
2766 4474 2893 4527 erat,
2921 4465 3191 4516 meditatur
3216 4481 3324 4518 esse
3349 4466 3486 4533 quod
3513 4481 3612 4518 non
3633 4471 3746 4516 erat:

2201 4556 2394 4623 quibus
2425 4555 2614 4607 similia
2648 4555 2806 4607 habet
2828 4564 2980 4608 tract.
3013 4555 3066 4619 9,
3106 4571 3256 4608 num.
3280 4555 3334 4612 2.
3361 4565 3418 4610 et
3449 4538 3679 4614 tract.'7.
3707 4553 3744 4602 in

2202 4649 2324 4702 fine.
2358 4646 2627 4700 Christum
2673 4661 2836 4716 porro
2872 4648 3120 4700 hominem
3168 4648 3373 4700 mistum
3417 4657 3601 4717 aperte
3640 4644 3748 4699 dixit

2203 4747 2355 4792 tract.
2391 4735 2422 4789 6
2456 4737 2544 4789 lib.
2591 4752 2649 4799 ιι,
2690 4752 2834 4790 num.
2875 4738 2922 4799 l,
2979 4752 3043 4790 eo
3075 4739 3320 4804 consilio,
3363 4749 3422 4792 ut
3458 4755 3556 4794 nec
3585 4748 3746 4808 purum

2204 4831 2470 4882 hominem
2496 4869 2510 4889 ,
2558 4843 2654 4881 nec
2698 4828 2860 4880 Deum
2910 4844 3096 4897 purum
3140 4829 3321 4900 (quod
3361 4829 3485 4885 duae
3527 4829 3747 4884 volebant

2204 4920 2435 4972 luereses
2463 4918 2657 4973 ibidem
2704 4919 2960 4989 notatie‘),
2993 4920 3082 4974 sed
3131 4936 3194 4975 ex
3246 4931 3452 4976 natura:
3498 4921 3744 4986 utriusque

2201 5010 2576 5077 conjunctione
2617 5011 2968 5074 compositum
3019 5011 3307 5080 quoddam,
3360 5027 3454 5066 scu
3508 5024 3582 5076 ut,
3630 5005 3744 5080 quod

2201 5099 2506 5152 Lactantius
2534 5099 2608 5151 ait
2645 5099 2735 5152 lib.
2765 5115 2835 5161 Iv,
2869 5114 2988 5169 cap.
3026 5101 3114 5161 15,
3143 5112 3186 5153 et
3230 5102 3394 5155 Deum
3425 5105 3580 5176 fuisse
3607 5111 3648 5154 et
3675 5101 3743 5149 ho-

2201 5196 2385 5247 minem
2410 5210 2471 5245 ea:
2500 5186 2710 5262 utroque
2737 5210 2913 5263 genere
2942 5196 3234 5264 permistum
3265 5196 3484 5252 doct-ret
3510 5198 3600 5268 (ea:
3627 5201 3743 5244 utro-

2203 5301 2298 5354 que
2344 5300 2518 5354 genere
2553 5294 2836 5336 concretum
2874 5284 3081 5338 dixerat
3118 5283 3418 5357 Cyprianus
3450 5288 3539 5341 lib.
3572 5299 3604 5336 ιι
3632 5280 3740 5334 Tes-

2205 5378 2345 5436 tim..
2376 5392 2492 5444 cap.
2524 5373 2635 5445 l0),
2669 5377 2843 5445 inquo
2872 5379 3082 5448 egregia
3108 5379 3388 5432 catholica:
3421 5377 3542 5432 fidei
3568 5370 3740 5443 profes-

2202 5471 2281 5521 sio
2305 5470 2624 5522 continetur.
3065 5448 3071 5454 ”

2273 5559 2432 5611 Tertii
2484 5561 2693 5628 generis
2735 5561 3009 5626 formulae,
3059 5561 3277 5628 singulm.
3311 5560 3438 5614 licet.
3484 5549 3736 5625 separatim

2201 5649 2522 5703 durinsculm
2550 5652 2650 5705 sibi
2672 5667 2755 5719 pte
2798 5656 3020 5704 invicem
3066 5653 3402 5718 aliquatenus
3430 5648 3738 5700 adversantes

2201 5741 2349 5793 vidca
2378 5751 2479 5793 itur
2504 5784 2518 5798 .
2561 5757 2678 5795 cuin
2738 5752 2910 5794 tamen
2957 5739 3272 5810 profeSsioni
3307 5754 3447 5793 nunc
3475 5733 3734 5806 ειροδιιως
