3826 6226
128 340 215 393 ill

1049 339 1493 395 DISSERTATIO
1527 340 1591 409 ll,
1636 340 1724 395 DF.
1763 341 1820 396 Β.
1862 340 2016 397 ΖΕΝ.
2062 336 2427 396 DOCTRINA.

3183 359 3188 364 ·
3283 340 3385 395 ηέ

129 467 223 519 qua
252 455 454 508 salvum
477 456 529 509 in
570 455 930 511 incarnatione
957 452 1281 520 declaratur,
1309 456 1445 525 quod
1473 466 1598 522 erat,
1635 472 1698 510 cx
1728 465 1783 525 Α
1807 458 1899 512 lib.
1934 472 1991 512 nt
2014 457 2215 514 Strom.
2237 498 2250 520 ,
2278 472 2398 529 pag.
2427 458 2530 515 466
2549 502 2563 528 ,
2589 460 2675 515 ubi
2719 456 3039 531 impugnans
3063 455 3382 513 Cassianum

131 550 355 603 aucturis
384 560 569 605 mente
601 549 741 604 haud
768 548 958 618 opponi
998 547 1240 603 dicenda:
1285 549 1423 612 sint;
1469 563 1535 604 eo
1577 563 1708 605 sane

133 650 369 707 spectare
401 650 721 709 nequeunt,
767 651 819 693 ιιι
867 647 1120 693 mutatam
1166 639 1220 693 in
1254 639 1547 695 humanam
1581 641 1710 696 insi-

137 742 288 786 nuent
317 733 557 787 divinam
607 741 869 792 naturam.
898 746 1018 801 qua:
1044 742 1125 786 est
1162 733 1509 789 immutabilis
1528 776 1543 799 ,
1566 743 1621 789 et
1641 749 1708 789 ex

139 822 242 891 ipso
260 824 482 879 Zenone
502 826 666 889 salva,
690 823 740 877 id
758 833 838 878 est
867 824 1091 892 integra,
1115 826 1707 891 exstitit,necinclusam

144 914 270 970 illam
315 917 367 969 in
417 918 656 979 homine,
687 931 839 987 quam
869 919 1089 972 mundus
1116 920 1389 989 mundique
1416 938 1519 975 non
1573 923 1708 991 capit

144 1008 599 1079 magnitudo,idem
623 1008 738 1078 ipse
768 1019 992 1065 teStatnr
1017 1020 1151 1067 trac.
1177 1012 1208 1067 9
1247 1012 1341 1068 lib.
1370 1028 1437 1080 ll,
1472 1030 1619 1069 num.
1652 1017 1704 1072 l.

148 1102 218 1156 Eo
245 1103 397 1172 igitur
426 1107 602 1160 solum
636 1108 927 1175 pertinent,
957 1108 1018 1163 ut
1042 1108 1135 1164 Dei
1165 1109 1359 1166 Filium
1386 1126 1511 1168 vere
1536 1111 1709 1167 homi-

147 1210 257 1249 nem
288 1195 481 1251 l’actum
523 1197 882 1269 intelligamus
901 1240 918 1264 ,
954 1200 1173 1270 perinde
1202 1218 1264 1258 ac
1285 1204 1327 1258 si
1356 1219 1520 1275 purus
1545 1204 1707 1259 homo

152 1288 306 1341 videri
340 1290 542 1357 possit;
580 1290 759 1345 abdita
798 1297 1030 1362 quodam
1057 1294 1217 1350 modo
1256 1297 1309 1351 in
1341 1297 1517 1375 carnis
1568 1305 1709 1368 tegu-

152 1392 305 1434 menta
324 1380 498 1442 divina
524 1382 613 1436 illa
640 1384 942 1452 majestate,
974 1401 1155 1456 quam,
1182 1397 1239 1441 ut
1262 1396 1328 1442 tr.
1359 1389 1391 1443 5
1412 1388 1532 1443 libri
1564 1388 1710 1458 ejus-

152 1470 262 1525 dem
278 1470 523 1534 insinuat.
557 1490 657 1527 non
679 1469 841 1544 potest
867 1477 1042 1530 mundi
1070 1478 1216 1533 istius
1245 1479 1565 1535 rnediocritas
1593 1497 1708 1535 sus-

152 1563 316 1618 tinere.
346 1562 455 1618 llnt:
481 1564 671 1631 eodem
694 1582 857 1622 sensu
909 1569 1145 1625 divinum
1177 1571 1407 1627 Verbum
1428 1572 1711 1628 breviatum

149 1657 341 1709 vocavit
387 1670 502 1710 cum
526 1656 787 1727 ApoStolo
831 1659 995 1716 Paulo
1014 1675 1132 1731 cap.
1166 1678 1219 1718 ιι
1238 1662 1303 1717 ad
1326 1663 1481 1718 Rom.
1515 1673 1564 1717 ι’.
1605 1664 1706 1719 28:

151 1742 223 1797 Tu
248 1762 357 1799 eum
382 1746 943 1820 breviatum'paulisper
964 1751 1025 1804 ab
1053 1754 1335 1825 majestatis
1371 1770 1478 1808 sua:
1498 1756 1710 1810 immen-

1809 551 2094 622 quemdam
2125 551 2391 607 Valentini
2422 553 2742 625 discipulum
2772 564 2825 610 et
2855 554 3160 609 Docitarnm
3183 549 3385 623 princi-

1811 658 1959 714 pem,
2007 644 2403 716 nonuullosque
2429 646 2562 701 alios
2586 647 2761 703 eidem
2785 646 2977 703 haeresi
3005 645 3274 708 addictos,
3296 641 3386 712 qui

1808 752 1929 792 cum
1959 737 2187 793 Tatiano
2214 740 2424 809 nuptias
2453 740 2781 797 damnabant
2807 783 2820 807 ,
2854 742 2967 796 haec
3007 740 3205 809 scripta
3254 737 3382 793 reli-

1809 832 1926 901 quit
1956 849 1970 885 :
1997 829 2201 886 Certum
2223 840 2295 887 est
2318 832 2589 886 Dominum
2615 850 2810 904 quoque
2839 833 3119 912 περιῆψα..
3156 830 3224 883 ad
3250 845 3338 909 eos
3361 869 3378 897 ,
3434 865 3440 871 ο
3473 864 3478 870 -

1808 923 1896 993 qui
1922 923 2152 978 sensibus
2176 940 2265 977 seu
2287 924 2671 997 cogitationibus
2718 924 3073 979 aberravcrunt
3096 964 3110 987 ,
3163 922 3231 976 ad
3245 937 3379 986 .nos,

1808 1015 2036 1085 inquam,
2066 1016 2197 1070 venit
2228 1015 2473 1071 Servator
2494 1032 2512 1070 :
2534 1032 2644 1087 quae
2657 1017 2855 1086 quidem
2877 1032 2938 1070 ea:
2979 1024 3153 1069 nostra
3178 1015 3229 1067 in
3252 1027 3384 1085 prat-

1808 1107 1965 1177 ceptis
1992 1106 2330 1161 inobedientia
2365 1117 2605 1180 corrupta
2633 1117 2768 1173 sunt,
2794 1108 2913 1161 dum
2942 1089 3091 1161 nimis
3135 1105 3281 1159 avide
3304 1119 3385 1158 vo-

1809 1198 2055 1268 luptatem
2076 1216 2505 1270 persequeremur,
2529 1217 2644 1253 cum
2672 1199 3243 1271 forsitattprotOplasttts
3267 1212 3387 1250 nos-

1810 1297 1885 1342 ter
1914 1299 2110 1359 tempus
2146 1291 2485 1357 prtcvenisset,
2528 1300 2574 1343 et
2603 1306 2702 1344 non
2729 1292 2782 1343 in
2821 1301 3043 1356 tempore
3075 1287 3386 1342 matrimonii

1808 1381 2026 1453 gratiam
2041 1383 2376 1454 appetivisset,
2408 1392 2455 1436 et
2476 1386 2753 1437 aberrasset
2780 1398 2797 1437 :
2825 1393 2879 1437 et
2897 1382 3058 1450 paqu
3087 1376 3235 1449 post,
3259 1380 3380 1450 pag.

1794 1473 1917 1529 ’470
1947 1492 1961 1529 :
1993 1472 2125 1541 Etsi,
2152 1476 2346 1544 inquit,
2379 1491 2491 1529 cum
2511 1492 2573 1529 ea.
2601 1474 2762 1528 brutis
2796 1471 3139 1526 animantibus
3158 1456 3387 1525 insidiosi

1811 1564 2012 1619 consilii
2038 1566 2281 1618 rationem
2304 1565 2511 1636 cepisset
2533 1581 2760 1633 serpens.
2787 1573 2835 1617 et
2867 1562 3216 1631 persuasisset,
3251 1560 3388 1615 dicat

1810 1650 1977 1712 Adam
1992 1658 2260 1712 adsensum
2284 1673 2388 1712 esse
2410 1673 2523 1711 cum
2543 1656 2651 1712 Eva
2668 1656 3030 1729 conjunctioni,
3051 1671 3229 1723 nempe
3256 1654 3391 1723 quod

1813 1750 1908 1804 Itac
1934 1734 2119 1803 naturis
2148 1750 2278 1804 alias
2302 1749 2379 1803 usi
2407 1765 2508 1816 non
2529 1760 2689 1802 essent
2710 1746 3037 1819 protoplasti,
3061 1756 3233 1800 utnon
3259 1746 3390 1799 nulli

152 1837 287 1891 sitate
313 1841 621 1911 peregrinari
664 1844 866 1908 fecisti,
900 1852 1059 1899 tract.
1085 1846 1122 1899 2
1174 1847 1264 1901 lib.
1290 1863 1341 1912 1,
1387 1864 1531 1902 nttm.
1556 1849 1608 1906 9.
1647 1850 1709 1905 Et
1738 1853 1787 1913 Β
1812 1843 2135 1909 existimant;
2160 1859 2337 1896 rursus
2365 1842 2648 1896 maledictis
2676 1841 2947 1894 incessitur
2967 1840 3174 1904 creatio,
3206 1848 3260 1891 ut
3279 1854 3390 1910 qua

153 1941 291 1986 tract.
323 1932 356 1986 8
398 1932 487 1986 lib.
510 1950 563 1997 tt,
592 1934 740 1989 nutit.
770 1935 806 1989 2
832 1935 947 2011 :Dei
976 1934 1147 1992 Filius
1168 1950 1391 2011 tetnpore
1412 1943 1704 2011 constituto,

154 2025 447 2079 dissimulata
467 2028 671 2081 interim
685 2032 968 2101 majestate,
990 2031 1052 2084 ab
1068 2032 1285 2087 atherea
1297 2034 1413 2087 sede
1427 2039 1707 2106 profectus,

155 2118 201 2169 in
221 2120 576 2187 prcedestinata:
620 2120 848 2191 Virginis
884 2124 1070 2192 templo
1117 2125 1313 2180 sibimet
1342 2136 1511 2181 castra
1557 2139 1711 2182 meta-

157 2221 249 2274 tur,
276 2213 444 2282 quibus
483 2217 699 2269 latenter
722 2216 1014 2287 infunditur
1034 2218 1085 2271 in
1108 2218 1364 2274 hominem
1387 2222 1707 2292 gigniturus,

159 2304 415 2375 ibidemque
457 2307 597 2361 salvo
617 2348 634 2374 ,
682 2307 819 2378 quod
846 2319 977 2372 erat,
1019 2310 1292 2365 meditatur
1315 2328 1419 2365 esse
1453 2312 1590 2384 quod
1610 2329 1711 2365 non

161 2404 254 2448 erat
280 2411 297 2450 :
322 2411 430 2466 quae
450 2398 583 2453 adeo
605 2409 731 2453 sunt
760 2410 965 2470 aperta,
993 2413 1052 2455 ut
1081 2402 1211 2456 nihil
1243 2403 1471 2473 amplius
1513 2403 1711 2459 addere

161 2503 358 2545 necesse
382 2502 465 2546 sit.
1697 2507 1701 2511 ’

750 2633 977 2692 CAPUT
1015 2634 1133 2691 Νι

260 2767 342 2807 ,οε
366 2766 585 2808 PIIORUI
615 2768 898 2808 ΡΔΒΕΝΊἪΙΙ
928 2766 1160 2808 PECCATO
1207 2759 1330 2816 QUID
1360 2769 1569 2810 AUCTOR

747 2862 1088 2903 TRADIDBBI'I'.

230 2955 463 3013 Sanctum
504 2957 777 3015 Zenonem
804 2936 926 3014 cuin
959 2962 1226 3016 communi
1252 2960 1711 3016 Patrum'senten-

172 3048 261 3113 lia,
288 3066 396 3120 quae
437 3051 651 3109 litterali
692 3052 967 3109 Geneseos
1022 3054 1446 3124 interpretationi
1489 3067 1710 3124 prorsus

172 3142 410 3206 convenit,
429 3144 658 3212 priorum
681 3155 967 3214 parentum.
987 3155 1267 3216 peceatum
1297 3146 1348 3200 in
1380 3160 1473 3200 esu
1506 3146 1709 3199 fructus

1812 1937 2029 1990 rationis
2069 1936 2353 2003 expertium
2382 1934 2723 1988 animantium
2750 1942 2935 1987 natura
2962 1930 3189 1985 homines
3220 1931 3392 2002 fecerit
3477 1994 3480 1999 ,

1810 2030 2185 2095 imbecilliores,
2204 2042 2327 2100 quos
2363 2029 2617 2084 consecuti
2642 2022 2780 2092 sunt,
2804 2027 2890 2096 qui
2912 2042 2943 2079 a
2964 2023 3073 2079 Deo
3101 2025 3252 2095 primi
3278 2024 3389 2094 for-

1814 2123 1935 2176 mati
1971 2126 2131 2194 fuere.
2163 2121 2261 2177 Sin
2284 2130 2454 2175 autem
2480 2104 2666 2174 natura
2692 2118 2896 2190 quidem
2928 2133 3032 2180 eos,
3059 2117 3184 2169 sicut
3216 2116 3385 2180 bruta,

1812 2214 2021 2268 deduxit
2058 2214 2125 2268 ad
2163 2213 2387 2283 ﬁliorum
2424 2212 2860 2283 procreationem;
2903 2210 3024 2263 moti
3065 2218 3233 2261 autem
3271 2216 3388 2261 sunt

1814 2306 1980 2370 citius,
2010 2305 2425 2376 quanwportuit,
2440 2301 2865 2374 fraude‘inducti,
2897 2315 3011 2352 cum
3033 2296 3199 2352 adhuc
3227 2305 3388 2368 essent

1805 2400 2050 2468 juvenes;
2065 2386 2505 2468 justum‘quidem
2549 2403 2621 2448 est
2657 2392 2754 2447 Dei
2784 2392 3044 2462 judicium
3072 2390 3126 2444 in
3169 2405 3275 2454 eos,
3296 2389 3387 2459 qui

1767 2555 1770 2557 Α
1815 2510 1917 2547 non
1957 2500 2316 2561 easpectarunt
2357 2490 2689 2542 voluntatem.
2738 2488 2901 2540 Docet
2938 2484 3115 2552 itaque
3137 2480 3388 2537 Clemens

1814 2600 1879 2640 ex
1923 2600 2025 2638 non
2052 2584 2357 2648 nullorum,
2381 2596 2517 2650 quos
2558 2581 2675 2634 sine
2706 2568 2936 2648 p'rOpriis
2967 2575 3272 2630 nominibus
3291 2587 3388 2644 ap-

1814 2678 1998 2749 pellat,
2017 2676 2307 2742 sententia,
2332 2673 2502 2728 Adam
2534 2680 2589 2726 et
2619 2673 2778 2726 Erant
2810 2671 2861 2725 in
2893 2686 2959 2723 eo
2983 2664 3387 2738 pecasse,qnod

1816 2770 1977 2824 nimis
2023 2767 2178 2823 avide
2220 2767 2545 2835 voluptatem
2579 2770 2917 2834 appetentes,
2962 2776 3061 2813 non
3086 2761 3389 2814 voluntatem
3427 2797 3436 2805 .

1814 2863 2074 2926 divinam,
2098 2874 2201 2929 qua
2218 2858 2528 2927 eonjunctio
2547 2855 2947 2924 praeciperetur,
2966 2855 3389 2921 exspecmssent,

1814 2956 1909 3011 sed
1941 2956 2089 3010 citius
2118 2969 2269 3022 quam
2289 2954 2513 3021 oportuit
2538 2948 2848 3002 matrimonii
2878 2948 3094 3018 gratiam
3119 2943 3390 3014 appetivis-

1814 3055 1940 3101 sent.
1973 3043 2091 3099 Non
2116 3043 2266 3109 nulli,
2290 3043 2378 3112 qui
2403 3040 2539 3094 hanc
2560 3038 2883 3094 sententiam
2917 3038 3241 3106 ingererent,
3264 3034 3387 3104 ipsi,

1814 3137 1951 3210 quos
1996 3136 2208 3198 refellit,
2261 3135 2399 3188 forte
2450 3131 2667 3186 luerunt
2700 3128 2973 3192 haeretici;
3023 3141 3156 3196 quos
3210 3135 3387 3180 tamen

173 3232 302 3286 veliti
327 3235 802 3306 collocassepalam
826 3246 992 3293 estex
1017 3246 1172 3291 tract.
1224 3238 1381 3308 (ιλιι).
1414 3253 1452 3303 ι,
1480 3253 1627 3291 ηιιιιι.
1652 3237 1705 3298 5,
1736 3237 1782 3299 C
1819 3232 1917 3284 bac
1965 3230 2019 3284 in
2060 3243 2117 3283 re
2144 3241 2251 3282 non
2288 3225 2509 3281 omnino
2546 3223 2753 3292 rejicit,
2786 3220 2880 3275 sed
2932 3235 3025 3290 per
3072 3218 3389 3289 particulam

173 3324 253 3380 ubi
276 3324 427 3380 Adam
456 3343 611 3381 sacra:
657 3327 856 3382 arboris
886 3344 1092 3396 pontum
1125 3329 1256 3383 male
1284 3329 1433 3382 dulce
1466 3327 1713 3382 delibasse

174 3414 423 3473 affirmavit
448 3436 460 3471 :
488 3429 543 3473 et
570 3420 818 3473 similiter
838 3434 960 3473 cum
991 3421 1042 3473 in
1075 3427 1229 3475 tract.
1264 3420 1331 3475 15
1381 3418 1623 3487 ejusdem
1648 3418 1710 3472 li-

178 3509 248 3564 bri
272 3526 354 3581 per
378 3512 525 3568 letale
547 3512 772 3584 lignum,
803 3512 944 3582 quod
962 3513 1071 3566 sola
1097 3511 1281 3566 mulier
1308 3510 1715 3582 contigitumor—

175 3611 269 3657 tem
290 3604 335 3658 in
360 3606 517 3661 Adam
545 3616 597 3662 et
629 3607 681 3672 in
711 3605 879 3661 Evam
909 3605 1184 3660 derivasse
1208 3604 1380 3670 docet,
1417 3604 1557 3660 idem
1584 3618 1710 3659 con-

180 3694 349 3752 ﬁrmat.
396 3699 462 3754 At
499 3699 600 3754 hoc
645 3699 833 3754 eodem
871 3707 1027 3753 tract.
1054 3699 1148 3765 15,
1184 3714 1327 3753 num.
1371 3699 1433 3764 5,
1462 3711 1711 3768 peccasse

184 3785 323 3842 Adam
360 3790 547 3846 indicat
573 3806 667 3860 per
693 3790 865 3855 virile,
905 3789 1046 3860 quod
1088 3789 1507 3854 circumciditur,
1540 3804 1711 3843 mem-

181 3876 310 3933 brum
335 3898 348 3947 ;
375 3882 528 3936 Adam
554 3867 717 3949 enim,
742 3884 933 3952 inquit.
966 3899 1082 3935 cum
1111 3883 1364 3936 inlicitum
1386 3898 1593 3951 pomum
1619 3882 1713 3935 ltoc

185 3974 370 4029 umbro
408 3977 666 4048 decerpsit,
712 3977 787 4029 sic
822 3977 875 4029 in
907 3992 1065 4045 genus
1096 3980 1371 4029 humanum
1402 3978 1493 4048 jus
1536 3975 1713 4030 mortis

185 4064 390 4135 induxit;
430 4078 479 4123 et
522 4068 867 4123 Hebraeorum
908 4068 1104 4137 populo
1131 4067 1589 4121 circumcisionem
1634 4064 1713 4120 id-

188 4156 305 4211 circo
329 4168 631 4228 praeceptam
659 4148 874 4225 subdit,
904 4171 962 4212 ut
990 4159 1160 4212 locum
1196 4158 1482 4213 matricalis
1528 4158 1711 4228 culpat,

190 4245 231 4299 id
253 4259 323 4302 est
341 4252 622 4320 originalis.
653 4268 769 4305 cum
809 4252 1011 4304 denotat
1036 4291 1051 4314 ,
1080 4251 1230 4304 etiam
1259 4250 1365 4303 alia
1393 4250 1607 4303 crimina
1632 4252 1716 4317 fu;

190 4337 339 4406 gienda
355 4353 630 4413 cognoscat.
660 4342 714 4413 id
749 4344 917 4412 ipsum
951 4342 1189 4411 pressius
1233 4322 1627 4411 exponittract.
1657 4342 1713 4403 2,

191 4443 312 4485 num.
334 4436 380 4497 8,
408 4448 522 4488 cum
560 4435 625 4488 de
667 4434 916 4503 cupidine
944 4434 1190 4502 loquens,
1222 4431 1343 4493 Hic,
1370 4432 1557 4498 inquit,
1588 4431 1717 4499 faci-

193 4523 265 4577 bitt
275 4529 367 4581 suis
385 4526 498 4582 Eutr
517 4538 686 4597 pectus
708 4527 961 4587 incendit;
980 4525 1173 4594 quibus
1196 4524 1372 4577 verbis
1387 4523 1515 4576 satis
1534 4532 1716 4601 aperte

1819 3321 2034 3393 forsitan
2074 3317 2318 3373 eamdem
2361 3315 2682 3370 sententiam
2738 3326 2899 3382 posse
2926 3308 3138 3364 delendi
3164 3324 3270 3362 non
3300 3307 3391 3361 ab-

1818 3415 1954 3477 nuit,
1979 3421 2035 3468 et
2065 3406 2238 3467 Solum
2269 3408 2402 3464 nillil
2441 3407 2635 3463 exinde
2664 3405 2844 3474 colligi
2891 3417 3046 3474 posse
3076 3402 3388 3467 contendit,

1816 3506 1958 3562 unde
1984 3506 2059 3561 illi
2089 3503 2299 3575 nuptias
2342 3501 2510 3559 malas
2538 3513 2657 3554 esse
2682 3498 3022 3553 convincant.
3058 3495 3206 3550 Unde
3234 3508 3391 3563 porro

1816 3601 1929 3655 sive
1978 3597 2077 3662 illi,
2127 3598 2241 3651 sive
2268 3595 2519 3649 Clemens
2568 3592 2703 3645 hanc
2732 3590 3056 3644 sententiam
3093 3585 3388 3656 collegerit,

1815 3694 2050 3762 ignotum
2086 3689 2240 3760 plane
2264 3697 2375 3751 est;
2408 3695 2460 3739 at
2485 3700 2549 3740 ex
2578 3684 2712 3738 libro
2743 3682 2918 3751 aliqua
2948 3680 3274 3749 apocrypha,
3305 3677 3388 3729 vel

1818 3788 1993 3856 potius
2030 3798 2096 3838 ex
2149 3781 2494 3836 Hebraeorum
2551 3774 2905 3845 quorumdam
2955 3770 3392 3839 interpretatione

1816 3875 2119 3929 dimanasse
2148 3864 2380 3936 videtur,
2412 3864 2547 3938 quos
2588 3866 2802 3934 quidem
2851 3862 3112 3917 indicatos
3143 3870 3388 3930 putamus

1824 3983 1852 4020 a
1883 3966 2063 4035 Moyse
2110 3960 2379 4030 Barcepba
2414 3960 2550 4028 Syro
2578 3955 2832 4024 episcopo
2852 3994 2866 4016 ,
2894 3968 3013 4007 cum
3038 3962 3191 4021 parte
3220 3952 3389 4019 prima

1813 4060 2178 4122 Conttttentar.
2209 4054 2272 4109 de
2298 4053 2396 4106 situ
2441 4049 2677 4109 Paradisi
2719 4062 2837 4117 cap.
2870 4045 2956 4108 l9,
2992 4060 3109 4114 pag.
3144 4043 3247 4098 461
3307 4054 3387 4097 to-

1818 4152 1889 4206 nti
1940 4164 2047 4204 xvu
2098 4145 2350 4201 Bibliotlt.
2401 4142 2499 4196 PP.
2532 4139 2781 4203 editionis
2819 4136 3214 4207 Lugdunensis,
3275 4135 3389 4188 lucc

1816 4242 2003 4297 scribit
2033 4259 2045 4293 :
2081 4238 2212 4293 Sunt
2246 4236 2471 4306 quidam,
2496 4233 2583 4303 qui
2609 4232 2892 4285 existiment
2922 4246 3019 4283 non
3054 4229 3211 4295 fuisse
3233 4226 3386 4280 arbo-

1818 4350 1921 4387 rem
1936 4331 2006 4393 id,
2033 4330 2096 4383 de
2114 4344 2212 4398 quo
2232 4325 2451 4398 gustavit
2476 4322 2658 4386 Adam,
2682 4322 2771 4376 sed
2792 4335 3052 4374 venereum
3074 4319 3383 4388 amplexum,

1818 4441 1916 4497 quo
1945 4438 2057 4477 cum
2084 4435 2240 4474 uxore
2283 4418 2369 4471 ille
2413 4431 2598 4486 corpus
2634 4408 2927 4466 θώραξι...
2957 4426 3112 4480 neque
3138 4408 3279 4463 aliud
3307 4425 3387 4461 ro-

1821 4517 1974 4570 luisse
2005 4514 2132 4567 illud
2172 4519 2494 4582 prteceptum,
2531 4500 2593 4560 ne
2619 4506 2781 4559 edatis
2810 4504 2871 4556 de
2901 4504 2989 4556 illa
3016 4500 3212 4563 arbore,
3237 4514 3387 4570 quam

194 4616 353 4685 innuit,
378 4625 605 4693 priorum
632 4633 911 4693 parentum
944 4619 1155 4688 culpam
1205 4620 1255 4672 in
1306 4591 1550 4673 venerem:
1586 4633 1716 4673 con-
1743 4617 1793 4675 ι)
1821 4624 1919 4662 non
1946 4605 2153 4669 coeatis,
2194 4602 2281 4657 sed
2308 4609 2479 4655 sancte
2504 4607 2549 4651 et
2588 4598 2773 4665 absque
2798 4595 2934 4649 omni
2966 4607 3138 4693 venere
3166 4590 3340 4643 vivatis
3366 4628 3381 4652 ,

191 4692 731 4787 junctionisiveTuptate
756 4704 911 4790 sitam
941 4714 1122 4767 inisse.
1159 4727 1222 4766 ac
1250 4713 1293 4766 si
1322 4714 1517 4780 lignum
1541 4722 1591 4767 et
1618 4727 1712 4780 po-

197 4816 311 4857 mum
340 4846 351 4867 ,
381 4808 511 4874 quod
536 4803 667 4878 ipsis
694 4819 725 4856 a
748 4806 856 4858 Deo
885 4803 1111 4857 vetitum
1133 4813 1236 4868 est,
1265 4801 1425 4856 fuerit
1454 4804 1564 4872 ipsa
1588 4817 1710 4856 con-

195 4891 379 4961 iunctio.
404 4896 661 4966 quamilli
707 4878 892 4949 contra
922 4891 1147 4947 vetitum
1180 4892 1571 4960 praecipientes,
1599 4907 1718 4962 pec-

199 4985 333 5037 carint
355 4976 590 5054 graviter,
619 4996 675 5041 et
702 5000 863 5040 omne
898 4998 1068 5053 genus
1113 4985 1404 5036 humanum
1437 4983 1489 5035 in
1531 4997 1717 5051 pecca-

202 5082 287 5127 tum
312 5077 611 5131 induxerint.
650 5078 761 5132 Hoc
782 5084 959 5129 autem
982 5089 1139 5143 quam
1159 5084 1214 5128 et
1230 5089 1256 5123 a
1278 5074 1491 5127 litterati
1514 5076 1709 5129 Cenes.

202 5179 349 5230 sensu,
374 5176 421 5221 et
441 5184 469 5223 a
500 5170 710 5223 Patrum
753 5166 881 5239 [etv]
902 5166 1341 5233 interpretatione
1367 5166 1434 5220 sit
1457 5165 1713 5232 alienum,

205 5270 331 5312 scina
350 5275 445 5314 non
482 5260 622 5314 videt
652 5277 667 5312 :
699 5260 861 5328 idque
888 5264 1036 5311 tanto
1064 5256 1232 5326 magis
1260 5257 1518 5311 absonum
1547 5257 1714 5313 videri

204 5345 350 5412 debet,
373 5359 558 5418 quanto
584 5360 667 5404 est
688 5361 916 5413 certum,
953 5348 1407 5425 concupiscentia:
1432 5349 1631 5403 carnali
1663 5348 1716 5401 in

206 5441 409 5506 paradiso
437 5442 663 5497 terrestri
694 5442 895 5496 nullum
928 5439 1090 5494 fuisse
1117 5440 1290 5495 locum
1316 5482 1330 5504 ,
1382 5451 1438 5494 ut
1478 5440 1719 5509 pluribus

206 5527 249 5582 la
280 5530 413 5600 libris
453 5534 700 5589 adversus
731 5533 1042 5601 Pelagianos
1070 5532 1398 5602 Augusﬁnus
1420 5531 1716 5585 luculenter

208 5619 502 5680 demonstrat.
523 5627 644 5681 Haec
670 5642 791 5681 cum
825 5640 925 5680 nos
949 5626 1129 5680 animo
1156 5626 1506 5690 vnlveremus,
1542 5622 1715 5677 Zeno-

209 5709 347 5766 Iianze
371 5720 631 5791 sententia:
671 5718 935 5787 originem
976 5716 1315 5793 indagaturi,
1356 5713 1716 5782 comperimus

214 5798 352 5856 simile.
370 5789 617 5877 quidpiam
643 5808 747 5877 legi
767 5808 907 5870 apud
930 5789 1260 5863 Clementem
1294 5801 1711 5862 Alexandrinum

1817 4713 1863 4755 et
1889 4716 1984 4769 quo
2006 4699 2089 4752 die
2108 4697 2171 4750 de
2190 4694 2280 4749 illa
2309 4692 2530 4755 ederitis,
2557 4700 2719 4743 morte
2743 4686 3041 4768 moriemini,
3062 4684 3113 4736 id
3134 4699 3264 4746 esse,
3284 4697 3381 4750 quo

1819 4798 1900 4849 die
1927 4806 2143 4863 corpora
2170 4785 2460 4841 miscebitis.
2496 4783 2626 4836 llnic
2668 4795 2798 4834 sane
2828 4773 3252 4847 interpretationi
3283 4789 3385 4825 non

1820 4888 1995 4942 nullos
2031 4881 2351 4957 posterioris
2377 4894 2589 4948 quoque
2624 4878 2799 4932 {etatis
2829 4874 3097 4929 Rabbinos
3125 4866 3392 4933 subscrip-

1820 4981 1956 5035 sisse
1986 4980 2120 5034 satis
2160 4976 2459 5043 colligimus
2483 4988 2549 5027 ex
2586 4972 2809 5038 Dialogo
2834 4968 2867 5021 5
2920 4968 2980 5018 de
3018 4964 3215 5024 Amore,
3245 4958 3384 5013 circa

1823 5058 2079 5136 tnedium,
2109 5084 2263 5139 quem
2296 5067 2405 5121 Leo
2430 5064 2684 5119 Hebraeus
2708 5059 3019 5115 Mutinensis
3046 5051 3240 5105 sarculo
3269 5064 3381 5111 χιι.

1816 5145 1997 5218 italiae
2040 5161 2225 5216 edidit.
2278 5158 2345 5214 Ut
2375 5167 2550 5210 autem
2600 5169 2663 5208 ex
2693 5151 3032 5204 chrmorum
3078 5141 3228 5195 libris
3251 5182 3265 5205 ,
3298 5150 3389 5193 aut

1818 5262 1963 5309 certe
1979 5268 2041 5305 ex
2070 5252 2414 5317 llebracorum
2438 5246 2487 5299 id
2512 5255 2614 5299 tem
2624 5242 2769 5311 puris
2785 5236 3036 5308 sensibus
3059 5234 3195 5286 banc
3221 5232 3383 5284 inter-

1824 5343 2172 5414 pretationem
2195 5339 2263 5392 ab
2286 5340 2520 5393 Auctore
2542 5340 2722 5385 nostro
2750 5327 3029 5381 deductam
3059 5322 3386 5392 probabilius

1819 5435 2139 5506 judicemus,
2173 5429 2294 5483 illud
2333 5425 2542 5487 suadet,
2574 5420 2714 5491 quod
2760 5419 2849 5471 ille
2902 5428 3050 5471 tract.
3090 5414 3152 5468 15
3194 5414 3286 5466 lib.
3346 5428 3383 5475 ι,

1822 5529 1883 5581 de
1907 5520 2298 5580 Circumcisiane
2337 5518 2597 5570 adversus
2641 5512 2893 5565 Hebraeos
2931 5509 3189 5570 disserat,
3226 5515 3280 5559 et
3322 5520 3385 5558 ex

1822 5619 2116 5688 praecipua,
2149 5621 2204 5665 ut
2238 5610 2464 5670 videtur,
2517 5608 2750 5663 ipsorum
2802 5598 3062 5655 sententia
3109 5596 3383 5650 citettmci-

1816 5712 2019 5766 sionem
2051 5705 2337 5774 explodere
2370 5705 2588 5754 nitatur.
2619 5694 2873 5765 Equidem
2902 5692 2945 5746 si
2975 5705 3079 5745 non
3110 5689 3372 5749 alienam,

1813 5788 1905 5855 sed
1951 5812 2098 5852 suam
2132 5795 2216 5849 bic
2262 5782 2565 5864 protulisset
2614 5778 2963 5849 sententiam,
3017 5779 3105 5851 ani
3148 5784 3299 5832 ll'ttt‘t.
3337 5776 3368 5817 π
