3826 6226
429 373 530 430 1:25

1803 345 2332 430 rRoLEcoMuaA.
2424 445 2432 450 ν
2492 398 2513 413 ε

3576 379 3652 433 lii

424 494 517 547 lib:
545 508 592 559 t,
629 506 765 546 num
806 490 880 555 .3,
930 488 1176 559 vulgat-at,
1211 496 1268 542 ut
1288 488 1461 544 «initio
1488 482 1827 551 monuimus,
1860 487 2000 542 'sub-
2024 486 2071 549 Α
2105 478 2283 542 ιγυειᾈ
2314 491 2356 567 1,
2379 489 2473 543 lib.
2509 507 2548 556 ι,
2580 491 2645 554 de
2674 489 2802 544 Fide
2824 496 2929 544 non
2959 486 3083 543 illud
3108 485 3472 569 quatiebatur,
3497 502 3651 545 utrum

425 584 729 652 scripsisset
767 579 1132 649 explicationi,
1174 586 1276 649 qua
1300 579 1471 650 Adam
1492 590 1653 635 sacra:
1680 581 1875 635 arboris
1897 588 1994 652 pa-

421 678 557 727 mum
578 673 708 727 male
721 672 866 726 dulce
879 672 1127 726 delibasse
1141 672 1391 727 traditur?
1410 674 1498 742 qui
1516 662 1701 728 eodem
1723 682 1876 729 tract.
1929 674 1995 729 13

421 764 512 819 lib.
547 781 581 830 I,
605 780 753 818 num.
798 763 883 827 10,
912 761 1063 817 letale
1094 764 1289 834 lignum
1319 780 1351 817 a
1399 764 1511 818 sola
1540 764 1751 818 muliere
1795 772 1992 820 tactum

422 856 778 927 prodidisset,
811 855 853 909 si
888 855 939 909 in
983 856 1169 921 vetita,
1214 856 1284 909 uti
1319 856 1638 926 putabatur,
1668 857 1994 919 matrimonii

418 947 791 1018 conjunctione
817 943 1028 1016 utrique
1057 947 1254 1016 lignunt
1283 956 1334 1002 et
1384 935 1610 1015 pomum
1637 931 1941 1017 attigissent
1965 948 1989 1002 ἳ

419 1041 596 1110 Itaque
640 1046 920 1109 propterea
977 1040 1076 1092 ltac
1124 1039 1568 1107 interpretatione
1614 1039 1671 1094 S.
1717 1040 1988 1097 Zenonem

416 1146 726 1200 usum_esse
771 1130 923 1186 nobis
952 1131 1207 1187 credibile
1230 1139 1343 1197 est,
1386 1142 1445 1188 ut
1488 1132 1743 1188 Hebraeos
1774 1135 1987 1203 propria

416 1238 598 1280 eorum
630 1223 908 1295 ttypotltesi
935 1222 1126 1278 fortius
1151 1225 1513 1281 convinceret.
1538 1224 1671 1281 Cum
1695 1230 1825 1281 vero
1850 1226 1989 1310 hanc

413 1316 653 1372 eamdem
676 1315 995 1370 sententiam
1025 1315 1212 1370 innuat
1238 1326 1393 1372 tract.
1441 1317 1476 1371 2
1502 1317 1596 1373 lib.
1626 1334 1674 1384 ι,
1693 1319 1781 1373 ubi
1811 1330 1986 1375 tamen

416 1407 973 1475 adversus‘liebraeos
1004 1404 1135 1462 nihil
1181 1419 1293 1474 est;
1322 1409 1460 1465 lianc
1510 1413 1831 1467 sententiam
1881 1429 1987 1467 non

417 1510 619 1556 tantum
654 1501 1030 1569 Hebraeorum,
1075 1499 1169 1557 sed
1204 1502 1501 1574 aliquorum
1532 1506 1693 1562 etiam
1721 1506 1985 1563 Christia-

417 1609 604 1648 norunt
634 1594 896 1663 propriam
922 1593 1042 1648 licet
1068 1608 1380 1664 agnoscere,
1412 1598 1479 1650 ita
1504 1606 1559 1650 ut
1585 1598 1640 1652 S.
1672 1598 1822 1654 Zeno
1846 1600 1984 1657 banc

418 1684 921 1754 praetermittendam
962 1700 1067 1739 non
1118 1685 1359 1753 duxerit,
1410 1689 1499 1743 ubi
1551 1686 1617 1745 de
1669 1693 1985 1760 perniciosis

416 1778 632 1832 venerei
656 1778 852 1835 amoris
876 1777 1151 1835 ell'ectibus
1174 1795 1478 1837 sermonem
1506 1782 1832 1855 instituerat,
1861 1787 1985 1844 licet

416 1870 529 1939 ipse
551 1869 706 1925 aliam
738 1874 1021 1942 Veramque
1043 1874 1362 1930 sententiam
1390 1888 1731 1947 sequeretur.

895 2058 899 2062 _
975 2006 1081 2081 [ον]
1121 2008 1344 2067 CAPUT
1382 2011 1446 2066 v.

453 2134 595 2182 QllAI
636 2136 809 2176 BECTE
848 2138 914 2177 DE
953 2138 1133 2180 DIVINA
1171 2130 1369 2182 GRATIA
1409 2143 1455 2183 8.
1497 2138 1635 2185 ΖΕΝΟ
1662 2144 1934 2186 8ΕΝ8ΕΒΙΤ.

485 2233 597 2291 Hoc
626 2239 950 2308 praecipuum
981 2246 1152 2311 caput
1181 2251 1282 2308 εει,
1330 2243 1381 2297 ἱη
1429 2260 1537 2313 quo
1580 2261 1700 2302 cum
1746 2246 1804 2302 S.
1837 2247 1985 2303 Zeno

409 2328 604 2388 alicubi
655 2322 961 2385 dorioscule
1005 2333 1213 2388 locutus
1262 2334 1536 2390 videretur
1582 2338 1668 2406 iis,
1696 2339 1986 2413 quivere-

411 2436 632 2477 nensem
661 2421 952 2478 editionem
980 2436 1254 2493 curarunt,
1287 2442 1403 2483 eam
1431 2429 1531 2485 sibi
1553 2414 1819 2489 licentiam
1840 2446 1987 2488 sum-

411 2521 588 2581 psere,
619 2522 805 2568 utnon
836 2510 999 2569 nullis
1028 2517 1203 2573 verbis
1229 2518 1281 2572 itt
1330 2528 1530 2574 textum
1580 2522 1818 2591 insertis,
1868 2527 1986 2595 qui-

408 2607 504 2662 bus
532 2609 838 2664 catholicus
852 2598 1049 2668 sensus.
1075 2616 1388 2684 perSpicuus
1426 2616 1749 2687 referretur,
1782 2605 1984 2693 aliquot

408 2698 523 2753 loca
553 2700 885 2767 emollirent,
908 2716 1002 2758 seu
1028 2706 1377 2775 explicarem,
1410 2706 1857 2779 quemadmodum
1890 2730 1986 2785 per

409 2791 595 2847 eadem
631 2804 871 2863 tempora
901 2797 1075 2852 evenit
1104 2796 1361 2855 Romanis
1386 2801 1442 2856 S.
1462 2793 1737 2858 Ambrosii
1765 2790 1985 2861 editori-

409 2885 837 2954 bus,quosilliin
858 2890 1160 2959 exemplum
1178 2892 1279 2947 sibi
1312 2897 1655 2963 pr0posuisse
1698 2898 1750 2952 in
1792 2894 1985 2969 prmia-

408 2979 552 3033 tione
568 2979 817 3036 fatentur.
850 2981 1068 3037 Duriora
1091 2985 1143 3038 in
1175 2985 1358 3051 primis
1378 2987 1486 3042 visa
1515 2972 1638 3043 sunt
1667 2988 1752 3045 illa
1773 2990 1926 3047 tract.
1952 2993 1974 3049 i

408 3070 500 3126 lib.
533 3087 581 3138 ι,
618 3088 766 3127 num.
802 3076 855 3139 l,
885 3075 969 3129 ubi
989 3074 1109 3130 lldei
1130 3087 1373 3131 naturam
1400 3078 1554 3149 talem
1578 3076 1843 3137 eitantam
1862 3097 1983 3139 esse

407 3171 651 3227 testatur,
681 3173 737 3218 ut
763 3166 1029 3233 unicuique
1054 3165 1246 3222 homini
1274 3182 1375 3224 non
1397 3171 1458 3224 ab
1480 3173 1582 3227 alio
1608 3175 1975 3241 commodetur,

2100 578 2232 633 lides
2277 595 2340 633 es
2386 581 2577 649 gratia,
2612 596 2678 635 an
2711 581 2775 636 ex'
2823 580 3093 635 v‘oltlittate
3138 580 3227 645 sit,
3269 586 3369 632 nec
3410 592 3473 633 ne
3515 584 3651 652 :qua:

2096 670 2323 739 quaestio
2355 671 2554 726 Zenoni
2586 674 2652 727 ne
2681 673 2731 728 in
2758 680 2993 728 mentem
3016 672 3231 741 uuidcm
3250 671 3414 737 venit,
3435 674 3487 725 'et
3507 676 3649 728 multo

2097 772 2219 830 post
2243 778 2271 815 a
2307 763 2605 832 Pelagianis
2630 766 3007 837 excitataluit.
3038 765 3094 819 In
3126 763 3355 818 Arianos
3401 760 3503 817 tota
3550 774 3645 819 erat

2094 853 2262 907 Sancti
2294 853 2567 909 Antistitis
2590 859 2885 922 contentio,
2920 857 3010 927 qui
3048 857 3204 911 lidem
3232 854 3394 909 variis
3442 860 3642 911 tractati-

2095 945 2195 999 bus
2239 954 2293 1000 et
2336 949 2664 1016 argumentis
2711 950 3080 1019 capone‘ndant
3140 950 3265 1013 rati,
3312 943 3458 1003 adeo"
3492 950 3541 1003 in
3593 950 3647 1004 iis

2093 1038 2455 1106 locubrandis,
2490 1036 2732 1108 edendis,
2768 1042 3114 1112 legendlsque
3148 1039 3477 1108 laborabant,
3518 1056 3575 1097 ac
3607 1044 3647 1097 si

2091 1123 2293 1210 absque
2319 1131 2418 1185 hoc
2444 1132 2622 1186 studio
2646 1134 2855 1203 concipi
2886 1134 3017 1189 lides
3047 1148 3150 1189 non
3182 1145 3385 1205 posset.
3417 1134 3517 1190 Hos
3536 1148 3649 1206 ergo

2095 1231 2153 1277 ut
2182 1221 2454 1277 refelleret
2482 1225 2539 1280 8.
2572 1225 2736 1291 thlo,
2773 1225 2929 1281 Iidem
2957 1224 3156 1281 homini
3198 1242 3299 1281 non
3327 1226 3390 1280 ab
3430 1226 3529 1279 alio
3558 1228 3648 1280 uti—

2089 1328 2193 1383 que.
2219 1312 2433 1369 homin‘e
2462 1324 2555 1384 pter
2584 1323 2835 1371 tractatus
2862 1304 3185 1374 memorai'os
3209 1318 3536 1381 commodari,
3566 1318 3644 1372 sed

2093 1406 2204 1473 ejus
2235 1419 2298 1458 ea:
2324 1400 2584 1461 rohiatate
2628 1409 2767 1461 nasci
2798 1409 3027 1478 prodidit
3074 1428 3088 1465 :
3139 1410 3332 1480 quibus
3379 1424 3534 1464 unum
3564 1411 3653 1462 lm-

2091 1498 2313 1571 p‘robum
2342 1508 2397 1553 et
2445 1500 2802 1568 periculosum
2850 1514 3167 1559 tractatuum
3215 1504 3447 1573 studium
3485 1505 3651 1558 exclu-

2088 1588 2219 1644 dere
2260 1605 2411 1645 mens
2452 1591 2527 1646 illi
2575 1602 2626 1647 et
2664 1594 2946 1649 consilium
2981 1597 3097 1663 fuit,
3129 1604 3185 1649 ut
3212 1608 3277 1651 ex
3310 1611 3550 1651 sermone
3575 1602 3653 1649 rc-

2088 1683 2232 1751 liqno
2265 1686 2456 1754 liquet;
2500 1685 2629 1741 nihll
2660 1702 2788 1742 vero
2827 1697 3013 1743 contra
3052 1690 3237 1760 gratia:
3286 1673 3651 1746 necessitatem

2087 1778 2254 1833 voluit
2296 1779 2583 1838 affirmare.
2633 1781 2731 1847 Qui
2778 1783 3029 1838 nimirum
3072 1778 3402 1838 voluntatem
3430 1848 3433 1849 ν
3459 1784 3651 1849 laudat,

2015 1863 2058 1931 Β
2087 1888 2203 1940 qua:
2249 1872 2314 1926 ad
2362 1872 2516 1927 lidem
2564 1872 2970 1942 concipiendam
3018 1890 3148 1930 sane
3194 1876 3495 1941 concurrit,
3555 1880 3654 1928 non

2090 1964 2311 2034 proinde
2342 1966 2564 2035 gratiam
2593 1966 2878 2021 excludere
2903 1966 3223 2036 judicandus
3265 1979 3380 2033 est;
3412 1969 3544 2021 sicut
3565 1968 3655 2035 qui

2086 2057 2309 2126 gratiam
2352 2056 2604 2123 adstruit,
2652 2072 2755 2113 non
2806 2058 3007 2113 idcirco
3051 2060 3377 2131 voluntatem
3408 2056 3653 2114 excludit.

2088 2130 2471 2200 Solamautem
2499 2148 2849 2215 voluntatem,
2901 2165 3004 2204 non
3036 2148 3162 2204 vero
3201 2130 3427 2220 gratiam
3457 2146 3657 2204 memo-

2089 2238 2223 2290 ratit
2251 2238 2308 2292 S.
2354 2238 2519 2305 Zeno,
2570 2239 2714 2309 quod
2765 2240 2905 2293 nulla
2954 2248 3063 2293 tum
3095 2226 3239 2295 esset
3272 2236 3375 2296 ltoc
3402 2246 3464 2294 ex
3492 2240 3658 2308 rapite

2086 2330 2335 2399 quaestio,
2365 2332 2522 2385 err0r
2553 2330 2750 2405 nullus,
2778 2330 2932 2400 cujus
2960 2347 3021 2386 ex
3055 2328 3294 2412 periculo
3327 2339 3525 2386 tantum
3543 2332 3656 2385 acui

2088 2425 2226 2478 solet
2248 2424 2480 2489 animus,
2509 2434 2569 2479 ut-
2594 2424 2647 2479 in
2693 2422 2982 2479 scribendo
3010 2440 3072 2479 ac
3099 2424 3372 2494 loquendo
3400 2423 3660 2479 cautiores

2087 2515 2274 2570 simus.
2314 2514 2519 2571 Similis
2562 2526 2666 2579 est,
2688 2516 3061 2585 interpretatio
3092 2516 3232 2570 tertii
3267 2515 3574 2591 testimonii,
3608 2516 3658 2569 in

2088 2626 2195 2680 quo
2225 2609 2331 2663 vita
2362 2610 2553 2664 anima:
2582 2624 2611 2663 a
2652 2610 2925 2683 nobismet
2951 2609 3083 2678 ipsis
3112 2621 3418 2679 comparata
3448 2609 3661 2680 perinde

2087 2703 2305 2769 dicitur,
2339 2718 2402 2757 ac
2449 2702 2607 2757 ﬁdem
2635 2718 2697 2756 ex
2727 2713 2924 2780 nostra
2956 2703 3230 2772 voluntate
3268 2717 3388 2757 esse
3417 2703 3659 2771 superius

2082 2796 2215 2866 dixit
2248 2815 2260 2849 ς
2294 2804 2349 2849 et
2372 2795 2509 2850 idem
2538 2804 2620 2850 est
2645 2778 3049 2852 de'testi'monio
3079 2796 3338 2861 secundo,
3387 2798 3489 2865 quo
3529 2795 3661 2870 lides

2086 2904 2165 2940 res
2198 2888 2414 2941 maxime
2445 2890 2650 2956 propria
2672 2892 2846 2941 nostra
2867 2905 2972 2942 esse
2990 2885 3660 2967 afﬁrtnalur.'Quamquatit

2092 2982 2179 3036 hic
2224 2994 2449 3037 nostram
2477 2981 2632 3046 dixit,
2674 2991 2732 3036 ut
2757 2982 2937 3035 alienae
2962 2990 3292 3051 opponeret;
3321 2971 3496 3035 subdit
3516 2980 3659 3057 enim

2083 3072 2259 3130 statim
2296 3092 2308 3129 :
2362 3074 2526 3147 Igitur
2565 3075 2609 3128 si
2649 3080 2824 3129 nostra
2862 3085 2960 3142 est,
3002 3077 3254 3129 servemus
3301 3080 3357 3127 at
3406 3086 3663 3138 nostram;

2084 3177 2137 3221 ut
2167 3171 2289 3241 jure
2332 3185 2586 3238 speremus
2613 3168 2818 3233 aliena;
2850 3167 2993 3237 quod
3020 3166 3087 3222 ad
3112 3168 3547 3222 controversiam‘
3584 3166 3652 3222 de

403 3255 495 3307 sed
525 3257 635 3327 ejus
666 3273 728 3311 ea:
754 3258 1011 3313 uoluntate
1034 3271 1311 3328 nascatur;
1339 3263 1530 3333 quibus
1568 3276 1687 3321 cum
1719 3269 1976 3337 voluntati
2007 3258 2051 3321 C
2082 3264 2251 3332 gratia
2284 3261 2415 3315 nihil
2442 3260 2694 3331 pertinet.
2742 3260 3005 3315 Caeterum
3056 3259 3147 3314 alii
3197 3273 3412 3330 quoque
3452 3258 3658 3323 Patres,

406 3357 573 3401 totum
617 3350 890 3404 videretur
915 3352 1165 3419 tribuere,
1198 3362 1256 3408 ut
1286 3365 1351 3409 ne
1375 3355 1605 3411 ditinam
1632 3361 1855 3438 gratiam
1884 3361 1979 3415 ad-

400 3452 653 3508 strueret,
688 3444 738 3498 in
769 3442 1002 3516 editione
1047 3446 1347 3503 Veronensi
1381 3451 1700 3521 impressum
1734 3452 1829 3509 l‘nit
1851 3456 1932 3512 sic
1961 3475 1983 3510 ι

402 3546 457 3587 ut
484 3537 754 3606 unicuique
780 3540 1096 3594 homininon
1126 3540 1186 3593 ab
1216 3542 1339 3606 alio,
1368 3543 1455 3597 sed
1477 3534 1585 3614 ejus
1613 3563 1673 3600 ea:
1696 3547 1975 3613 voluntate,

400 3628 731 3695 prtevcniente
759 3628 987 3699 Spiritus
1013 3620 1175 3685 sancti
1204 3633 1538 3702 inspiratione
1562 3647 1710 3703 atque
1730 3618 1842 3708 ejus
1884 3638 1978 3691 ad-

393 3719 611 3789 jutorio,
658 3734 914 3773 nascatur.
970 3710 1426 3780 Similitertract.
1479 3727 1514 3780 2
1559 3728 1801 3797 ejusdem
1833 3729 2007 3796 libri,,

403 3825 548 3877 nunt.
578 3811 632 3874 5,
664 3809 753 3864 illa
780 3813 1049 3867 sententia
1081 3832 1094 3867 :
1139 3811 1299 3869 Fides
1331 3818 1497 3885 itaque
1535 3819 1613 3873 uel
1640 3821 1857 3875 maxime
1897 3838 1978 3877 res

377 3904 609 3986 .propria
639 3914 809 3959 nostra
838 3917 931 3973 est,
981 3909 1276 3978 supplenda
1318 3910 1427 3965 visa
1456 3924 1540 3966 est
1569 3914 1619 3968 in
1647 3915 1833 3969 eadem
1866 3917 1979 3969 edi-

402 3996 545 4049 tione
575 3995 675 4050 ltoc
706 3999 863 4052 modo
896 4016 907 4052 :
942 3998 1100 4054 Fides
1123 4001 1292 4071 itaque
1320 4002 1513 4057 donum
1534 4003 1632 4058 Dei
1661 4007 1738 4059 vel
1763 4008 1980 4061 maxime

402 4103 481 4141 res
511 4076 719 4156 propria
746 4082 1043 4148 nostraest.
1068 4092 1304 4149 Tandem
1347 4102 1505 4150 tract.
1564 4094 1632 4151 i2
1674 4098 1792 4152 libri
1835 4099 1978 4167 ejus—

401 4176 544 4241 dem,
588 4194 734 4232 num.
778 4180 830 4247 4,
865 4181 1125 4251 duplicem
1168 4186 1326 4241 vitam
1358 4185 1692 4257 distinguens
1732 4191 1975 4259 corporis

400 4276 455 4323 et
484 4270 643 4321 animi
673 4286 685 4321 :
715 4267 885 4336 Hanc,
914 4273 1103 4345 inquit,
1133 4292 1222 4329 nos
1245 4278 1385 4331 nobis
1402 4280 1512 4348 ipsi
1540 4280 1636 4336 Itac
1661 4281 1715 4334 in
1745 4284 1843 4335 vita
1884 4300 1975 4353 per

396 4361 555 4431 ﬁdem
602 4364 735 4415 sacri
765 4363 918 4431 [aulis
962 4367 1069 4420 vivo
1098 4368 1161 4421 de
1198 4370 1393 4441 gurgite
1429 4388 1824 4443 comparamus:
1854 4391 1973 4445 qua:

396 4472 516 4510 cum
553 4458 878 4540 timerentur
922 4462 1249 4529 accipienda,
1280 4474 1336 4517 ut
1376 4467 1544 4534 gratia
1587 4467 1827 4533 exclusa,
1863 4478 1970 4524 tota

390 4549 792 4617 jttstiﬁcationis
824 4554 901 4606 vis
946 4555 1100 4609 nobis
1147 4556 1487 4626 tribueretur,
1539 4562 1676 4616 edita
1725 4561 1971 4618 similiter

2081 3355 2169 3423 qui
2202 3362 2325 3406 ante
2357 3353 2634 3422 Pelagiana
2668 3361 2907 3421 tempora
2956 3350 3207 3417 ﬂoruere,
3259 3365 3379 3405 cum
3428 3349 3657 3405 nondum

2081 3462 2143 3501 es
2176 3446 2408 3501 hostium
2465 3445 2643 3500 furore
2670 3446 2930 3500 admoniti
2961 3446 3207 3511 fuissent,
3253 3453 3310 3505 ut
3353 3444 3559 3498 cautius
3588 3442 3662 3497 lo—

2077 3522 2387 3609 querentur,
2423 3533 2625 3592 similes
2657 3538 2927 3603 immolas,
2957 3549 3013 3591 ut
3047 3536 3527 3606 notavit,August.,
3559 3549 3658 3587 non

2082 3647 2371 3702 numquam
2404 3641 2733 3700 usurparunt
2771 3649 2783 3685 :
2845 3645 2965 3700 qua:
3008 3644 3130 3684 cum
3172 3628 3337 3683 solius
3380 3627 3662 3682 volumths

2080 3722 2443 3788 meminerint,
2480 3721 2546 3776 ad
2586 3719 2995 3776 contundendos
3024 3720 3155 3794 [cu]
3184 3718 3399 3791 quidem
3450 3718 3659 3773 lucreti-

2081 3827 2174 3869 cos
2206 3817 2478 3884 nequeunt
2506 3816 2773 3879 converti,
2817 3826 2871 3868 at
2898 3829 3017 3868 cum
3050 3815 3272 3883 gratiam
3303 3829 3409 3867 non
3434 3811 3661 3883 proinde

2080 3905 2410 3981 excludant,
2436 3904 2624 3960 iisdem
2656 3905 2836 3960 lavere
2866 3909 2969 3960 neu
3004 3914 3246 3975 possunt.
3274 3902 3450 3971 Quid?
3477 3903 3660 3958 Nonne

2081 4009 2132 4053 cl
2168 3999 2279 4067 ipse
2308 3997 2635 4068 Augustinus
2658 3998 2724 4053 de
2755 4013 2815 4052 se
2846 3999 2969 4068 ipso
2996 4007 3243 4062 testator,—
3269 4004 3351 4059 ευ,
3378 4003 3659 4066 antequam

2084 4090 2369 4161 Pelagiana
2396 4091 2621 4145 ltzeresis
2662 4098 2992 4159 erumperet,
3038 4090 3148 4159 pari
3188 4088 3459 4144 locutione
3487 4101 3656 4165 usum,

2080 4190 2199 4253 qua:
2228 4198 2361 4238 sano
2388 4182 2601 4250 quidem
2631 4195 2797 4240 sensu
2824 4183 2994 4251 accipi
3027 4188 3253 4249 peierat,
3285 4179 3381 4234 Sed
3409 4195 3532 4234 cum
3567 4178 3660 4232 Pe—

2079 4276 2302 4345 lagianis
2334 4268 2524 4330 similia
2557 4276 2701 4346 loqui
2744 4267 3241 4330 videbaturiiiinc
3280 4288 3401 4353 cum
3434 4275 3486 4328 in
3519 4289 3661 4327 eant-

2077 4368 2200 4423 dem
2248 4369 2570 4424 locutionem
2622 4368 2674 4422 in
2740 4366 3174 4437 Expositionibus
3219 4365 3473 4435 Epistulae
3516 4363 3658 4419 Pauli

2076 4466 2140 4519 ad
2172 4467 2446 4521 Romanos
2492 4465 2797 4534 scripsisset
2837 4480 2849 4516 :
2887 4464 3035 4527 Quod
3081 4477 3201 4532 ergo
3247 4461 3526 4527 credimus,
3569 4471 3657 4512 ιιοο

2075 4570 2233 4613 slrum
2278 4568 2372 4625 est,
2424 4565 2498 4614 ct-
2526 4567 2755 4612 nostrum
2782 4567 2854 4611 est
2884 4556 3088 4610 credere
3121 4567 3165 4608 et
3193 4553 3349 4619 velle;
3374 4561 3507 4607 nata
3535 4552 3655 4607 sub-

394 4640 549 4697 fuere
589 4659 709 4698 eum
762 4643 1054 4711 additione,
1102 4666 1192 4703 nos
1216 4652 1356 4704 nobis
1394 4653 1493 4721 ipsi
1524 4651 1630 4708 Deo
1677 4666 1899 4710 movente
1926 4666 1970 4710 et
1998 4638 2050 4697 Ῑ)
2078 4653 2200 4708 inde
2229 4651 2637 4722 Pelagianorum
2666 4650 2884 4715 hieresi,
2931 4648 3031 4703 cui-
3060 4648 3222 4702 hasce
3255 4646 3555 4700 locutiones
3583 4644 3655 4696 la-

393 4722 760 4807 adjuvante....
804 4754 1178 4809 comparamus.
1221 4736 1325 4796 Sed
1369 4743 1449 4796 bis
1488 4745 1968 4813 entendationibus,

391 4844 509 4897 quae
555 4830 855 4886 catholicos
903 4833 956 4886 in
1004 4824 1253 4888 invidiam
1284 4840 1474 4890 vocant
1501 4838 1665 4908 (saepe
1690 4840 1831 4893 enim
1876 4840 1973 4894 ali-

395 4938 522 4991 quas
556 4925 604 4978 id
631 4928 844 4995 generis
890 4928 1280 4993 correctiones,
1327 4930 1518 4999 quibus
1566 4934 1714 5000 pauci
1759 4933 1969 5001 quidam

398 5014 625 5073 editores
693 5035 830 5074 vano
879 5030 1024 5075 metu
1080 5022 1438 5084 indulserunt.
1492 5022 1769 5079 haereticos
1819 5027 1973 5081 nobis

400 5108 782 5174 cxttrobrantes
806 5112 1055 5177 vidimus,
1092 5128 1154 5168 ac
1181 5116 1222 5168 si
1254 5115 1467 5169 Patrum
1511 5116 1671 5185 opera
1707 5121 1973 5189 corrupis-

401 5214 580 5253 semus
622 5216 635 5251 ε
673 5204 814 5274 quod
855 5207 1135 5261 catholica:
1168 5210 1377 5263 veritati
1424 5225 1617 5279 magno
1664 5213 1973 5281 pra‘judicio

404 5290 568 5359 fuit);
620 5288 979 5366 his.inqoam,
1012 5299 1441 5353 correctionibus
1483 5302 1610 5355 nihil
1657 5280 1795 5371 opus
1836 5314 1969 5368 crat,

406 5398 524 5435 cum
556 5381 776 5457 sa'tiS'ex
804 5388 1122 5458 quastione,
1155 5407 1274 5461 quae
1322 5392 1371 5446 id
1409 5395 1664 5463 temporis
1692 5396 1968 5463 agebatur,

409 5471 521 5525 Ιιδθυ
553 5473 686 5536 100³,
723 5481 774 5524 ιιι
804 5479 918 5533 n-‘til
947 5483 1134 5551 gratia:
1160 5484 1674 5550 obsint,‘contntode
1700 5486 1972 5555 explicen-

411 5582 530 5637 llll'.
572 5569 689 5623 aliis
724 5580 899 5623 aulem
918 5594 978 5632 ex
1016 5580 1148 5635 locis
1196 5572 1343 5635 Zeno
1390 5597 1447 5637 se
1490 5585 1636 5638 recte
1684 5581 1752 5638 de
1800 5584 1969 5653 gratia

413 5665 728 5720 sentientem
764 5661 967 5731 prodat.

488 5759 666 5825 Ιῑίιίιιιθ
696 5754 920 5823 1⁵Γίιῃυιῃ
954 5760 1318 5833 ίθείηιοηιιιιη,
1348 5784 1453 5839 quo
1497 5784 1655 5823 sensu
1707 5767 1970 5839 prolatum

420 5855 508 5925 sit,
539 5871 604 5911 ex
630 5852 939 5927 (ιιιυβδιίυηθ,
966 5862 1199 5923 (illatum
1245 5865 1518 5939 agebatur,
1563 5865 1778 5941 patebit.
1812 5864 1890 5928 Eo
1918 5864 1972 5927 in

2076 4761 2202 4801 vere
2230 4744 2449 4813 iudicari
2482 4754 2749 4813 poterant,
2783 4742 2879 4797 itas
2909 4741 3029 4797 cuin
3061 4742 3240 4796 minus
3262 4750 3409 4795 recte
3438 4739 3655 4807 scriptas

2075 4838 2303 4892 al'lirmat
2347 4837 2440 4891 lib.
2492 4853 2506 4890 ι
2555 4835 2795 4890 Rctract.
2845 4847 2965 4907 cap.
3013 4833 3104 4899 εδ.
3139 4841 3247 4887 tum
3290 4845 3418 4886 vero
3463 4830 3655 4886 ibidem

2078 4940 2246 4997 notat,
2278 4930 2493 4986 easdem
2526 4942 2683 4999 posse
2712 4937 2860 5005 recte
2885 4927 3137 4998 explicari
3167 4934 3221 4979 et
3248 4924 3652 4995 lntelligl;.nant

2075 5032 2129 5077 et
2170 5024 2399 5078 credere
2439 5032 2495 5077 et
2537 5023 2773 5092 operari,
2809 5030 2865 5076 ut
2901 5021 2975 5074 ait
3020 5027 3169 5073 trum.
3198 5018 3252 5080 2,
3280 5027 3655 5087 utrumqueuo-

2079 5127 2240 5169 stram
2268 5126 2359 5181 est,
2401 5126 2605 5187 propter
2644 5116 2914 5172 arbitrium
2954 5114 3264 5176 voluntatis;
3310 5118 3355 5163 et
3398 5118 3654 5177 utrumque

2085 5216 2252 5262 tamen
2280 5208 2457 5261 datum
2475 5196 2545 5262 est
2573 5217 2659 5279 per
2688 5207 2925 5279 spiritum
2957 5195 3151 5277 [idei‘et
3175 5200 3442 5257 charitatis
3466 5220 3485 5267 ;
3515 5212 3567 5256 et
3595 5216 3648 5253 tt.

2082 5300 2152 5354 ’ὗε
2190 5295 2371 5352 Verum
2401 5311 2471 5354 est
2499 5302 2719 5369 quidem.
2752 5302 2840 5355 sed
2867 5298 3040 5354 eadem
3071 5298 3280 5368 regula;
3323 5306 3369 5349 et
3399 5303 3650 5360 utrumque

2080 5372 2241 5461 iusius
2273 5401 2366 5458 est,
2398 5395 2515 5461 quia
2537 5394 2644 5462 ipse
2670 5404 2924 5464 prteparat
2954 5393 3257 5447 voluntatem
3280 5406 3296 5453 ;
3321 5402 3365 5443 et
3394 5398 3650 5452 utrumque

2079 5496 2325 5563 nostram,
2350 5488 2466 5555 quia
2495 5503 2592 5540 non
2624 5487 2681 5555 ﬁt
2712 5489 2809 5541 nisi
2829 5488 3106 5542 uolentibus
3129 5484 3292 5538 nobis.

2150 5580 2205 5633 in
2237 5583 2376 5633 Itane
2401 5587 2577 5632 autent
2607 5582 2867 5633 rationem
2899 5592 3018 5635 cum
3058 5587 3282 5633 cmteros
3310 5576 3519 5639 Patres,
3546 5580 3646 5625 tttm

2078 5691 2207 5730 vero
2258 5675 2418 5731 etiam
2463 5675 2517 5729 8.
2567 5675 2837 5730 Zenonem
2904 5673 3191 5728 voluntatis
3253 5672 3501 5725 humana:
3550 5666 3644 5718 vim

2080 5770 2509 5834 commendasse,
2539 5785 2604 5823 ex
2631 5770 2749 5823 aliis
2774 5769 2926 5832 locis,
2959 5770 3150 5837 quibus
3183 5768 3353 5838 gratia
3386 5774 3645 5822 commcn—

2084 5864 2243 5927 datttr
2274 5875 2328 5926 et
2356 5864 2659 5945 praefertur,
2689 5864 3029 5925 manifestum
3058 5872 3157 5923 est.
3191 5862 3510 5925 Praeclarum
3528 5865 3644 5927 salte
