3826 6226
164 321 251 376 r25
992 318 997 324 ί
1064 319 1507 376 DISSERTATIO
1547 308 1609 382 tt,
1642 275 1669 372 ἰ

1866 320 2023 391 _an.
2071 320 2429 376 DOCTRIN.\.
3259 330 3377 384 'iso

162 434 298 499 illud,
340 436 472 504 quod
524 434 923 502 legiturtract.
954 430 986 482 6
1020 430 1113 485 lib.
1145 448 1183 496 ι,
1237 433 1336 489 sub
1380 433 1559 497 ﬁnem,
1609 431 1695 485 ubi
1725 427 1771 494 Α
1802 434 1967 489 libero
1984 435 2073 489 Dei
2095 436 2286 513 timore
2306 434 2515 491 dixerat
2539 436 2831 513 pauloante
2858 458 2870 491 :
2893 440 2993 506 Qui
3020 442 3270 497 voluntate
3287 456 3379 503 sun

114 586 117 587 ν
162 535 414 596 postquam
443 532 630 577 auctor
679 518 903 590 plurium
941 521 1258 585 Sanctorum
1289 524 1523 593 egregia"
1542 538 1702 591 opera
1802 547 1855 583 se
1877 531 2049 600 parit,
2079 528 2131 583 id
2156 510 2240 582 est
2264 528 2404 598 nulla
2436 510 2598 601 [ενιιῖ
2633 531 2681 582 vi
2720 542 2939 589 externa
2969 534 3203 603 cogitur,
3239 540 3377 594 nulla

162 616 541 677 εοωίηειιάίινίί»
574 614 754 671 omnia
788 613 881 695 [ξεί
903 614 1065 681 dono.
1096 616 1148 669 id
1170 624 1254 669 est
1287 615 1481 669 divina:
1520 616 1704 685 gratim
1805 621 2123 676 necessitate
2154 619 2508 687 compellitur.
2541 620 2799 675 Similiter
2825 638 2951 690 ergo
2977 638 3095 677 cum
3134 626 3288 680 ﬁdem
3316 646 3379 683 ea:

164 706 409 762 referenda
442 704 724 773 perspicue
767 705 1050 759 conﬁtetur
1095 705 1179 760 his
1226 706 1403 760 verbis
1449 722 1463 756 :
1518 705 1704 762 Omnes
1802 712 2061 766 voluntate
2105 712 2247 765 nasci
2276 710 2477 770 docuit.
2528 709 2699 763 libere‘
2736 712 2965 784 genitam
3015 715 3169 770 unice
3214 721 3379 774 voluit

164 802 342 857 omnino
376 804 672 881 memorati,
708 816 975 868 omnesque
1017 802 1190 880 [elices
1219 804 1328 870 ejus
1380 802 1539 878 (Dei),
1570 802 1706 862 dono
1805 803 2047 867 innuero,
2080 803 2206 873 quin
2252 812 2530 881 propterea
2558 803 2889 881 _ad_g_rat_iam
2931 806 3249 881 negandum,
3281 811 3375 872 sed

165 901 265 946 sunt
303 876 448 945 tales.
474 876 578 945 Sed
612 876 1108 963 prastantissimuin
1153 876 1413 957 Omnium,
1460 902 1514 947 et
1561 894 1706 949 mille
1805 896 1981 964 potius
2005 897 2071 950 ad
2100 876 2435 950 statuendam
2468 876 2689 971 arbitrii
2720 888 3033 951 libertatem
3075 878 3377 970 ejus-testi-

169 984 457 1039 testimoniis
499 980 823 1051 :equivalens
864 992 947 1037 est
987 982 1116 1036 illud
1143 997 1208 1036 ex
1238 983 1425 1037 eodem
1461 983 1574 1051 ipso
1599 994 1705 1036 tra.
1808 988 2039 1042 monium
2067 987 2272 1042 traduci
2303 984 2494 1058 posSit.

170 1084 291 1129 ctam
334 1072 357 1126 1
408 1072 496 1126 lib.
530 1089 565 1136 ι,
595 1072 687 1128 ubi
715 1074 971 1128 voluntati
1002 1082 1178 1128 ortum
1212 1072 1343 1128 ﬁdei.
1361 1072 1599 1127 attribuit
1627 1073 1708 1127 his

168 1123 318 1219 an.
338 1123 492 1217 ius;
517 1123 1500 1237 ita...nisi;'.‘..'.;;..;,’;;.i1a.
1529 1123 1709 1234 ﬁgi-aii;
2315 1214 2329 1221 _
2414 1123 2637 1181 CAPUT
2676 1123 2766 1179 Vl-
2982 1237 2987 1245 Ι
3048 1192 3049 1195 γ

168 1271 335 1315 sumus,
380 1269 491 1324 qua:
527 1271 620 1308 nos
650 1255 860 1326 diligere
908 1250 1091 1325 Deum,
1128 1274 1186 1312 ac
1211 1258 1305 1311 soli
1336 1258 1410 1311 illi
1433 1256 1615 1309 servire
1656 1259 1710 1312 in
1916 1252 2021 1291 "0"
2060 1251 2106 1292 ⁵·
2149 1252 2285 1293 2⁸⁸0
2322 1254 2391 1293 DE
2430 1254 2551 1292 “DE
2588 1253 2689 1291 νει
2725 1250 3025 1293 “mrum
3063 1253 3292 1315 “mum?

166 1354 449 1399 sacramento
491 1347 647 1399 semel
673 1346 879 1401 Credita:
918 1349 1082 1403 unica;-
1111 1347 1378 1402 Trinitatis
1422 1362 1523 1399 non
1550 1363 1677 1418 argu

1250 1347 1378 1401 italis
1422 1362 1523 1399 non
1550 1363 1709 1418 argu-
2000 1346 2003 1349 '
2421 1340 2761 1382 excessxnrr.

166 1439 340 1501 mentis,
371 1454 467 1491 non
494 1440 806 1505 necessitate,
849 1440 938 1494 sed
964 1442 1225 1496 voluntate
1266 1438 1539 1518 compellit.
1573 1438 1711 1506 Quot
1883 1439 1985 1493 Alii
2020 1448 2129 1494 tres
2159 1448 2416 1495 tractatus
2441 1450 2675 1506 exstant,
2703 1441 2756 1495 in
2782 1440 2977 1511 quibus
3002 1456 3141 1500 nunc
3165 1442 3229 1497 de
3256 1445 3377 1512 ﬁde,

177 1529 336 1594 verba,
362 1532 745 1587 totsontentiag.
768 1533 881 1588 lloc
910 1518 1217 1588 testimonio
1237 1541 1291 1586 et
1320 1530 1478 1585 ﬁdem
1501 1540 1554 1583 et
1579 1530 1709 1585 cha-
1744 1546 1747 1551 ‘
1812 1545 1953 1583 nunc
1991 1529 2057 1584 de
2086 1529 2348 1586 cbaritate
2376 1530 2683 1585 duriuscule
2705 1530 2987 1599 scripsisse
3014 1532 3299 1599 visus'est,
3327 1546 3379 1590 et

168 1625 350 1677 ritatem
392 1630 445 1678 et
487 1626 731 1680 universa
778 1625 1080 1693 Christiana
1128 1640 1314 1694 opera,
1366 1622 1558 1692 quibus
1602 1624 1711 1679 Deo
1810 1624 2075 1678 contraria
2113 1623 2279 1677 ferme
2322 1625 2618 1689 sententia;
2645 1639 2765 1693 quae
2808 1624 2921 1678 loca
2956 1638 3021 1677 ne
3048 1626 3378 1683 occasionem

170 1716 427 1787 servimus,
450 1718 851 1789 complectitur;
884 1729 936 1774 et
965 1719 1078 1772 lucc
1104 1716 1279 1770 omnia
1302 1715 1484 1784 gratiae
1506 1715 1707 1783 tribuit,
1811 1713 2014 1768 erroris
2053 1712 2335 1779 afferrent,
2374 1714 2713 1768 Veronenses
2753 1713 3001 1768 Editores
3041 1715 3121 1769 vel
3169 1719 3382 1773 mutatis

169 1823 269 1877 quas
297 1808 401 1863 haec
429 1821 679 1877 prmsrare
726 1812 1051 1864 voluntatem
1082 1806 1359 1875 compellit.
1393 1805 1503 1859 Hoc
1532 1817 1707 1861 autem
1743 1817 1786 1874 Β
1814 1806 1894 1860 vel
1942 1806 2135 1860 additis
2185 1805 2426 1860 terminis
2490 1805 2831 1883 explicanda»
2867 1806 3149 1862 duxerunt.
3200 1807 3380 1865 Fidem

170 1897 311 1953 verbo
336 1901 602 1972 cornpellit,
632 1916 699 1957 ne
732 1901 952 1955 nimium
988 1899 1171 1967 gratia:
1221 1897 1457 1957 tribuere
1501 1898 1710 1953 videre;
1811 1897 1987 1964 primo
2017 1896 2224 1950 duobus
2252 1896 2562 1951 tractatibus
2592 1896 2661 1951 ita
2683 1898 2872 1952 extulit
2895 1898 3085 1967 solam,
3111 1915 3173 1955 ac
3198 1902 3241 1954 si
3271 1902 3381 1956 sola

174 1999 259 2051 tur,
285 2005 339 2043 ac
362 1991 402 2044 si
429 1992 743 2045 necessitate
768 1989 1254 2052 illata,libcrtatem
1284 1986 1571 2039 voluntatis
1596 1988 1712 2040 adi-
1810 1988 1873 2038 ad
1898 1987 2118 2043 salutem
2152 1989 2281 2042 satis
2323 1998 2503 2042 esset:
2555 2003 2674 2042 nam
2724 1998 2878 2059 tract.
2932 1990 3016 2042 η.
3065 1991 3154 2044 lib.
3190 2008 3260 2059 ιι,
3313 1994 3380 2047 de

173 2092 337 2144 meret,
382 2082 657 2149 explicavit
704 2097 763 2135 se
792 2096 853 2135 se
893 2079 1181 2148 inquiens:
1228 2094 1327 2130 non
1377 2083 1709 2148 argumentis,
1811 2079 2077 2136 Abraham
2103 2098 2246 2136 num.
2276 2083 2330 2147 2,
2369 2082 2514 2147 Sola,
2551 2083 2740 2153 inquit,
2783 2083 2911 2152 ﬁdes
2942 2085 3286 2154 prteferenda;
3328 2097 3382 2139 et
3436 2126 3441 2133 .

175 2186 259 2224 nou
286 2173 585 2240 necessitate,
616 2174 703 2227 sed
732 2172 990 2226 voluntate
1017 2168 1311 2238 compellit;
1360 2171 1552 2239 quibus
1583 2172 1710 2225 insi-
1815 2180 1966 2226 tract.
2000 2174 2089 2239 53,
2113 2188 2173 2228 ac
2199 2175 2243 2228 si
2286 2175 2395 2229 sola
2446 2174 2718 2228 sufﬁceret
2756 2174 2820 2227 ad
2851 2174 3227 2230 beatitudinem
3256 2191 3381 2230 con-

176 2271 338 2315 nuatur
382 2264 561 2333 gratia:
621 2262 880 2327 efﬁcacia,
943 2271 996 2315 et
1043 2259 1202 2312 simul
1248 2259 1466 2317 libertas
1513 2262 1710 2318 intacta
1810 2264 2154 2330 sequendam,
2186 2250 2425 2319 addidit;
2458 2265 2715 2330 Quantum
2736 2265 2845 2333 quis
2867 2264 3380 2330 Erediderit,.tantum

180 2355 477 2423 relinquitur.
525 2354 654 2407 Cum
703 2368 864 2423 porro
908 2352 1096 2406 eodem
1146 2360 1370 2406 tt‘aCtalu
1412 2354 1479 2407 tle
1516 2354 1623 2410 ﬁde
1646 2373 1707 2409 ex
1813 2353 2134 2408 beatitudinis
2180 2367 2225 2409 et
2256 2357 2474 2410 habebit.
2526 2356 2761 2425 Utroque
2791 2358 2906 2410 loco
2953 2357 3195 2412 Etlitorcs
3233 2358 3381 2414 addi-

178 2448 414 2516 propOsito
457 2447 524 2499 sit
566 2439 765 2511 sermo,
816 2443 918 2499 hoc
961 2458 1172 2512 quoque
1221 2444 1545 2511 testimonio,
1590 2462 1709 2501 cum
1816 2446 2014 2500 tionem
2045 2448 2340 2515 inseruere,
2379 2465 2481 2521 qua
2510 2464 2673 2514 onera
2699 2448 2909 2520 quoque
2938 2452 3234 2507 necessaria
3262 2466 3382 2509 esse

178 2547 434 2609 argumenta
460 2548 507 2592 et
531 2534 1531 2598 necessitatemexcludens,-voluutatem
1558 2539 1711 2594 adse-
1813 2538 2224 2606 explicarentur,
2272 2542 2454 2611 sicque
2503 2540 2888 2610 intelligeretur
2931 2541 3060 2598 ﬁdes
3104 2544 3190 2598 illa
3241 2545 3376 2611 viva,

180 2630 254 2695 rit,
292 2623 351 2683 de
390 2626 487 2683 ﬁde
532 2629 862 2698 potissimum
910 2627 1165 2697 loquitur,
1219 2644 1377 2699 quam
1419 2646 1523 2685 non
1555 2647 1711 2702 argu—
1813 2642 1953 2696 quin,
1986 2640 2040 2682 ut
2064 2631 2138 2684 ait
2162 2633 2465 2700 Apostolus,
2494 2651 2583 2703 per
2609 2634 2906 2689 cltaritntem
2927 2644 3206 2702 operatur:
3239 2618 3375 2692 unde

180 2723 360 2789 mentis,
390 2722 437 2777 id
460 2732 539 2779 est
567 2736 671 2777 non
710 2722 935 2797 ratione,
964 2736 1068 2774 non
1099 2721 1341 2788 scientia,
1371 2738 1490 2792 qua:
1521 2740 1709 2779 neces-
1813 2719 2039 2789 primum
2084 2730 2283 2776 textum
2330 2725 2407 2801 sic
2446 2724 2665 2779 edidere
2691 2741 2704 2777 :
2735 2725 2861 2779 Sola
2877 2724 3015 2794 ﬁdes
3043 2728 3374 2796 praeferenda,

183 2815 359 2870 sitatam
390 2816 592 2883 inferat,
624 2814 718 2870 sed
749 2814 1011 2868 voluntate
1050 2815 1418 2889 excipiendam
1464 2811 1713 2887 intelligit
1813 2812 1868 2865 id
1900 2820 1971 2864 est
2000 2813 2232 2882 operibus
2261 2826 2472 2878 ornata;
2499 2815 2663 2883 qualis
2691 2814 3018 2883 fuitAbralta:
3041 2830 3059 2868 :
3080 2817 3377 2871 secundum

184 2907 340 2961 eodem
378 2908 527 2977 plane
562 2922 743 2971 sensu,
790 2921 897 2975 quo
925 2905 1077 2960 initio
1121 2906 1329 2961 dixerat
1356 2920 1473 2962 eam
1514 2925 1611 2962 non
1652 2911 1713 2963 ab
1813 2915 1991 2973 autem
2024 2902 2136 2956 sic:
2170 2901 2425 2967 Quantum
2444 2905 2553 2973 quis
2575 2903 2864 2969 crediderit,
2888 2914 2932 2957 et
2950 2914 3184 2975 operatus
3205 2907 3377 2977 fuerit.

184 3000 270 3051 alio
288 3015 369 3068 per
388 3011 687 3070 argumenta
718 2998 1051 3063 commodari,
1080 3001 1167 3052 sed
1192 3016 1254 3053 ea:
1280 3000 1534 3054 voluntate
1554 3004 1709 3055 nasci.
1816 3006 2012 3049 tantum
2051 2996 2371 3048 beatitudinis
2417 3005 2463 3047 et
2508 2994 2725 3059 habebit.
2773 2996 3023 3049 Miramur
3063 3006 3235 3050 autem
3274 3013 3377 3052 non

186 3090 292 3145 Cum
327 3105 443 3159 ergo
470 3106 586 3160 quae
616 3090 940 3163 voluntatem
970 3090 1035 3143 ad
1068 3090 1225 3145 ﬁdem
1262 3092 1393 3146 citra
1427 3095 1714 3147 necessita-
1816 3086 2084 3141 addidisse
2128 3089 2284 3142 etiam
2329 3087 2524 3156 aliquid
2591 3096 2742 3141 tract.
2795 3090 2854 3141 5t
2908 3088 3003 3140 lib.
3044 3104 3103 3153 ιι,
3147 3089 3232 3142 ubi
3280 3092 3377 3146 soli

189 3194 271 3236 tem
295 3195 342 3239 et
376 3186 598 3240 rationes
641 3184 937 3253 compellit,
967 3198 998 3238 a
1029 3170 1099 3238 8..
1119 3183 1336 3239 Zenone
1362 3199 1480 3240 esse
1509 3186 1714 3241 dicatur
1741 3188 1784 3249 ο
1820 3179 1940 3234 ﬁdei
1983 3180 2165 3249 gratim
2213 3189 2553 3249 augmentum
2584 3167 2814 3239 ,Ᾱίιι-ιοιδ
2856 3178 3063 3233 videtur
3108 3181 3337 3236 tribuere
3363 3198 3376 3234 :

187 3276 349 3341 gratia;
375 3276 422 3329 in
454 3276 691 3329 eamdem
723 3275 882 3343 plane
907 3276 1225 3330 sententiam
1273 3276 1473 3343 primus
1502 3292 1698 3347 quoqut

1704 3295 1715 3331 ι
1822 3271 1920 3337 Qui
1952 3271 2067 3339 plus
2089 3269 2381 3331 crediderit,
2415 3269 2708 3322 nobiliorem
2734 3284 2786 3321 se
2810 3270 2917 3337 ipse
2942 3270 3215 3337 prazstubit.

189 3373 335 3419 textus
376 3366 797 3432 interpretandus
825 3372 928 3427 est,
973 3375 1029 3417 ut
1060 3363 1323 3435 ne‘gratia
1354 3366 1551 3420 idcirco
1582 3383 1717 3435 prim-
1782 3404 1788 3411 .
1889 3362 1944 3416 Si
1979 3376 2137 3431 porro
2167 3360 2311 3414 hisce
2342 3361 2392 3413 in
2439 3360 2570 3413 locis
2615 3359 2773 3412 ﬁdem
2811 3360 2953 3413 Zeno
2980 3361 3197 3415 nimium
3229 3372 3377 3416 extu-

190 3457 395 3510 tcrmissa
435 3458 698 3520 credatur,
730 3471 796 3511 ac
834 3457 876 3510 si
925 3456 1069 3510 illam
1099 3456 1158 3511 S.
1184 3456 1332 3515 Zeno
1362 3463 1711 3513 necessariam
1819 3456 1943 3510 lisse
1984 3453 2149 3508 videri
2200 3462 2392 3521 potest,
2441 3467 2502 3507 ac
2550 3454 2591 3506 si
2639 3454 2749 3506 Sola
2782 3453 2887 3506 vim
2924 3452 3111 3506 salutis
3160 3453 3377 3521 haheat;

194 3563 274 3601 non
298 3550 575 3619 agnoverit,
606 3550 698 3604 sed
730 3550 872 3619 quod
903 3551 1046 3603 illam
1075 3550 1322 3620 ingerere
1344 3554 1477 3620 opus
1503 3566 1715 3621 semper
1822 3546 2085 3603 coiitraria
2119 3546 2277 3616 plane
2304 3545 2507 3621 ratione
2530 3555 2682 3607 tract.
2716 3546 2751 3599 2
2781 3546 2873 3599 lib.
2900 3561 2939 3612 ι,
2969 3546 3278 3601 charitatem
3312 3550 3378 3602 ita

193 3656 274 3691 non
299 3642 403 3705 luit,
433 3651 485 3694 ut
515 3623 632 3694 aliis
660 3656 873 3711 quoque
900 3636 1386 3708 Patribusaccidit.
1542 3711 1547 3716 .
1817 3641 1993 3704 edert,
2013 3650 2064 3693 ut
2086 3656 2189 3693 non
2216 3640 2386 3694 solum
2409 3655 2505 3693 nec
2530 3639 2683 3693 ﬁdem
2708 3654 2807 3693 nec
2828 3653 2973 3707 spem
2996 3639 3107 3693 sine
3128 3642 3380 3695 charitate

247 3733 664 3807 Addemusetiam
696 3729 861 3801 aliud,
887 3734 1027 3804 quod
1055 3750 1157 3789 non
1188 3735 1319 3789 levis
1350 3737 1574 3793 fortasse.
1602 3750 1718 3790 mo—
1818 3733 2104 3804 quidquam
2157 3746 2313 3800 posse
2342 3730 2572 3785 afﬁrmet
2594 3720 2771 3801 (quod
2806 3740 2947 3783 recte
2976 3729 3075 3783 diei
3105 3732 3378 3798 potuisset,

194 3827 324 3877 menti
372 3824 659 3886 habebitur.
690 3824 823 3880 Cum
940 3827 1255 3898 Episcopus,
1283 3827 1455 3897 sicubi
1486 3827 1717 3901 antitlie-
1817 3834 2081 3895 quatenus
2110 3823 2219 3893 illa:
2244 3824 2287 3877 si
2330 3822 2593 3892 charitate
2624 3837 2727 3875 non
2773 3830 3048 3886 ornentur,
3071 3822 3133 3876 ad
3161 3823 3378 3877 salutem

193 3915 311 3969 sibus
351 3919 524 3983 utitur,
554 3918 861 3992 uoluntatem
880 3896 888 3901 ν
910 3896 1191 3994 necessitati
1219 3934 1433 3990 semper
1460 3896 1711 3991 Opponat,
1820 3916 1955 3971 nihil
1985 3915 2598 3982 conferunt),sedetiam
2622 3924 2762 3967 stare
2786 3923 3032 3985 utrasque
3055 3930 3376 3994 nequaquam

194 4009 453 4062 voluntatem
477 4025 570 4079 pro
594 4002 824 4064 libertate
842 3991 1122 4079 aeceplsse
1152 4011 1379 4085 videtur,
1406 4002 1497 4064 ita-
1520 4010 1579 4066 ut
1622 4029 1714 4082 pe-
1820 4010 1979 4078 posse
2007 4010 2121 4072 sine
2146 4008 2230 4061 illa
2260 4007 2341 4061 bis
2373 4006 2699 4074 proountiet.
2721 4004 2793 4058 'de
2818 4002 2997 4064 ﬁdcet
3026 3991 3125 4071 εμὲ
3145 4006 3383 4075 inquiens

195 4114 269 4152 nes
306 4100 462 4169 ipsum
494 4102 628 4163 idem
667 4104 739 4163 sit
785 4093 1197 4171 voluntate-non
1224 4105 1541 4171 necessitate,“
1570 4120 1632 4160 ac
1656 4107 1721 4160 li-
1822 4118 1970 4156 num.
2005 4101 2074 4155 1':
2112 4100 2305 4166 Quibus
2334 4100 2376 4152 si
2398 4098 2610 4168 deneges
2638 4096 2952 4162 charitatem,
2984 4107 3199 4165 utra’que
3227 4115 3386 4165 cessa—

196 4188 413 4255 bert,‘non
439 4196 734 4257 necessario.
772 4194 973 4248 Praeter
995 4195 1171 4249 locum
1203 4211 1345 4251 nunc
1374 4212 1543 4266 nuper
1582 4199 1717 4253 alla-
1823 4195 1984 4256 bunt;
2012 4201 2061 4247 et
2084 4206 2228 4246 num.
2260 4192 2293 4246 5
2327 4208 2338 4245 :
2374 4190 2611 4260 Utro-que
2634 4206 2731 4242 nou
2770 4189 2990 4242 stabunt.
3028 4190 3265 4243 Editores
3292 4207 3383 4242 au-

196 4288 281 4333 tum
329 4297 383 4337 ex
437 4302 577 4340 num.
613 4287 634 4359 l
671 4296 827 4342 tract.
858 4286 881 4340 1
912 4286 977 4359 de
1002 4286 1153 4353 Fide,
1185 4289 1272 4343 ubi
1319 4291 1369 4343 in
1416 4289 1553 4357 hanc
1598 4307 1720 4346 sen-
1823 4298 1927 4340 tem
1977 4285 2314 4341 Veronenscs
2363 4280 2789 4359 libcrioriinanu
2812 4297 2904 4348 pro
2934 4282 3188 4349 cessabunt
3220 4282 3386 4350 primo

198 4374 371 4430 lenliam
419 4359 580 4451 gratia
619 4356 689 4434 ad
754 4358 936 4448 ﬁdem-
966 4364 1290 4452 compellere
1340 4355 1564 4449 traditur
1619 4384 1719 4440 non
1821 4377 1939 4431 loco
1966 4380 2362 4444 supposuerunt
2389 4355 2871 4437 iuu‘tiles'emut,"et
2904 4386 2995 4439 pro
3044 4372 3380 4426 uon‘stnbuut

198 4468 463 4532 nmmum.
490 4471 573 4523 sed
600 4472 876 4539 voluntate,
909 4483 1136 4528 tractatu
1164 4478 1198 4543 δ
1222 4475 1313 4530 lib.
1348 4492 1385 4543 ι,
1416 4477 1478 4530 de
1499 4477 1718 4545 Timore,
1821 4468 2058 4523 secundo
2086 4469 2201 4521 loco
2231 4467 2494 4536 scripsere
2521 4481 2621 4518 non
2662 4464 2959 4533 proderunt.
2991 4464 3092 4519 Sed
3138 4464 3247 4519 huic
3279 4475 3381 4519 tam

200 4568 315 4611 num.
335 4560 380 4622 1,
413 4559 1182 4633 duos'timores.distinguens,.
1214 4567 1459 4635 alterum,
1490 4568 1579 4639 qui
1627 4585 1720 4621 ητι-
1744 4571 1795 4630 1)
1823 4560 1989 4615 libera
2016 4558 2295 4613 Editorum
2324 4558 2606 4619 correctio,
2642 4556 2725 4613 vel
2752 4556 2948 4610 addilio
2976 4555 3237 4618 Zenonem
3274 4573 3382 4618 non

201 4648 319 4702 turali
354 4653 397 4704 vi
428 4656 721 4708 necessario
759 4655 1022 4731 excitatur
1048 4656 1117 4711 ob
1145 4673 1225 4725 ea,
1262 4674 1379 4726 quae
1409 4660 1715 4729 impendent
1820 4652 2074 4717 vindicat,
2120 4652 2213 4705 sed
2245 4653 2421 4720 potius
2453 4659 2687 4731 accusat,
2738 4664 2797 4700 ac
2839 4647 2881 4729 si
2919 4647 3065 4701 illum
3094 4649 3207 4727 sine
3235 4648 3381 4733 addi-

201 4740 411 4809 pet'icula,
439 4753 675 4811 mortem,
718 4757 848 4813 etc.,
879 4747 1129 4813 alterum,
1162 4750 1249 4818 qui
1282 4749 1372 4804 Dei
1408 4743 1565 4805 timor
1609 4759 1713 4819 est,
1823 4746 2078 4807 tionibus,
2104 4744 2186 4799 vel
2224 4743 2558 4798 correctione
2589 4757 2796 4811 aequam
2844 4740 2909 4793 in’
2941 4741 3251 4794 sententiain
3297 4757 3386 4795 cx-

200 4837 347 4886 etnon
386 4834 432 4885 in
472 4837 804 4907 trepidatione
852 4839 1103 4905 naturali,
1150 4840 1244 4894 sed
1275 4828 1326 4894 in
1355 4841 1604 4910 doctrinae
1624 4862 1713 4897 ra-
1822 4840 2021 4909 plicare
2052 4852 2155 4891 non
2206 4837 2391 4901 liceat;
2440 4836 2597 4905 idque
2629 4830 2915 4894 haereticis,
2964 4834 3152 4902 quibus
3177 4834 3383 4901 errandi

202 4920 305 4975 tione
344 4925 493 4982 libere
528 4944 555 4982 a
602 4928 757 4984 nobis
796 4913 1114 4999 concipitur,
1147 4932 1291 4985 illum
1322 4936 1712 5002 necessarium,
1812 4930 2157 4985 occasionem
2187 4928 2463 4997 subripere
2496 4927 2741 4981 Editnres
2771 4934 3039 4994 putarunt,
3075 4927 3378 4980 criminandi

202 5009 311 5068 hunc
336 5033 447 5071 vero
475 5020 692 5076 liberum
723 5021 1137 5090 signiﬁcaturus,
1182 5021 1264 5076 his
1292 5025 1472 5078 verbis
1515 5026 1712 5091 utitur;
1816 5037 1999 5075 ansam
2029 5021 2284 5073 adversus
2312 5035 2411 5099 nos
2445 5020 2727 5072 maximam
2779 5017 2944 5081 dedit,
2992 5031 3051 5070 ac
3097 5018 3138 5070 si
3182 5017 3383 5081 Patres,

203 5102 253 5157 de
275 5108 419 5173 primo
440 5112 647 5181 quidem
675 5128 823 5166 num.
850 5112 916 5165 2:
944 5111 1067 5166 Non
1108 5112 1403 5178 devotionis,
1436 5115 1522 5168 sed
1548 5133 1716 5171 neces-
1815 5129 1947 5184 quos
1990 5113 2284 5183 contrarios
2317 5113 2465 5166 nobis
2496 5112 2776 5174 sentimus,
2827 5110 3061 5163 studiose
3090 5099 3383 5179 corruperi-

203 5193 329 5250 sitatis
353 5210 415 5253 est
438 5204 563 5270 quod
590 5206 831 5268 timetur;
861 5204 927 5257 de
956 5204 1193 5258 secundo
1219 5214 1395 5260 autem
1442 5222 1587 5260 nmn.
1638 5208 1717 5261 ul—
1816 5219 1952 5271 mus,
1982 5220 2047 5257 ne
2078 5204 2326 5257 contrarii
2356 5202 2507 5255 nobis
2532 5202 2860 5254 viderentur.
2897 5200 3075 5267 Itaque
3108 5201 3204 5253 alia
3251 5203 3383 5253 ratio

208 5284 338 5344 timo:
364 5291 453 5358 Qui
476 5286 607 5350 timet
632 5307 763 5364 arte,
796 5288 895 5349 non
937 5279 1080 5363 casu,
1112 5293 1384 5365 voluntate,
1418 5316 1517 5354 non
1548 5289 1717 5360 neces-
1816 5295 2065 5371 ineunda,
2098 5310 2197 5363 qua
2222 5295 2278 5349 S.
2314 5294 2457 5347 Zeno
2486 5309 2580 5362 per
2609 5306 2666 5346 se
2694 5292 2865 5361 ipsum
2905 5292 3035 5345 satis
3074 5292 3382 5358 explicetur.

206 5379 344 5448 “Me;
383 5382 458 5440 ubi
496 5382 776 5459 perspicue
800 5388 1033 5443 voluntas
1065 5405 1159 5460 pro
1207 5408 1265 5444 ea
1304 5373 1549 5461 libertate,
1594 5387 1713 5463 quin
1818 5388 1997 5442 Primo
2024 5396 2199 5441 autem
2249 5388 2360 5440 haec
2394 5387 2505 5454 ipsa
2552 5399 2814 5453 apparens
2846 5384 3226 5450 sententiarum
3271 5383 3383 5451 ejus

208 5475 437 5547 necessitati
466 5481 753 5535 .contra‘i‘ia
817 5491 925 5545 εει,
968 5476 1246 5551 aecipitur.
1297 5485 1361 5538 Et
1404 5486 1711 5539 υῡιιιηιαιειη
1822 5496 2017 5551 pugna,
2048 5481 2132 5550 qui
2158 5479 2315 5533 modo
2346 5479 2489 5543 ﬁdei,
2512 5479 2668 5532 modo
2699 5478 3119 5535 charitatiuimis
3153 5476 3383 5535 tribucre

207 5573 305 5617 sane
326 5580 407 5633 pro
428 5568 642 5623 libertate
679 5574 877 5624 Auctor
912 5569 1033 5638 jure
1055 5575 1328 5644 accepisse
1353 5576 1712 5643 cognoscitur,
1822 5573 2053 5637 videtur,
2112 5572 2240 5626 satis
2270 5581 2584 5641 argumento
2614 5585 2731 5625 esse
2760 5569 2938 5631 debet,
2993 5583 3088 5622 nec
3120 5568 3259 5648 ﬁdei,
3293 5583 3387 5635 nec

213 5664 418 5720 Quatenus
436 5676 547 5731 qua:
568 5662 733 5717 libera
765 5670 911 5728 sunt,
942 5678 1005 5716 ea
1032 5679 1092 5718 ex
1128 5664 1399 5730 ipsiusmet
1428 5666 1715 5726 voluntatis
1828 5667 2073 5731 charitali
2116 5666 2161 5720 id
2205 5667 2341 5732 dari,
2374 5666 2513 5735 quod
2547 5666 2717 5735 primo
2761 5662 3013 5743 adspectu
3038 5662 3263 5730 videtur,
3295 5663 3386 5741 sed

213 5753 325 5813 ηοω
345 5766 607 5819 nascuntur
630 5749 819 5815 {unde
841 5755 906 5816 ad
934 5748 985 5813 id
1013 5754 1413 5831 signiﬁcandum
1442 5759 1507 5817 de
1528 5760 1714 5827 eodem
1829 5758 1973 5825 innui
2002 5740 2142 5817 aliud
2171 5759 2461 5836 quidpiam,
2488 5768 2542 5816 ut
2568 5756 2635 5816 ne
2655 5740 3000 5819 contradictio
3024 5755 3143 5818 inde
3187 5744 3386 5819 redeat.
