3826 6226
403 293 508 350 t27
603 255 606 258 ’

1657 361 1665 366 _
1755 287 2286 349 rnonnoonnn».

3491 254 3637 359 .198

470 406 638 461 Porro
659 411 715 460 ut
734 402 801 458 dc
825 402 927 458 ﬁde
956 401 1181 472 primum
1206 398 1470 470 dicamus,
1498 415 1621 456 cum
1651 415 1715 456 cx
1749 409 1903 482 tract.
1941 404 1974 455 5
2002 419 2054 476 Α
2078 405 2206 470 sint,
2234 408 2437 463 Auctor
2458 409 2590 464 satis
2632 409 2778 465 novit
2807 419 2859 466 et
2890 409 3068 466 docuit
3103 424 3169 466 ex
3198 410 3386 480 Paulo,
3417 431 3549 471 num.
3577 418 3636 482 6,

400 493 496 552 lib.
526 510 565 562 t,
589 493 718 557 n.4,
745 500 947 547 certum
978 499 1080 554 est,
1112 490 1176 544 iis
1203 487 1375 546 solum
1398 480 1811 544 immortalitatis
1842 504 1976 560 prte-

400 587 564 641 mium
591 600 620 638 a
645 584 859 638 Zenone
887 580 1127 647 attribui,
1156 581 1247 651 qui
1272 569 1464 636 ueram
1478 579 1739 651 justitiam
1772 579 1973 646 colunt,

399 679 716 746 obtritisque
737 669 920 730 saeculi
969 673 1352 744 voluptatibus,
1375 673 1472 728 Dei
1511 683 1763 745 pres-cpta
1809 684 1978 728 custo-

403 770 544 823 diunt
575 783 595 822 :
625 779 732 822 tum
781 781 846 821 ex
893 773 1045 819 tract.
1112 767 1136 818 1
1195 765 1433 834 ejusdem
1479 758 1602 820 libri
1651 765 1821 835 palam
1872 775 1974 831 est,

406 859 674 915 Zenonem
701 871 802 911 nou
829 857 985 910 aliam
1017 855 1172 912 ﬁdem
1198 856 1356 911 saluti
1381 866 1593 911 αξιοι-ηαξ
1620 857 1804 912 utilem
1831 870 1974 910 com-

402 953 672 1017 mendare,
717 957 875 1023 quam
921 965 1040 1020 quas
1069 966 1166 1020 per
1191 951 1509 1004 charitatem
1541 958 1826 1018 cperatur;
1856 965 1975 1018 per—

399 1047 582 1113 Spicue
619 1043 759 1098 enim
791 1058 941 1098 num.
972 1041 1024 1102 2.
1056 1042 1124 1098 de
1156 1041 1260 1095 ﬁde
1289 1040 1532 1110 loquens,
1577 1056 1689 1103 eos,
1722 1042 1809 1110 qui
1856 1042 1974 1096 sine

374 1173 376 1175 ›
403 1135 653 1204 Operibns
684 1133 1051 1198 inveniuntur,
1080 1143 1109 1184 a
1141 1131 1243 1185 ﬁde
1271 1131 1550 1186 damnatos
1573 1139 1828 1186 testatur:
1876 1130 1975 1198 Qui
2003 1139 2006 1143 ‘

403 1229 471 1282 ad
512 1243 582 1291 se,
614 1224 807 1296 inquit,
837 1225 896 1280 id
914 1235 996 1281 cst
1026 1226 1091 1280 ad
1135 1224 1317 1288 ﬁdem,
1360 1228 1584 1291 veniunt,
1612 1227 1975 1298 professionem

403 1319 720 1377 credulitatis
750 1316 813 1372 ab
842 1320 912 1372 eis
941 1319 1101 1373 solam
1123 1318 1259 1383 ideo,
1284 1319 1406 1388 quia
1430 1328 1606 1397 eorum
1628 1319 1788 1388 ﬁdem
1807 1317 1976 1371 videre

397 1428 497 1466 non
528 1421 708 1482 potest,
737 1411 895 1482 exigit
917 1427 935 1464 :
961 1427 1113 1480 quam
1140 1411 1184 1466 si
1210 1411 1382 1466 abesse
1421 1411 1487 1466 ea:
1531 1410 1754 1466 moribus
1798 1409 1975 1482 depre-

397 1503 651 1570 henderit,
685 1502 856 1577 [cvttt]
885 1493 1174 1576 confestim,
1218 1514 1272 1560 ut
1313 1502 1590 1576 perﬁdum,
1631 1505 1779 1574 punit
1818 1505 1970 1568 irata,

399 1614 545 1669 quem
591 1597 797 1665 docuit;
840 1607 894 1653 et
919 1599 1076 1668 paulo
1105 1608 1221 1670 post
1250 1598 1440 1654 eodem
1467 1615 1614 1653 num.
1644 1598 1801 1654 ﬁdem
1827 1599 1970 1653 illam

257 1738 259 1742 .
399 1691 758 1755 commendat,
786 1707 906 1762 qua:
927 1706 1034 1747 non
1062 1707 1220 1762 opera
1245 1704 1464 1748 externa
1485 1693 1677 1760 solum,
1698 1692 1790 1748 sed
1812 1694 1971 1747 etiam

348 1773 351 1775 ’
402 1783 745 1839 conscientiae
775 1784 998 1840 internae
1028 1785 1340 1841 munditiem
1372 1796 1627 1856 praeSIat:
1671 1783 1830 1840 Fides
1851 1801 1971 1839 con-
2000 1788 2048 1846 B
2074 1793 2172 1829 ηοη
2203 1789 2353 1840 slent.
2380 1788 2589 1845 cessent,
2621 1764 2906 1834 moriantur
2955 1798 2974 1836 :

401 1876 663 1929 scientiam
707 1872 1000 1932 medullitus
1033 1877 1266 1940 mundat,
1314 1895 1378 1932 ne
1419 1876 1544 1947 quid
1589 1879 1755 1932 νεαιυὶ
1785 1876 1865 1932 vel
1891 1877 1974 1930 in-

402 1967 650 2020 trinsecus
687 1966 886 2021 debeat.
940 1965 1213 2023 Videndus
1253 1968 1492 2039 ejusdem
1535 1957 1789 2024 tractatus
1829 1967 1972 2034 ﬁnis,

400 2058 486 2113 ubi
530 2073 609 2126 se,
654 2061 865 2130 quoties
891 2058 1047 2116 ﬁdem
1074 2061 1433 2126 commendat,
1460 2075 1577 2118 eam
1599 2059 1974 2119 commendare

398 2166 613 2223 semper
645 2153 901 2219 insinuat,
929 2167 1028 2224 qua
1050 2155 1171 2225 quis
1200 2148 1308 2208 Deo
1328 2150 1756 2224 ﬁdeliter‘sersit,
1785 2155 1838 2207 in
1862 2154 1972 2223 ipso

398 2244 509 2298 solo
532 2243 772 2314 ﬁduciam
800 2245 963 2315 gerit;
993 2261 1116 2300 nam
1144 2262 1176 2300 a
1198 2238 1444 2316 ﬁdelitate
1469 2257 1515 2302 et
1540 2230 1763 2317 fiducia,
1780 2247 1970 2318 inquit,

399 2335 603 2405 ﬁdelem
642 2355 696 2392 se
749 2339 921 2393 uocari
963 2348 1252 2410 cognoscat.
1298 2336 1479 2410 Itaque
1520 2340 1562 2394 si
1610 2338 1821 2419 ﬁdelem
1849 2351 1970 2394 eum

398 2450 525 2489 vere
562 2450 624 2490 ac
669 2434 904 2505 perfecte
947 2435 1125 2504 habet,
1173 2437 1263 2508 qui
1304 2436 1519 2507 ﬁducia,
1548 2437 1622 2501 ,id
1647 2443 1730 2492 est
1774 2451 1892 2506 spe,
1920 2447 1973 2491 et

395 2526 660 2598 ﬁdelitate,
710 2529 761 2583 id
783 2538 865 2586 est
906 2529 1049 2584 ﬁdeli
1101 2529 1468 2608 mandatorum
1510 2531 1868 2598 observantia,
1915 2545 1975 2586 se

398 2618 610 2676 ﬁdelem
653 2631 903 2701 praestat;
937 2639 1055 2678 eam
1085 2616 1253 2678 solam
1272 2615 1426 2695 ﬁdem
1455 2624 1636 2694 utique
1685 2623 1868 2692 laudat
1909 2639 1973 2680 ac

396 2712 632 2782 praefert,
680 2729 801 2785 qua:
843 2731 871 2770 a
902 2714 1093 2773 ﬁducia
1123 2725 1216 2771 seu
1265 2732 1380 2788 spe,
1413 2713 1467 2773 et
1493 2733 1520 2771 a
1574 2715 1829 2774 ﬁdelitate
1877 2733 1970 2774 seu

397 2799 652 2875 operibus
679 2803 945 2878 disjuncta
981 2823 1085 2864 non
1111 2817 1193 2864 est
1222 2805 1325 2866 :‘et
1377 2797 1500 2864 hinc
1528 2801 1659 2865 sane
1706 2817 1862 2865 tract.
1909 2809 1974 2864 l5

377 2898 493 2952 ‘lib.
527 2914 564 2964 ι,
612 2915 758 2953 nunt.
808 2900 894 2967 Η,
935 2901 1098 2954 solam
1140 2900 1507 2968 observantiam
1556 2903 1830 2957 voluntatis
1875 2901 1975 2955 Dei

398 3008 508 3046 esse
544 2990 765 3063 ﬁdeliter
783 2978 1057 3063 uiuentibus
1087 2995 1419 3048 necessariam
1454 2994 1807 3059 disertissime
1829 2993 1974 3048 afﬁr—

379 3095 528 3140 mat.
559 3082 822 3140 Caeterum
847 3094 998 3139 tract.
1027 3085 1061 3139 2
1090 3068 1188 3140 lib:
1210 3101 1247 3151 ι,
1274 3099 1422 3140 nunt.
1451 3087 1517 3151 4,
1551 3086 1825 3141 charitatis
1861 3086 1974 3140 elo-

2079 511 2182 565 qua
2213 496 2398 552 eadem
2425 500 2632 555 ratione
2677 499 2745 555 de
2788 503 2902 571 spei
2952 500 3196 558 laudibus
3217 502 3506 570 disserens,
3536 522 3638 561 non

2079 590 2290 659 negavit
2329 605 2425 658 spe
2467 590 2750 648 deﬁciente
2794 593 2952 649 ﬁdem
2979 609 3086 649 non
3132 609 3291 665 posse
3337 595 3639 663 subsistere,

2077 679 2172 733 sed
2204 681 2380 734 utilem
2411 682 2540 736 nihil
2571 698 2712 748 esse,
2741 691 2797 738 et
2816 684 2903 740 vix
2934 684 3160 752 reperiri
3187 700 3346 754 posse
3375 685 3427 739 in
3452 700 3533 752 eo,
3553 689 3647 756 qui

2080 768 2383 826 mercedem
2411 768 2833 845 mtcrni'prtemii
2857 759 3052 832 nullam
3082 777 3201 833 fore
3223 777 3441 833 conﬁdit
3473 797 3486 833 :
3527 795 3647 837 nam

2075 861 2200 928 quid
2244 859 2589 930 Christianus,
2637 865 2808 936 inquit
2855 882 3004 922 num.
3035 870 3087 932 ι,
3127 868 3240 938 spei
3283 867 3649 926 necessitatem

2075 952 2541 1021 cornprobatnrus,
2574 957 2734 1023 credit
2761 959 2812 1010 in
2835 956 3114 1026 Christum,
3144 963 3188 1014 si
3229 962 3531 1033 promissum
3553 959 3652 1017 sibi

2067 1044 2137 1113 ab
2164 1058 2221 1095 co
2247 1054 2502 1120 perpetua:
2538 1046 2799 1114 felicitatis
2843 1059 3036 1121 tempus
3075 1067 3175 1104 non
3218 1051 3376 1105 credit
3406 1069 3510 1108 esse
3533 1069 3654 1109 uen-

2076 1134 2288 1195 turum?
2316 1133 2458 1204 Lege
2497 1137 2641 1206 qut‘e'
2664 1138 2857 1193 ibidem
2889 1151 3207 1209 sequuntur,
3248 1143 3336 1199 ubi
3382 1145 3649 1202 Zenon’em

2074 1223 2141 1278 dc
2173 1223 2274 1278 hac
2300 1241 2396 1294 spe
2424 1220 2614 1281 aeterni
2644 1229 2874 1299 praemii,
2901 1231 3042 1300 quod
3075 1248 3171 1302 per
3193 1234 3350 1290 ﬁdem
3380 1222 3654 1307 cognosci-

2078 1322 2182 1381 tur,
2213 1312 2520 1386 laquentem
2545 1317 2786 1386 pluribus
2817 1321 3077 1376 invenies.
3127 1315 3258 1392 Quin
3289 1327 3657 1396 interpretatio

2043 1490 2046 1496 ν
2074 1408 2397 1464 Zeuoniana:
2428 1412 2622 1467 tuentis
2652 1413 2695 1466 si
2740 1424 2885 1484 recte
2909 1421 3172 1482 teneatur,
3198 1419 3302 1472 alia
3333 1419 3494 1474 multa
3525 1421 3658 1474 sub-

2072 1494 2199 1556 inde
2243 1502 2551 1559 obscuriora
2601 1503 2758 1561 facile
2806 1507 3184 1579 intelligemus.
3251 1511 3451 1566 Deinde
3494 1512 3658 1566 liam

2074 1593 2359 1658 rationem,
2390 1611 2510 1666 quas
2539 1596 2589 1650 in
2613 1596 2843 1652 Zenonis
2869 1602 3191 1655 sententiam
3217 1604 3519 1673 aequissima
3545 1613 3655 1670 est,

2071 1683 2268 1740 afferre
2294 1701 2595 1754 possumus,
2615 1703 2712 1743 cur
2731 1690 2846 1745 sine
2869 1691 3125 1745 oharitate
3146 1708 3272 1762 spes
3297 1705 3351 1748 et
3377 1693 3505 1749 ﬁdes
3535 1708 3661 1749 vere

3021 1783 3268 1838 omnibus
3311 1785 3455 1840 enim
3509 1785 3662 1842 hisce

2079 1869 2258 1924 verbis
2290 1871 2378 1925 ille
2406 1871 2592 1925 utitur.
2617 1870 2751 1925 Cum
2780 1873 3132 1928 scilicetniltil
3157 1876 3466 1946 sineamore
3489 1878 3536 1930 in
3557 1877 3660 1932 ho-

2079 1963 2239 2017 minis
2265 1963 2445 2018 animo
2473 1964 2770 2020 subsistere
2789 1976 2981 2036 queat;
3009 1967 3247 2036 profecto
3267 1967 3400 2022 ﬁdes
3426 1977 3482 2024 et
3509 1985 3659 2039 Spes,

2076 2053 2121 2107 si
2151 2068 2258 2109 non
2287 2069 2556 2122 amentur,
2583 2040 2684 2110 non
2709 2056 2946 2126 poterunt
2972 2067 3139 2123 stare;
3165 2073 3229 2114 ac
3274 2059 3498 2129 proinde
3539 2062 3662 2116 sine

2076 2144 2221 2197 omni
2269 2159 2450 2199 amore
2493 2145 2757 2200 cessabunt
2783 2156 2944 2218 atque
2994 2150 3310 2203 morientur:
3344 2150 3501 2206 sicuti
3530 2167 3663 2207 sane

2075 2237 2272 2303 sistent,
2304 2238 2485 2308 utique
2529 2249 2798 2307 amantur,
2826 2242 2891 2295 ει·
2923 2241 3097 2309 aliqua
3145 2257 3358 2314 semper
3401 2244 3454 2299 in
3498 2245 3664 2301 corde

2076 2325 2308 2384 Charitas
2337 2339 2432 2384 seu
2478 2345 2632 2387 amor
2676 2340 2779 2388 est.
2803 2332 2973 2402 Quam
3006 2333 3058 2388 in
3091 2337 3410 2391 sententiam
3442 2336 3503 2394 ὃ.
3537 2341 3684 2392 Amr

2077 2419 2314 2489 brosius,
2343 2425 2509 2477 Serm.
2540 2425 2572 2479 9
2602 2425 2654 2480 in
2684 2424 3084 2503 psa_lm..cxvm,
3115 2441 3264 2482 num.
3294 2428 3329 2483 ’5
3359 2415 3388 2482 τ’
3407 2427 3536 2498 Quis
3562 2440 3663 2496 est,

2076 2511 2274 2593 inquit,
2300 2515 2390 2583 qui
2414 2525 2605 2588 sperat,
2629 2518 2732 2572 nisi
2752 2519 2857 2588 qui,
2889 2519 3029 2589 quod
3056 2529 3424 2592 sperat,.0ptat
3452 2533 3502 2577 et
3539 2524 3667 2576 dili-

2075 2603 2176 2676 git?
2201 2603 2312 2660 liae
2334 2620 2494 2674 porro
2515 2600 2713 2670 mente,
2739 2609 2837 2664 hac
2861 2603 3080 2678 notione
3107 2610 3380 2668 Zenonem
3402 2613 3665 2681 locutum,

2077 2696 2148 2750 ita
2189 2706 2246 2751 ut
2275 2697 2550 2756 cltaritatis
2593 2703 2808 2758 nomine
2839 2718 2944 2758 non
2970 2703 3126 2784 (illam
3161 2705 3345 2780 stricte
3375 2683 3664 2777 acceperit,

2060 2805 2179 2857 qua
2211 2786 2450 2861 diligitur
2479 2789 2634 2850 {Deus
2679 2795 2764 2850 vel
2808 2799 3109 2865 prosimus,
3153 2796 3247 2852 sed
3299 2797 3457 2853 aliain
3511 2799 3669 2868 longe

2079 2880 2237 2937 latius
2263 2891 2557 2954 patentem,
2587 2900 2702 2956 qua
2742 2902 2839 2942 nos
2871 2887 3154 2958 quidlibet,
3202 2900 3256 2944 et
3302 2891 3472 2960 ipsam
3505 2891 3670 2945 etiam

2079 2971 2240 3029 ﬁdem
2273 2989 2338 3030 ac
2366 2989 2514 3049 apem
2566 2978 2911 3060 suscipimus,
2958 2990 3012 3036 et
3043 2970 3668 3052 amantusaliquatenus.

2077 3066 2204 3120 dum
2253 3067 2609 3139 suscipimus;
2649 3069 2760 3125 imo
2813 3071 3055 3128 latiorem
3087 3074 3342 3150 praeterea
3374 3073 3545 3128 multo
3567 3115 3584 3138 ,
3614 3083 3672 3127 ut

399 3176 541 3247 gium
589 3175 852 3242 scrib‘ens,
901 3176 1036 3231 hanc
1075 3176 1150 3229 ita
1200 3176 1348 3230 rebus
1388 3177 1632 3232 universis
1679 3177 1973 3249 prreditam,

2084 3175 2262 3216 rerum
2286 3161 2472 3229 etiam,
2502 3177 2622 3233 qua:
2653 3162 2852 3226 nullius
2881 3163 2991 3218 veri
3009 3164 3220 3246 amoris
3263 3179 3494 3234 capaces
3519 3174 3666 3231 sunt,

400 3283 494 3324 seu
520 3270 788 3338 prmlatatn
808 3268 1057 3334 afﬁrmat,
1075 3259 1206 3340 utsii
1225 3270 1471 3335 omnium,
1493 3277 1613 3340 jure
1639 3271 1776 3340 ipso,
1800 3271 1979 3341 regina

401 3361 711 3435 (divinarum
741 3355 964 3417 omnium
993 3366 1233 3417 uirtutum
1278 3364 1612 3419 substantiam
1637 3373 1792 3419 vocat
1821 3365 1978 3434 paulo

402 3463 522 3522 post
552 3468 695 3506 num.
729 3451 808 3522 5),
861 3453 1000 3523 quod
1027 3453 1095 3510 de
1134 3441 1237 3508 ﬁde
1265 3454 1368 3509 dici
1419 3441 1522 3509 non
1571 3456 1744 3525 potuit
1790 3454 1844 3509 in
1875 3463 1981 3509 tra—

402 3553 546 3601 ctatu
596 3545 664 3600 de
694 3538 983 3613 Abraham,
1030 3545 1129 3600 nisi
1182 3545 1338 3601 ﬁdem
1371 3546 1441 3602 ibi
1491 3542 1610 3608 eam
1658 3547 1977 3625 accepisset,

404 3656 521 3709 qua:
549 3640 810 3695 cltaritate
838 3641 1189 3709 circumsepta
1203 3652 1286 3696 est
1312 3649 1470 3709 atque
1489 3642 1700 3696 vestita.
1724 3640 1982 3696 Similiter

403 3732 561 3802 igitur
600 3733 668 3788 de
717 3734 815 3802 hac
844 3733 1043 3802 pariter
1071 3732 1174 3786 ﬁde
1220 3732 1459 3802 loquitur
1486 3741 1641 3787 tract.
1693 3731 1759 3786 16
1812 3731 1904 3786 lib.
1940 3747 1978 3797 t,

407 3840 555 3880 num.
587 3824 673 3888 12,
705 3840 824 3880 ειιιη
857 3841 1006 3879 mene
1029 3825 1151 3894 ﬁdei
1177 3825 1461 3881 victoriam
1494 3826 1697 3887 tribuit.
1728 3825 1812 3880 vel
1843 3840 1978 3895 ρηγ-

403 3921 579 3982 mium,
613 3919 686 3972 uti
718 3929 871 3973 tract.
905 3917 961 3985 2,
986 3934 1134 3972 nutn.
1163 3918 1219 3984 2,
1257 3919 1398 3973 unde
1430 3928 1584 3972 tract.
1624 3919 1710 3986 12,
1741 3934 1888 3971 num.
1923 3919 1978 3982 ι,

405 4026 467 4066 ea
519 4013 634 4082 ipsa
681 4012 732 4066 in
764 3995 1003 4080 periodo,
1034 4012 1122 4066 ubi
1153 4012 1304 4065 vitam
1331 4029 1420 4081 per
1447 4011 1599 4082 ﬁdem
1633 4021 1982 4081 comparatam

408 4114 652 4170 testatur,
682 4103 750 4157 de
781 4103 884 4157 lide
914 4118 1034 4157 cunt
1066 4103 1317 4170 cperibus
1341 4105 1629 4172 conjuncta
1679 4103 1734 4158 id
1758 4103 1982 4172 copiens

408 4193 659 4263 intelligi,
689 4193 826 4246 hanc
848 4187 964 4262 ejus
994 4192 1120 4247 dicti
1152 4192 1411 4247 rationem
1440 4191 1687 4260 subjicit:
1727 4194 1844 4262 quia
1872 4195 1984 4246 ani—

409 4300 544 4349 mus,
571 4284 660 4353 qui
685 4282 857 4337 uicerit
880 4283 1146 4347 mundum,
1171 4283 1488 4353 agnoscendo
1516 4299 1576 4335 ac
1595 4283 1844 4336 servando
1864 4285 1995 4340 reli-.

409 4376 611 4448 gionent
652 4390 820 4428 veram
857 4387 1124 4444 veramque
1153 4374 1434 4446 justitiam,
1471 4368 1866 4428 immortalitatis
1903 4391 1983 4427 ne-

410 4483 547 4521 cesse
575 4475 649 4520 est
673 4482 767 4536 pro
798 4465 988 4520 laboris
1017 4467 1098 4521 sui
1123 4482 1327 4520 munere
1349 4465 1623 4520 immortali
1668 4467 1982 4521 beatitudine

410 4560 728 4630 perfruatur.
1438 4546 1441 4548 ’
1461 4624 1469 4628 ⁴
1791 4613 1795 4617 ,

479 4650 630 4718 Quod
650 4666 776 4727 vero
805 4659 962 4712 tract.
985 4651 1020 4705 2
1037 4650 1131 4706 lib.
1151 4666 1192 4716 ι,
1213 4650 1528 4706 cbaritatem
1549 4649 1772 4704 nimium
1795 4649 1988 4705 efferre

407 4743 641 4810 videtur,
666 4755 928 4816 quatenus
956 4745 1072 4800 sine
1104 4743 1191 4797 illa
1221 4751 1446 4800 caeteras
1475 4743 1722 4807 virtutes,
1752 4757 1815 4798 ac
1847 4757 1985 4813 prae-

406 4838 563 4907 cipue
592 4838 748 4894 ﬁdem
781 4850 835 4895 et
866 4853 1017 4910 spem
1063 4847 1279 4901 cessare,
1331 4838 1411 4908 vel
1460 4854 1561 4890 non
1604 4846 1740 4890 stare
1787 4839 1990 4890 Auctor

408 4919 768 5005 pronuntiat,-
793 4931 990 4998 duplici
1047 4930 1399 5001 responsione
1426 4928 1760 5000 explicatur.
1810 4925 1988 4981 Primo

408 5035 650 5098 utraeque,
688 5024 754 5080 'id
779 5036 861 5080 cst
889 5023 1022 5080 ﬁdes
1047 5036 1100 5078 et
1129 5037 1275 5093 spes,
1307 5023 1588 5088 cessabunt,
1622 5037 1649 5074 a
1676 5021 1892 5075 Zenone
1911 5020 1992 5073 di-

411 5129 551 5171 ctum
598 5127 763 5187 patet,
807 5133 914 5172 non
963 5117 1103 5187 quod
1136 5117 1311 5187 perire
1361 5129 1576 5183 semper
1607 5113 1724 5167 illas
1772 5112 1987 5182 putarit,

409 5210 457 5264 si
484 5209 714 5266 charitas
755 5213 932 5278 abeat,
951 5210 1047 5266 sed
1079 5209 1241 5279 quod,
1266 5206 1856 5274 charitatedeﬁcicnte,
1885 5220 1988 5259 non

413 5315 699 5371 numquam
726 5293 830 5382 illa:
875 5301 1152 5365 deﬁciunt,
1184 5301 1257 5354 uti
1307 5303 1495 5370 probat
1521 5299 1621 5352 hoc
1649 5297 1838 5352 eodem
1884 5304 1991 5350 tra-

414 5403 578 5462 ctatu,
607 5414 754 5452 num.
785 5396 1128 5467 6,proposito
1167 5395 1318 5451 Judze
1347 5395 1614 5465 exemplo,
1646 5395 1734 5464 qui
1762 5403 1808 5448 et
1827 5410 1985 5464 spem,

415 5497 461 5543 et
488 5487 640 5558 ﬁdem
666 5475 908 5560 perdidit,
936 5490 1052 5560 quia
1065 5490 1290 5542 charitas
1309 5490 1361 5541 in
1376 5489 1484 5560 ipso
1506 5504 1605 5542 non
1627 5489 1834 5541 mansit.
1854 5486 1988 5542 Vide

413 5595 534 5651 qute
579 5579 631 5633 in
677 5581 916 5636 eamdem
959 5596 1070 5635 rem
1102 5581 1294 5636 ibidem
1319 5581 1694 5650 sitbjiciuntur,
1739 5596 1882 5635 num.
1931 5578 1984 5633 4.

419 5669 682 5726 Ceterum
707 5685 860 5740 posse
882 5672 1059 5737 ﬁdem,
1096 5687 1252 5742 posse
1281 5674 1412 5728 alias
1429 5675 1654 5727 virtutes
1678 5675 1796 5744 sine
1815 5673 1992 5727 chari-

420 5770 530 5817 tate
558 5761 870 5828 consistere,
919 5762 988 5816 ita
1019 5745 1196 5818 tamen
1240 5772 1297 5816 ttt
1341 5764 1406 5817 ad
1438 5764 1665 5829 salutem
1689 5763 1823 5818 nihil
1869 5777 1992 5833 pro~

2083 3254 2507 3336 metaphoricum
2539 3255 2824 3327 quemdam
2855 3272 3094 3336 amorem
3138 3259 3546 3334 complectatur,
3580 3274 3673 3329 pa-

2083 3333 2550 3413 lam'ostendimus
2575 3363 2642 3404 ex
2684 3348 2876 3404 eodem
2907 3333 3133 3404 tractatu
3163 3333 3481 3420 incipientes
3507 3365 3536 3404 a
3569 3361 3673 3404 tes-

2085 3438 2328 3502 timonio,
2358 3439 2499 3510 quod
2527 3439 2897 3495 difﬁcultatem
2940 3455 3046 3496 nou
3075 3441 3247 3497 levem
3278 3442 3396 3512 sine
3423 3441 3525 3496 hac
3547 3440 3675 3496 cha-

2088 3529 2265 3586 ritatis
2295 3536 2559 3602 pra-cipua
2593 3533 2810 3588 notione
2837 3532 3117 3603 injiceret-
3145 3531 3340 3607 Scribit
3361 3547 3492 3603 ergo
3523 3549 3670 3600 num.

2082 3627 2118 3681 4
2143 3644 2156 3680 :
2186 3624 2344 3682 Fides
2369 3643 2646 3697 paucorum
2663 3616 3010 3693 est,‘charitas
3030 3627 3275 3681 omnium.
3307 3609 3468 3682 Hunc
3497 3626 3671 3682 locum

2085 3733 2206 3773 cum
2256 3718 2322 3773 de
2368 3719 2639 3784 charitate
2689 3715 2988 3790 Christiana
3019 3717 3404 3790 accipiendum
3434 3725 3673 3788 putasset

2085 3811 2332 3881 Sparav.,
2387 3809 2762 3889 corrigendum
2808 3809 2981 3879 duxit,
3023 3819 3081 3863 ut
3124 3804 3398 3889 contrario
3446 3822 3671 3880 prorsus

2083 3921 2242 3962 sensu
2265 3908 2560 3975 legeretur:
2592 3885 2752 3957 Fides
2771 3905 2994 3969 omnium
3019 3885 3352 3971 est,'cltaritas
3367 3917 3673 3985 paucorum;

2083 4015 2206 4054 nam
2246 3993 2547 4072 Christiana
2586 3998 2822 4053 charitas
2873 3997 2924 4052 in
2973 3998 3312 4069 paucioribus
3357 4008 3463 4061 est,
3513 4011 3672 4068 quam

2085 4090 2238 4147 ﬁdes.
2270 4092 2375 4148 Sed
2405 4099 2762 4162 praeterquam
2789 4090 2930 4161 quod
2962 4080 3095 4164 [cu]
3130 4088 3264 4148 ﬁdes
3310 4091 3540 4163 omnium
3569 4087 3672 4143 diei

2088 4202 2191 4240 non
2227 4187 2413 4256 potuit,
2447 4200 2566 4240 cum
2612 4201 2716 4239 non
2761 4180 2951 4239 omnes
2990 4176 3348 4239 Christianam
3387 4181 3561 4260 ﬁdem
3584 4191 3672 4265 ,ιε-

2088 4287 2285 4344 neant;
2328 4277 2472 4332 Zeno
2500 4286 2678 4333 autem
2709 4276 2778 4332 de
2805 4274 3072 4331 universis
3127 4274 3436 4352 hominibus
3486 4275 3671 4345 loqua-

2091 4378 2195 4434 tur,
2222 4378 2282 4424 ut
2309 4385 2384 4424 ηε
2405 4369 2473 4424 de
2502 4369 2632 4423 solis
2657 4368 2976 4424 Christianis
3001 4382 3062 4424 se
3094 4367 3240 4439 loqui
3268 4368 3348 4424 vel
3376 4383 3486 4424 uno
3509 4367 3671 4424 verbo

2093 4461 2423 4526 subindicet;
2471 4461 2595 4515 huic
2642 4459 3004 4517 emendationi
3056 4460 3189 4515 nulli
3240 4461 3481 4531 codices,
3515 4461 3674 4517 nulla

2011 4556 2062 4613 Ι)
2088 4553 2347 4611 editiones
2373 4553 2752 4623 suﬁ'ragantur.
2786 4554 2968 4623 Itaque
2997 4553 3100 4607 alia
3140 4551 3361 4610 notione
3402 4554 3672 4625 Zenonem

2092 4646 2374 4701 verissime
2403 4645 2638 4700 locutum
2672 4653 2939 4712 putamus,
2973 4644 3115 4714 quod
3145 4659 3272 4707 vere
3297 4644 3433 4701 ﬁdes
3457 4646 3512 4701 in
3546 4660 3674 4717 psu-

2092 4740 2169 4793 cis
2201 4739 2292 4800 sit,
2320 4737 2443 4806 quia
2471 4734 2759 4798 Christiani
2792 4738 2943 4806 pauci
2980 4744 3106 4789 sunt
3150 4751 3260 4805 pra:
3303 4739 3520 4794 caeteris
3563 4736 3676 4792 inll-

2091 4829 2330 4894 dclibus,
2381 4829 2470 4898 qui
2523 4827 2644 4882 licet
2706 4826 2811 4882 ﬁde
2857 4835 3100 4896 careant,
3129 4827 3447 4885 eharitatem
3498 4842 3672 4886 tamen

2093 4924 2325 4994 aliquam
2354 4923 2574 4988 habent,
2607 4935 2729 4975 cum
2761 4927 2922 4975 nemo
2957 4922 3074 4976 sine
3119 4921 3302 4992 aliquo
3343 4937 3532 4980 amore
3560 4937 3675 4979 esse

2095 5020 2300 5091 possit;
2334 5017 2472 5072 unde
2502 5025 2554 5072 et
2597 5014 2800 5072 Gentes
2835 5030 2894 5070 se
2941 5031 3000 5071 se
3049 5015 3280 5071 invicem
3325 5015 3574 5087 diligere,
3618 5030 3676 5068 ac

2096 5110 2414 5167 benefacere
2442 5108 2685 5179 pluribus
2715 5107 2982 5177 leguntur.
3016 5106 3353 5177 Non-itaque
3397 5109 3541 5177 apud
3577 5106 3674 5161 Ze-

2095 5219 2289 5260 nonem
2319 5203 2387 5258 de
2413 5216 2536 5255 vera
2567 5209 2620 5255 et
2642 5198 2944 5254 Christiana
2971 5198 3229 5254 cbaritate
3245 5213 3427 5253 sermo
3453 5211 3559 5265 est,
3587 5195 3673 5252 sed

2095 5298 2167 5353 de
2189 5297 2450 5352 cltaritate
2477 5309 2574 5363 pro
2591 5306 2773 5348 amore
2786 5291 2966 5361 aliquo
2985 5281 3246 5346 latissime
3262 5301 3502 5362 sumpta.
3523 5289 3676 5361 Equi-

2097 5391 2218 5445 dem
2253 5389 2302 5444 id
2351 5386 2586 5443 notiouis
2633 5385 2684 5440 in
2731 5384 2978 5446 Auctoris
3023 5383 3529 5462 menteiusedisse,
3557 5385 3673 5437 dum

2097 5486 2214 5542 hmc
2243 5483 2523 5546 scriberet,
2554 5479 2681 5535 illud
2719 5479 2880 5551 planc
2905 5478 3201 5546 convincit,
3232 5463 3374 5550 quod
3398 5477 3673 5536 charitatis

2094 5577 2279 5634 laudes
2318 5575 2486 5629 fusius
2525 5575 2889 5643 expositurus,
2933 5563 3092 5641 quam
3126 5572 3230 5625 late
3271 5586 3332 5626 ea
3367 5581 3545 5641 pateat
3586 5582 3670 5622 os-

2099 5671 2288 5737 tendit,
2317 5679 2373 5725 et
2405 5668 2672 5723 charitatis
2694 5650 2911 5721 nomine
2928 5666 3124 5736 ubique
3150 5657 3329 5741 utens,
3362 5651 3543 5742 primo.
3563 5661 3670 5733 qui-

2096 5766 2219 5820 dem
2246 5764 2365 5818 illas
2403 5760 2521 5827 ejus
2557 5758 2710 5814 dotes
2736 5755 3100 5823 commendat,
3131 5773 3252 5821 ante
3291 5758 3345 5814 in
3373 5743 3666 5814 Christiana
