3826 6226
163 280 250 334 liti

1052 275 1505 334 DISSERTATIO
1541 275 1605 341 ll,
1649 274 1736 348 DE
1775 276 1828 332 S.
1872 273 2022 329 ΖΕΝ.
2068 275 2432 332 DOC'I‘KINA.

3300 287 3402 344 150

161 397 392 452 charitate
421 396 643 460 cnitent,
677 406 731 451 at
779 396 903 451 dein
948 411 1040 452 eas
1069 410 1284 464 quoque
1313 393 1549 463 subjicit,
1594 408 1712 462 qua:
1742 397 1788 455 Α
1818 402 2051 457 moveat,
2084 407 2204 446 cum
2247 394 2297 446 id
2342 409 2443 448 non
2489 394 2794 462 nuptiarum
2844 395 3153 451 earumdem
3194 399 3402 469 culpam

162 489 372 545 omuium
411 491 673 562 gentium,
734 491 842 545 imo
892 490 1052 544 etiam
1097 497 1152 544 et
1193 489 1488 543 belluarum
1526 501 1590 540 ac
1637 486 1712 539 in-

163 583 459 640 sensibilium
476 587 678 654 pariter
700 594 877 639 rerum
901 583 1151 639 cbaritati
1169 583 1376 638 cuidam
1396 589 1712 652 congruunt;

168 678 289 733 unde
303 693 441 732 num.
459 678 511 744 5,
538 687 961 734 commemorata
980 676 1208 749 quadam
1227 676 1502 732 charitatis
1515 675 1714 745 specie,

165 788 268 844 quze
295 772 412 842 ipsis
445 771 757 838 elementis,
787 773 914 828 dum
962 772 1101 826 inter
1140 785 1200 826 se
1247 785 1306 827 se
1349 770 1714 833 continentur,

167 869 323 924 inesse
343 866 662 936 concipitur,
692 861 966 922 concludit
995 866 1359 935 liac‘generali
1407 865 1670 920 sententia
1701 881 1714 915 :

170 958 301 1014 Nihil
321 969 390 1014 est
406 973 638 1030 prorsus,
669 959 806 1029 quod
831 960 940 1013 sine
963 958 1062 1012 hac
1086 959 1333 1014 charitate
1349 967 1573 1028 gratum,
1612 958 1719 1010 sine

167 1053 250 1107 hac
287 1054 567 1122 paciﬁcum,
592 1052 700 1107 sine
727 1053 822 1105 hac
848 1051 1019 1121 fidele,
1042 1053 1152 1107 sine
1182 1050 1278 1105 hac
1313 1045 1547 1105 securum
1565 1091 1579 1115 ,
1609 1049 1720 1102 sine

169 1145 254 1200 hac
280 1146 567 1216 gloriosum,
609 1144 718 1198 sine
741 1143 838 1198 hac
869 1143 978 1198 Deo
999 1146 1264 1217 junctum,
1311 1143 1419 1196 sine
1437 1140 1534 1194 hac
1559 1138 1718 1211 possit

168 1254 265 1292 esse
305 1242 597 1307 perfectum.
643 1236 776 1292 Hinc
811 1237 988 1306 itaque
1016 1235 1358 1306 cognoscitur
1385 1242 1578 1305 quanta
1609 1232 1717 1288 cir-

156 1328 542 1397 cumspectione
616 1326 670 1381 in
746 1327 1074 1397 explicandis
1123 1326 1362 1397 antiquis
1432 1324 1716 1395 Scriptor!-

174 1422 259 1476 bus
284 1420 530 1475 utendum
579 1420 670 1487 sit,
723 1435 791 1476 ne
835 1419 972 1476 forte
1022 1435 1215 1477 vocum
1261 1420 1547 1487 notiones,
1595 1433 1716 1490 quae

173 1516 344 1571 nostris
403 1515 732 1584 temporibus
796 1516 1059 1579 obtinent,
1112 1515 1164 1569 in
1216 1516 1452 1584 ipsorum
1504 1528 1717 1585 quoque

172 1618 382 1676 tempora
414 1591 825 1674 transferentes,
853 1623 918 1664 ex
949 1609 1119 1678 iisque
1145 1624 1331 1664 eorum
1359 1623 1518 1663 voces
1549 1591 1715 1663 inter-

174 1699 428 1768 pretandas
469 1699 811 1768 judicantes;
844 1703 1054 1756 errasse
1076 1699 1218 1767 illos,
1253 1700 1354 1755 .vel
1397 1700 1713 1770 scripturam

1818 495 2043 553 spectet,
2075 486 2166 540 sed
2201 487 2601 542 incontinentim
2633 487 2896 561 defectum
2917 529 2930 552 ,
2963 492 3053 559 qui
3098 506 3217 545 cum
3264 494 3405 562 ejus-

1819 576 1960 630 modi
1992 579 2295 646 nuptiarum
2328 573 2484 635 causa
2517 597 2638 637 esse
2669 570 2984 654 plerumque
3013 585 3183 642 soleat
3211 628 3225 651 ,
3281 605 3400 644 eas-

1817 670 1942 724 dem
1971 687 2075 726 non
2099 673 2320 728 omnino
2346 690 2504 730 sanas
2528 663 2738 732 reddit:
2763 694 2867 748 qua
2895 679 3056 734 etiam
3089 687 3298 738 ratione
3322 685 3405 738 vel

1821 762 2005 832 prima:
2052 769 2270 835 nuptim,
2304 767 2348 820 si
2375 767 2445 822 ob
2473 767 2873 836 incontinentim
2916 773 3228 828 remedium‘
3253 791 3408 831 assu-

1819 863 2053 921 mantur,
2076 855 2285 910 delectu
2311 858 2491 926 aliquo
2519 875 2739 938 prorsus
2767 877 2872 916 non
2897 873 3109 929 vacant,
3132 877 3187 918 ut
3215 865 3271 921 S.
3296 867 3405 921 Au-

1818 949 2065 1018 gustinus
2109 965 2174 1004 ex
2215 949 2363 1005 Pauli
2412 953 2656 1021 epistolis
2705 955 2875 1024 palam
2905 958 3201 1014 convincit.
3263 959 3405 1016 Nihil

1819 1039 1997 1111 itaque
2049 1043 2311 1098 adversus
2362 1045 2624 1100 secundas
2669 1050 2879 1117 nuptias
2913 1050 2969 1106 S.
3001 1051 3146 1108 Zeno
3187 1054 3406 1125 ingerit,

1818 1133 1958 1202 quod
1985 1151 2089 1189 non
2119 1151 2302 1191 sanam
2331 1140 2652 1193 sententiam
2680 1144 2969 1197 contineat.

1894 1226 1948 1281 in
1989 1228 2092 1281 hoc
2134 1229 2230 1282 alii
2258 1229 2460 1299 aliquot
2503 1229 2685 1287 Patres
2716 1234 2902 1289 durius
2934 1236 3099 1290 multo
3130 1238 3295 1293 locuti
3326 1240 3405 1294 iu-

1821 1321 2129 1387 veuiuntur;
2162 1337 2283 1376 nam
2308 1323 2678 1396 Athenagoras
2709 1329 2762 1380 in
2795 1326 3082 1397 Legatione
3106 1347 3203 1401 pro
3226 1332 3408 1387 Clu-is-

1821 1412 2002 1479 tianis,
2037 1414 2191 1482 paulo
2219 1424 2340 1470 ante
2392 1418 2572 1482 finem,
2631 1429 2912 1488 postquam
2963 1421 3030 1477 de
3081 1438 3191 1477 sua:
3235 1426 3408 1482 celatis

1818 1504 2142 1562 Christianis
2167 1508 2324 1563 tradit
2353 1527 2367 1562 :
2409 1509 2520 1575 Vel,
2550 1521 2602 1564 ut
2623 1522 2773 1566 natus
2799 1526 2873 1567 est
2906 1518 3248 1587 unusquisque
3287 1538 3407 1576 nos-

1819 1608 1972 1665 trum,
2001 1611 2186 1665 manet,
2216 1603 2294 1656 vel
2313 1603 2365 1656 in
2389 1604 2550 1657 unicis
2580 1606 2808 1674 nuptiis;
2840 1608 3020 1661 subdit
3045 1608 3298 1666 adversus
3325 1628 3412 1667 se-

1818 1691 2025 1746 cundas
2055 1708 2084 1746 a
2113 1690 2435 1748 Chrisuanis
2479 1695 2683 1750 alienas
2718 1714 2729 1748 :
2773 1697 3027 1753 Secundw
3068 1702 3253 1773 quippe
3300 1721 3411 1775 spc-

172 1791 383 1867 codicum
413 1800 745 1862 corruptam,
774 1807 838 1847 ac
866 1807 934 1848 ex
970 1800 1154 1866 nostro
1183 1807 1281 1847 usu
1304 1791 1561 1862 loquendi
1591 1807 1713 1846 cor-
1745 1789 1793 1848 B
1819 1784 2013 1838 ciosum
2040 1796 2156 1840 sunt
2182 1787 2531 1854 adulterium;
2581 1789 2657 1842 ait
2695 1791 2837 1844 enim
2873 1808 2884 1842 :
2913 1791 3237 1864 Quicumque
3260 1795 3412 1849 dimi-

175 1882 416 1954 rigendam
445 1893 714 1954 putemus.
746 1882 931 1954 itaque
961 1884 1004 1938 si
1032 1885 1346 1939 charitatem
1370 1891 1477 1938 tam
1521 1883 1625 1938 late
1657 1882 1714 1940 S.

173 1978 295 2034 Zeno
322 1962 543 2048 accepit,
572 1987 628 2032 ut
657 1991 1051 2048 quemcumque
1079 1992 1317 2033 amorem
1343 1959 1532 2032 belluis
1557 1977 1716 2032 etiam

175 2079 221 2125 et
253 2069 539 2126 inanimatis
573 2068 748 2125 rebus
799 2084 1140 2125 communem
1192 2069 1544 2140 intelligeret;
1598 2063 1732 2138 jure

177 2165 274 2242 sine
306 2164 553 2219 cbaritate
580 2162 812 2219 deﬁcere
835 2164 966 2219 alias
1004 2164 1248 2229 virtutes,
1291 2163 1427 2220 idest
1457 2163 1614 2242 tidem
1658 2176 1720 2217 ac

178 2240 324 2327 spent,
357 2251 666 2323 allirmavii,
715 2272 850 2329 quas
889 2261 1006 2315 sine
1048 2258 1230 2328 aliquo
1261 2257 1493 2327 ipsarum
1537 2240 1721 2312 amore

180 2364 262 2405 nec
287 2349 500 2421 suscipi,
535 2365 632 2406 nec
659 2349 827 2405 foveri
853 2365 1010 2419 posse
1036 2348 1382 2405 manifestum
1405 2358 1516 2414 est;
1542 2349 1594 2402 in
1617 2363 1720 2418 qua

181 2442 423 2499 cbaritatis
456 2444 673 2498 notione
697 2443 754 2499 S.
785 2443 928 2498 Zeno
945 2459 1068 2498 cum
1088 2443 1146 2499 S.
1175 2442 1461 2497 Ambrosio
1476 2441 1724 2496 similiter

181 2537 392 2608 loquens,
421 2537 619 2591 nullam
643 2535 848 2592 erroris
876 2545 1055 2590 notam
1082 2532 1356 2592 incurrere
1384 2543 1576 2606 potest.

753 2669 981 2728 CAPUT
1024 2670 1131 2726 Vll.

246 2798 305 2840 υε
339 2797 584 2841 εηευιωιει
610 2799 842 2850 «omnis,
875 2800 941 2840 ετ
970 2801 1046 2840 -υε
1086 2798 1511 2840 CBMSTIANOBUI
1548 2798 1653 2840 CUI

630 2892 960 2934 ιωηοειωυε
995 2892 1265 2934 CONJUGIO.

243 2990 373 3062 inter
394 3004 625 3058 errores,
651 3005 793 3062 quos
820 2990 888 3046 ad
915 2982 1304 3062 infringendam
1327 3033 1343 3056 ,
1375 2991 1420 3045 si
1451 2990 1562 3046 fieri
1605 2960 1729 3060 pos-

190 3087 295 3149 set,
317 3080 407 3137 SS.
451 3082 663 3138 Patrum
695 3083 1092 3148 auctoritatem,
1131 3081 1591 3139 Heterodoxorum
1622 3097 1726 3136 non

1820 1881 1940 1934 serit
1968 1897 2175 1935 uxorem
2199 1899 2364 1950 suam,
2387 1893 2435 1958 et
2460 1883 2660 1938 duxerit
2682 1885 2860 1948 aliam,
2891 1886 3170 1940 moechatur
3211 1905 3228 1942 :
3259 1906 3416 1958 neque

1819 1972 1962 2026 illam
1985 1970 2238 2028 diittittet'e
2258 1976 2569 2041 concederis,
2594 1981 2743 2050 cujus
2769 1979 3018 2033 deleberis
3053 1982 3411 2052 virginitatem,

1821 2083 1911 2120 nec
1938 2067 2093 2120 aliam
2141 2067 2352 2133 ducere;
2381 2086 2499 2122 nam
2525 2071 2612 2140 qui
2651 2088 2705 2124 se
2734 2073 2902 2141 ipsum
2928 2075 3090 2144 priori
3123 2053 3280 2130 uxore
3311 2078 3416 2144 pri-

1821 2167 1920 2223 vat,
1973 2158 2088 2212 licet
2139 2170 2360 2227 mortua,
2413 2161 2614 2216 adulter
2661 2163 2890 2217 occultus
2942 2175 3038 2218 est.
3089 2165 3203 2221 Non
3236 2168 3412 2223 minus

1822 2265 2006 2320 aequus
2049 2252 2302 2307 secundis
2350 2253 2549 2322 nuptiis
2598 2269 2704 2309 non
2741 2257 2904 2312 nullis
2934 2258 3078 2311 visus
3107 2268 3187 2312 est
3218 2259 3275 2315 S.
3304 2260 3413 2314 lre-

1824 2356 1994 2405 nacus,
2022 2357 2144 2396 cum
2180 2343 2270 2396 lib.
2302 2358 2358 2397 ιιι
2382 2343 2447 2398 de
2496 2344 2806 2410 llmres.,‘c.
2855 2349 2949 2413 i9,
2983 2353 3238 2420 scriptum
3294 2352 3415 2406 reli-

1825 2433 1941 2502 quit
1979 2450 1990 2485 :
2035 2432 2379 2489 Samaritana.-
2424 2436 2948 2519 illiprcevaricatrici,
2972 2458 3085 2511 qua
3108 2444 3278 2497 inuno
3303 2444 3414 2513 piro

1826 2542 1926 2579 non
1955 2528 2161 2592 mansit,
2191 2527 2280 2582 sed
2304 2529 2558 2598 fornicata
2591 2541 2666 2584 est
2694 2533 2866 2586 multis
2907 2535 3099 2604 nuptiis
3123 2577 3137 2602 ,
3167 2537 3258 2591 sed
3293 2553 3415 2606 per-

1827 2633 2041 2688 peram;
2074 2635 2197 2675 nam
2224 2619 2292 2676 de
2320 2620 2660 2678 Samaritana
2691 2624 2782 2677 illa
2811 2625 3126 2695 Evangelica
3179 2627 3267 2682 hic
3307 2643 3415 2685 ser-

1829 2727 1918 2793 mo
1935 2721 2036 2775 est,
2057 2727 2174 2782 quae
2195 2729 2302 2768 non
2334 2713 2512 2784 plures
2542 2718 2868 2773 successivas
2897 2727 3105 2793 nuptias
3129 2721 3298 2786 inivit,
3321 2722 3414 2777 sed

1830 2805 2010 2875 plures
2035 2807 2184 2862 viros
2211 2807 2368 2862 simul
2399 2808 2584 2864 habuit
2627 2825 2854 2880 quorum
2885 2811 3084 2867 nemini
3109 2825 3365 2882 nupserat
3397 2855 3412 2879 ,

1828 2911 1892 2952 ac
1926 2897 2150 2967 proinde
2181 2913 2284 2952 non
2308 2900 2574 2955 secundas
2595 2901 2676 2955 vel
2722 2901 3042 2970 multiplices
3097 2907 3306 2975 nuptias
3339 2906 3411 2961 ibi

1832 2983 2213 3060 reprehendit,
2255 2993 2348 3046 sed
2400 2994 2676 3049 mulierem
2726 2995 2954 3063 plurium
2995 2996 3406 3054 fornicationuin

1834 3100 1977 3139 ream
2012 3103 2023 3138 :
2056 3085 2180 3140 licet
2210 3087 2430 3150 Auctor,
2483 3097 2672 3158 qumst.
2704 3089 2772 3143 59
2822 3088 2885 3144 ad
2915 3090 3235 3146 Antiochum
3276 3093 3412 3147 inter

191 3174 303 3230 nulli
327 3191 387 3232 es
433 3176 669 3246 ipsorum
717 3176 932 3246 scriptis
978 3175 1344 3247 agglomerare
1390 3184 1445 3230 ct
1495 3175 1728 3244 objicere
1755 3173 1799 3236 C
1832 3175 2006 3245 Opera
2035 3177 2091 3232 S.
2124 3177 2400 3233 Athanasii
2427 3219 2440 3241 ,
2466 3181 2939 3260 quinquepriores
2966 3183 3083 3252 ejus
3112 3186 3254 3240 viros
3280 3185 3412 3256 legi-

192 3265 395 3332 student,
425 3269 621 3326 illecst
650 3285 758 3324 non
804 3268 1057 3324 minimus
1078 3311 1094 3336 ,
1121 3267 1322 3340 quod'a
1352 3269 1622 3324 nonnullis
1649 3285 1739 3324 se-

193 3343 377 3425 cundae,
402 3369 454 3414 et
478 3359 644 3415 multo
670 3359 861 3430 magis,
891 3371 1120 3430 quartae,
1150 3369 1205 3416 et
1239 3361 1442 3430 plures,
1473 3360 1736 3416 successi-

196 3467 263 3506 ve
285 3453 418 3520 licet,
440 3445 636 3524 nuptias
673 3454 841 3509 veluti
861 3453 1166 3510 criminosa:
1196 3453 1404 3509 traduci
1434 3454 1736 3510 videantur.

197 3543 319 3600 inter
359 3545 449 3601 hos
491 3556 668 3602 autem
723 3546 911 3601 Patres
960 3560 1103 3601 cum.
1143 3543 1200 3602 S.
1243 3537 1389 3602 Zeno
1427 3545 1478 3599 in
1519 3546 1736 3602 easdem

197 3638 363 3694 acriter
394 3639 718 3709 peroraverit
753 3645 980 3694 tractatu
1033 3639 1329 3708 praesertim
1363 3639 1395 3711 ὅ
1445 3637 1536 3697 lib.
1571 3655 1606 3702 ι,
1637 3639 1738 3692 hu-

195 3726 326 3796 jusce
369 3731 551 3800 capitis
600 3727 1378 3801 vindicizeipraetermittendie
1431 3730 1585 3785 nobis
1631 3746 1735 3786 non

200 3827 304 3874 sunt
343 3837 357 3874 :
403 3836 516 3877 cum
568 3821 906 3892 potissimum
936 3836 1004 3876 ex
1033 3820 1330 3876 rationibus
1372 3821 1439 3876 ab
1465 3835 1532 3876 eo
1561 3820 1740 3875 allatis

199 3910 371 3982 aliquid
415 3915 528 3969 novi
574 3911 758 3968 afferri
810 3914 1012 3983 possit,
1068 3912 1206 3968 unde
1262 3927 1451 3967 sanum
1485 3926 1589 3966 non
1632 3921 1771 3965 tam.

201 4003 490 4075 ejus,'quam
527 4014 844 4061 ceterorum
871 4018 1082 4074 quoque
1106 3989 1324 4057 Patrum
1351 4003 1652 4068 consilium,
1677 4018 1740 4058 ac

193 4094 313 4150 satis
338 4110 489 4168 aqure
537 4095 788 4153 vindicia:
834 4094 1176 4166 colligantur,
1218 4094 1409 4166 quibus
1438 4108 1625 4149 omnes
1653 4110 1743 4148 ac-

203 4187 464 4256 quiescant,
489 4191 578 4261 Qui
606 4205 716 4245 non
745 4187 1089 4259 praeiudicato
1113 4189 1168 4243 in
1193 4187 1382 4243 Patres
1405 4187 1585 4242 animo
1608 4226 1622 4251 ,
1646 4185 1738 4256 sed

204 4279 383 4336 ratione
411 4282 687 4338 ducantur.
717 4280 916 4336 Verum
971 4289 1028 4334 ut
1063 4278 1130 4335 de
1174 4289 1358 4335 nostro
1408 4283 1640 4334 Auctore
1689 4279 1741 4332 in

206 4375 368 4442 primis
388 4391 444 4432 ac
465 4376 730 4447 prwcipue
760 4373 1002 4432 dicamus
1026 4415 1041 4441 ,
1074 4371 1164 4429 hic
1189 4388 1308 4428 cum
1342 4381 1496 4428 tract.
1523 4371 1578 4438 5,
1614 4387 1742 4428 con-

207 4463 447 4522 tinentiam
471 4465 948 4524 commendandam
979 4465 1082 4520 sibi
1113 4451 1472 4534 Sumpsisset;
1503 4471 1744 4518 contem-

1840 3267 2000 3323 timos
2030 3278 2197 3337 putet.
2248 3267 2396 3349 Adde
2437 3269 2576 3338 quod
2609 3285 2704 3339 pro
2733 3272 2922 3342 nuptiis
2950 3273 3039 3327 alii
3087 3275 3300 3330 codices
3332 3275 3409 3330 le-

1838 3367 1968 3429 gunt
2019 3358 2220 3431 impiis,
2267 3375 2370 3429 quo
2428 3361 2595 3430 magis
2635 3362 2805 3416 multo
2843 3362 3132 3420 difficultas
3180 3367 3414 3422 eliditur.

1839 3451 2196 3520 Athenagorae
2212 3451 2427 3520 propius
2451 3453 2734 3508 concinere
2759 3453 2968 3510 videtur
2992 3454 3242 3513 Clemens
3257 3458 3418 3514 Alex-

1840 3540 2136 3608 andrinus',
2179 3542 2266 3612 qui
2293 3541 2384 3596 lib.
2439 3558 2476 3597 ιι
2506 3543 2785 3611 Stromat.,
2815 3561 2933 3614 pag.
2959 3546 3061 3601 421
3100 3567 3113 3600 :
3150 3548 3418 3603 Matrimo-

1841 3633 2066 3684 monium
2107 3642 2209 3699 est,
2240 3632 2410 3712 inquit
2432 3675 2446 3698 ,
2475 3635 2660 3703 prima,
2692 3645 2738 3687 et
2752 3620 3040 3711 secundum
3066 3637 3223 3708 legem
3252 3641 3344 3693 viri
3371 3649 3418 3695 et

1841 3724 2069 3778 mulieris
2096 3726 2422 3792 Coniunctio;
2453 3735 2507 3781 et
2532 3727 2623 3781 lib.
2660 3742 2735 3796 ni,
2763 3743 2880 3798 pag.
2901 3731 3004 3784 457
3027 3747 3038 3781 :
3063 3713 3418 3802 Unusquisque

1840 3827 2065 3871 nostrum
2086 3816 2270 3885 habet,
2294 3820 2338 3872 si
2363 3819 2498 3882 velit,
2529 3830 2823 3888 potestatem
2847 3838 3050 3875 uxorem
3078 3823 3298 3893 legitime
3326 3826 3420 3879 du-

1841 3910 2004 3975 cendi,
2038 3910 2089 3963 in
2112 3911 2309 3979 primis,
2340 3912 2565 3982 inquam,
2595 3913 2822 3981 nuptiis;
2848 3928 2912 3966 ex
2945 3913 3138 3982 quibus
3167 3915 3294 3969 locis
3328 3931 3420 3986 ap-

1841 4009 1993 4069 paret
2021 4000 2068 4053 ei
2100 4001 2317 4068 primam
2365 4001 2536 4056 solum
2579 4002 2988 4064 coniunctionem
3019 4005 3420 4061 matrimonium

1843 4090 2027 4144 haberi
2057 4089 2371 4160 legitimum,
2427 4106 2532 4145 non
2579 4092 2865 4148 secundam
2894 4136 2908 4161 ,
2953 4095 3090 4150 unde
3121 4113 3240 4167 pag.
3273 4097 3374 4152 404
3405 4116 3417 4152 :

1844 4181 2135 4236 Fornicatio
2176 4193 2250 4238 est
2275 4185 2338 4237 ab
2369 4200 2467 4237 nna
2499 4187 2819 4239 matrimonio
2849 4187 2915 4240 ad
2962 4189 3112 4256 plura
3143 4191 3422 4262 prolapsio.

1844 4275 2107 4330 Minucius
2154 4274 2304 4330 Felix
2335 4291 2440 4331 non
2489 4277 2804 4332 absimiliter
2840 4279 2977 4334 inter
3006 4282 3256 4336 adulteria
3280 4284 3423 4340 Gen-

1845 4367 1976 4422 tium
1999 4382 2282 4423 recensere
2305 4367 2514 4422 videtur
2540 4369 2721 4438 plures
2740 4371 2971 4439 nuptias,
2998 4387 3128 4440 quas
3160 4389 3262 4426 non
3291 4376 3423 4430 nulli

1844 4461 1983 4530 apud
2013 4460 2134 4516 illos
2161 4461 2396 4526 inibant;
2425 4462 2503 4515 sic
2532 4462 2673 4517 enim
2704 4461 2755 4516 in
2782 4463 3013 4532 Dialogo,
3037 4474 3156 4532 post
3186 4467 3418 4520 medium

208 4559 297 4628 ptis
330 4563 538 4630 plurium
569 4560 1004 4618 oblocutiouihus
1033 4574 1166 4630 quas
1217 4557 1562 4613 adnotatione
1583 4557 1618 4609 2
1646 4573 1744 4612 ει·
1773 4558 1821 4617 D
1849 4569 1998 4608 num.
2030 4552 2102 4606 28
2131 4569 2144 4605 :
2175 4551 2292 4606 Alia
2328 4569 2475 4607 sacra
2502 4565 2706 4608 coronat
2735 4555 2964 4622 univira,
2995 4557 3098 4609 alia
3127 4558 3383 4611 multivira
3407 4601 3422 4624 ,

210 4650 500 4722 plicavimus,
552 4657 729 4726 primo
765 4653 1123 4722 virginitatem
1165 4649 1491 4722 persuadere
1535 4648 1742 4714 studet;

212 4751 308 4797 tum
333 4759 446 4801 vero
472 4744 736 4800 vidualem
765 4727 1148 4799 continentiam
1198 4752 1544 4813 promoturus
1567 4782 1583 4806 ,
1610 4754 1742 4794 con-

211 4841 278 4886 tra
303 4838 540 4893 secundas
567 4837 786 4908 quidem
830 4835 1043 4906 nuptias
1088 4849 1234 4888 num.
1271 4833 1308 4887 4
1356 4842 1410 4888 et
1458 4832 1491 4886 5
1529 4831 1747 4887 disserit

215 4925 410 4993 aliquid;
438 4935 489 4983 at
513 4945 604 4985 eas
633 4930 873 4983 rationes
904 4935 1106 4981 tantum
1134 4925 1366 4981 inculcat
1387 4967 1411 4992 ,,
1433 4924 1626 4995 quibus
1654 4937 1746 4977 eas

215 5015 379 5083 vidum,
405 5037 513 5088 quae
543 5023 684 5075 filios
726 5021 941 5084 habeat,
991 5034 1218 5088 qumque
1249 5017 1420 5072 virum
1451 5026 1515 5072 ex
1545 5016 1708 5072 corde
1730 5056 1742 5080 ,

219 5121 310 5160 non
350 5109 455 5163 licte
497 5109 744 5165 dilexerit
793 5119 848 5166 et
895 5109 1339 5176 conclamaverit,
1389 5109 1565 5162 minus
1615 5122 1747 5163 con-

220 5213 372 5281 grtiasz
385 5214 472 5254 nec
500 5203 831 5256 necessarias
850 5200 1123 5266 ostendat,
1153 5199 1266 5272 [cx]
1289 5215 1391 5255 non
1418 5199 1610 5270 quibus
1632 5198 1749 5252 inh-

222 5289 536 5344 citasstatuat.
558 5289 670 5344 lmo
690 5305 817 5343 vero
842 5293 941 5345 sub
965 5292 1086 5346 iuit.
1119 5307 1266 5346 num.
1296 5295 1351 5358 4,
1381 5307 1542 5345 unum
1575 5291 1750 5345 locum

224 5377 351 5434 Pauli
372 5395 627 5450 opponens
652 5379 742 5434 ubi
774 5381 909 5434 nihil
937 5383 1037 5435 nisi
1064 5399 1128 5437 ex
1153 5382 1383 5438 consilio
1419 5381 1747 5452 praecipitur,

225 5486 359 5530 unam
384 5478 691 5532 observantiae
725 5477 1080 5549 perfectionem
1109 5478 1161 5529 in
1184 5477 1366 5532 divino
1392 5478 1533 5531 cultu
1569 5486 1750 5555 custo-

227 5564 437 5625 diendam
475 5569 840 5627 comm'endat:
884 5575 938 5623 et
982 5568 1201 5624 ineunte
1246 5585 1392 5623 num.
1439 5569 1473 5623 6
1501 5569 1640 5623 inter
1661 5583 1747 5622 res

231 5675 364 5731 prope
386 5678 522 5741 song:
548 5661 832 5741 secundas
858 5659 1068 5728 nuptias
1112 5667 1296 5728 aperte
1324 5658 1510 5725 refert,
1541 5659 1592 5713 in
1625 5661 1743 5730 qui~

233 5747 320 5809 ills
351 5738 598 5811 immorari
624 5738 832 5810 diutius
850 5751 1020 5810 noluit
1050 5769 1063 5808 :
1092 5750 1179 5808 ubi
1208 5753 1266 5807 τὸ
1294 5766 1450 5822 prope
1477 5753 1744 5807 neminem

1844 4656 1892 4700 et
1921 4662 2109 4714 magna
2131 4646 2378 4716 religione
2395 4648 2730 4716 conquiritur,
2772 4666 2884 4718 qua:
2911 4648 3063 4718 plura
3089 4651 3244 4719 possit
3281 4652 3429 4706 adul-

1847 4737 1973 4791 teria
1998 4753 2298 4803 numerare;
2340 4752 2404 4792 ac
2446 4754 2594 4792 utin].
2625 4740 2728 4804 31,
2760 4739 3090 4797 Christianos
3132 4743 3280 4798 unico
3307 4760 3432 4798 con-

1841 4831 2012 4902 jugio,
2044 4841 2134 4886 aut
2164 4831 2307 4884 nullo
2354 4832 2428 4884 uti
2463 4839 2709 4888 testatur.
2759 4833 2850 4887 llis
2880 4834 3158 4891 addendus
3185 4837 3432 4907 antiquus

1848 4930 2035 4979 auctor
2071 4925 2260 4995 Operis
2309 4925 2609 4994 imperfecti
2656 4927 2706 4980 in
2749 4927 2932 4981 Matth.
2992 4929 3180 4984 bomil.
3220 4929 3327 4997 52,
3375 4932 3427 4986 in

1850 5031 1966 5087 cap.
2003 5033 2092 5070 xu
2117 5059 2130 5082 ,
2159 5017 2246 5087 qui
2291 5017 2554 5072 secundas
2599 5021 2810 5089 nuptias
2840 5036 3006 5073 veram
3047 5023 3433 5089 fornicationem

1852 5094 2119 5178 appellat.
2152 5124 2247 5164 seu
2276 5110 2660 5180 fornicationem
2687 5111 2979 5177 honestam;
3008 5112 3085 5166 sic
3131 5115 3272 5167 enim
3318 5115 3390 5170 ait
3421 5134 3433 5168 :

1853 5203 2086 5271 Apostoli
2119 5213 2465 5273 prwceperunt
2509 5203 2755 5257 secundas
2799 5203 2940 5256 adire
2985 5205 3190 5271 nuptias
3231 5218 3438 5275 propter

1853 5295 2267 5347 incontinentiam
2309 5293 2567 5347 hominum
2607 5310 2628 5346 .'

1854 5374 2038 5451 cipere,
2066 5385 2340 5437 secundum
2377 5396 2681 5452 praeceptum
2728 5384 2959 5449 Apostoli
3005 5395 3118 5450 est;
3157 5388 3434 5440 sccimdum

1853 5485 2021 5530 autem
2047 5475 2274 5528 ueritatis
2302 5474 2548 5527 rationem
2575 5490 2684 5536 vere
2722 5476 2990 5543 fornicatio
3016 5485 3090 5529 est
3117 5490 3138 5529 :
3174 5479 3265 5530 sed
3310 5478 3434 5531 dum

1855 5565 2165 5639 permittente
2195 5562 2306 5618 Deo
2333 5564 2529 5634 publice
2554 5573 2599 5617 et
2620 5563 2829 5618 licenter
2858 5565 3208 5632 committitur,
3241 5567 3299 5635 ﬁt
3338 5567 3434 5620 lio-

1854 5667 1993 5712 uesta
2020 5655 2309 5726 fornicatio.
2344 5654 2524 5724 Neque
2552 5646 2956 5724 praetereundus
2986 5668 3130 5713 esset
3173 5659 3429 5726 Origenes

1853 5748 2109 5809 boniilJ‘l
2125 5746 2177 5803 in
2192 5747 2408 5817 Lucam,
2429 5763 2548 5803 cum
2568 5747 2805 5819 bigamos
2818 5757 2870 5805 et
2885 5750 2970 5819 pol
2976 5766 3194 5822 ygamos
3209 5764 3424 5808 succes-

2671 5311 2787 5346 nam
2813 5295 3087 5347 secumlam
3118 5298 3320 5359 quidem
3348 5315 3437 5351 ac-
3514 5323 3516 5325 >
