3826 6226
353 238 455 325 .131

1707 198 2227 307 rnOLaoousNA.

2369 159 2439 192 *ηδ

3509 249 3627 306 152

355 372 541 446 sivnsa
566 368 655 442 Dei
681 377 833 437 regno
856 368 1102 434 exclusos
1131 365 1313 427 tradit,
1345 364 1621 433 inquiens:
1645 361 1797 416 Nunc
1815 379 1928 415 vero
1958 371 2006 429 Α
2035 363 2228 439 cranda
2253 360 2375 433 sint,
2393 359 2503 428 jam
2537 366 2765 427 correcta
2791 358 2891 436 sint
2921 357 3135 411 crimina
3160 374 3177 423 ;
3204 358 3295 417 ubi
3316 375 3621 421 sermonem

357 473 405 516 et
432 462 659 526 secundae
687 468 734 514 et
778 462 940 514 tertiae
969 470 1013 514 et
1044 468 1234 529 quarta:
1260 460 1453 525 nuptia:
1475 499 1489 522 ,
1530 467 1585 510 ut
1615 458 1677 510 de
1703 455 1936 525 pluribus

357 562 583 618 taceam,‘
599 545 916 619 reperiuntﬁi
936 566 961 615 ι
985 557 1030 615 et
1062 556 1158 601 non
1183 549 1476 618 ignoramus
1500 590 1513 611 ,
1537 547 1669 616 quod
1692 548 1791 599 tale
1810 563 1932 600 cono

348 647 551 721 jugium
570 644 729 721 ejiciet
745 651 834 695 nos
850 642 911 693 de
936 657 1093 710 regno
1127 641 1236 700 Dei.
1260 640 1363 695 Sed
1382 640 1427 693 si
1452 621 1932 710 lcganiurcmtcra;

356 730 538 791 statini
560 735 855 813 apparebit,
889 733 1175 803 Origeu'em
1200 734 1342 803 regni
1365 731 1463 786 Dei
1492 735 1708 788 nomine
1741 733 1937 789 intelli-

352 842 477 898 gere
500 826 874 898 perfectionem
906 824 1049 877 illam
1083 835 1135 883 et
1157 838 1446 890 coronam,
1472 840 1592 894 qtae
1619 826 1831 894 propria
1853 832 1936 879 est

355 904 689 987 virginumet
717 916 1131 979 continentium,
1174 914 1263 983 q’ui
1297 931 1459 968 unum
1483 914 1789 985 coniugium
1819 928 1935 968 ser—

353 1017 575 1075 varunt;
618 1004 1027 1083 nmdsequitur
1058 1021 1071 1055 :
1100 1004 1258 1071 ~Puto
1304 1007 1440 1058 enim
1490 1021 1847 1075 monogamum
1885 1014 1935 1057 et

350 1101 590 1171 virginem
636 1101 828 1166 etcum
868 1098 953 1168 qui
992 1099 1045 1149 in
1072 1088 1374 1167 castimonia
1394 1105 1699 1167 perseverat,
1724 1103 1834 1148 esse
1870 1086 1934 1148 de

354 1172 583 1243 Ecclesia
614 1188 745 1252 Dei;
786 1204 899 1242 eum
924 1204 1065 1254 vero,
1097 1188 1183 1264 qui
1210 1188 1277 1241 sit
1308 1186 1538 1255 bigqnms
1561 1224 1579 1249 ,
1605 1186 1720 1239 licet
1751 1184 1934 1237 bonam

350 1279 527 1336 habeat
555 1268 1037 1355 conversationem,
1088 1288 1135 1333 et
1182 1278 1375 1332 caneris
1403 1276 1670 1355 uir'tittibus
1712 1272 1928 1355 polleat,

348 1384 513 1441 tamen
534 1389 632 1444 non
652 1369 757 1426 es'se
787 1371 851 1443 de
892 1369 1145 1436 Ecclesia,
1194 1380 1239 1426 et
1265 1370 1328 1444 de
1369 1385 1425 1421 eo
1455 1351 1685 1439 numero,
1716 1353 1803 1439 qui
1828 1384 1932 1421 non

351 1467 493 1521 habet
539 1441 720 1536 raptim
758 1441 845 1522 aut
872 1462 1123 1516 maculam
1162 1471 1249 1514 aut
1284 1441 1479 1536 aliquid
1506 1454 1815 1524 istiusmodi,
1843 1459 1933 1511 sed

348 1575 454 1613 esse
480 1558 544 1611 de
580 1555 799 1612 secundo
848 1554 1013 1626 gradu
1052 1549 1097 1607 et
1136 1552 1197 1605 de
1228 1535 1329 1619 his,
1350 1552 1459 1631 .qui
1487 1551 1720 1603 inrorant
1746 1566 1931 1618 nomen

350 1648 575 1716 Dontini,
600 1658 647 1702 et
674 1647 757 1713 qui
781 1646 1040 1700 salvantur
1060 1644 1264 1715 quidem
1289 1630 1355 1704 in,
1374 1630 1573 1694 nomine
1600 1639 1634 1693 1
1640 1657 1727 1693 esu
1754 1635 1931 1693 Chris-

2039 453 2293 513 adversus
2334 451 2520 505 tertias
2549 466 2612 504 at:
2662 450 2839 520 plures
2886 447 3098 520 nuptias
3116 450 3465 520 (aggreditur,
3486 456 3625 525 quas

2037 546 2251 605 crimina
2276 559 2389 608 uere
2412 545 2741 603 exsecranda
2763 542 3059 616 appellatas
3089 542 3259 601 vides.
3306 542 3424 601 Non
3454 548 3627 602 multo
3716 576 3721 587 ο

2036 637 2356 692 absimiliter
2396 636 2454 691 S.
2499 636 2728 692 Basilius
2769 635 3198 709 epistolarprima
3251 636 3503 691 canonica
3555 638 3627 697 ad

2034 718 2493 797 limphilochiuin,
2545 743 2666 781 can.
2723 726 2787 799 4,
2841 726 3097 797 quidquid
3148 727 3454 799 nuptiarqu
3500 738 3631 796 post

2034 821 2319 899 bigamiam
2346 820 2704 885 contrahitur,
2738 836 2839 884 non
2867 800 3300 890 conjugiunttsed
3327 801 3629 891 cdstigqtam

2034 904 2424 982 fornicationem
2463 923 2649 975 vocat;
2710 921 2764 966 et
2817 915 2938 981 can.
2968 912 3051 972 ⁴50
3100 911 3264 966 hasce
3302 910 3631 984 multiplices

2034 1006 2248 1071 nuptias
2280 1003 2528 1057 Ecclesia:
2547 1000 2930 1073 inquinamenta
2960 985 3220 1064 nominat.
3245 1004 3301 1060 S.
3335 1003 3631 1077 Gregorius

2034 1096 2400 1161 Nazianzenus
2420 1096 2642 1150 orat.37
2661 1095 3153 1165 inilludEvangclii
3182 1100 3192 1148 ἐ
3227 1095 3356 1157 Cum
3383 1112 3629 1160 consign-

2034 1175 2216 1267 mdsset
2240 1185 2513 1250 lesus'hos
2556 1203 2809 1268 sermones
2838 1226 2851 1249 ,
2897 1181 3208 1257 expendeus
3241 1188 3355 1243 hazc
3383 1187 3631 1263 Apostoli

2032 1278 2319 1360 verbaad
2360 1278 2562 1349 Epirus.
2610 1281 2643 1334 5
2699 1296 2711 1330 :
2771 1278 3163 1346 Sacramentum
3220 1280 3325 1351 hpd
3384 1297 3631 1352 magnum

2033 1384 2105 1427 est
2170 1389 2189 1427 :
2246 1390 2335 1444 ego
2402 1383 2572 1437 autem
2635 1373 2747 1433 dico
2801 1374 2854 1429 in
2907 1362 3116 1427 Christo.
3153 1380 3201 1426 et
3250 1375 3303 1427 in
3355 1372 3585 1441 Ecclesia
3611 1414 3627 1438 ,

2034 1469 2149 1519 ait:
2192 1463 2308 1518 [lac
2332 1468 2561 1541 oratione
2585 1467 2833 1520 secundas
2859 1467 3062 1536 nuptias
3092 1466 3219 1519 mihi
3235 1490 3240 1497 -
3262 1467 3518 1536 deprecari
3550 1468 3599 1525 vi

2034 1558 2200 1617 detur.
2224 1558 2293 1621 ,εἰ
2320 1560 2458 1611 enim
2487 1558 2586 1612 duo
2610 1556 2799 1632 Christi
2825 1568 2966 1623 sunt,
3016 1558 3119 1625 duo
3169 1574 3368 1629 quoque
3411 1560 3535 1626 viri;
3584 1560 3631 1611 si

2031 1644 2200 1700 autem
2230 1632 2615 1727 annali/tristris
2642 1634 2799 1703 unum
2817 1638 3071 1725 Ecclesia:
3095 1654 3282 1728 caput;
3310 1667 3433 1705 una
3466 1632 3632 1705 etiam

349 1742 409 1806 ti,
438 1757 750 1811 nequaquam
771 1751 934 1792 tamen
962 1726 1375 1813 coronantur'ab
1395 1750 1474 1798 eo,
1519 1742 1623 1787 etc.
1658 1730 1790 1787 Hinc
1824 1732 1922 1784 Ito-

2052 1738 2265 1805 raro'sit,
2295 1728 2517 1797 secundi:
2543 1752 2713 1796 autem
2762 1730 3051 1813 respuatur.
3089 1726 3261 1815 Quod
3282 1744 3327 1802 si
3354 1743 3630 1808 secundum

346 1835 462 1889 mil.
526 1835 588 1889 t9
627 1833 905 1888 iu-Jerem.
955 1847 1061 1899 nun
1106 1829 1325 1885 'teterno'
1358 1824 1715 1882 addicendum
1764 1826 1925 1879 tradit

344 1908 608 1995 supplicio
639 1924 904 1994 bigamutn
928 1963 941 1987 ,
976 1916 1287 1976 sed'salutis
1314 1917 1538 1987 alicujus
1565 1916 1921 1987 participem,

343 2034 451 2072 nun
483 2026 659 2071 tamen
706 2002 904 2081 tanta},
957 2021 1212 2085 quantam
1241 2002 1349 2082 qui.
1377 2010 1664 2065 continens
1694 2011 1920 2076 vixerit,
1968 2084 1972 2093 λ

341 2110 673 2179 assequetur.
750 2101 883 2162 Vide
945 2092 1134 2183 eum?
1169 2104 1316 2183 hom.
1368 2102 1437 2157 27
1500 2102 1920 2179 _in_,.loaunetn.

340 2202 482 2257 inter
499 2191 664 2261 P3P.
692 2180 1651 2259 caiholicos'Tertullianum~taitdcm
1699 2213 1804 2249 non
1832 2206 1925 2263 ap:

344 2294 680 2366 pellavimus,
726 2295 815 2365 qui
867 2290 920 2347 in
964 2291 1101 2347 libro
1132 2290 1200 2355 de
1249 2291 1584 2360 Mouogamia
1632 2276 1924 2359 bigatuiam

340 2398 525 2459 aperte
553 2387 772 2443 damnat
807 2405 819 2440 :
852 2401 995 2451 nam,
1028 2393 1086 2441 ut
1110 2385 1413 2439 observavit
1444 2383 1502 2439 S.
1536 2382 1759 2440 Hieron.
1788 2378 1922 2451 [cn]

336 2481 391 2535 in
422 2495 542 2551 cap.
576 2497 592 2535 ι
629 2461 802 2550 Epist.
843 2479 909 2534 ad
950 2479 1146 2543 Titum,
1182 2467 1303 2533 eum
1330 2476 1525 2530 librum
1555 2463 1921 2529 Tertulliauus

340 2575 578 2645 scripsit,
608 2591 732 2629 eum
761 2584 905 2629 esset
935 2572 1217 2628 haereticus
1247 2569 1590 2635 Montanista,
1624 2569 1777 2637 cujus
1807 2573 1925 2621 sec-

342 2676 409 2720 ta:
458 2666 545 2720 hic
599 2667 736 2720 inter
764 2676 990 2721 czeteros
1019 2652 1170 2721 error
1214 2647 1330 2729 luit,
1372 2662 1561 2719 eodem
1598 2660 1926 2739 Hieronymo

342 2769 500 2825 teste,
525 2770 582 2813 ut
611 2761 828 2823 secunda
866 2761 1183 2811 matrimonia
1209 2757 1270 2812 ab
1303 2755 1547 2809 Ecclesia:
1571 2754 1928 2807 communione

342 2851 655 2929 prohibenda
700 2862 1037 2920 putarentur.
1065 2850 1429 2919 Praitcrquam
1476 2845 1614 2917 qdod
1644 2844 1928 2909 Tertullia—

342 2958 412 2997 ιιο
443 2928 699 2998 [heretico
723 2929 1089 2997 Tertullianus
1114 2938 1408 2995 catholicus
1436 2936 1795 3008 op'puttendtts
1815 2947 1922 3003 est,

343 3038 433 3107 qui
482 3016 535 3096 iu
563 3038 681 3090 ‘lib.
716 3052 750 3089 ιι
790 3026 1139 3101 ειόύιοιοριη,
1183 3033 1305 3102 ipsi,
1372 3016 1419 3083 si
1480 3030 1759 3084 continere
1806 3026 1928 3097 post

2032 1834 2285 1903 prohibet,
2329 1833 2390 1905 de
2442 1835 2591 1887 tertia
2630 1835 2754 1904 quid
2793 1835 3065 1889 dicendum
3103 1836 3221 1890 est?
3251 1834 3502 1899 Primum
3542 1836 3633 1902 (ex

2031 1930 2123 1986 est,
2157 1924 2438 1978 secundant
2453 1934 2465 1966 -'
2490 1913 2647 1978 venia'
2663 1935 2707 1978 et
2738 1926 3077 1998 indulgentia,
3109 1926 3312 1992 tertium
3339 1927 3577 1997 iniquitas
3610 1938 3630 1979 :

2028 2015 2116 2080 qui
2138 2025 2308 2068 autem
2336 2018 2475 2069 hunc
2495 2019 2769 2072 numerum
2817 2018 3037 2095 excedit,
3057 2015 3325 2082 ‘porcinus‘
3349 2020 3501 2090 plane
3523 2026 3625 2071 est.

2030 2105 2224 2159 Vidcn’
2250 2106 2514 2162 secundas
2538 2108 2759 2186 quidem
2800 2113 3011 2179 nuptias
3055 2111 3227 2180 primo
3270 2110 3630 2181 reprehendi,

2030 2210 2085 2254 at
2109 2202 2257 2281 itania
2286 2211 2329 2255 et
2354 2202 2675 2273 indulgentia
2724 2196 2912 2273 dignas
2943 2206 3151 2259 censeri
3179 2243 3195 2269 ,
3230 2204 3419 2264 tertias
3450 2213 3629 2279 autem

2031 2295 2291 2365 iniquitati
2321 2297 2488 2362 verti,
2523 2305 2576 2350 et
2604 2295 2669 2352 de
2702 2297 2922 2366 reliquis
2970 2297 3121 2368 pejus
3151 2288 3323 2357 multo
3358 2297 3632 2367 judicari?

2031 2405 2096 2443 ex
2121 2404 2225 2458 quo
2250 2388 2568 2444 Nazianzcui
2599 2390 2911 2470 testimonio
2950 2390 3082 2445 nihil
3115 2389 3424 2463 dubitamus
3444 2433 3459 2458 ,
3498 2392 3629 2462 quin

2032 2475 2160 2537 eam
2182 2477 2517 2537 sententiam
2569 2493 2844 2538 mutuatus
2873 2484 2944 2537 sit
2991 2484 3101 2539 Leo
3130 2483 3356 2555 Sapiens
3386 2487 3438 2541 in
3472 2474 3630 2555 lege,

2031 2591 2152 2646 qum
2176 2576 2491 2630 inscribitur
2522 2574 2753 2630 Femina:
2866 2577 2929 2631 de
2956 2577 3188 2630 secundis
3214 2578 3405 2645 nuptiis
3447 2592 3467 2630 :
3510 2575 3633 2630 Pri.

2032 2685 2129 2723 nuc
2156 2670 2349 2737 nuptiae
2380 2670 2462 2723 lca:
2485 2709 2500 2734 ,
2553 2670 2788 2724 secunda:
2834 2669 3152 2740 indulgentia
3172 2710 3187 2735 ,
3210 2669 3382 2724 .tertiaz
3420 2668 3633 2740 porcina

2030 2760 2336 2831 illegalitas,
2369 2768 2563 2829 quarta
2583 2744 2810 2815 belluina
2850 2762 2981 2815 vita.
3040 2760 3226 2829 Neque
3272 2760 3361 2815 hic
3409 2770 3632 2831 praeter—

2031 2853 2238 2907 eundus
2289 2853 2553 2908 Heraldus
2605 2853 2941 2908 Turonensis
2992 2852 3441 2923 A'rchiepiscOpus
3479 2894 3493 2917 ,
3539 2851 3631 2923 qui

2030 2946 2173 2999 inter
2199 2944 2431 3015 Capitula
2472 2961 2537 2999 ex
2579 2946 2813 3015 antiquis
2843 2945 3205 3016 scriptoribus
3252 2936 3510 3016 excerpta
3537 2960 3627 3005 an.

2030 3039 2137 3093 858
2167 3039 2269 3092 hoc
2290 3026 2543 3094 recenset
2571 3054 2692 3109 cap.
2711 3046 2723 3056 '
2745 3040 2777 3095 3
2805 3038 3048 3095 :Nullus
3066 3032 3322 3099 laicorunt
3362 3040 3633 3109 plusquam

338 3122 495 3186 suum
528 3128 730 3184 obitum
762 3117 873 3182 non
894 3138 1109 3197 posset,
1142 3133 1200 3179 ut
1245 3123 1505 3201 secundas
1550 3122 1763 3191 nuptias
1798 3117 1924 3173 adi-

2052 3135 2162 3187 luas
2202 3150 2387 3188 umores
2418 3132 2599 3187 habeat
2629 3150 2647 3187 :
2675 3134 2815 3205 quod
2856 3150 2974 3189 vero
3008 3139 3249 3191 extrue“
3271 3172 3287 3199 ,
3334 3132 3403 3191 ad
3427 3132 3611 3186 adulta

344 3224 672 3291 r‘ct,'auctor
700 3222 833 3285 fuit;
865 3221 1155 3275 dummodo
1196 3208 1464 3273 illas'cum
1496 3214 1783 3281 catholico,
1817 3227 1924 3267 non

342 3332 463 3369 cum
521 3312 725 3385 pagano
764 3314 945 3366 iniret.
1001 3310 1117 3365 Non
1178 3310 1351 3363 nullos
1398 3321 1618 3373 movere
1660 3314 1923 3377 possunt,

343 3425 462 3478 qua:
508 3407 670 3462 trudit
700 3406 1026 3460 Batratnnus
1058 3405 1147 3458 lib.
1184 3419 1235 3457 1v.
1284 3412 1467 3457 contra
1494 3400 1713 3457 Grsecos
1740 3400 1922 3469 cap.2,

339 3519 471 3561 tom.
500 3522 515 3559 ι
543 3504 812 3575 Spicilegii
855 3502 1136 3557 Acheriani
1170 3514 1288 3569 pag.
1322 3478 1441 3553 109A
1459 3508 1511 3552 et
1538 3496 1630 3551 111
1651 3533 1673 3559 η
1698 3494 1924 3549 cum'ex

341 3598 561 3653 Socrate
588 3594 774 3659 refert,
813 3591 1527 3657 Constantinopolitanae.....
1561 3588 1611 3639 in
1640 3585 1927 3655 recipiendo

338 3688 413 3741 vel
443 3686 737 3760 rejiciendo
762 3684 973 3739 binubos
1006 3700 1107 3737 non
1136 3684 1272 3735 idem
1308 3680 1626 3746 sentire,'sed
1666 3696 1770 3732 esse
1798 3677 1929 3729 divi-

337 3797 450 3845 sos;
499 3761 805 3850 quibusdam
832 3764 1162 3832 sentientibus
1203 3792 1379 3830 eorum
1410 3758 1774 3842 'receptimiem,
1810 3775 1924 3842 qui-

342 3869 555 3927 busdam
602 3867 1015 3925 dissentientibus
1056 3878 1219 3921 ratam
1254 3882 1380 3921 esse.
1418 3864 1612 3920 Vetutu
1655 3864 1799 3934 quia
1829 3867 1927 3919 So—

339 3975 484 4019 crate
536 3964 631 4018 lib.
660 3979 709 4027 v,
735 3979 853 4033 cap.
886 3961 977 4027 Ἡ,
1031 3960 1285 4015 secundis
1339 3958 1538 4027 nuptiis
1583 3958 1780 4011 inimici
1815 3971 1928 4011 me-

339 4072 639 4127 morantur,
670 4074 774 4113 non
823 4066 949 4111 sunt
983 4054 1269 4120 catholici,
1323 4053 1418 4108 sed
1468 4053 1702 4124 haeretici
1750 4051 1927 4107 Nova-

342 4153 469 4209 tiani
497 4194 509 4217 ,
540 4150 631 4222 qui
660 4149 889 4204 binubos
918 4164 1021 4202 non
1045 4146 1399 4216 recipiebant.
1436 4144 1617 4215 Itaque
1649 4161 1711 4198 ex
1739 4144 1927 4197 catho—

338 4248 453 4303 licis
480 4233 772 4301 adversum
819 4242 1082 4298 secundas
1126 4241 1336 4310 nuptias
1367 4246 1594 4307 quatuor
1633 4237 1707 4290 illi
1740 4237 1926 4290 Patres

342 4352 569 4403 tantum,
599 4353 734 4410 quos
762 4332 1196 4401 memoravimus,
1229 4321 1475 4388 acerbius
1523 4333 1798 4402 aliquanto
1842 4330 1923 4383 lo-

338 4436 462 4489 cuti‘
498 4433 865 4495 inveniuntur,
898 4428 965 4483 de
989 4442 1215 4497 quorum
1268 4434 1444 4479 tamen
1499 4424 1765 4478 sententia
1814 4437 1946 4488 non

2032 3227 2165 3280 rium
2194 3230 2434 3297 pertinet.
2470 3229 2588 3296 Ipse
2640 3229 2696 3283 S.
2733 3227 3089 3293 Ambrosius,
3122 3226 3211 3296 qui
3253 3240 3352 3295 pro
3381 3224 3633 3280 secundis

2033 3320 2234 3397 nuptiis
2261 3326 2451 3374 contra
2483 3318 2817 3395 Novatiauos
2858 3318 3124 3373 calculum
3168 3317 3393 3388 posuit,
3453 3316 3633 3383 plures

2034 3411 2250 3478 nuptias
2279 3411 2573 3482 reprobare
2622 3410 2835 3464 videtur
2886 3408 2977 3465 lib.
3023 3409 3089 3463 de
3122 3408 3325 3477 Viduis,
3376 3425 3498 3478 cap.
3542 3408 3629 3472 ll,

2034 3518 2185 3555 num.
2206 3504 2312 3558 68:
2346 3502 2529 3573 Neque
2580 3504 2713 3557 enim
2760 3501 3089 3572 prohibemus
3125 3501 3374 3556 secundas
3404 3501 3629 3571 nuptias,

2032 3594 2122 3647 sed
2153 3611 2251 3647 non
2305 3596 2701 3660 suademus...”
2729 3596 2845 3660 plus
2877 3595 3031 3660 dico;
3068 3611 3166 3646 non
3196 3592 3524 3663 prohibemus
3551 3608 3632 3645 sc-

2032 3688 2224 3755 cundas
2249 3672 2491 3757 nuptias,
2522 3688 2612 3742 sed
2639 3704 2739 3741 non
2772 3688 3044 3758 probamus
3073 3704 3207 3756 swpe
3232 3688 3492 3756 repetitas.
3537 3687 3627 3739 Vi-

2032 3778 2224 3833 demus
2253 3780 2470 3849 quidem
2503 3780 2645 3834 aliud
2680 3795 2810 3855 ‘csse
2842 3795 2945 3835 non
2980 3780 3232 3849 probari,
3261 3779 3409 3835 aliud
3442 3795 3628 3848 repro-

2031 3870 2167 3936 bari,
2197 3887 2426 3940 quorum
2455 3872 2683 3926 alterum
2717 3873 2792 3926 rei
2831 3879 2913 3925 est
2936 3888 3042 3927 non
3075 3886 3295 3941 prorsus
3341 3873 3519 3937 bonae,
3548 3871 3629 3924 al-

2035 3973 2208 4018 turum
2244 3966 2398 4033 plane
2426 3966 2612 4031 malae;
2643 3965 2739 4020 sed
2774 3966 2873 4020 hoc
2911 3965 3045 4019 satis
3076 3964 3352 4031 ostendit,
3384 3981 3491 4036 quo
3514 3966 3631 4019 aui-

2035 4073 2121 4111 tuo
2147 4060 2196 4111 in
2234 4058 2472 4112 Ecclesia
2503 4060 2704 4123 nuptize
2736 4058 2910 4113 tertia:
2955 4066 3009 4112 et
3056 4059 3297 4126 repetita:
3341 4057 3629 4122 ferrentur,

2032 4164 2166 4218 quas
2211 4165 2386 4219 neque
2418 4150 2531 4216 illi,
2560 4150 2649 4220 qui
2690 4151 2787 4205 has
2830 4150 3002 4205 licitas
3032 4150 3395 4206 defendebant
3426 4158 3631 4218 tcutpc-

2032 4260 2151 4297 rare
2180 4244 2282 4299 sibi
2314 4251 2553 4313 possent,
2584 4243 2712 4314 quin
2744 4242 2845 4298 sibi
2878 4243 3057 4301 minus
3090 4242 3342 4312 probatas
3368 4242 3631 4312 prmdica-

2030 4346 2173 4391 rent.
2866 4405 2879 4414 ρ
3548 4395 3554 4402 _

2106 4428 2238 4500 Ilinc
2288 4437 2470 4482 autem
2522 4426 2719 4497 gradus
2754 4409 2895 4496 patet
2928 4409 2992 4481 ad
3023 4425 3249 4481 Patrum
3273 4436 3508 4479 mcntcm
3540 4424 3634 4479 ad-

337 4526 469 4605 nihil
501 4534 684 4595 postea
715 4518 911 4576 dicturi
942 4532 1125 4573 sumus
1163 4534 1176 4570 ε
1206 4515 1388 4570 Ολυιενὶ
1418 4530 1544 4597 ηνθῐο
1586 4515 1770 4568 Pall‘es
1789 4530 1917 4567 Cum
1948 4494 2002 4554 Ῑ)
2027 4519 2357 4590 sequendam
2385 4562 2398 4585 ,
2440 4535 2561 4574 cum
2628 4519 2744 4573 illas
2801 4519 3087 4585 adulterio,
3130 4518 3233 4573 .vel
3290 4516 3630 4572 fornicationi

336 4618 599 4674 catholica
637 4614 876 4671 Ecclesia
902 4611 1164 4668 secundas
1199 4609 1414 4679 quidem
1456 4610 1666 4678 nuptias
1695 4623 1795 4674 non
1831 4610 1921 4662 be-

337 4729 404 4768 ne
431 4708 789 4782 accepei'uut',‘
815 4706 1085 4775 iidemque
1114 4704 1535 4775 quibuscumque
1581 4711 1797 4769 possent
1838 4715 1923 4753 ar-

335 4806 626 4878 gumentis,
657 4803 724 4857 ab
757 4801 871 4854 illis
892 4802 1118 4852 avocare
1163 4796 1342 4849 conati
1384 4801 1508 4845 Stlltl
1550 4790 1884 4845 Christianos
1907 4832 1921 4856 ,

336 4913 393 4955 ut
421 4900 476 4957 S.
510 4898 657 4955 Zeno
689 4894 929 4958 studuit;
974 4906 1079 4947 nou
1124 4900 1301 4943 tamen
1344 4902 1434 4941 eas
1474 4895 1659 4955 pcr'se
1701 4886 1927 4940 inlicitas

334 5010 397 5047 ac
444 4970 758 5045 inlioueslas
782 4980 1097 5057 judicarunt
1133 4994 1419 5049 umquam;
1455 4978 1563 5032 imo
1604 4992 1738 5051 vero
1781 4976 1929 5041 Mon-

336 5086 560 5156 tanistas
591 5083 843 5153 primum,
875 5076 1001 5132 dein
1042 5073 1400 5140 Novatianos,
1431 5072 1521 5144 qui
1557 5064 1650 5127 eas
1676 5070 1929 5125 condem-

338 5180 573 5246 nabant,
610 5185 883 5245 tamquam
917 5166 1205 5227 hmreticos
1245 5166 1546 5222 habuerunt
1571 5174 1625 5219 ct
1658 5164 1927 5234 proscrip-

338 5280 547 5327 serunt.
1250 5321 1257 5327 .

411 5364 598 5418 Plures
634 5375 761 5415 vero
789 5358 997 5424 Patres,
1032 5354 1259 5437 perinde
1310 5368 1371 5408 ac
1401 5352 1456 5408 S.
1505 5334 1687 5415 Zeno,
1739 5348 1929 5405 durius

342 5457 506 5511 multo
536 5453 797 5525 agendum
830 5458 1086 5521 putarunt
1134 5463 1256 5503 cum
1308 5446 1402 5514 iis,
1436 5448 1525 5516 qui
1558 5444 1741 5500 tertias
1781 5454 1831 5497 et
1861 5458 1928 5498 eo

342 5550 523 5618 plures
556 5547 766 5615 nuptias
794 5552 1168 5613 sequerentur.
1199 5541 1254 5597 S.
1283 5539 1429 5595 Zeno
1451 5538 1667 5609 quidem
1691 5554 1835 5591 num.
1871 5538 1923 5600 6,

345 5658 463 5696 cum
495 5641 569 5695 ait
600 5657 612 5693 :
649 5639 751 5693 Sed
795 5639 866 5692 sic
897 5653 985 5710 ego
1017 5638 1067 5689 in
1094 5636 1242 5691 rebus
1292 5638 1526 5691 demoror
1582 5650 1740 5703 prope
1791 5624 1928 5687 sanis

366 5728 634 5791 nimirum
668 5732 719 5787 in
752 5728 1001 5789 secundis
1052 5728 1273 5799 nuptiis)
1305 5729 1447 5798 quasi
1476 5742 1590 5797 qua:
1642 5741 1754 5781 uere
1784 5742 1927 5781 exse-

2027 4616 2376 4683 dcputarunt.
2425 4613 2537 4668 Hoc
2585 4613 2800 4666 nomine
2833 4628 2939 4665 ttutl
2968 4628 3057 4666 eas
3092 4628 3186 4682 per
3218 4626 3277 4666 se
3308 4611 3479 4666 malas
3510 4626 3632 4666 esse

2031 4708 2282 4762 volebant
2326 4706 2549 4778 intelligi
2579 4690 2734 4779 [exn]
2763 4704 2905 4759 unde
2937 4704 3316 4784 non'absolutc
3347 4704 3630 4769 adulterii,

2031 4814 2120 4857 aut
2174 4802 2363 4857 fornic.
2395 4784 2750 4866 accusarunt;
2806 4800 3357 4859 sed'immoderatam
3400 4798 3452 4851 in
3496 4797 3631 4867 ipsis

2030 4895 2318 4965 quamdam
2372 4894 2645 4949 libidinem
2694 4894 2795 4947 sibi
2842 4893 3164 4963 videbantur
3194 4890 3628 4962 deprehendere,

2032 5004 2152 5057 quae
2180 4989 2279 5044 etsi
2309 4988 2434 5043 dum
2464 4988 2518 5042 in
2549 4976 2748 5058 nuptiis
2796 4986 3148 5051 consiSteret,
3198 4976 3389 5040 verum
3418 4983 3632 5047 adulte-

1980 5084 2173 5159 _riunt
2221 5094 2311 5136 aut
2343 5082 2622 5138 fornicatio
2689 5081 2794 5137 dici
2860 5095 2963 5143 non
3015 5088 3257 5151 poterat;
3317 5088 3496 5134 tamen
3561 5077 3631 5133 ob

2032 5174 2353 5229 indomitum
2412 5175 2703 5243 voluptatis
2770 5173 3018 5231 all'e'ctum
3094 5172 3271 5228 simile
3349 5171 3629 5242 quidpiam

2038 5264 2295 5335 prtel'erre
2315 5263 2614 5329 videbatur,
2643 5274 2698 5319 ut
2725 5265 3060 5332 adulterium,
3084 5264 3180 5319 sed
3211 5265 3471 5329 decorum,
3505 5278 3631 5317 cum

2038 5357 2400 5427 Athenagora,
2435 5356 2728 5427 fornicatio,
2758 5356 2849 5411 sed
2882 5360 3152 5429 castigata,
3179 5372 3299 5429 cum
3328 5356 3551 5429 Basilio,
3578 5363 3637 5410 et

2042 5450 2413 5515 honesta,cum
2438 5450 2633 5519 Operis
2662 5448 2970 5519 lmpcrfecti
2991 5461 3210 5509 auctore
3241 5460 3421 5521 posset
3446 5450 3637 5520 appel-

2036 5544 2132 5599 lari
2159 5585 2171 5607 ,
2206 5552 2263 5596 ut
2291 5559 2355 5597 ne
2386 5552 2563 5603 tamen
2599 5541 2800 5603 idcirco
2831 5558 2925 5597 seu
2955 5544 3183 5615 bigamia
3209 5584 3225 5609 ,
3255 5559 3351 5603 seu
3385 5543 3635 5613 repetita:

2038 5634 2236 5703 utqui-.1:
2264 5650 2389 5690 vere
2418 5635 2485 5696 ab
2510 5635 2574 5689 iis
2604 5634 2850 5689 Patribus
2891 5635 3158 5691 damnata:
3188 5636 3496 5690 credantur.
3532 5636 3637 5702 Qui

2039 5728 2213 5791 enim,
2243 5726 2286 5781 si
2320 5728 2485 5781 malas
2508 5743 2568 5781 at:
2590 5724 2869 5781 damnatas
2892 5735 3191 5798 putassent,
3221 5727 3450 5793 (ieceras,
3484 5730 3639 5780 αιδη-
