3826 6226
156 205 175 258 γι
188 206 246 257 35

1052 204 1503 261 DISSERTATIO
1542 206 1606 271 ll,
1649 206 1738 260 DE
1778 211 1836 266 S.
1879 212 2027 267 ΖΕΝ.
2073 213 2431 273 DOCTRINA.

3318 226 3416 282 ιδι

149 326 301 385 gatas,
329 324 382 367 et
410 315 650 372 honestas
683 317 980 385 potuissent
1004 316 1311 370 affirmare?
1340 318 1723 386 Argumentum
1756 343 1807 402 Α
1834 338 1893 377 ac
1926 326 2140 381 tandem
2172 330 2358 384 eadem
2394 331 2601 385 ratione
2633 331 2860 402 bigantia
2917 338 3189 407 fornicatia
3237 344 3415 409 appr!-

150 408 197 460 id
242 408 581 476 perspicuum
608 418 715 474 est,
751 407 1102 479 fornicationis
1128 418 1181 461 et
1228 409 1467 461 adulterii
1514 410 1729 463 vocibus

149 511 234 551 eos
281 513 403 552 usos
451 500 683 554 formula
714 498 949 566 antiquis
980 497 1171 552 usitata
1196 538 1210 560 ,
1241 513 1347 567 qua
1376 516 1479 553 non
1513 514 1730 570 semper

149 589 537 657 exprimebatur
563 602 753 644 verum
784 588 1035 643 delictum
1066 590 1224 658 quale
1264 590 1374 645 illis
1403 592 1583 646 verbis
1609 607 1731 660 pro-

152 682 252 746 prie
280 685 512 751 acceptis
549 680 776 749 intelligi
808 680 968 742 solet,
1002 679 1096 734 sed
1127 681 1534 756 signiﬁcabatur
1560 696 1729 751 quan-

148 773 312 841 doque
334 774 738 827 matrimonium
772 788 881 825 non
910 771 1133 824 multum
1165 772 1483 841 probatum;
1517 789 1619 843 qua
1647 790 1731 827 ra—

151 867 284 920 tione
302 864 567 920 adulteria
598 863 842 924 ridemus
870 863 1155 932 appellata:
1185 865 1373 933 primte
1400 865 1562 919 etiam
1594 882 1729 936 nup-

151 959 247 1021 tize,
261 975 391 1029 quas
405 960 551 1028 quis,
575 958 807 1012 servatis
822 956 1074 1027 legitimis
1090 957 1355 1026 formulis,
1375 976 1494 1033 cum
1512 962 1726 1015 inferio-

150 1054 216 1106 ris
238 1053 430 1121 gradus
462 1051 691 1105 muliere
721 1050 1118 1116 contraxisset,
1153 1052 1292 1124 unde
1338 1054 1503 1147 etiam
1524 1068 1731 1147 concu»

150 1144 278 1196 bina:
303 1149 621 1211 nuncupata:
642 1142 986 1197 inveniuntur
1003 1144 1220 1211 privata:
1243 1145 1505 1213 ejusmodi
1536 1142 1726 1234 mulie-

151 1248 228 1286 res
248 1274 263 1297 ,
291 1234 390 1286 etsi
423 1234 666 1301 quiseas
690 1230 771 1288 uti
813 1250 1010 1289 uxores
1039 1236 1298 1291 duxisset.
1334 1230 1643 1311 Antequam
1660 1238 1728 1291 de

148 1322 478 1392 antiquorum
511 1325 836 1380 testimoniis
882 1328 1208 1381 sententiam
1258 1328 1524 1413 quispiam
1557 1327 1723 1394 ferat,

150 1424 345 1483 oportet
372 1416 685 1472 consideret
707 1426 762 1471 et
786 1417 1049 1499 intelligat
1096 1418 1259 1473 verba
1287 1433 1312 1484 ,'
1349 1432 1445 1472 nec
1472 1417 1551 1471 eis
1580 1417 1724 1517 illam

148 1508 374 1575 subjiciat
403 1509 752 1571 sententiam,
785 1495 944 1577 quam
991 1509 1490 1578 hodieprtclerunt,
1521 1508 1615 1609 sed
1646 1508 1728 1609 di—

149 1601 359 1667 ligenter
386 1599 643 1661 observet
667 1615 803 1669 opus
832 1608 943 1665 est,
966 1606 1123 1669 quam
1151 1601 1279 1656 olim
1304 1616 1465 1667 ,.cum
1547 1598 1727 1703 Scrip-

150 1674 265 1747 lore-
302 1693 504 1763 prolata
535 1702 685 1759 sunt,
735 1694 1035 1757 haberent,
1089 1705 1140 1749 et
1179 1711 1283 1765 quo
1312 1694 1550 1795 consilio
1577 1694 1723 1795 edita

149 1785 328 1838 fuerint
360 1796 620 1853 praiterea
646 1787 855 1855 cogitet
886 1803 897 1839 :
929 1786 1071 1856 quod
1113 1788 1160 1841 si
1191 1788 1365 1840 minus
1396 1785 1507 1887 fiat,
1544 1784 1724 1887 multi-

151 1878 300 1946 plices
329 1879 381 1932 in
428 1895 645 1941 errores
678 1879 918 1934 labantur
960 1895 1185 1935 necesse
1210 1889 1293 1933 est
1317 1920 1330 1943 ,
1359 1885 1415 1932 et
1455 1877 1723 1979 intellig-a-

150 1986 253 2023 mus
276 1972 425 2039 pla‘ne
458 1972 613 2037 nihil,
644 1986 766 2026 cum
795 1972 973 2025 omnia
1021 1972 1349 2024 intellexisw
1393 1969 1546 2021 nobis
1580 1969 1725 2024 vide-

150 2077 274 2114 mur.
313 2042 386 2116 Ἰιί
440 2073 605 2117 totum
649 2073 705 2115 ut
758 2062 811 2115 in
854 2076 976 2121 rem
1019 2070 1258 2143 nostram
1295 2060 1451 2128 plane
1500 2061 1718 2153 liqueat,

150 2125 551 2207 considerandus
576 2160 660 2207 est
702 2159 896 2221 praeter
933 2162 1163 2204 (κείω-ος
1192 2149 1441 2218 Clemens
1482 2146 1721 2207 Alesan-

151 2245 348 2313 driuus,
380 2247 534 2315 cujus
564 2246 822 2301 adversus
853 2243 1116 2302 Secundus
1157 2242 1369 2308 nuptias
1410 2243 1717 2345 testimonia

150 2336 372 2393 dedimus
402 2340 560 2407 paulo
593 2346 739 2398 ante,
770 2336 824 2393 in
852 2350 1080 2403 quorum
1128 2343 1403 2400 postremo
1446 2334 1717 2402 fornicatio

150 2445 380 2498 expresse
411 2431 715 2483 nominatur
746 2427 807 2479 ab
850 2441 949 2477 uno
980 2426 1304 2479 matrimonio
1331 2427 1399 2479 ad
1416 2427 1570 2494 plura
1600 2446 1718 2501 pro-

151 2523 317 2589 lapsio.
372 2519 427 2572 ln
476 2518 663 2587 primis
712 2522 917 2571 certum
946 2524 1030 2569 est
1057 2515 1123 2569 ex
1154 2515 1245 2569 lib.
1300 2514 1711 2586 t‘Strontatum,

153 2630 254 2682 pag.
294 2611 383 2667 l28
411 2654 423 2675 ,
466 2626 591 2666 eum
622 2608 888 2664 secundas
919 2606 1131 2676 nuptias
1174 2608 1667 2667 noncondemnare
1695 2624 1726 2675 ;'

150 2705 337 2759 laudata
384 2703 527 2759 enim
580 2702 936 2772 monogamia:
986 2702 1294 2767 honestate,
1352 2704 1414 2757 de
1470 2708 1713 2764 secundis

150 2798 319 2865 nuptiis
346 2797 419 2849 ait
448 2814 459 2848 :
509 2787 571 2850 Si
615 2795 803 2855 uraris,
835 2794 998 2861 inquit
1039 2790 1711 2884 Apostolus,jungereptna-

152 2891 407 2953 trimonio;
442 2870 527 2943 'et'
563 2904 698 2965 pag:
734 2885 1066 2942 461diserle
1121 2890 1315 2943 fatetur
1341 2876 1407 2944 ab
1452 2878 1727 2973 Apostolo-

150 2986 331 3051 propter
352 2982 795 3049 intemperantiam
824 2988 870 3031 et
909 2980 1161 3033 ustionem
1204 2983 1481 3042 secundum
1506 2986 1711 3037 concedi

152 3076 503 3127 matrimonium
534 3090 552 3124 :
576 3090 693 3125 nam
723 3070 806 3125 hic
831 3088 1025 3148 quoque
1068 3086 1167 3127 non
1213 3083 1386 3143 peccat
1407 3077 1606 3145 quidem
1647 3094 1710 3132 ea:

152 3169 445 3223 Testamento
469 3210 481 3230 ,
514 3184 612 3220 non
645 3177 719 3220 est
765 3168 903 3219 enim
952 3183 1014 3221 ea:
1063 3168 1173 3240 lege
1201 3169 1561 3235 pro/libitum;
1609 3189 1708 3225 non

150 3260 300 3325 implet
328 3269 493 3313 tamen
521 3260 803 3313 universam
831 3259 976 3313 illam
1017 3261 1381 3329 perfectionem
1403 3278 1515 3332 qua:
1540 3265 1710 3334 agitur

151 3370 201 3403 tr
225 3351 507 3423 Evangelia.
550 3350 685 3418 Quid
718 3353 1035 3406 luculentius
1064 3353 1247 3408 afferri
1280 3365 1479 3424 posset,
1516 3365 1573 3410 ut
1618 3371 1708 3411 sc-

150 3443 314 3497 t-uudzc
339 3444 538 3512 nuptim
564 3436 671 3498 sine
702 3455 904 3511 peccato
933 3445 1178 3498 contrahi
1213 3446 1709 3529 persuadet'cutur'?‘

150 3536 259 3586 Cum
284 3535 458 3603 itaque
482 3550 574 3589 eas
610 3536 995 3604 fornicationem
1032 3537 1297 3603 appellat,
1351 3538 1706 3605 fornicationis

151 3627 335 3681 nomine
361 3629 505 3684 aliud
527 3628 725 3697 aliquid
755 3630 957 3695 innuit,
999 3645 1158 3699 quam
1187 3630 1326 3698 quod
1361 3631 1515 3699 vulgo
1546 3631 1708 3683 intel-

150 3718 221 3785 ligi
243 3718 389 3774 solet.
432 3719 488 3773 Id
531 3730 709 3773 autem
735 3720 860 3790 quid
908 3722 998 3784 sit,
1044 3736 1107 3775 cx
1159 3730 1271 3775 toto
1311 3731 1569 3775 contextu
1617 3737 1709 3775 co-

149 3811 306 3876 gnosci
336 3821 523 3879 potest.
553 3813 641 3867 Sic
670 3822 846 3867 autem
882 3811 954 3865 ait
982 3827 1101 3881 pag.
1133 3810 1239 3865 464
1275 3829 1287 3865 :
1319 3813 1397 3864 Ad
1427 3830 1511 3866 eos
1540 3824 1708 3865 autent

149 3906 312 3969 pudore
336 3907 630 3974 afficiendos
661 3917 707 3960 et
736 3907 1101 3975 reprimendas,
1127 3908 1213 3976 qui
1234 3915 1349 3960 sunt
1376 3909 1620 3975 proclives
1640 3907 1708 3959 ad

148 3998 364 4051 secundas
395 4002 627 4069 nuptias,
656 4010 773 4069 apte
802 4001 1071 4070 Apostolus
1091 4001 1194 4053 alto
1221 4004 1577 4069 quodamtano
1605 4006 1707 4059 elo-

147 4091 307 4155 quitur.
355 4090 525 4161 Inquit
554 4094 688 4145 enim
721 4107 738 4145 :
788 4089 917 4145 Ecce
965 4108 1111 4145 omne
1140 4102 1405 4162 peccatum
1450 4105 1521 4147 est
1560 4106 1706 4150 extra

148 4187 462 4252 corpus:qui
513 4196 680 4239 autem
728 4186 1033 4255 fornicatur,
1090 4187 1144 4238 in
1199 4187 1465 4255 proprium
1515 4205 1701 4258 corpus

150 4287 314 4343 peccat.
344 4279 401 4334 Si
428 4281 539 4345 quis
582 4289 751 4333 autem
782 4279 1158 4357 matrimonium
1189 4281 1341 4331 audet
1394 4279 1563 4333 dicere
1589 4287 1705 4351 for-

150 4368 437 4436 nicationem,
472 4388 650 4426 rursus
680 4358 839 4439 legent
880 4379 927 4422 et
961 4368 1234 4422 Dominum
1281 4372 1557 4437 insectans,
1592 4390 1705 4426 ma-

1834 417 2000 478 latnr,‘
2023 434 2123 487 qua
2156 421 2418 490 quispiam
2449 436 2511 474 ex
2545 423 2662 476 unis
2691 426 2883 493 nuptiis
2928 427 3190 498 inplores
3221 429 3406 486 dilabi-

1836 517 1940 563 tur.
1970 510 2158 564 Viden‘
2184 514 2348 566 latum
2381 515 2735 579 fornicationis
2761 530 2997 581 sensum,
3027 525 3184 589 quem
3219 522 3315 579 hac
3361 527 3411 581 in

1836 614 1893 652 rc
1918 584 2102 666 Patrcs
2132 618 2457 671 praecepere,
2492 618 2613 669 cum
2648 609 2911 691 secundas
2941 620 3030 664 aut
3074 613 3256 680 plures
3283 633 3414 687 nup-

1837 688 1938 741 tias
1985 681 2371 755 fornicationem
2444 703 2537 747 aut
2582 684 2888 751 adulterium
2935 696 3313 770 appellarunt:
3357 719 3414 764 ut

1835 784 2016 833 necas
2051 773 2331 854 tamquam
2356 801 2447 855 per
2478 800 2537 840 se
2580 788 2746 839 malas
2769 798 2821 842 et
2858 790 3066 863 illicitas
3091 798 3414 855 condemna-

1835 879 1957 925 rent
1987 912 2001 934 ,
2046 875 2227 929 SiCtlti’
2256 891 2427 944 neque
2476 866 2574 930 eas
2612 878 2878 956 damnavit
2927 885 3239 958 Apostolus]
3289 892 3413 949 licet

1834 964 2203 1037 fornicationis
2237 968 2454 1023 nomine
2485 969 2600 1023 illas
2636 971 2869 1029 donasse
2900 979 3152 1037 tradatur.

1905 1057 2010 1112 Sed
2036 1054 2185 1133 nt'ad
2218 1060 2275 1115 S.
2312 1056 2617 1127 Zenonem,
2656 1080 2683 1116 a
2724 1081 2827 1135 quo
2877 1072 3142 1139 paululum
3190 1078 3411 1137 diverti-

1833 1166 1973 1215 mus,
2010 1161 2371 1214 revertamur,
2395 1166 2513 1206 cum
2567 1155 2611 1210 is
2649 1149 2900 1228 repetitas
2937 1176 3095 1236 Supra
3126 1171 3404 1245 bigamiam

1832 1244 2044 1309 nuptias
2072 1226 2211 1295 inter
2239 1230 2453 1299 crimina
2484 1264 2597 1302 vere
2625 1257 2933 1310 exsecranda
2960 1267 3259 1331 recensuit,
3290 1282 3406 1322 om-

1833 1333 1981 1384 nium
2003 1332 2360 1409 acerbissime
2386 1338 2591 1395 locutus
2624 1343 2911 1416 videbitur,
2942 1360 2998 1405 ut
3020 1357 3296 1423 :cgcrrime
3321 1361 3403 1415 in.

1833 1424 2113 1490 terpretari
2154 1415 2439 1493 possimus.
2468 1432 2570 1487 Sed
2595 1437 2807 1492 crimina
2820 1447 3130 1498 exsecranda
3160 1464 3251 1504 cas
3279 1467 3402 1520 pere

1831 1512 2280 1585 indnappellavit,
2304 1531 2358 1589 ut
2378 1524 2820 1595 iniquitatemillas
2848 1536 2981 1613 dixit
3005 1536 3164 1609 Greg,
3184 1541 3405 1597 Nazian-

1831 1620 2026 1671 zenus;
2050 1611 2140 1677 qui
2171 1620 2343 1670 tamen
2362 1632 2466 1687 quo
2495 1621 2787 1678 minus‘cas
2821 1611 3191 1697 damnaverit,
3237 1633 3404 1707 [cun]

1756 1726 1802 1784 Β
1833 1699 2003 1765 palam
2039 1702 2095 1753 fit
2125 1719 2187 1773 ex
2220 1710 2458 1785 orata59
2485 1754 2497 1777 ,
2525 1730 2643 1783 qua:
2671 1718 2721 1769 in
2766 1730 2940 1775 sancta
2969 1721 3189 1799 Lumina
3221 1727 3409 1784 inscri—

1787 1821 1793 1825 ς
1830 1787 1994 1855 bitur,
2033 1794 2119 1847 ubi
2153 1796 2285 1861 illas,
2311 1814 2494 1857 contra
2540 1806 2864 1865 Novatianos
2920 1825 3103 1882 aperte
3148 1811 3403 1876 defendit.

1831 1880 2211 1955 Hieronymum
2239 1885 2489 1959 similiter
2517 1899 2559 1952 si
2586 1903 2701 1967 quis
2726 1888 2871 1972 legat
2896 1906 2966 1961 de
2990 1912 3239 1968 secundis
3270 1933 3405 1986 nup~

1828 1972 1915 2027 tiis
1940 1973 2284 2038 disserentem
2321 1988 2368 2041 in
2396 1972 2553 2059 epist.
2579 1993 2647 2049 79
2695 2013 2844 2051 num.
2886 2001 2983 2065 ‘ll,
3012 2004 3082 2065 ,ad
3115 2006 3397 2076 Salvinam,

1826 2067 1911 2120 ubi
1938 2083 2028 2146 eas
2058 2076 2289 2151 appellat
2315 2080 2553 2147 digamite
2579 2100 2831 2157 prtecepta
2876 2108 2977 2145 non
3025 2096 3155 2150 bona
3174 2140 3187 2164 ,
3218 2111 3271 2153 et
3290 2105 3406 2170 jus-

1823 2161 2123 2227 ti/icatianes
2151 2172 2417 2237 pessimus,
2452 2175 2730 2254 bigamia'm
2762 2199 2945 2238 verum
2992 2174 3192 2245 crimen
3220 2194 3285 2247 ab
3314 2196 3407 2249 illo

1824 2254 2054 2310 habitam
2079 2259 2362 2327 jndicabit.
2397 2268 2467 2321 At
2491 2284 2669 2325 nonne
2697 2266 2880 2348 aperte
2909 2295 3025 2334 eam
3058 2298 3115 2338 se
3144 2299 3247 2339 non
3276 2303 3402 2342 con-

1822 2346 2075 2404 demnare
2118 2354 2353 2409 subdidit
2403 2359 2452 2412 in
2507 2365 2855 2435 Apologetico
2910 2374 3163 2431 librorum
3215 2393 3401 2436 contra

1821 2436 2182 2526 .lovinianum,
2208 2461 2301 2500 seu
2330 2447 2381 2502 in
2414 2453 2573 2520 epist,
2599 2457 2688 2523 48,
2720 2476 2838 2532 pag.
2874 2463 2979 2519 228
3006 2449 3058 2522 et
3081 2469 3183 2527 229
3211 2473 3401 2529 editio-

1822 2532 1904 2582 nis
1932 2520 2288 2592 Veronensis?
2336 2541 2539 2598 Nonne-
2566 2546 2618 2601 in
2685 2536 2849 2621 citat
2910 2557 3075 2627 Epist.
3130 2563 3194 2617 ad
3224 2564 3399 2621 Titum

1819 2636 1935 2675 eam
1964 2624 2279 2683 Tertulliani
2333 2631 2581 2689 hmresim
2634 2645 2879 2711 notavit,
2932 2624 3070 2717 quod
3120 2653 3400 2723 digamiam

1817 2713 2277 2774 cnudenmaudam
2311 2728 2608 2791 putaverit?
2660 2733 2794 2799 Quin
2845 2737 2895 2790 in
2926 2713 3150 2807 epistola
3174 2713 3307 2797 vl‘25
3337 2746 3402 2800 ad

1816 2805 2170 2873 Agerucltiam
2190 2829 2365 2882 nonne
2385 2832 2443 2871 se
2467 2835 2534 2874 eo
2552 2824 2775 2879 consilio
2795 2826 2845 2879 in
2865 2828 3106 2897 bigamos
3140 2843 3243 2888 tam
3265 2838 3405 2890 mul-

1816 2903 1865 2946 ta
1898 2896 2099 2955 dixisse
2144 2890 2374 2961 insinuat
2400 2950 2413 2969 ,
2435 2923 2438 2926 ’
2464 2920 2523 2962 ut
2564 2912 2946 2975 continentiam
2980 2911 3263 2994 suaderet,
3296 2944 3399 2983 non

1817 2988 1959 3053 quod
1990 2992 2167 3057 plures
2212 2986 2428 3063 nuptias
2476 3003 2654 3057 malas
2682 3007 3031 3074 opinaretur?
3076 3002 3242 3070 Idem
3272 3034 3402 3075 vero

1815 3078 2099 3154 consilium
2132 3082 2186 3137 S.
2239 3084 2440 3141 Zenoni
2496 3090 2682 3159 fuisse,
2735 3098 3179 3178 licet‘expressis
3228 3106 3401 3167 verbis

1817 3183 1921 3221 non
1946 3165 2387 3246 prodat,'colligi
2430 3179 2583 3236 facile
2612 3200 2687 3237 ex.
2709 3185 3014 3265 dicli~z_ejus
3048 3173 3254 3265 potest,
3279 3217 3396 3273 cum

1816 3260 2094 3330 postquam
2144 3281 2292 3320 num.
2326 3270 2354 3321 7
2386 3271 2641 3329 adversus
2675 3282 2884 3347 nuptias
2931 3300 3050 3339 cum
3092 3290 3399 3351 infidelibus

1814 3350 1974 3406 initas
1997 3357 2173 3410 acrius
2203 3360 2551 3431 disputasset,
2588 3377 2642 3420 ut
2676 3372 2741 3423 ab
2791 3372 2852 3425 iis
2899 3376 3232 3438 Christianas
3277 3403 3395 3441 tritt-

1815 3440 1976 3497 lieres
1991 3444 2299 3503 'dcterreret
2323 3492 2338 3517 ,
2373 3455 2584 3509 tandem
2616 3460 2713 3513 sub
2744 3462 2901 3517 finem
2932 3467 2999 3521 ita
3031 3472 3092 3524 ad
3121 3467 3397 3533 continen-

1816 3535 1942 3588 tiam
1979 3541 2204 3593 easdem
2232 3545 2492 3609 hortatur,
2543 3559 2597 3602 ut
2646 3554 2688 3605 si
2742 3558 2916 3612 minus
2956 3566 3229 3621 continere
3272 3586 3393 3639 pos-

1815 3628 1941 3693 sint,
1969 3632 2095 3697 quin
2126 3632 2346 3700 nubant,
2377 3631 2655 3706 ei'tiluries
2710 3648 2866 3701 etiam
2899 3654 3136 3719 nubant,
3194 3660 3393 3718 nubant

1814 3714 2141 3795 Christiano,
2172 3738 2276 3777 non
2312 3727 2544 3784 infideli:
2578 3732 2757 3804 Itaque
2803 3740 3033 3813 deinceps
3056 3714 3201 3818 faue,
3224 3714 3386 3823 tirgo,

1815 3812 1951 3877 fuge,
1972 3813 2141 3879 vidua,
2171 3818 2372 3885 nuptias
2395 3821 2539 3889 tales,
2574 3825 2622 3879 id
2653 3838 2733 3881 est
2759 3845 2877 3886 cum
2904 3826 3132 3903 infideli;
3158 3843 3200 3895 si
3229 3832 3389 3899 canti-

1816 3916 1937 3953 nens
1962 3920 2067 3955 esse
2116 3923 2213 3959 non
2255 3913 2441 3978 poteris
2463 3954 2474 3975 ,
2521 3916 2698 3971 saltem
2739 3925 2843 3976 noli
2873 3936 2984 3980 tuas
3014 3934 3216 3999 nuptias
3245 3939 3389 4005 fene-

1814 4007 1947 4058 rare,
1979 3995 2025 4047 id
2056 4005 2135 4050 est
2166 4004 2517 4071 tnultiplicare
2539 4024 2697 4079 supra
2734 4014 2881 4069 binas
2904 4036 2915 4070 :
2941 4036 3002 4089 ne
3028 4023 3079 4073 in
3101 4025 3189 4077 illo
3217 4043 3392 4083 resur~

1812 4086 2046 4139 rectionis
2078 4089 2158 4143 die
2199 4092 2325 4145 inter
2362 4097 2608 4163 plurimos
2638 4106 2849 4159 maritos
2897 4125 2995 4163 non
3021 4117 3213 4183 passis,
3244 4124 3392 4192 cujus

1811 4176 1967 4242 fueris
2002 4194 2148 4243 uxor,
2183 4198 2475 4251 agnoscere.
2510 4189 2633 4244 llam
2678 4205 2862 4251 contra
2918 4200 3098 4268 plures
3149 4211 3390 4280 nuptias,

2918 4256 2930 4268 -
3054 4256 3089 4257 η
3149 4256 3390 4280 -ν-ννσιηνι

1812 4268 1957 4320 nulla
2013 4256 2186 4325 tamen
2228 4275 2468 4332 criminis
2514 4291 2661 4337 nota.
2711 4285 2968 4356 Sequitur
3017 4308 3195 4352 autem
3252 4300 3392 4359 hanc

1811 4374 1969 4413 unam
2001 4364 2193 4431 nuptiis
2223 4366 2482 4435 pluribus,
2517 4373 2561 4427 si
2591 4378 2969 4443 contrahendte
2996 4384 3121 4452 sint,
3156 4394 3387 4461 regulam

151 4458 315 4515 lctfictis
339 4465 549 4533 impetit.
581 4461 1022 4528 Quemadmodum
1065 4463 1196 4514 enim
1232 4463 1445 4526 avaritia
1474 4475 1517 4515 et
1551 4465 1702 4531 plura
1728 4465 1780 4525 D
1807 4453 2139 4521 βιτυθίβίοηει
2187 4466 2243 4511 υῑ
2269 4459 2336 4513 ab
2365 4462 2658 4520 l‘lﬁdelium
2688 4474 2936 4542 Omllugio
2968 4491 3207 4537 cavea"!-
3260 4484 3389 4542 Noli

150 4554 334 4608 ltebendi
360 4558 610 4623 cupiditas
641 4556 827 4608 dicitur
859 4554 1159 4624 fornicatio,
1208 4562 1257 4604 ut
1301 4570 1412 4622 qnw
1462 4557 1701 4609 adverse-

149 4660 213 4696 tur
230 4649 572 4717 safﬁcientiw:
602 4660 648 4701 et
678 4658 731 4699 ut
755 4645 1051 4701 idololatria
1094 4654 1165 4699 est
1202 4660 1264 4697 ea:
1292 4660 1390 4703 uno
1432 4646 1483 4733 in
1515 4648 1701 4700 multos

151 4736 227 4787 Uri
252 4740 533 4803 attributio;
564 4740 634 4791 ita
664 4736 933 4806 fornicatio
961 4746 1031 4788 est
1059 4736 1120 4787 ab
1151 4752 1251 4788 uno
1276 4735 1601 4836 matrimonio
1631 4737 1699 4836 ad

152 4827 274 4891 plora
314 4829 587 4898 prolapsio.
618 4827 753 4894 Quid
784 4824 1112 4893 exploratius
1142 4824 1505 4903 fornicationis
1521 4824 1690 4895 signi-

151 4922 411 4975 licuionem
446 4937 548 4975 non
597 4920 806 4981 stricte.
853 4918 947 4971 sed
984 4919 1087 4971 late
1118 4917 1217 4970 hoc
1259 4919 1377 4985 loco
1418 4928 1689 4986 acceptam

149 5010 384 5067 declarare
430 5010 636 5081 potest?
675 5008 817 5080 quod
865 5009 1035 5079 ipsum
1084 5019 1140 5062 et
1184 5008 1255 5062 de
1278 5007 1527 5063 adulterii
1559 5023 1689 5063 voce

150 5103 441 5157 sentiendum
474 5113 581 5167 est;
618 5117 772 5165 nam,
821 5108 879 5155 ut
905 5101 1043 5154 idem
1071 5100 1321 5154 Clemens
1350 5110 1525 5164 notat,
1580 5103 1689 5171 far-

151 5193 304 5247 nicatio
331 5204 383 5249 et
408 5196 714 5249 adulterium
738 5192 926 5248 eodem
957 5206 1117 5246 sensu
1163 5192 1230 5246 ab
1282 5194 1537 5261 Apostolo
1567 5208 1685 5246 mu-

153 5295 223 5335 tuo
258 5298 538 5341 sumuntur.
571 5286 697 5340 Tria
726 5294 905 5338 autem
955 5292 1118 5348 sunt,
1166 5284 1353 5337 eodem
1413 5283 1689 5339 Clemente

151 5386 354 5443 auctore,
381 5393 495 5447 qua!
524 5378 593 5431 ab
621 5375 875 5445 Apostolo
934 5374 1283 5476 fornicationis
1338 5375 1689 5477 nomine-ap-

153 5466 419 5532 pellantur:
458 5471 632 5540 primo
679 5466 902 5522 avaritia
929 5507 945 5532 ,
997 5480 1100 5535 qua
1144 5466 1263 5536 quis
1293 5465 1685 5522 sufficientibus

155 5571 237 5609 nou
259 5570 542 5623 contentus,
576 5560 813 5629 pluribus
860 5557 1055 5619 inhiat;
1089 5557 1323 5635 secundo
1354 5559 1680 5627 idololatria,

153 5651 382 5716 'tuaunius
406 5654 497 5711 Dei
519 5655 639 5723 quis
661 5669 764 5709 non
781 5654 913 5707 satis
926 5649 1146 5717 habens,
1173 5651 1678 5719 pluresconstituit;

353 5860 477 5879 (tam,
506 5862 685 5877 ν-κ-ς-ηνψ-ι
712 5866 761 5877 τ,“
786 5866 811 5871 "

1806 4558 1911 4594 esse
1936 4546 2201 4615 sacrilega,
2236 4549 2342 4603 nali
2362 4554 2618 4619 proditrix
2646 4560 2790 4630 legis.
2825 4561 3058 4636 Profano
3088 4589 3178 4624 cur
3208 4578 3384 4644 nubes,

1804 4650 1917 4685 cum
1945 4639 2106 4705 possis
2135 4642 2319 4695 nubere
2343 4643 2677 4721 Christiano?
2724 4653 2835 4708 Hoc
2860 4656 3038 4728 itaque
3076 4679 3234 4721 unum
3269 4670 3388 4725 inli-

1802 4727 1963 4779 citum
1994 4723 2135 4782 Zéno
2181 4723 2419 4801 putavit,
2453 4737 2554 4793 hoc
2583 4731 2819 4800 maxime
2837 4755 3129 4810 cavendum
3160 4775 3385 4826 prmmo-

1801 4819 1933 4873 nuit.
1970 4821 2127 4887 Quid,
2161 4826 2302 4893 quod
2356 4829 2398 4881 si
2443 4833 2846 4892 consideremus
2873 4882 2886 4905 ,
2946 4859 3062 4913 qua;
3107 4850 3155 4901 in
3204 4852 3382 4920 plures

1801 4913 2035 4980 nuptias,
2064 4932 2208 4969 num.
2235 4917 2288 4982 6,
2311 4919 2591 4991 disseruit,
2612 4928 2741 4993 nihil
2765 4947 3008 4991 occurret
3034 4981 3046 5003 ,
3081 4944 3219 4998 unde
3247 4948 3376 5015 ,veri

1798 5007 2031 5059 nominis
2058 5007 2257 5063 crimen
2290 5023 2560 5082 arguatur.
2599 5017 2649 5069 In
2686 5021 2871 5087 primis
2892 5028 3269 5089 advertendum
3295 5050 3379 5095 est

1797 5091 2065 5154 Zenonem
2097 5118 2201 5154 non
2235 5105 2487 5161 mulieres
2532 5110 2773 5177 jtmiores
2800 5118 3016 5191 alloqui,
3044 5126 3233 5193 quibus
3272 5132 3375 5185 sic-

1797 5188 1871 5240 uti
1916 5190 1984 5242 οι)
2010 5190 2411 5267 incontinentize
2447 5202 2738 5265 periculum
2796 5207 2909 5277 ipse
2951 5213 3145 5272 Paulus
3178 5234 3373 5277 secun-

1797 5280 1891 5333 das
1942 5286 2150 5351 nuptias
2206 5287 2489 5355 permisit,
2544 5292 2612 5346 ita
2660 5296 2819 5353 etiam
2884 5308 3051 5360 tertia:
3102 5320 3154 5364 et.
3195 5314 3374 5381 plures

1794 5373 1950 5427 etiam
1984 5377 2187 5445 :cquius
2217 5388 2341 5432 sunt
2385 5384 2757 5449 permittenda:
2778 5432 2790 5455 ,
2823 5392 2865 5446 si
2906 5398 3116 5465 quidem
3162 5402 3371 5473 vigente

1793 5465 1964 5518 adhuc
2005 5477 2161 5521 tit-tate
2190 5468 2327 5523 binis
2347 5513 2360 5536 ,
2393 5474 2472 5525 vel
2503 5474 2743 5543 pluribus
2774 5486 2972 5540 maritis
3012 5491 3289 5560 orbentur,
3318 5506 3372 5551 et

1791 5557 1929 5612 idem
1976 5557 2376 5615 incontinentiae
2423 5567 2716 5631 periculum
2754 5575 2976 5634 subeant
3002 5580 3127 5651 (quo
3147 5587 3363 5654 quidem

1790 5650 2005 5704 nomine
2035 5650 2089 5705 ὃ.
2125 5650 2480 5722 Hieronymus
2532 5658 2582 5712 in
2622 5676 2737 5732 cap.
2792 5686 2805 5720 ι
2860 5650 3026 5740 Epist.
3073 5650 3364 5734 additum
