3826 6226
447 143 549 244 1-δὸ

1792 142 2328 227 ριιυιερυιιΕΝΑ.

3591 158 3696 215 136

445 316 537 384 eas
566 307 806 366 excusat,
837 305 892 353 et
918 293 1236 366 quandoque
1266 290 1456 360 majori
1486 286 1643 343 laude
1671 286 1858 354 dignas
1891 298 2019 352 pos-

2137 300 2214 340 eas
2254 282 2615 354 experiretur,
2643 279 2893 338 maluerit
2930 291 2962 332 e
3004 274 3275 329 contrario
3305 275 3382 327 uri
3407 289 3556 344 quam
3598 289 3698 325 im-

445 379 504 461 se
534 390 757 447 inveniri
796 387 1004 458 probat,
1031 397 1329 454 quamquae
1369 381 1488 435 unis
1515 378 1712 448 nuptiis
1737 377 1802 430 ad
1829 390 2016 430 senec-

447 467 610 538 tutem
641 495 807 549 usque
835 475 1012 555 potita:
1041 474 1215 541 sunt);
1244 470 1337 525 sed
1357 486 1487 525 anus
1514 469 1804 536 allaquitur
1833 473 2017 520 uoster

446 573 505 629 S.
533 571 789 632 Antistes,
825 579 937 638 qtae
961 550 1093 633 saepe
1115 563 1348 617 videntur
1385 553 1530 615 nona:
1580 570 1773 630 nuptae,
1803 558 1855 612 in
1900 549 2019 627 qui-

443 664 544 720 bus
571 657 961 716 incontinentizc
992 653 1285 725 periculum
1331 652 1660 708 coitsiderari
1702 661 1808 704 non
1838 649 2017 712 solet,

444 753 538 810 sed
567 746 1006 807 merus'libidinis
1031 760 1203 814 amor,
1233 745 1325 816 qui
1351 743 1514 799 dubio
1543 743 1729 813 procul
1761 741 2018 809 damnan-

441 845 541 902 dus
566 851 665 909 est,
694 850 748 896 et
771 840 841 896 ob
861 841 1034 909 ipsum
1060 815 1322 908 ejusmodi
1343 835 1542 904 nuptis:
1568 815 1683 889 vere
1709 829 2021 888 exsecranda

441 937 653 993 crimina
704 933 820 999 dici.
847 931 1079 1004 quodam
1109 920 1539 999 modopotuere.
1567 925 1774 981 Caetera
1825 938 2019 995 porro,

442 1045 558 1100 quae
578 1018 744 1094 addit,
800 1040 976 1081 causae
1001 1038 1254 1092 congrua:
1281 1031 1335 1077 et
1363 1019 1657 1091 probabilis
1687 1018 1889 1071 limites
1913 1029 2020 1070 non

441 1110 803 1194 egrediuntur,
835 1118 1034 1189 quibus
1079 1116 1332 1170 honestas
1372 1111 1618 1184 quaedam
1666 1109 2022 1190 civilis,‘non

442 1205 618 1271 autem
649 1211 827 1267 divina
862 1210 949 1273 lex
971 1207 1176 1269 abillis
1199 1206 1392 1262 violata
1413 1203 1784 1272 convincatur.
1891 1185 1894 1190 ’
1947 1259 1956 1269 ε

495 1307 684 1363 υιιιιιιι
708 1303 810 1360 sub
840 1297 1467 1357 linem'considerandum
1496 1295 1727 1350 maxime
1750 1302 1858 1360 eat,
1883 1290 2024 1363 quod

432 1401 707 1471 insignem
750 1397 818 1453 ad
865 1387 1678 1471 Patresvindicandos'aditum
1710 1387 1868 1443 nobis
1893 1399 2026 1455 ape-

440 1493 568 1550 ruit.
599 1492 888 1561 Postquam
918 1489 1059 1544 enim
1085 1485 1146 1541 S.
1193 1483 1497 1555 Episcopus
1539 1492 1725 1536 contra
1772 1477 2027 1548 repetitas

444 1582 752 1667 huiusmodi
794 1574 1008 1652 nuptias
1049 1576 1374 1650 disputavit,
1409 1572 1614 1647 affectu
1643 1570 1874 1640 quodam
1907 1568 2024 1622 ino-
2058 1598 2073 1607 ο

2119 376 2252 440 bere,
2282 385 2340 430 ut
2365 391 2428 430 ex
2460 374 2731 429 historicis
2768 387 2798 426 a
2837 368 3026 426 Servio
3055 365 3299 436 allegatis
3339 365 3700 418 Tertullianus

2117 477 2384 524 memorat
2411 467 2504 523 lib.
2537 467 2604 522 de
2628 463 2961 536 Monogamia
3002 475 3122 530 cap.
3163 459 3252 524 i7,
3296 455 3385 523 qui
3441 465 3702 523 praeterea

2119 559 2267 617 addit
2293 561 2424 636 alias
2453 560 2593 630 apud
2624 559 2886 630 ethnicos~
2913 554 3100 620 luisse,
3132 565 3246 622 quae
3271 564 3366 621 pro
3406 547 3529 600 viris
3570 546 3704 598 mori

2118 655 2347 720 mallent,
2369 669 2521 723 quam
2550 652 2698 706 alteri
2727 649 2931 704 nubere.
2982 646 3116 701 Vide
3160 644 3320 699 etiam
3352 640 3410 696 S.
3435 637 3680 705 Hierony

2122 760 2265 800 mum
2285 747 2446 813 epiSl.
2471 743 2574 797 1‘25
2593 743 2722 798 edit.
2745 741 2946 797 Veron.
2977 737 3042 792 ad
3062 732 3443 808 Agerucbiam,
3472 745 3616 785 num.
3644 727 3700 781 8.

2121 835 2180 890 In
2210 836 2442 906 antiquis
2469 835 2773 891 Germaniae
2820 833 3029 905 populis
3081 832 3205 885 licet
3251 824 3494 882 barbaris
3526 825 3704 893 plures

2122 928 2366 984 civitates
2387 936 2880 982 commemorantur
2899 941 2928 980 a
2953 925 3139 998 Taeito
3167 923 3219 977 in
3253 920 3391 976 libro
3412 919 3480 975 de
3507 917 3702 973 Morib.

2122 1018 2535 1084 Germanorum,
2557 1035 2611 1072 ιι.
2631 1017 2685 1085 6,
2699 1018 2750 1071 in
2776 1018 2957 1086 quibus
2985 1025 3183 1069 tantum
3203 1014 3419 1085 virgines
3444 1011 3702 1075 nuberem,

2123 1121 2177 1167 et
2201 1111 2449 1186 secundae
2479 1111 2676 1180 nuptiae
2703 1095 2865 1164 nulla:
2891 1108 3280 1172 audiebantur;
3316 1121 3440 1160 nam
3485 1105 3579 1170 sic,
3621 1104 3708 1160 in-

2125 1202 2259 1273 qttit,
2284 1219 2442 1256 unum
2469 1203 2730 1272 accipiunt
2758 1202 3022 1266 maritum,
3046 1199 3296 1272 quomodo
3321 1213 3481 1268 unum
3505 1213 3708 1267 corpus,

2126 1312 2279 1350 unam
2306 1297 2480 1363 vitam,
2515 1311 2605 1348 nec
2631 1295 2738 1348 ulla
2764 1294 3002 1365 coyitatio
3040 1295 3175 1346 ultra
3199 1331 3215 1360 ,
3249 1307 3340 1346 nec
3381 1290 3577 1362 longior
3616 1305 3709 1340 ca-

2128 1389 2334 1460 piditas.
2351 1388 2562 1462 Insigne
2583 1388 2636 1442 in
2651 1388 2798 1442 hanc
2819 1401 2932 1441 rem
2953 1369 3407 1441 Tlteutoaicarum
3427 1382 3711 1437 mulierum

2129 1482 2303 1552 prodit
2331 1479 2638 1550 exemplum
2660 1478 2906 1534 laudatus
2931 1477 3290 1547 llieronymus
3320 1474 3441 1529 loco
3463 1472 3710 1541 allegato,

2130 1592 2250 1645 quae
2278 1590 2346 1630 ne
2373 1575 2612 1654 secundo
2640 1573 2844 1628 nubere
2873 1555 3216 1642 erigerentur,
3246 1577 3472 1623 mortem
3504 1565 3714 1620 sibimet

443 1661 630 1756 pinato
651 1681 905 1766 percitus,
926 1684 1085 1734 num.
1105 1676 1160 1742 ὃ,
1190 1675 1244 1730 in
1270 1674 1385 1766 hil:
1402 1670 1668 1766 θιυξηνίιε
1695 1665 1831 1734 Quid
1855 1678 2026 1766 αρςυη.
2057 1672 2105 1733 Β
2133 1668 2266 1739 ipsis
2310 1668 2693 1723 consciverunt
2724 1681 2736 1718 :
2768 1663 2910 1735 quod
2963 1663 3139 1732 ipsum
3195 1668 3424 1716 testatur
3469 1655 3714 1712 Valerius

440 1792 541 1849 quo
565 1792 646 1830 me
669 1754 881 1839 vertam,
908 1770 1075 1825 nescio
1104 1784 1122 1821 :
1150 1783 1252 1821 non
1277 1765 1409 1819 enim
1434 1754 1597 1822 uideo,
1626 1759 1749 1830 quid
1773 1759 1826 1811 in
1847 1755 2027 1832 exhorj

442 1844 714 1924 lotionibus
736 1863 910 1918 Diaini
929 1851 1116 1915 ae‘veri
1139 1859 1303 1933 cultus
1331 1847 1575 1910 Gentibus
1601 1850 1891 1922 prtedicem.
1917 1844 2025 1901 Fe-

441 1959 745 2012 licitatemne
768 1950 1077 2023 virginitatis
1097 1949 1123 2001 ?
1146 1931 1207 2000 ac
1229 1931 1233 1934 ’
1254 1944 1439 2022 habent
1489 1958 1609 1996 suas
1649 1940 1865 2011 virgines
1893 1954 1910 1989 :
1933 1934 2028 1991 etsi

443 2066 545 2110 non
573 2029 976 2122 felices,ihabent
999 2051 1187 2096 tamen.
1227 2037 1325 2094 Sin
1346 2051 1465 2091 vero
1486 2034 1555 2088 ad
1580 2032 1842 2087 viduitatis
1873 2029 2025 2084 sudo-

441 2158 549 2198 rem
569 2121 850 2213 gloriosum
871 2134 1188 2210 palmamque
1212 2137 1545 2213 prouocauero
1568 2142 1587 2191 ;
1620 2123 1763 2177 nobis
1791 2121 2028 2192 fortassis

442 2209 705 2297 insultent,
732 2231 856 2301 quia
873 2209 1068 2285 rnostrte
1103 2238 1263 2279 sacra
1299 2209 1526 2292 'virgines
1554 2217 1813 2286 viduaque
1840 2228 2026 2286 magno

446 2344 539 2401 pro
569 2320 966 2381 immortalitatis
992 2316 1226 2392 praemio,
1256 2328 1360 2369 suas
1398 2321 1565 2365 autem
1587 2308 1749 2381 gratis
1775 2305 2027 2360 laborent.

457 2422 646 2477 Verum
671 2418 770 2472 hoc
790 2425 863 2472 est
911 2414 1081 2470 solum
1125 2424 1217 2464 nos
1256 2412 1310 2461 in
1350 2420 1452 2476 quo
1488 2404 1758 2467 uincimus,
1791 2399 1911 2468 quia
1936 2411 2032 2467 pro

441 2513 817 2573 suasanctitate
827 2505 1135 2563 Christianae
1155 2499 1272 2572 plus
1290 2498 1503 2552 nubunt.
1524 2493 1848 2563 Hace'autem
1876 2487 2033 2544 nobis

364 2596 367 2597 ⁷
444 2603 680 2661 indicare
708 2599 958 2656 videntur
993 2607 1236 2671 causam,
1277 2604 1373 2644 cur
1418 2585 1621 2643 Sancti
1659 2584 1848 2639 Patres
1885 2589 2032 2634 tanto

443 2694 741 2763 studio‘per
761 2706 826 2747 ea
844 2699 1086 2758 tempora
1113 2682 1372 2760 adversus
1418 2676 1704 2748 bigamiam
1751 2681 1807 2728 et
1849 2671 2031 2742 plures
2062 2704 2069 2707 -

445 2789 660 2861 nuptias
688 2779 1146 2843 declamaverint;
1173 2784 1229 2858 et
1251 2789 1388 2861 cur,
1403 2781 1460 2846 ut
1505 2769 1588 2855 his
1627 2767 1836 2828 obicem
1866 2777 2034 2834 pone-

439 2857 583 2947 rent,
631 2876 875 2950 pluribus
926 2857 1226 2928 cauonibus
1273 2857 1598 2928 laborarint,
1637 2858 1832 2929 quibus
1879 2857 2030 2950 biga-

447 2940 659 3044 mis-(1')
686 2978 740 3025 et
787 2963 1088 3024 sacerdotio
1119 2956 1474 3038 interdixere,
1506 2962 1561 3010 et
1575 2967 1670 3009 eos
1699 2940 2033 3021 pmniteittia:

445 3033 850 3138 (2)43ubjecere,
880 3065 952 3119 et.
987 3051 1131 3124 quod
1157 3066 1223 3106 ex
1249 3033 1471 3104 Hieron.
1502 3043 1585 3115 (ξ)
1611 3041 1889 3105 discimus,
1909 3051 2034 3115 p‘ro-
2059 3053 2104 3118 ρ

447 3130 676 3212 hibuere
691 3146 1070 3208 Ecclesiastica
1088 3143 1246 3214 stipe,
1267 3156 1387 3209 quae
1403 3139 1455 3192 in
1472 3134 1896 3192 Christianorum
1911 3130 2036 3184 sub-

345 3320 347 3323 .
447 3250 647 3306 sidium
702 3240 873 3318 [οων]
903 3237 1355 3299 distribuebatur;
1397 3231 1730 3299 vetitumque
1763 3233 2036 3297 praeterea

448 3343 629 3406 fuerit,
662 3356 730 3394 ne
748 3340 985 3409 ipsorum
1003 3328 1262 3388 conviviis
1273 3327 1352 3400 (4)
1371 3324 1622 3380 adessent
1645 3320 1969 3392 presbyteri,
1987 3326 2040 3370 et

447 3453 517 3493 ne
541 3447 694 3490 sacra
711 3431 939 3496 oblatio,
969 3421 1295 3486 benedictio,
1325 3428 1382 3475 et
1407 3431 1609 3473 corona
1639 3429 1734 3468 seu
1766 3405 2035 3476 velamen,

445 3528 643 3602 quibus
712 3513 1045 3579 univirarum
1111 3514 1311 3585 nuptiae
1385 3508 1467 3582 (5)
1539 3499 2037 3567 sanctiﬁcabantur,

447 3600 637 3678 iisdem
667 3616 1036 3673 adhiberetur.
1063 3608 1218 3684 Apud
1246 3600 1449 3662 Gentes
1476 3602 1733 3657 nimirum
1760 3600 1832 3653 ita
1855 3604 2042 3653 sancte

449 3710 745 3784 coniugalis
775 3706 884 3763 tori"
908 3703 1132 3763 castitas
1178 3695 1588 3760 observabatur,
1635 3702 1692 3747 ut
1735 3696 1855 3761 past
1884 3687 2040 3759 primi

451 3779 938 3864 virivmvortemalii
979 3806 1318 3865 nequaquam
1366 3788 1572 3844 nubere
1621 3784 1878 3839 mulieres
1915 3779 2041 3836 reli-

451 3899 593 3975 gioni
624 3897 900 3955 haberent.
937 3885 1255 3957 Exemplum
1302 3880 1530 3950 hujusce
1582 3875 1663 3932 rei
1707 3873 2038 3930 luculentum

455 3964 538 4052 eat
561 3995 614 4049 i'n
641 3990 931 4056 Penelope,
976 3997 1096 4053 quae
1142 3978 1208 4033 ad
1250 3973 1518 4032 secundas
1551 3969 1767 4040 nuptias
1796 3982 1828 4021 a
1859 3964 2041 4020 multis

455 4083 765 4155 sollicitata,
806 4088 1027 4134 strenue
1054 4069 1284 4147 restitit,
1311 4081 1433 4122 cum
1461 4074 1516 4120 et
1542 4061 1743 4118 mariti
1773 4057 1933 4113 ﬁdem
1986 4066 2042 4111 et

457 4152 639 4253 populi
694 4145 891 4226 l‘ainam
935 4145 1327 4227 vereretur,ut
1355 4173 1426 4217 ex
1461 4155 1631 4224 ipsius
1658 4149 1838 4207 verbis
1875 4148 2042 4217 liquet

457 4238 600 4342 apud
650 4265 940 4322 Homerum
986 4255 1176 4328 Odyss.
1209 4268 1320 4319 xyt.
1381 4249 1552 4317 Quam
1612 4246 1664 4299 in
1716 4238 2051 4316 sententiam,

459 4335 632 4428 Dido,
683 4355 824 4428 apud
873 4350 1179 4423 Virgilium,
1212 4342 1429 4401 Aineid.
1482 4357 1555 4406 ιν,
1611 4347 1667 4394 ιιι
1711 4335 2042 4408 signiﬁcaret

2130 1760 2412 1825 Maximus,
2430 1758 2526 1814 lib.
2572 1774 2655 1823 vt,
2706 1772 2825 1825 cap.
2859 1757 2911 1810 1.
2946 1754 3244 1809 Pausanias
3272 1757 3326 1805 in
3360 1746 3716 1804 Corinthiacis

2129 1854 2223 1909 lib.
2254 1869 2310 1919 ιι,
2344 1867 2393 1907 c.
2424 1852 2517 1916 2i,
2545 1852 2648 1905 hoc
2672 1851 2800 1904 olim
2827 1847 2967 1915 apud
2999 1847 3220 1901 Graecos
3257 1852 3489 1896 sanctum
3515 1850 3582 1892 ‘et
3629 1853 3715 1890 so-

2086 1990 2092 1996 .
2130 1946 2293 2000 lemne
2322 1944 2525 2012 feminis
2553 1944 2709 2014 fuisse
2739 1940 2940 2010 prodit,
2965 1948 3044 2004 ut,
3068 1937 3237 2007 priore
3263 1927 3603 1994 viromortuo,
3635 1947 3713 1983 se-

2128 2039 2308 2118 cundis
2350 2036 2548 2106 nuptiis
2597 2035 2938 2098 abstinerent;
2969 2040 3026 2087 et
3051 2029 3306 2086 similiter
3356 2025 3637 2097 Euripides
3668 2025 3718 2079 in

2129 2131 2357 2197 Alcest.,
2390 2122 2534 2184 vers.
2562 2127 2697 2193 464,
2730 2137 2883 2197 turpe
2929 2135 2984 2180 et
3031 2120 3257 2179 exosum
3307 2121 3449 2192 apud
3504 2118 3718 2175 eosdem

2129 2225 2296 2280 fuisse
2311 2221 2566 2286 ostendit,
2591 2220 2640 2275 si
2657 2221 2757 2285 vir,
2779 2232 2948 2274 uxore
2963 2226 3195 2283 mortua,
3221 2214 3383 2269 aliam
3399 2212 3501 2268 sibi
3519 2210 3720 2282 junxis-

2130 2325 2256 2382 set;
2286 2313 2370 2376 sic
2395 2315 2538 2369 enim
2572 2311 2872 2376 ibichorus
2899 2311 3128 2380 loquens
3158 2307 3430 2363 inducitur
3458 2322 3474 2359 :

2226 2406 2281 2456 Si
2303 2409 2469 2455 autem
2490 2416 2669 2452 novum
2691 2401 2909 2460 elegerit
2931 2401 3328 2460 maritus‘torum,

2225 2467 2356 2518 Sane
2382 2478 2615 2529 perquam
2634 2463 2752 2513 mihi
2775 2463 2924 2512 fuerit
2942 2473 3138 2511 exosus.

2134 2550 2190 2605 id
2218 2550 2392 2619 ipsum
2423 2562 2587 2617 penes
2617 2546 2887 2601 Romanos
2903 2546 3157 2614 antiquos
3176 2543 3410 2611 viguisse
3436 2539 3599 2594 refert
3623 2536 3720 2592 Va-

2135 2640 2297 2696 lerius
2328 2639 2609 2700 Maximus,
2639 2637 2734 2691 lib.
2768 2652 2829 2701 ιι,
2856 2649 2975 2704 cap.
3013 2636 3066 2702 1,
3097 2648 3246 2688 num.
3273 2633 3325 2694 '5,
3361 2629 3449 2686 ubi
3471 2627 3722 2684 matronis

2135 2733 2364 2788 univiris
2418 2731 2683 2801 pudicitia:
2730 2743 2986 2784 coronam
3033 2727 3099 2782 ab
3142 2725 3376 2796 antiquis
3425 2724 3718 2793 impositam

2137 2826 2296 2881 tradit
2315 2840 2399 2880 -:'e
2426 2831 2612 2879 contra
2639 2823 2767 2877 vero
2796 2818 3224 2889 intemperantia:
3271 2827 3450 2871 notam
3479 2831 3541 2870 ac
3569 2813 3718 2868 lasci-

2135 2917 2256 2973 vide
2298 2933 2393 2973 eas
2433 2913 2661 2972 subiisse
2708 2912 2893 2979 refert,
2945 2926 3062 2980 quae
3110 2909 3177 2963 ad
3222 2907 3485 2964 socundas
3519 2906 3720 2975 nuptias

2138 3011 2470 3066 transissent.
2518 3007 2646 3073 Quae
2690 3021 2788 3060 uno
2834 3001 3449 3077 contentw’matrimonio
3503 3003 3718 3066 fuerant,

2140 3122 2328 3174 corona
2351 3101 2610 3173 pudicitia:
2634 3098 3047 3162 honorabantur;
3071 3092 3428 3157 existimabant
3452 3075 3584 3145 enim
3610 3104 3721 3143 eum

2142 3197 2416 3266 praecipue.
2440 3204 2688 3261 matrona:
2717 3192 2914 3246 sincera
2953 3187 3054 3256 ﬁde
3098 3168 3454 3254 incorruptum
3482 3197 3589 3236 esse
3615 3180 3722 3232 ani-

2141 3260 2419 3359 inum,’qui
2439 3297 2552 3356 post
2579 3260 2823 3355 deposita:
2847 3279 3151 3352 virginitatis
3182 3276 3366 3339 cubile,
3475 3261 3722 3342 publicum

2142 3381 2324 3452 egredi
2337 3382 2572 3443 nesciret,
2589 3378 2864 3433 multorum
2879 3371 3326 3443 matrimoniorum
3343 3351 3715 3436 experientiam,

2141 3476 2286 3548 quasi
2331 3475 2567 3549 legitimae
2609 3472 2878 3544 wjusdam
2925 3465 3328 3536 intemperantia:
3371 3451 3576 3537 signum,
3621 3471 3721 3510 esse

2141 3547 2418 3624 credentes.
2463 3547 2612 3622 idem
2655 3565 2814 3621 etiam
2855 3560 3090 3617 sensisse
3119 3557 3392 3626 Romanos
3418 3567 3528 3608 suae
3559 3547 3719 3605 astatis

2142 3662 2272 3716 satis
2301 3652 2503 3714 indicat
2526 3639 2962 3724 PubliusSyrus,
2995 3662 3150 3712 versu
3178 3643 3284 3702 284
3310 3663 3322 3697 :

2237 3769 2434 3822 Habent
2455 3756 2614 3819 locum
2637 3762 3091 3817 maledicticrebra:
3115 3773 3178 3809 nu
3188 3758 3314 3822 ptise.
3383 3818 3388 3822 _

2143 3866 2197 3912 ct
2226 3869 2386 3909 versu
2412 3850 2520 3926 482
2547 3869 2559 3904 :

2237 3943 2413 3994 Mulier
2435 3956 2546 4008 qua
2563 3941 2730 3992 multis
2751 3941 2923 4002 nubet,
2947 3938 3112 3989 multis
3128 3949 3225 3985 non
3247 3933 3424 3997 placet.

2145 4053 2255 4109 Has
2279 4052 2532 4107 nimirum
2553 4050 2729 4104 minus
2754 4045 2974 4119 pudicas
2997 4044 3162 4099 luisse
3187 4057 3216 4094 a
3240 4036 3497 4095 Romanis
3519 4032 3719 4104 habitas

2145 4146 2268 4201 inde
2288 4143 2545 4215 colligere
2574 4142 2720 4206 licet,
2750 4118 2892 4210 quod
2939 4139 3171 4208 positum
3228 4118 3425 4186 Romae
3468 4123 3719 4197 pudicitiae

2142 4239 2354 4315 signum
2380 4237 2643 4307 attingere
2685 4241 3012 4289 vetarentur.
3045 4229 3176 4287 Nam
3208 4218 3475 4296 pudicitia!
3505 4223 3717 4293 signum,

2145 4313 2318 4403 inquit
2343 4329 2629 4403 Festusad
2657 4328 2878 4383 verbum
2905 4326 3212 4396 Ρυυιριτιιι,
3247 4322 3392 4391 nefas
3427 4326 3496 4372 est
3525 4311 3714 4382 attingi,

458 4474 517 4515 se
589 4410 1047 4519 uournuptura'tn
1112 4439 1340 4509 amplius
1403 4444 1523 4505 post
1573 4431 1731 4503 primi
1797 4426 2243 4497 conjugispnisi
2263 4425 2326 4479 ab
2355 4442 2446 4506 ea,
2475 4438 2588 4495 qua:
2613 4416 2770 4477 seinel
2818 4419 3008 4490 nupsit.
3058 4416 3309 4486 Apertius
3337 4410 3592 4467 Martialis
3617 4422 3720 4461 mu-

455 4548 700 4611 obitum,
774 4540 941 4597 multa
1001 4519 1300 4589 adversum
1330 4541 1388 4582 se
1453 4525 1626 4595 primo
1693 4521 2035 4590 imprccatur,

457 4656 604 4697 vers.
655 4635 725 4690 27
767 4653 780 4687 :
1460 4678 1464 4680 .

499 4729 502 4731 ’
550 4729 697 4789 Ante,
727 4723 900 4788 pudor,
927 4729 1070 4783 quam
1094 4723 1146 4765 te
1170 4711 1344 4763 violem
1359 4748 1374 4773 ,
1399 4714 1484 4757 aut
1507 4711 1588 4756 tua
1607 4698 1716 4766 jura
1737 4699 1993 4752 resolvam.

456 4817 594 4874 Tum
626 4805 742 4867 haec
764 4809 832 4864 de
862 4804 1088 4874 conjuge
1116 4798 1332 4868 subjicit
1351 4837 1367 4861 ,
1401 4807 1544 4847 vers.
1569 4790 1639 4844 28
1673 4806 1686 4843 :

551 4904 641 4956 Ille
665 4914 821 4957 meos,
846 4898 1029 4957 primus
1049 4892 1134 4955 qui
1157 4891 1237 4938 me
1259 4887 1350 4937 sibi
1369 4885 1553 4957 juuxit,
1579 4891 1773 4957 amores

533 4939 1110 5019 ille-habeat
1124 4964 1313 5008 secum,
1333 4939 1601 5008 servetque
1618 4939 1844 5003 scpulcro
1864 4951 1877 4986 ε

461 5057 644 5126 anue
668 5063 774 5107 tam
822 5043 983 5104 fortis
1009 5042 1062 5096 in
1094 5040 1196 5093 hoc
1225 5033 1501 5106 proposito
1530 5027 1648 5093 fuit,
1679 5033 1738 5079 ut
1771 5036 1892 5078 cum
1917 5020 2049 5089 regis

463 5110 664 5219 nuptias
695 5143 1054 5208 ultro_0ptare
1083 5128 1385 5190 debuisset,
1437 5137 1506 5178 ne
1553 5129 1730 5174 tamen
1782 5110 2048 5170 secundas

535 5327 612 5399 (l)
655 5323 744 5381 Sic
789 5301 1454 5399 etiam_apud__tuG_er:ttiles'
1820 5282 2048 5399 Tlfrg‘a‘rpj

467 5356 1367 5462 ess‘é’néii”p5t2?§ii.“sé?vn{s'si
1403 5386 1454 5426 tv
1485 5366 1746 5424 1Eneid05
1775 5377 1789 5428 ;
1820 5356 2050 5416 Tertul—

468 5446 669 5531 ῖὶῖιῖυέξ
689 5446 763 5520 de
785 5456 1117 5531 Monpgamia
1147 5464 1265 5519 cap-
1303 5446 1392 5531 17-

1154 5504 1274 5576 ean.
1309 5519 1386 5611 ὄις
1421 5511 1649 5570 Basilius
1678 5521 1765 5577 ep.
1797 5504 1834 5558 2
1881 5513 2047 5556 cano-

472 5588 1150 5672 nidjadvAmphilochium,
1183 5607 1302 5672 can.
1334 5588 1388 5642 4.

491 5639 577 5666 Iw.
602 5639 666 5664 au
699 5639 1150 5672 ηιιιγ--ιιυν...ι....,
1188 5639 1302 5647 η.--
1346 5639 1362 5642 ,

488 5735 492 5737 .
542 5682 623 5753 (3)
664 5679 781 5736 Lib.
805 5675 1060 5743 adversus
1102 5663 1438 5722 Joviuianuut
1479 5671 1630 5713 nutu.
1656 5649 1744 5718 i4,
1772 5662 1893 5719 pag.
1943 5639 2052 5698 965

2146 4519 2335 4574 lierum
2369 4501 2632 4587 ejusmodi
2675 4515 2880 4586 pluries
2929 4509 3241 4578 nubentiutn
3269 4500 3718 4574 intemperantiam

2146 4611 2388 4667 adulterii
2455 4618 2580 4689 nota
2637 4609 2852 4678 inurere
2898 4619 3004 4660 non
3050 4599 3315 4659 dubitavit
3386 4595 3653 4668 Epigram.
3696 4590 3722 4642 ‘o'

2147 4706 2241 4762 lib.
2268 4722 2350 4760 Vl:

2229 4798 2357 4858 Quae
2381 4798 2525 4847 toties
2547 4764 2828 4858 nubit._non
2850 4790 3011 4858 nubit,
3035 4785 3255 4858 adultera
3279 4782 3399 4846 lege
3421 4786 3528 4844 est;

2334 4858 2563 4911 Oll‘endar
2587 4855 2771 4907 moecha
2793 4849 3090 4916 simpliciore
3112 4849 3292 4898 minus.

2157 4947 2224 5001 Et
2273 4944 2519 5000 similiter
2556 4937 2986 5014 Quinctilianus,
3040 4931 3325 4988 declamat.
3378 4928 3506 4993 306,
3556 4924 3720 4995 plures

2153 5039 2366 5108 nuptias
2394 5033 2616 5089 nubendi
2639 5033 2912 5117 quamdam
2930 5024 3307 5095 impudicitiam
3331 5019 3583 5093 appellat.
3614 5014 3721 5070 lia‘c

2152 5131 2312 5202 igitur
2368 5142 2489 5182 cum
2541 5121 2681 5195 apud
2731 5109 2975 5177 ethnicos
3015 5121 3271 5174 adversus
3302 5113 3484 5186 plures
3529 5109 3720 5180 nuptias

2156 5293 2285 5339 tom.
2319 5297 2356 5335 ιι
2410 5278 2542 5334 edit.
2588 5273 2717 5330 Ver.
2771 5283 2828 5328 et
2864 5273 3020 5344 epist.
3071 5271 3197 5340 125,
3247 5269 3312 5326 ad
3361 5264 3716 5338 Agerucbiam.

2156 5369 2304 5410 num.
2337 5353 2390 5406 7.

2227 5425 2310 5497 (4)
2350 5416 2828 5497 goncil,_Neocaes.
2858 5429 2977 5470 can.
2999 5415 3064 5497 ¹’7ζ

2229 5475 2713 5623 ξέἑθῗειιιιὶιὶιιιιιιε
2739 5487 2832 5544 lib.
2870 5501 2907 5541 ιι
2950 5483 3013 5540 ad
3046 5483 3211 5540 Uxor.
3246 5499 3294 5540 c.
3329 5484 3382 5542 9.
3424 5475 3718 5537 Ambroiius

2155 5586 2244 5640 ep.
2278 5586 2366 5623 ιν.
