3826 6226
389 280 506 350 459'

1751 261 2282 324 PROLEGOMENA.

3551 260 3653 314 HO

395 335 582 464 censet
630 399 684 457 in
734 398 870 454 libro
916 395 982 450 de
1032 389 1340 448 Haeresibus
1395 399 1512 457 cap.
1545 382 1613 440 86
1645 399 1657 435 :
1693 380 1829 437 Dicit
1860 396 1987 435 sane
2012 376 2064 440 A
2093 389 2232 449 tans,
2264 379 2643 445 disserensque
2670 376 2737 432 dc
2771 335 3020 446 operibus
3043 372 3382 458 quibusdam,
3420 373 3652 444 qnzc'snb

398 499 547 553 etiam
570 496 674 564 ipse
699 491 895 545 animas
926 486 1187 540 hominum
1236 480 1479 551 pessimus
1530 485 1641 546 post
1681 483 1893 528 mortem
1932 472 1987 524 in

399 592 651 644 daemones
679 581 837 637 verti?
864 578 986 633 Haec
1013 575 1251 646 opinatio
1276 587 1307 628 e
1337 569 1653 633 Platonicis,
1675 576 1733 621 ut
1753 565 1984 628 videtur,

402 680 636 735 derivata
668 677 813 746 (nam
841 671 1016 728 simile
1044 665 1298 738 quiddam
1347 662 1593 718 Plotinus
1650 655 1871 713 tradidit
1919 668 1988 746 es

405 768 698 840 Augustino
722 766 813 821 lib.
844 779 897 818 ιι
921 762 989 816 de
1012 759 1171 814 Civit.
1204 756 1297 810 Dei
1344 768 1462 824 cap.
1494 751 1607 822 ll),
1648 764 1805 820 quam
1841 745 1988 840 apud

406 838 789 918 Tertullianum
818 855 1056 925 reperire
1084 865 1191 906 non
1221 848 1385 910 licuit,
1410 844 1506 900 sed
1527 838 1990 913 Origeniquodam

407 954 566 1010 modo
587 949 904 1008 adscribitur
928 962 957 1000 a
981 946 1039 1001 S.
1073 942 1402 1010 Hieronymo
1430 936 1587 1007 epist.
1620 933 1710 1000 59,
1755 931 1821 987 ad
1859 928 1991 984 Avi-

410 1060 540 1111 tum,
575 1060 725 1101 error
774 1019 991 1112 quidem
1023 1030 1432 1102 est,-siquidem
1485 1026 1748 1082 malorum
1799 1022 1992 1077 animae
2052 1033 2062 1045 '

409 1149 529 1210 post
542 1150 768 1194 mortem
789 1145 1033 1190 naturam
1059 1126 1326 1198 prOpriam
1341 1139 1402 1178 ex
1412 1136 1567 1178 suere
1584 1129 1745 1190 atque
1757 1117 1994 1188 abjicero

406 1209 459 1286 et
492 1231 544 1284 in
573 1228 876 1285 daemonum
917 1233 1158 1276 naturam
1197 1213 1466 1270 immutari
1503 1210 1789 1267 credantur
1831 1226 1844 1262 :
1889 1209 1996 1277 quo

410 1337 571 1379 sensu
603 1321 719 1374 haec
753 1315 1024 1372 sententia
1076 1321 1345 1378 tamquam
1394 1303 1615 1360 haeresis
1641 1301 1888 1357 damnata
1919 1298 1999 1355 le-

411 1416 552 1487 gitur
579 1429 610 1468 a
634 1408 929 1468 Pbilastrio
957 1420 1078 1475 cap.
1111 1403 1203 1457 liti
1222 1443 1236 1468 ,
1265 1415 1384 1454 nam
1439 1397 1625 1450 animos
1662 1403 1848 1447 natura
1896 1407 1997 1445 non

377 1484 622 1563 'oertitur
662 1506 718 1558 in
767 1513 1008 1556 naturam
1037 1496 1269 1554 alteram.
1319 1495 1386 1546 At
1426 1487 1559 1544 nihil
1616 1486 1720 1542 tale
1768 1484 1999 1541 Zenonis

413 1597 577 1653 verba
601 1595 942 1652 subindicant
972 1608 984 1643 :
1017 1588 1130 1644 imo’
1150 1594 1358 1640 tantum
1413 1582 1458 1636 is
1509 1577 1680 1634 abfuit
1699 1577 1766 1632 ab
1787 1591 1851 1631 ea
1876 1589 1998 1630 sen-

413 1692 599 1755 tentia,
624 1704 728 1759 qua
760 1685 1114 1741 scelestorum
1146 1678 1338 1733 animae
1363 1675 1418 1730 iu
1443 1673 1719 1728 daemones
1757 1667 1998 1725 converti

2091 473 2388 527 animarum
2421 474 2637 526 nomine
2658 469 2796 524 circa
2823 469 3061 539 sepulcra
3093 455 3436 537 gerebantur,
3456 474 3657 520 conten-

2089 564 2186 630 dit,
2219 578 2342 635 pag.
2377 561 2447 619 66
2489 571 2620 616 tom.
2652 575 2742 616 vm
2774 559 3027 615 Biblioth.
3062 557 3120 612 P.
3162 557 3246 627 P.,
3277 556 3406 615 edit.
3456 556 3655 628 Lugdu-

2092 655 2298 722 nensis,
2325 668 2386 710 ea
2413 696 2427 719 ,
2473 669 2591 724 qua:
2639 652 2695 708 id
2756 660 3043 724 gererent,
3094 666 3203 705 esse
3243 650 3383 705 mala
3423 648 3658 703 (lanionia

2091 747 2344 802 humanas
2398 741 2596 802 a'nimas
2658 743 3110 814 repraesentanda,-
3162 741 3308 816 quod
3337 741 3396 799 S.
3440 740 3661 798 Zenonis

2093 840 2454 911 suspicionem
2477 838 2777 896 conﬁrmat.

2715 930 2942 989 CAPUT
2963 931 3075 1001 _IX.
3120 984 3123 987 .

2183 1037 2324 1093 ‘QUID
2362 1042 2570 1084 sucron
2605 1027 2855 1083 seirsenrr
2902 1040 2972 1083 ns
3023 1038 3301 1084 NOVISSIIO
3339 1039 3552 1082 mntem.

2171 1120 2244 1176 De
2269 1117 2467 1189 judicio
2511 1119 2802 1175 novissimo
2845 1117 2995 1174 Zeno
3024 1135 3134 1176 non
3162 1119 3304 1176 bene
3343 1117 3568 1174 sensisse
3592 1131 3666 1172 ex

2098 1221 2253 1268 tract.
2271 1213 2336 1267 21
2355 1213 2447 1268 lib.
2474 1228 2528 1276 ιι,
2549 1211 2601 1267 in
2618 1213 2877 1282 psalmum
2900 1214 3278 1281 centesimum,
3299 1209 3465 1267 videri
3480 1216 3661 1281 potest,

2096 1305 2293 1376 quippe
2303 1305 2393 1377 qui
2409 1303 2601 1361 ibidem
2619 1315 2728 1360 tum
2745 1304 2929 1361 ﬁdeles
2943 1315 3051 1362 tum
3068 1299 3668 1373 inﬁdelesabeojudicio

2098 1396 2299 1453 liberos
2330 1397 2470 1453 facit.
2494 1397 2753 1456 Recitatis
2775 1397 2916 1453 enim
2948 1413 3014 1452 ex
3049 1396 3339 1472 Evangelio
3359 1394 3664 1459 Joannisru,

2100 1489 2196 1554 18.
2250 1489 2457 1563 Christi.
2481 1491 2659 1548 verbis
2708 1509 2721 1544 :
2767 1492 2866 1558 Qui
2904 1491 3062 1546 credit
3112 1491 3167 1545 in
3234 1506 3344 1557 me,
3390 1506 3488 1545 non
3523 1488 3670 1561 judi-

2099 1586 2293 1640 cabitur
2315 1603 2333 1641 :
2357 1587 2444 1658 qui
2470 1599 2638 1641 autem
2667 1576 2768 1642 non
2799 1586 2979 1651 credit,
2997 1586 3115 1657 jam
3135 1585 3392 1649 iudicatus
3430 1592 3534 1647 est;
3557 1580 3673 1636 hate

2099 1679 2278 1735 subdit
2303 1699 2315 1733 :
2349 1679 2471 1735 Haec
2499 1666 2713 1736 dicendo
2743 1681 2917 1736 eximit
2935 1679 3137 1755 judicio
3160 1677 3358 1748 fideles.
3385 1693 3486 1732 non
3514 1676 3674 1734 admi-

411 1758 674 1847 feruntur,
707 1791 763 1833 ut
794 1778 1000 1831 animas
1028 1788 1122 1827 eas
1145 1785 1273 1824 vere
1294 1782 1436 1833 esse,
1456 1765 1581 1821 dum
1607 1776 1994 1834 energumenos
2023 1758 2070 1818 B
2099 1773 2164 1826 δῖε
2189 1773 2256 1828 ad
2272 1774 2529 1848 judicium
2571 1775 2802 1844 inﬁdeles
2818 1791 2838 1840 ;
2877 1773 3018 1844 quod
3061 1771 3316 1849 deinceps
3357 1769 3667 1828 luculentius

414 1882 699 1946 occupant,
745 1887 854 1927 non
899 1876 1077 1923 autem
1124 1864 1420 1925 daemones,
1466 1867 1838 1930 argumentum
1882 1854 1997 1925 ejus

415 1970 693 2026 evidenter
723 1973 907 2034 ponat,
941 1977 1061 2016 cum
1106 1957 1300 2013 exinde
1348 1954 1646 2010 animarum
1680 1951 1994 2034 immortali-

416 2072 602 2125 tatem,
632 2076 694 2114 ac
724 2055 951 2113 subinde
983 2050 1437 2110 resurrectionem
1467 2048 1720 2117 colligat;
1749 2044 1890 2117 quod
1920 2054 1999 2098 ta-

417 2171 541 2219 men
572 2156 747 2222 ipsum
775 2150 988 2203 ﬁctione
1017 2147 1345 2209 daemonum,
1391 2142 1479 2212 qui
1511 2155 1568 2196 se
1592 2154 1687 2210 pro
1716 2137 1996 2192 animabus

417 2256 626 2320 gerant,
663 2245 776 2298 lleri
810 2255 966 2311 posse
1008 2255 1111 2294 non
1160 2239 1380 2293 omnino
1406 2235 1673 2291 inﬁciatur
1707 2231 1994 2289 scribens:

417 2337 482 2393 At
525 2336 675 2402 dicis,
737 2332 859 2386 Haec
911 2333 1161 2386 dcentones
1203 2331 1417 2398 ﬁngunt.
1480 2326 1557 2382 Eo
1607 2325 1840 2393 probatio
1888 2339 1996 2377 me-

419 2432 540 2495 tior,
565 2438 672 2499 etc.
701 2424 962 2491 Cmterum
997 2424 1040 2478 si
1081 2436 1232 2477 veras
1262 2423 1543 2490 impiorum
1592 2418 1800 2475 animas
1835 2431 1997 2472 ener-

419 2534 679 2591 gumenos
704 2516 1021 2588 quandoque
1051 2512 1321 2577 invadere,
1347 2513 1464 2567 loco
1485 2510 1812 2575 daemonum,
1838 2521 1998 2579 posse

375 2609 377 2612 ’
418 2612 622 2676 sensit;
653 2609 799 2681 quid,
831 2620 1031 2676 qua‘so,
1061 2606 1259 2661 erroris
1305 2604 1426 2658 huic
1465 2602 1748 2657 sententia:
1777 2597 1999 2654 subest?

418 2703 629 2761 Scimus
653 2715 894 2772 magnam
924 2714 1043 2755 esse
1066 2697 1204 2752 inter
1235 2711 1421 2753 sacros
1447 2695 1752 2764 Scriptores
1779 2701 1994 2747 contro-
2013 2770 2033 2780 Δ

386 2834 391 2839 -
417 2796 668 2860 versiam,
691 2808 813 2848 num
845 2793 896 2846 in
926 2792 990 2846 iis
1019 2789 1240 2853 visibus,
1290 2789 1343 2841 in
1371 2786 1564 2856 quibus
1615 2786 1824 2854 piorum
1881 2783 2001 2838 ani-

419 2903 519 2942 ma:
595 2883 907 2940 viventibus
998 2881 1314 2951 apparuisse
1395 2876 1679 2930 traduntur
1708 2915 1734 2947 ,q
1808 2874 2003 2928 animae

421 2979 548 3048 ipsa:
577 2979 675 3032 sub
706 2976 807 3030 alia
829 2974 1010 3043 specie
1038 2985 1159 3026 sese
1194 2970 1301 3024 illis
1338 2967 1656 3038 objecerint,
1685 2981 1751 3021 an
1783 2965 2003 3037 angelo-

418 3086 536 3125 rum
582 3084 745 3138 opera
789 3067 971 3121 omnia
1008 3064 1311 3124 _evenerint.
1363 3061 1438 3116 De
1487 3075 1589 3130 qua
1635 3058 2003 3116 controversia

2100 1867 2403 1933 conﬁrmat,
2440 1869 2609 1937 primo
2638 1868 2704 1924 de
2726 1867 2973 1936 ﬁdelibus
3003 1887 3017 1922 ε
3055 1866 3195 1936 Quid
3225 1865 3360 1921 enim
3380 1880 3572 1921 necesse
3595 1874 3670 1919 est

2091 1961 2327 2034 judicare
2357 1962 2684 2018 credentem?
2712 1961 2980 2017 Iudicium
3004 1962 3138 2017 enim
3173 1976 3235 2016 ea:
3254 1958 3500 2031 ambiguis
3531 1957 3674 2013 rebus

2100 2054 2328 2108 exsistit:
2356 2054 2594 2124 adempta
2618 2047 2968 2127 ambiguitate,
2998 2052 3192 2124 judicii
3219 2068 3324 2106 non
3365 2048 3675 2105 desideratur

2101 2161 2328 2200 examen.
2359 2145 2496 2201 Tum
2528 2147 2595 2201 de
2624 2144 2927 2202 inﬁdelibus
2954 2163 2968 2203 :
2997 2143 3080 2200 Ex-
3096 2161 3196 2215 quo
3223 2160 3314 2202 nec
3343 2142 3566 2212 inﬁdeles
3590 2155 3677 2194 ne.

2101 2252 2236 2292 cesse
2283 2246 2367 2293 est‘
2386 2239 2666 2312 judicare;
2714 2238 2835 2310 quia
2878 2238 2993 2309 jam
3039 2253 3133 2291 sua
3175 2244 3295 2295 sunt
3333 2231 3674 2289 incredulitate

2100 2327 2349 2397 damnati,
2382 2329 2432 2384 id
2458 2331 2598 2402 quod
2628 2329 2946 2399 comprobat
2975 2345 3042 2386 ex
3072 2329 3165 2384 illo
3194 2329 3330 2399 psal.
3362 2344 3378 2382 ι
3413 2343 3427 2380 :
3454 2324 3570 2380 Non
3591 2340 3674 2379 re-

2100 2429 2308 2496 surgent
2331 2421 2474 2500 impii
2521 2422 2575 2474 in
2594 2420 2814 2494 judicio,
2852 2437 3010 2492 neque
3044 2422 3330 2490 peccatores
3373 2418 3430 2472 in
3471 2416 3672 2472 consilio

2093 2513 2372 2583 jnstorum.
2403 2511 2468 2567 Et
2489 2512 2744 2587 deinceps
2771 2513 2920 2583 plura
2942 2510 3180 2576 disserit,
3214 2509 3408 2582 quibus
3422 2507 3675 2581 judicium

2101 2603 2167 2661 iis
2214 2605 2384 2660 solum
2436 2621 2655 2663 manere
2700 2599 2956 2671 insinuat,
3001 2607 3089 2675 qui
3139 2605 3280 2661 inter
3311 2601 3553 2660 inﬁdeles
3590 2597 3675 2658 vel

2104 2697 2299 2767 impios
2323 2709 2375 2753 et
2393 2698 2578 2755 ﬁdeles
2601 2714 2705 2754 seu.
2721 2711 2937 2755 sanctos
2958 2699 3116 2755 medii
3145 2708 3290 2764 sunt,
3314 2714 3527 2770 quarunt
3550 2695 3676 2753 obli-

2103 2805 2217 2859 qua:
2234 2791 2567 2862 ancipitisque
2582 2791 2697 2846 vitta
2712 2791 2990 2847 necessario
3009 2801 3125 2846 sunt
3139 2793 3458 2855 discutienda
3474 2800 3674 2847 secreta.

2105 2875 2282 2944 ’.Sed
2325 2884 2440 2940 lucc
2486 2899 2554 2939 ne
2608 2900 2765 2956 quem
2810 2883 3108 2951 oﬁ‘endant,
3153 2881 3678 2941 animadvertendum

2109 2977 2283 3047 primo
2308 2987 2409 3041 est,
2444 2977 2628 3045 plures
2657 2977 2904 3048 antiquos
2935 2976 3131 3036 similia
3170 2975 3474 3037 tradidisse.
3506 2975 3680 3045 Neque

2110 3082 2204 3147 cos
2241 3069 2678 3136 memorabimus,
2707 3083 2841 3140 quos
2884 3069 3226 3148 simplicitatis
3265 3078 3481 3124 accusat
3508 3064 3684 3135 Orige-

422 3157 1049 3231 Augustinus‘disserens
1103 3156 1156 3209 in
1207 3155 1300 3236 lib.
1358 3152 1425 3209 de
1462 3152 1604 3207 Cura
1643 3168 1741 3224 pro
1785 3153 2011 3209 mortuis
2039 3139 2084 3205 C
2114 3145 2210 3216 hes
2239 3169 2369 3217 ιοηι,
2405 3177 2422 3216 ι
2452 3177 2570 3234 pag.
2600 3162 2692 3224 42,
2727 3139 2794 3216 έο
2826 3139 3071 3233 quodve;
3104 3160 3284 3217 verbis
3315 3160 3448 3231 p53].
3482 3176 3498 3214 ι
3527 3177 3539 3212 ς
3566 3155 3684 3212 Νοη

422 3267 541 3322 cap.
575 3251 639 3305 10
663 3293 678 3317 ,
715 3249 776 3303 ll
807 3290 821 3313 ,
857 3248 923 3303 15
955 3257 1009 3302 et
1037 3247 1100 3301 16
1127 3288 1139 3310 ,
1187 3245 1412 3304 inliciari
1453 3260 1640 3300 verum
1693 3247 1864 3300 visum
1901 3259 2010 3301 non

428 3343 610 3408 audet,
654 3357 771 3400 natu
802 3340 909 3394 htec
953 3341 994 3392 si
1042 3339 1173 3404 falsa
1217 3355 1327 3392 esse
1371 3339 1802 3407 responderimus,
1837 3349 2013 3392 contra

428 3432 760 3505 quorumdam
793 3431 983 3501 scripta
1005 3430 1229 3498 ﬁdelium
1263 3429 1514 3501 (exempli
1549 3430 1715 3500 gratia
1764 3429 1820 3486 S.
1877 3428 2011 3485 Am-

429 3526 594 3581 brosii
620 3522 904 3582 referentis
929 3523 1289 3577 inventionem
1319 3536 1606 3591 corporum
1642 3521 1738 3578 SS.
1772 3521 2013 3578 Gervasii

424 3629 476 3674 et
521 3617 848 3681 Protasii,’et
889 3615 1106 3670 Lucia’ni
1156 3613 1296 3667 illam
1337 3612 1580 3682 corporis
1625 3613 1682 3669 S.
1732 3613 2013 3683 Stephani)

424 3722 473 3765 et
503 3721 677 3765 contra
715 3725 889 3762 eorum
915 3723 1092 3760 sensus
1122 3745 1136 3772 ,
1166 3705 1251 3775 qui
1284 3704 1407 3758 talia
1436 3704 1530 3758 sibi
1556 3705 1803 3759 accidisse
1827 3705 2018 3773 conﬁr-

430 3812 590 3867 mant,
638 3800 956 3870 impudenter
1004 3797 1175 3860 uenire
1230 3795 1539 3859 videbimur;
1587 3803 1642 3849 ct.
1686 3805 1804 3864 post.
1851 3794 2014 3848 multa

433 3895 680 3962 utrinque
723 3891 1016 3960 disputata,
1073 3904 1185 3943 rem
1235 3887 1334 3942 sub
1381 3885 1547 3940 dubio
1601 3885 1874 3956 relinquit,
1919 3900 2017 3942 nec

431 3988 618 4045 abnuit
660 3998 943 4056 utrumque
987 3986 1098 4039 ﬁeri
1149 3983 1419 4052 potuisse,
1477 3991 1534 4037 ut
1585 3983 1744 4039 modo
1791 3982 1878 4037 illa
1921 3972 2020 4054 per

434 4084 576 4150 ipsas
605 4079 870 4147 justorum
921 4078 1150 4141 animas,
1199 4076 1360 4129 modo
1405 4091 1498 4142 per
1545 4077 1762 4147 angelos
1805 4077 2016 4133 ﬁerent.

438 4173 620 4242 itaque
669 4186 788 4224 cum
815 4178 922 4222 tam
967 4168 1302 4235 exploratum
1343 4165 1579 4220 Zenonis
1630 4169 2019 4232 testimonium,

435 4282 541 4339 quo
564 4279 650 4321 res
676 4263 938 4332 proditur,
971 4277 1090 4330 qua:
1119 4274 1213 4314 eos
1243 4260 1388 4328 ipsos
1442 4259 1671 4315 habebat
1707 4256 1891 4322 testes,
1933 4262 2022 4331 qui

438 4359 537 4428 ipsi
562 4356 756 4411 dicenti
789 4353 1032 4408 aderant.
1065 4350 1181 4420 quis
1210 4350 1325 4404 sine
1356 4352 1658 4406 temeritate
1705 4352 1900 4406 factum
1931 4369 2026 4408 nc-

438 4452 561 4521 gct?
588 4450 737 4504 Sicut
764 4447 905 4502 enim
930 4444 1119 4498 anima:
1153 4440 1370 4513 piorum
1390 4443 1455 4497 ad
1488 4443 1776 4498 viventium
1828 4444 2026 4500 utilita-

2110 3263 2375 3328 resurgent
2403 3255 2548 3326 impii
2575 3255 2626 3308 in
2647 3255 2926 3330 judicium,
2961 3262 3233 3326 negarunt
3258 3250 3423 3310 malos
3442 3265 3684 3311 resurrec-

2111 3346 2265 3400 tionis
2303 3356 2560 3415 compotes
2602 3350 2824 3417 futuros,
2874 3355 2964 3399 aut
3004 3344 3102 3402 Dei
3137 3346 3340 3421 judicio
3388 3341 3681 3416 dignandos.

2112 3437 2302 3494 Patres
2355 3438 2609 3493 Ecclesia:
2650 3438 2994 3494 doctissimos
3037 3437 3394 3508 appellamus,
3443 3451 3574 3512 quos
3626 3447 3685 3489 ea

2113 3531 2453 3600 simplicitate
2487 3530 2886 3586 succensendos
2924 3545 3031 3586 non
3059 3527 3574 3599 credimus,.quique
3610 3523 3686 3580 vel

2114 3633 2237 3680 ante
2267 3623 2540 3679 Zenonem
2579 3622 2788 3690 vixere,
2816 3621 2898 3684 vel
2922 3622 2971 3678 ei
2988 3637 3253 3701 suppares
3281 3628 3442 3682 tritate
3464 3619 3684 3683 luerunt,

2113 3713 2200 3769 vel
2230 3715 2390 3771 etiam
2432 3723 2619 3785 postea
2655 3715 2849 3770 similia
2879 3708 3135 3770 docuere.
3167 3713 3356 3774 Primo.
3397 3724 3687 3769 memoran-

2115 3805 2217 3862 dus
2245 3805 2396 3862 venit
2429 3805 2765 3875 Lactantius,
2813 3807 2902 3880 qui
2932 3806 3027 3861 lib.
3061 3821 3138 3866 vu
3179 3805 3417 3865 lnstitut.
3449 3819 3566 3875 cap.
3604 3800 3691 3865 20.

2118 3904 2398 3969 postquam
2430 3912 2619 3954 omnes
2651 3899 2703 3953 in
2736 3898 2844 3955 ﬁne
2889 3897 3073 3954 mundi
3119 3906 3524 3960 resurrecturus
3559 3891 3696 3952 afﬁr-

2120 3994 2302 4060 mavit,
2344 3995 2409 4048 de
2437 3996 2617 4064 quibus
2631 3979 2891 4068 judicium
2921 4008 3163 4062 magnum
3193 3992 3334 4050 idem
3365 3991 3476 4060 ipse
3518 4003 3605 4044 res
3639 3999 3694 4038 ac

2095 4075 2260 4141 ‘Deus
2298 4086 2472 4154 faciet,
2505 4101 2650 4139 num.
2696 4086 2730 4140 5
2774 4084 2961 4141 addit:
2997 4083 3107 4141 Nec
3149 4094 3326 4162 tamen
3343 4081 3563 4139 universi
3587 4087 3696 4133 tunc

2122 4192 2153 4228 α
2188 4174 2296 4229 Deo
2314 4175 2831 4248 judicabantur......
2867 4192 2985 4230 nam
3027 4177 3116 4245 qui
3147 4174 3309 4231 Deum
3344 4191 3448 4231 non
3484 4185 3692 4244 agnove-

2125 4276 2262 4346 runt,
2291 4270 2531 4339 quoniam
2575 4269 2821 4324 sententia
2863 4268 2926 4323 de
2963 4267 3041 4324 his
3079 4269 3133 4322 in
3175 4267 3542 4340 absolutionem
3579 4261 3694 4336 ferri

2125 4373 2226 4412 non
2255 4369 2437 4429 potest,
2460 4361 2574 4431 jam
2604 4359 2827 4430 judicati
2858 4359 3187 4428 damnatique
3212 4368 3353 4428 sunt,
3379 4359 3564 4416 sanctis
3598 4355 3696 4412 Lit-

2129 4450 2247 4504 teris
2291 4451 2684 4508 contestantibus
2729 4468 2830 4511 non
2877 4461 3250 4509 resurrecturus
3292 4468 3401 4509 esse
3442 4449 3620 4523 impios
3653 4447 3701 4501 in

442 4555 572 4608 tem,
597 4543 707 4598 Deo
734 4541 965 4603 volente,
990 4547 1312 4606 poterantcx
1335 4539 1467 4607 Aug.
1502 4538 1767 4593 sententia
1801 4539 2029 4595 homini-
2054 4511 2107 4573 D
2125 4542 2401 4613 judicium.
2429 4544 2482 4600 S.
2514 4532 2747 4599 Hilarius
2770 4545 2820 4600 in
2842 4545 2978 4616 psal.
3005 4559 3044 4612 ι,
3073 4543 3462 4608 eademierme
3488 4511 3548 4598 a'c
3571 4541 3701 4597 Zeno

441 4638 540 4691 bus
553 4649 832 4704 apparere,
847 4639 900 4686 et
915 4629 1157 4701 quaedam
1174 4629 1406 4693 edicere,
1420 4629 1759 4692 Conﬁrmare.
1777 4632 2030 4688 Ostende-

446 4744 534 4792 rc;
562 4725 745 4799 [cxvii]
784 4723 985 4794 quidni,
1016 4722 1203 4778 eodem
1251 4721 1591 4793 permittente
1623 4723 1754 4789 Deo,
1787 4723 2028 4795 qumdam

445 4821 729 4889 impiorum
753 4819 940 4870 animm
969 4816 1270 4870 dtL‘lDOllum
1300 4817 1471 4871 vicem
1522 4831 1680 4892 agere
1721 4827 2028 4888 potuerunt,

450 4922 503 4963 ut
526 4927 589 4963 ex
619 4924 799 4964 earum
831 4909 1136 4963 testimonio
1165 4907 1286 4962 ﬁdei
1322 4908 1487 4974 ipsius
1519 4909 1713 4965 veritas
1742 4911 2030 4967 conﬁrma-

450 5010 618 5064 retur,
656 5010 714 5055 ut
759 5014 887 5054 sane
926 5016 986 5054 ex
1041 4999 1234 5054 iisdem
1284 4998 1695 5057 resurrectionis
1752 5006 2028 5060 veritatem

449 5092 504 5147 S.
546 5091 694 5149 Zeno
745 5091 1064 5146 conﬁrmat?
1108 5092 1325 5144 Factum
1380 5092 1567 5146 saltem
1607 5096 1789 5164 negari
1830 5097 2028 5166 nequit,

453 5199 512 5238 ac
545 5184 763 5253 proinde
785 5184 915 5239 nihil
1031 5182 1234 5237 Zenoni
1268 5194 1442 5252 petest
1472 5188 1801 5250 succenseri,
1830 5189 1918 5258 qui
1960 5205 2032 5244 ex

457 5276 597 5330 iacto
642 5277 777 5344 apud
821 5277 1091 5330 auditores
1136 5276 1417 5344 explorato
1447 5277 1499 5329 in
1537 5293 1650 5331 rem
1681 5293 1830 5333 suam
1879 5296 2036 5348 argu-

458 5380 692 5424 mentum
729 5369 1073 5423 fortissirnum
1119 5361 1428 5439 sumpserit,
1475 5385 1592 5424 cum
1647 5375 1940 5441 praesertim
1969 5375 2036 5431 de

457 5463 669 5517 ﬁctione
715 5462 1017 5516 dmmonum
1065 5463 1163 5514 sub
1207 5462 1364 5516 linem
1425 5463 1632 5517 numeri
1677 5467 2035 5535 suspicionem

460 5552 698 5620 injiciat;
744 5567 901 5620 quam
940 5553 992 5605 in
1038 5568 1149 5604 rem
1196 5540 1455 5607 videndus
1489 5556 1690 5620 etiam,
1744 5557 1786 5611 si
1838 5560 2036 5627 placet,

466 5643 662 5699 [Encas
685 5644 905 5699 Gazaeus
955 5645 1005 5696 in
1054 5644 1284 5711 dialogo,
1313 5647 1400 5712 qui
1434 5645 1813 5714 TheOphrastus
1857 5651 2040 5704 inscri-

458 5737 617 5801 bitur,
648 5735 735 5790 ubi
769 5733 835 5788 de
874 5734 1173 5787 animarum
1215 5743 1353 5787 statu
1396 5735 1817 5792 luculentissime
1857 5740 2040 5810 dispu-

2136 4637 2320 4700 habet,
2364 4638 2498 4692 adeo
2537 4647 2593 4692 ut
2633 4637 2773 4693 hunc
2812 4652 2878 4695 es
2920 4636 3109 4692 eodem
3141 4638 3396 4709 pleraque
3426 4617 3704 4708 id'gencris

2137 4731 2192 4786 in
2240 4746 2397 4785 suum
2457 4740 2735 4786 tractatum
2799 4730 3131 4787 transtulisse
3176 4732 3228 4787 in
3285 4730 3703 4787 adnotationibus

2139 4826 2526 4881 m0nuerimus.
2581 4825 2811 4881 Sanctus
2855 4825 2981 4880 item
3023 4824 3339 4881 Ambrosius
3369 4825 3425 4879 in
3472 4824 3703 4883 eumdem

2135 4916 2420 4986 psalmum,
2475 4915 2539 4968 ad
2593 4910 2655 4972 ca
2706 4917 2867 4972 verba
2923 4935 2934 4970 :
2992 4917 3248 4985 Quoniam
3302 4932 3402 4970 non
3459 4920 3704 4984 resurgcnt

2131 5009 2278 5077 impii
2313 5009 2365 5061 ἱη
2399 5008 2615 5075 iudicio,
2669 5009 2918 5067 similiter
2966 5011 3039 5066 ait
3085 5025 3236 5066 num.
3270 5009 3335 5067 51
3376 5029 3388 5062 :
3424 5008 3542 5065 Non
3587 5010 3702 5064 enim

2139 5099 2290 5164 dixit,
2337 5097 2457 5154 Non
2486 5089 2767 5174 resurgent,
2807 5103 2897 5155 sed
2922 5101 3013 5167 ait,
3062 5100 3352 5171 Resurgunt
3377 5102 3598 5173 quidem,
3630 5099 3704 5154 sed

2138 5211 2240 5254 nou
2270 5194 2322 5248 in
2343 5195 2564 5265 judicio.
2601 5194 2702 5261 Qui
2726 5206 2893 5252 autem
2929 5197 3171 5269 resurgit,
3222 5205 3296 5253 est
3325 5197 3499 5266 utique
3541 5206 3585 5258 et
3611 5211 3705 5252 ma-

2144 5296 2246 5350 net,
2276 5287 2362 5339 sed
2403 5288 2522 5357 quia
2551 5303 2652 5341 non
2679 5288 2894 5342 credidit
2920 5288 2972 5342 in
3011 5288 3290 5354 Christum,
3324 5288 3438 5362 jam
3458 5288 3705 5364 judicatus

2146 5387 2237 5443 est,
2269 5388 2315 5430 et
2342 5379 2454 5434 ideo
2494 5395 2595 5434 non
2621 5381 2753 5433 venit
2803 5382 2857 5435 in
2878 5381 3153 5452 judicium,
3199 5397 3346 5450 quem
3384 5382 3577 5456 peracti
3606 5384 3707 5454 jam

2145 5480 2312 5522 manet
2349 5485 2494 5537 plena
2514 5471 2820 5542 judicii.....
2861 5470 2938 5525 De
2976 5488 3033 5526 eo
3069 5480 3258 5538 autem,
3301 5471 3439 5542 quod
3465 5472 3573 5529 ait:
3605 5468 3706 5523 Non

2145 5574 2414 5632 resurgunt
2444 5565 2590 5634 impii
2618 5565 2669 5618 in
2687 5565 2914 5638 judicio,
2953 5564 3237 5620 secundum
3268 5545 3605 5634 Evangelium
3633 5559 3705 5614 ab-

2147 5654 2309 5706 soluta
2330 5660 2594 5720 sententia,
2616 5658 2734 5725 quia
2759 5671 2860 5708 non
2879 5669 3049 5708 omnes
3073 5653 3471 5718 iudicabuntur;
3498 5659 3548 5712 et
3568 5653 3707 5708 allato

2150 5753 2294 5799 textu
2327 5746 2477 5800 Pauli
2505 5765 2516 5800 :
2546 5747 2732 5800 Omnes
2757 5755 2928 5800 autem
2969 5753 3164 5814 oportet
3193 5759 3285 5806 nos
3324 5753 3461 5804 stare
3500 5752 3612 5798 ante
3632 5738 3705 5795 tri-
