3826 6226
164 202 247 261 lll

1092 212 1541 278 DISSERTATIO
1579 218 1647 287 u,
1671 215 1778 277 ne
1816 194 1885 276 s.‘
1915 219 2068 279 ΖΕΝ.
2110 204 2471 291 DOC'I'RINA.

3290 232 3390 290 142

160 300 299 415 burial
322 318 523 387 Christi,
550 327 695 397 quod
730 332 1053 389 contrarium
1088 333 1392 407 palabatur,
1421 322 1721 410 respondet
1739 341 1791 404 Α
1818 343 1870 391 et
1897 334 1949 392 id
1981 337 2151 408 ipsum
2181 342 2522 409 coolirmanl,
2553 353 2671 414 qua:
2696 342 2974 401 traduntur
3000 344 3066 400 de
3094 347 3390 415 peccatori-

159 410 411 470 Christum
438 415 503 473 de
534 418 842 479 inﬁdelibus
874 424 1129 493 locutum,
1157 430 1245 499 qui
1264 446 1365 485 non
1394 430 1724 487 crediderunt

159 506 204 557 in
226 502 499 563 Dominum
514 510 699 569 Iesum
719 535 738 584 ;
762 527 815 573 et
841 520 1127 589 Apostolus
1149 523 1240 578 etsi
1264 520 1394 580 dixit
1416 542 1615 590 omnes,
1650 525 1713 579 de

124 636 129 645 ρ
157 598 210 687 iis
235 599 397 666 utique
423 603 574 671 dixit,
620 609 709 677 qui
733 610 1070 666 crediderunt.
1115 611 1487 687 Hieronymus
1511 615 1562 678 in
1580 604 1716 671 Dia-

156 686 263 757 l“llo
300 702 481 750 contra
509 694 831 771 Pelagianos
873 719 1020 759 num.
1049 705 1121 762 28
1160 686 1327 762 textui
1348 707 1535 778 psalmi
1565 708 1719 780 'ejus-’

153 784 259 840 dem
285 786 443 843 allato
465 789 544 845 ait
576 809 590 847 :
614 791 737 847 Iam
765 797 903 850 enim
930 798 984 852 in
1013 800 1351 871 perditionem
1376 811 1492 857 sunt
1523 804 1716 875 prwju-

154 876 313 930 dicati.
361 881 562 937 Auctor
602 882 870 950 Breviarii
911 890 964 944 in
1010 891 1360 962 psal.1inter
1404 892 1715 966 Hieronymi

152 970 329 1040 Opera,
356 981 484 1033 tom.
518 991 595 1034 vn
617 981 941 1051 Appendicis
963 984 1095 1039 edit.
1129 983 1325 1045 Veron.
1351 1002 1469 1057 cap.
1501 986 1536 1042 4
1557 1005 1568 1040 :
1592 984 1714 1042 Non
1765 976 1771 983 ’

152 1063 257 1131 quia
269 1080 364 1121 non
380 1081 678 1141 resurgunt,
697 1074 790 1145 sed
803 1072 853 1146 [ο
862 1073 1010 1148 xvm]
1023 1076 1142 1146 quia
1158 1078 1415 1152 injudicio
1432 1095 1531 1133 non
1548 1095 1716 1134 resur-

150 1167 289 1225 gnat,
296 1160 407 1230 jam
425 1164 562 1217 enim
590 1162 732 1219 deiis
755 1170 1148 1241 pr‘aejudicatum
1164 1178 1257 1225 est.
1284 1170 1485 1227 Auctor
1496 1173 1715 1237 alterius

151 1247 509 1307 Commentarii
536 1252 875 1328 Hieronymo
886 1247 1163 1331 adscripti
1180 1262 1232 1316 in
1254 1262 1440 1321 codice
1466 1245 1716 1319 Bubiensi

150 1338 322 1395 eodem
348 1349 477 1397 tum.
501 1356 599 1408 vn,
635 1359 750 1418 pag.
775 1345 868 1417 27,
910 1347 962 1404 in
990 1348 1301 1421 praefatione
1340 1352 1408 1408 ad
1437 1353 1712 1415 laudatum

150 1428 454 1489 Breviarium
490 1452 504 1489 :
536 1434 662 1491 Non
689 1438 820 1494 dixit
862 1440 1112 1509 absolute,
1146 1440 1266 1499 Non
1292 1454 1584 1517 resurgunt,
1627 1446 1717 1501 sed

149 1522 347 1590 addidit,
379 1524 443 1580 In
460 1528 701 1600 judicio;
731 1532 852 1587 licet
868 1549 969 1589 non
993 1536 1259 1607 resurgant
1280 1538 1351 1591 ad
1369 1538 1710 1594 examinatico

152 1631 271 1683 nem,
290 1617 379 1672 sed
402 1630 689 1693 resurget",
730 1632 790 1679 ut
825 1627 996 1680 statim
1039 1628 1339 1682 sententiam
1372 1628 1716 1687 damnationis
1748 1702 1751 1705 Ἴ

1815 428 1915 484 bus
1942 432 2153 499 mediis,
2185 449 2317 504 quos
2344 434 2411 492 ob
2439 434 2725 507 ancipitem
2754 436 2918 495 vitam
2947 442 3195 496 examine
3218 440 3390 498 discu-

1814 523 2013 579 tiendos
2044 531 2349 584 necessario
2392 528 2697 600 pronuntiat
2727 550 2739 586 :
2770 530 3085 603 Ambiguilas
3114 528 3248 588 enim
3292 524 3395 590 nisi

1815 617 1975 688 fuerit
2002 620 2254 700 discussa,
2276 623 2399 695 jure
2426 640 2524 678 non
2551 631 2712 697 potest
2734 623 2914 681 mereri
2935 625 3253 682 sententiam.
3280 624 3395 685 llud

1815 722 2028 781 quoque
2055 711 2284 768 aliorum
2305 710 2518 769 Patrum
2548 717 2827 771 sententiae
2854 718 3144 787 pertinent.

1888 795 2069 874 Itaque
2098 818 2167 859 ex-
2194 806 2382 862 borum
2414 804 2632 862 Patrum
2654 819 2725 885 ac
2753 806 2979 864 Zenonis
3005 820 3183 865 mente
3209 822 3393 867 resur-

1814 902 1942 970 gcnt
1966 895 2179 968 quidem
2213 915 2421 966 omnes,
2451 908 2719 962 et‘omnes
2744 900 2904 957 etiam
2933 911 3057 958 ante
3077 902 3273 958 Christi
3303 902 3393 958 tri-

1816 989 1977 1048 bunal
1999 989 2239 1056 stabunt,
2262 984 2417 1061 justi,
2442 990 2611 1063 impii,
2646 999 2698 1048 et
2722 989 2903 1060 medii,
2936 1003 2987 1048 et
3018 1005 3202 1049 omnes
3232 994 3391 1049 etiam

1819 1082 1901 1137 vel
1937 1082 2210 1152 praemium
2248 1090 2529 1147 aeternum,
2572 1082 2713 1153 quod
2746 1095 2842 1153 pro
2888 1084 3088 1140 meritis
3126 1083 3392 1155 acquisie-

1816 1161 2219 1241 rint,’adibu'nt,
2251 1174 2614 1243 Velptenam;
2663 1175 2756 1231 sed
2804 1191 2909 1231 non
2950 1186 3156 1244 omnes,
3187 1184 3241 1231 ut
3278 1172 3394 1234 haec

1816 1264 2085 1322 sententia
2104 1263 2397 1337 justissima
2425 1271 2657 1330 cunstet,
2684 1262 2887 1337 judicio
2928 1271 2984 1323 et
3026 1268 3269 1324 examine
3311 1264 3394 1323 in-

1818 1357 2095 1431 digebunt,
2148 1374 2247 1416 nec
2290 1356 2421 1431 justi
2476 1356 2750 1428 nimirum,
2798 1362 2897 1417 nec
2940 1356 3111 1431 impii,
3165 1370 3391 1433 quorum

1817 1465 1981 1508 causa
2019 1452 2305 1508 notissima
2333 1461 2436 1521 est,
2468 1449 2562 1508 sed
2602 1447 2765 1508 medii
2804 1452 3000 1521 solum,
3030 1468 3255 1525 quorum
3283 1455 3393 1510 vita

1818 1543 1980 1602 dubia
2024 1560 2145 1602 cum
2190 1543 2350 1602 luerit
2377 1546 2558 1617 (dubia
2607 1555 2787 1602 tamen
2832 1553 2939 1601 non
2971 1542 3103 1614 Deo,
3150 1548 3236 1603 cui
3264 1548 3396 1603 nihil

1774 1704 1778 1707 _
1818 1638 1987 1694 latere
2010 1648 2205 1710 potest,
2234 1638 2332 1717 sed
2354 1637 2705 1709 hominibus),
2723 1636 2792 1697 ad
2815 1634 3186 1695 vindicandam
3214 1647 3395 1695 coram

154 1708 388 1777 accipiant
408 1726 427 1764 :
455 1714 720 1769 rationem
745 1713 893 1771 dedit
920 1717 1080 1789 paulo
1117 1722 1261 1801 ante
1294 1734 1309 1774 :
1334 1717 1493 1789 Impii
1521 1722 1590 1775 ad
1616 1737 1721 1795 pat-
1750 1725 1798 1788 B
1824 1708 2073 1786 omnibus
2103 1714 2297 1787 divinae
2322 1733 2601 1786 sententia:
2624 1708 2903 1802 justitiam,
2933 1724 3002 1787 de
3031 1730 3114 1786 his
3131 1728 3390 1803 judicium

153 1811 256 1849 nam
283 1813 615 1872 resurgentes,
647 1818 752 1858 non
786 1805 930 1860 illaut
956 1798 1256 1862 dilationem
1295 1809 1563 1878 habebunt,
1602 1825 1717 1879 quae

152 1889 459 1963 soletjadicii
490 1895 539 1947 vi
560 1896 617 1949 in
642 1898 1005 1965 questionibus
1042 1898 1319 1956 admoueri.
1359 1901 1417 1957 S.
1462 1902 1714 1961 Paulinus

153 1980 364 2040 Nbianus
385 1985 570 2044 Poem.
601 2005 695 2053 vn,
729 1992 845 2062 pag.
871 1984 975 2047 5t6
1001 1991 1130 2049 edit.
1158 1992 1489 2050 Veronensis
1529 2013 1541 2049 :

304 2097 495 2150 idcirco
516 2101 602 2152 tali
624 2104 903 2155 dividentur
923 2105 1095 2156 ordine

312 2160 564 2233 ﬂuminum
584 2178 675 2233 per
696 2168 865 2216 urbem
889 2168 1234 2233 dissipatorum
1250 2181 1451 2233 greges.

308 2221 375 2292 lit
388 2221 636 2292 judicandi
662 2240 758 2277 non
780 2221 1041 2292 resurgant
1053 2231 1197 2292 impii
1213 2268 1229 2289 ,

313 2287 403 2353 Qui
420 2289 731 2351 denegaruut
749 2287 967 2341 debitum
989 2287 1171 2341 cultum
1194 2287 1321 2353 Deo,

312 2347 404 2419 §_ed
431 2347 665 2419 puniendi
692 2365 705 2400 :
729 2360 839 2401 nam
860 2368 1001 2419 suum
1014 2354 1216 2419 crimen
1240 2347 1417 2405 videns

312 2409 415 2479 ἴδοι
432 2409 973 2479 indigebitqutcstione
998 2416 1168 2479 detegi
1188 2431 1201 2478 ;

314 2472 905 2542 Quoniam'inmiinentem
929 2472 1198 2542 νεωτενέοί
1215 2479 1385 2542 mortis
1408 2483 1584 2529 notam.

312 2534 509 2603 §ignum
528 2538 703 2588 salutis
725 2552 820 2588 non
844 2534 1083 2603 ger'entes
1103 2540 1361 2591 frontibus.

311 2596 537 2665 {caecatos
561 2608 747 2665 autem,
775 2610 831 2652 et.
845 2596 943 2651 non
969 2604 1141 2665 impius
1163 2608 1347 2665 tamen,

314 2658 427 2736 Quae
452 2674 629 2724 magna
652 2664 793 2736 turba
818 2673 911 2736 cst,
934 2658 1283 2736 non'resurget
1304 2658 1492 2728 gloriae,

312 2719 484 2788 Eerum
498 2719 746 2788 ,résurget
763 2719 1037 2788 deputanda
1062 2719 1274 2776 examini
1298 2719 1310 2777 ἐ

320 2738 484 2772 verum
507 2738 651 2773 resur
690 2738 746 2774 et
763 2738 1037 2788 deputanda
1062 2740 1274 2776 examini
1298 2741 1310 2777 :

312 2780 408 2857 ἔξεο
430 2786 558 2857 enim
582 2738 766 2837 δείξετε
790 2801 904 2857 cum
925 2790 1180 2851 piisjudex
1207 2796 1392 2851 potest,

315 2843 506 2911 gustum
530 2860 734 2898 suorum
754 2843 1044 2901 redditurus
1058 2843 1268 2911 actuum,

234 2938 239 2946 ι
316 2904 560 2973 Varieq‘ue
578 2912 739 2973 gestis
760 2919 843 2961 aut
865 2913 1157 2977 probandus,
1185 2904 1270 2963 aut
1290 2925 1423 2964 reus.

160 3004 387 3079 Tandem,
435 3024 490 3066 ut
535 3013 671 3071 alios
711 3016 1097 3080 mittamus,'S.
1124 3016 1394 3072 Ctesarius
1420 3031 1586 3071 serm.
1616 3017 1705 3083 77,
1770 3068 1773 3071 λ

1796 1836 1913 1877 seu
1941 1838 2168 1878 examen
2196 1832 2245 1879 et
2267 1822 2499 1894 cognitio
2546 1819 2793 1878 distincta
2843 1817 3085 1878 habenda
3135 1817 3254 1879 erit.
3309 1822 3396 1883 in-

1819 1914 1976 1970 terim
2005 1912 2136 1972 vei‘o
2166 1913 2413 1972 omnibus
2439 1913 2601 1987 iudex
2627 1930 2779 1971 suum
2803 1908 3031 1982 tribuet,
3050 1915 3229 1986 justis,
3261 1929 3395 1987 quos

1821 2009 2093 2064 honorabit
2123 2018 2177 2063 ut
2214 2010 2387 2080 ﬁlios;
2432 2009 2629 2081 impiis,
2671 2024 2805 2081 quos
2853 2009 3082 2077 carniﬁci
3125 2004 3413 2063 destinabit-

1816 2088 2008 2167 statim,
2038 2108 2141 2155 non
2162 2100 2461 2167 audiendos,
2492 2090 2582 2155 sed
2609 2099 3002 2171 com‘petentibus
3030 2099 3186 2167 pinnis
3213 2114 3395 2153 aman-

1817 2192 2048 2265 dandos;
2082 2201 2620 2263 peccatorcsautem
2662 2192 2869 2249 medios
2910 2189 3244 2262 ponderabit',
3288 2205 3395 2248 non

1818 2283 1961 2353 quod
1992 2284 2183 2339 horum
2207 2293 2357 2355 gesta
2389 2284 2567 2340 statim
2590 2276 2709 2353 post
2728 2292 2953 2340 martem
2978 2282 3263 2354 ponderata
3289 2299 3395 2339 non

1816 2375 2040 2443 fuerint,
2080 2391 2181 2432 nec
2210 2387 2318 2431 tum
2350 2376 2672 2433 sententiam
2717 2372 2826 2432 sibi
2847 2370 3079 2432 debitam
3116 2370 3397 2433 retulerim

1817 2470 1962 2543 (nam
1998 2480 2063 2525 tr.
2099 2470 2165 2525 16
2193 2469 2231 2524 1.
2261 2486 2312 2537 t,
2336 2485 2392 2525 n.
2425 2468 2459 2523 2
2480 2512 2494 2536 ,
2522 2468 2722 2524 animos
2750 2476 2948 2525 nostras
2977 2486 3185 2525 suarum
3207 2486 3393 2541 corpo-

1814 2577 1926 2615 rum
1946 2558 2112 2635 [cxrx]
2131 2562 2349 2617 exsuviis
2365 2567 2568 2616 exsules
2596 2578 2688 2631 pro
2715 2562 2957 2631 qualitate
2976 2562 3251 2632 factarum,
3269 2577 3388 2633 quae

1817 2666 1946 2708 sane
1983 2652 2243 2722 judicium
2291 2653 2360 2709 de
2404 2652 2560 2708 factis
2606 2661 2936 2723 supponunt,
2974 2651 3222 2725 quasdam
3265 2649 3390 2709 locis

1817 2746 2102 2817 poenalibus
2140 2746 2375 2819 relegari,
2408 2747 2655 2819 quasdam
2698 2746 2912 2817 placidis
2951 2742 3153 2803 sedibus
3179 2747 3396 2819 refoveri

1817 2838 2024 2912 tradit),
2049 2839 2143 2895 sed
2182 2840 2327 2911 quod
2356 2841 2406 2895 in
2439 2841 2601 2896 totius
2623 2837 2805 2895 mundi
2837 2848 3125 2911 conspectu
3166 2840 3281 2895 haec
3303 2855 3395 2897 ea-

1816 2930 1937 2985 dem
1966 2930 2189 3000 justitiae
2224 2930 2416 2986 divinae
2443 2933 2666 3002 aequitas
2695 2927 2907 3001 publico
2932 2932 3116 3002 judicii
3144 2931 3391 2988 examine

1814 3030 1999 3091 patere
2019 3021 2230 3078 debeat.
2264 3022 2350 3077 Ita
2375 3025 2490 3087 erit,
2524 3016 2635 3092 ipse
2663 3022 2719 3079 S.
2745 3018 2888 3079 Zeno
2917 3020 3205 3091 concludit,
3239 3032 3313 3094 ut,
3337 3026 3392 3080 in

161 3100 372 3169 Append.
412 3102 695 3177 Augustini
736 3124 885 3173 num.
915 3110 949 3164 4
976 3127 988 3162 :
1018 3110 1105 3163 Ad
1126 3112 1389 3183 judicium
1430 3111 1563 3164 enim
1605 3127 1706 3165 non
1734 3109 1782 3173 C
1811 3112 1927 3182 ipso
1957 3113 2165 3171 scilicet
2190 3117 2413 3187 extremi
2442 3111 2628 3186 judicii
2657 3116 2769 3183 die,
2784 3119 2942 3191 justis
2971 3130 3181 3187 corona,
3214 3135 3392 3189 pecca-

161 3196 335 3250 reniuut
362 3214 446 3253 nec
486 3200 701 3272 pagani,
732 3217 825 3255 nec
866 3202 1110 3273 heretici,
1150 3220 1239 3257 nec
1264 3202 1460 3267 Iudici,
1488 3203 1609 3272 quia
1643 3202 1705 3255 de

164 3284 269 3353 ipsis
288 3292 519 3360 scriptum
554 3304 630 3347 est
660 3308 680 3347 :
712 3293 813 3360 Qui
845 3310 945 3349 non
973 3276 1149 3359 credit,
1172 3297 1287 3367 jam
1300 3293 1569 3366 judicatus
1607 3302 1700 3348 est.

94 3376 99 3379 ’
220 3378 330 3445 Quis
356 3392 430 3438 tot
456 3374 643 3442 Patres'
686 3387 880 3441 similia
914 3388 1183 3463 tradentes
1210 3388 1411 3442 erroris
1450 3400 1703 3443 accusare

162 3470 339 3540 audeat,
366 3485 417 3531 et
452 3493 559 3534 non
593 3479 770 3547 potius
815 3480 1078 3550 intelligat
1111 3494 1229 3537 eam
1280 3481 1332 3535 in
1376 3482 1701 3536 sententiam

164 3576 318 3618 eorum
345 3568 641 3625 testimonia
674 3570 989 3640 explicanda
1018 3584 1158 3636 esse,
1190 3581 1248 3625 ut
1273 3561 1410 3628 'vere
1439 3588 1544 3627 non
1577 3588 1705 3629 exe-

165 3656 329 3711 merint
349 3661 411 3715 ab
433 3672 694 3734 extremo
711 3652 1131 3737 judicioimpi’os
1162 3665 1250 3720 vel
1273 3664 1534 3730 inﬁdeles,
1568 3681 1703 3736 quos

166 3744 254 3803 Deo
269 3750 513 3820 judicanti
531 3754 809 3811 adiuturos
837 3759 1071 3823 confessi
1099 3768 1244 3824 sum,
1270 3758 1369 3812 sed
1388 3758 1527 3812 aliud
1552 3758 1705 3828 quid-

167 3844 280 3911 piam
308 3848 587 3916 innuerint,
612 3849 760 3919 quod
786 3865 909 3905 cum
936 3850 1198 3905 catholico
1222 3850 1469 3921 dogmate
1491 3866 1595 3905 non
1622 3866 1709 3905 re-

168 3940 360 4006 pugnet?
395 3939 449 3996 ld
492 3956 624 3998 sane
652 3943 937 3998 sententiae
980 3958 1045 3998 ex
1093 3944 1329 3999 omnium
1374 3944 1705 3999 testimonio-

171 4042 266 4083 rum
289 4032 559 4097 collatione
590 4035 746 4092 facile
775 4034 1009 4113 elicitur.
1038 4033 1217 4107 Primo
1248 4051 1345 4092 nec
1376 4037 1580 4107 piorum
1604 4051 1705 4092 nec

168 4122 410 4203 impiorum
439 4131 885 4187 resurrectionem
906 4140 1133 4202 negant,
1181 4130 1285 4214 sed
1307 4145 1704 4187 resurrecturus

167 4217 346 4283 quidem
376 4221 543 4288 aiunt,
574 4208 682 4279 non
733 4235 908 4280 tamen
939 4224 993 4279 in
1018 4208 1301 4294 judicium,
1332 4225 1473 4295 quod
1505 4225 1571 4280 de
1598 4226 1701 4280 im-

169 4306 441 4377 piis’diserte
467 4316 756 4372 afﬁrmant.
789 4317 1256 4373 Resurrectionem
1277 4332 1435 4388 porro
1455 4326 1565 4372 tum
1589 4318 1704 4389 jus-

173 4410 335 4472 lorum,
364 4415 466 4463 tum
506 4410 855 4468 scelestarum
887 4409 1161 4465 hominum
1187 4420 1371 4466 noster
1406 4420 1597 4477 auctor
1617 4413 1717 4468 lu-"

1792 3195 2001 3259 toribus
2032 3196 2435 3274 aut'excusatis,
2482 3216 2572 3261 aut
2601 3201 2876 3263 attendatis
2916 3210 3255 3281 indulgentia,
3293 3211 3392 3266 int-

1808 3297 1905 3366 piis
1928 3303 2095 3350 autem
2123 3306 2313 3353 (eterna
2344 3314 2490 3367 paena
2529 3286 2799 3355 tribuatur.
2822 3298 2878 3354 In
2906 3302 3097 3370 quibus
3125 3301 3171 3356 si
3196 3316 3389 3373 pecca-

1807 3400 1983 3445 torum
2015 3398 2223 3444 tantum
2250 3387 2313 3447 ﬁt
2354 3391 2575 3456 mentio,
2601 3396 2754 3463 queis
2776 3382 3063 3461 excusatis,
3096 3394 3175 3449 vel
3202 3380 3403 3451 emenQ

1805 3479 1947 3535 datis
1969 3481 2340 3555 indulgentiam
2373 3482 2627 3553 tributum
2660 3484 2723 3539 iri
2770 3482 3089 3559 afﬁrmatur,
3123 3501 3279 3541 nemo
3308 3483 3389 3541 id-

1807 3570 1950 3627 circo
1978 3561 2294 3643 peccatores
2337 3560 2904 3645 mediosinter'justo/s
2950 3586 3003 3630 et
3030 3573 3243 3645 impios,
3276 3572 3381 3641 vel,

1808 3672 1865 3718 ut
1903 3679 1967 3718 ex
1995 3659 2251 3720 contextu
2284 3664 2469 3735 liquet,
2501 3658 2836 3721 Cﬁrisiiauos
2878 3674 3183 3739 peccatores
3213 3667 3387 3721 indul-

1806 3757 2042 3826 gentiam
2076 3759 2128 3812 in
2153 3758 2340 3828 judicii
2365 3758 2452 3813 die
2479 3759 2824 3812 adsecuturos
2854 3752 3121 3812 Zenonem
3151 3760 3385 3815 sensisse

1806 3848 2054 3920 colligat;
2087 3850 2228 3919 quod
2259 3852 2308 3902 in
2341 3851 2502 3918 alium
2532 3850 2754 3903 aliorum
2785 3864 3021 3903 errorem
3050 3847 3340 3905 declinaret
3368 3870 3381 3905 :

1764 3978 1768 3982 -
1807 3954 1929 3995 nam
1956 3957 2018 3995 ex
2069 3940 2258 3993 iisdem
2310 3938 2685 4007 peccatoribus,
2733 3954 2825 3994 seu
2853 3936 3171 3995 Christianis
3196 3941 3385 3997 mediis

1808 4033 1987 4103 plures
2013 4030 2241 4095 futuros,
2287 4031 2375 4101 qui
2425 4045 2522 4085 nec
2550 4032 2806 4097 excusati,
2842 4048 2940 4087 nec
2980 4034 3246 4089 emendati
3277 4034 3380 4089 im-

1808 4126 2040 4195 piorum,
2072 4134 2165 4178 Seu
2208 4110 2600 4179 incredulorum
2628 4124 2789 4180 linem
2829 4125 3069 4195 adibunt,
3097 4128 3294 4182 Auctor
3321 4138 3385 4182 se‘

1806 4217 2020 4273 novisse
2044 4216 2213 4287 palam
2240 4216 2415 4286 prodit
2437 4226 2590 4271 tract.
2621 4216 2687 4272 l6
2730 4218 2819 4273 lib.
2849 4224 3046 4284 πωπω.
3069 4219 3153 4286 li,
3172 4235 3290 4279 cum
3313 4220 3380 4277 de

1808 4312 2128 4380 injustorum
2156 4311 2551 4366 resurrectione
2584 4310 2828 4382 loquens,
2856 4327 2971 4367 eam
3000 4327 3119 4369 esse
3143 4315 3235 4377 ait,
3266 4329 3378 4383 quia

1807 4404 1991 4473 impios
2017 4420 2132 4458 cum
2163 4404 2510 4474 peccatoribus
2542 4404 2886 4475 universisque
2922 4394 3191 4459 increduli.»
3218 4406 3379 4474 genti-

170 4495 373 4572 cnlenter
397 4500 593 4575 adserit
611 4500 705 4556 lib.
737 4516 753 4555 ι
778 4506 929 4555 tract.
958 4502 1042 4567 16,
1078 4518 1227 4557 num.
1257 4502 1344 4556 ll.
1375 4495 1543 4557 Porro
1563 4503 1704 4573 judi-
1730 4488 1784 4559 D
1809 4498 1899 4554 bus
1926 4499 2134 4571 perenni
2161 4499 2377 4553 destinat
2397 4514 2572 4568 pmnw.
2599 4497 2889 4567 Perspicua
2912 4501 3071 4554 etiam
3127 4509 3236 4565 .mt,
3258 4515 3379 4569 quae

172 4584 284 4639 cium
308 4603 417 4644 cum
444 4601 658 4661 negant,
685 4607 789 4645 non
812 4590 942 4646 illud
966 4601 1179 4664 negant,
1203 4594 1374 4663 justus
1397 4594 1480 4650 vel
1512 4595 1703 4664 impius

174 4674 215 4729 in
239 4680 483 4737 novissimi
504 4681 691 4757 judicii
721 4673 824 4738 die.
847 4671 970 4739 ante
1005 4678 1204 4741 Christi
1235 4686 1469 4742 tribunal
1496 4687 1705 4743 adfutu-

174 4781 266 4835 ros,
290 4786 378 4828 nec
401 4773 452 4828 in
490 4790 553 4831 eo
582 4775 782 4835 alteros
811 4772 864 4832 in
893 4777 1145 4833 aeternam
1191 4779 1439 4851 gloriam,
1483 4781 1537 4835 in
1576 4790 1703 4851 Sup-

178 4860 353 4929 plicium
380 4871 763 4940 snmpitcrnum
788 4872 986 4927 alteros
1014 4888 1365 4930 concessuros
1398 4894 1410 4929 :
1445 4875 1537 4931 sed
1561 4876 1708 4947 judi-

177 4953 285 5008 cium
308 4973 396 5029 pro
423 4978 585 5017 causa:
632 4965 801 5019 dubia:
830 4968 1059 5022 examine
1099 4980 1396 5035 sumentes,
1433 4969 1530 5023 hoc
1561 4970 1706 5025 affir-

177 5056 293 5103 mant
318 5066 489 5121 unum,
518 5056 569 5110 in
615 5073 778 5113 causa
835 5070 977 5113 certa
1011 5070 1118 5114 tum
1147 5060 1410 5130 justorum
1447 5061 1702 5127 ﬁdelium,

180 5144 265 5192 tum
287 5141 559 5202 inﬁdelium
590 5149 899 5218 impiorum,
935 5152 1133 5220 judicio
1170 5166 1264 5205 seu
1310 5153 1538 5205 examine
1570 5168 1706 5220 opus

181 5240 262 5284 non
296 5232 532 5303 futurum,
560 5240 701 5309 quod
745 5242 883 5295 ratio
911 5240 1216 5295 Zenoniana
1244 5249 1427 5309 aperte
1472 5243 1659 5309 probat
1690 5258 1701 5291 :

182 5318 397 5383 iudicium
436 5336 564 5386 enim
600 5350 663 5388 at:
704 5333 955 5401 ambiguis
996 5335 1143 5385 rebus
1180 5334 1395 5396 exsistit,
1441 5343 1543 5384 etc.
1574 5332 1706 5386 llinc

184 5429 301 5473 unm.
324 5422 476 5493 Qjam
509 5426 630 5481 inde
680 5442 706 5477 n
742 5433 914 5479 morte
946 5427 1117 5495 justas
1158 5426 1272 5477 vita:
1306 5433 1582 5492 perpetuat,
1613 5424 1709 5475 im—

190 5509 275 5571 Ρίοσ
295 5522 467 5569 eterna
506 5517 762 5585 supplicio
788 5516 1069 5567 desnnaras‘
1110 5513 1400 5576 afﬁrmans,
1431 5513 1577 5565 nulla
1602 5530 1706 5581 eos,

188 5595 337 5669 inquit,
361 5610 571 5675 cognitio
596 5613 852 5677 exspectnt
890 5606 1120 5670 ulterius,
1169 5605 1253 5658 ubi
1286 5606 1508 5688 cognitio
1527 5606 1711 5675 judicii

192 5700 338 5760 genus,
362 5695 492 5763 quod
534 5705 756 5766 negatur
787 5696 1172 5760 necessarium,
1198 5695 1374 5750 nolam
1427 5695 1711 5766 signiﬁcat,

1812 4596 1880 4652 de
1906 4596 2163 4664 operibus
2203 4607 2253 4652 et
2282 4596 2541 4652 charitate
2572 4609 2675 4649 una
2721 4609 2839 4649 cum
2878 4593 2981 4649 ﬁde
3006 4610 3034 4649 a
3076 4593 3377 4654 Christiano

1807 4688 2114 4760 jungendis,
2160 4699 2211 4741 ut
2238 4687 2515 4741 immortali
2562 4686 2867 4741 beatitudine
2893 4690 3207 4758 perfruatur,
3250 4688 3376 4745 alibi

1812 4785 1970 4840 docet
2002 4798 2158 4852 :qum
2186 4798 2304 4836 cum
2344 4796 2461 4850 cap.
2515 4780 2547 4834 6
2587 4780 2860 4850 praesentis
2884 4780 3266 4836 dissertationis
3292 4781 3377 4837 in-

1810 4880 1982 4934 dicata
2011 4892 2037 4931 a
2070 4878 2223 4931 nobis
2249 4874 2463 4940 fuerint,
2494 4889 2558 4928 eo
2580 4874 2833 4930 lectorem
2854 4874 3190 4929 remittimus.

2430 5008 2653 5064 CAPUT
2683 5009 2749 5063 Χι.

1899 5139 2189 5179 SENTENTIA
2239 5139 2284 5177 S.
2329 5140 2545 5178 ZENONlS
2610 5141 2675 5179 DE
2723 5136 2986 5177 IUSTARUM
3016 5136 3289 5181 ANIMARUH

2295 5206 2463 5270 sinu
2500 5227 2633 5268 pos'r
2654 5228 2885 5268 nomen;

1888 5328 1960 5381 Ex
1993 5328 2297 5382 constitutis
2327 5328 2585 5397 superiori
2612 5328 2906 5396 capitenna
2938 5325 3194 5380 dubitatio
3220 5326 3385 5381 subo-

1817 5424 1905 5477 riri
1933 5431 2128 5490 potest,
2160 5432 2331 5476 utrum
2364 5424 2592 5487 Auctor,
2626 5422 2713 5489 qui
2743 5422 2809 5472 ita
2836 5420 2989 5487 justis
3020 5419 3068 5470 in
3095 5418 3279 5485 judicii
3300 5420 3388 5476 die

1818 5527 2057 5566 coronam
2089 5512 2403 5565 tribuendam
2430 5510 2711 5564 afﬁrmavit
2736 5518 2886 5563 tract.
2920 5506 2983 5560 Ἡ
3021 5507 3109 5562 lib.
3144 5522 3203 5571 tt,
3236 5524 3386 5563 num.

1820 5608 1875 5672 '5,
1904 5616 1962 5660 ut
1990 5620 2172 5660 eorum
2196 5606 2398 5658 animas
2422 5612 2541 5672 post
2578 5608 2803 5657 mortem
2847 5599 3061 5669 placidis
3085 5598 3283 5653 sedibus
3312 5617 3392 5654 re-

1823 5698 1985 5765 foveri
2019 5695 2295 5751 tradiderit
2322 5704 2475 5750 tract.
2509 5694 2596 5748 l6.
2626 5693 2720 5747 lib.
2756 5695 2780 5745 1
2812 5707 2959 5746 unm.
2991 5691 3045 5759 2,
3074 5700 3246 5746 utrum
3276 5732 3291 5760 ,
3316 5692 3369 5747 iu
