  <div class='ocr_page' id='page_1' title='image "/cluster/home/n/w/nwhite01/storage/ocr_20150623/11/uva.x000826576/079.png"; bbox 0 0 3826 6226; ppageno 0'>
   <div class='ocr_carea' id='block_1_1' title="bbox 434 269 540 326">
    <p class='ocr_par' dir='ltr' id='par_1_1' title="bbox 434 269 540 326">
     <span class='ocr_line' id='line_1_1' title="bbox 434 269 540 326; baseline -0.019 0"><span class='ocrx_word' id='word_1_1' title='bbox 434 269 540 326; x_wconf 74' lang='grc'><strong>145</strong></span> 
     </span>
    </p>
   </div>
   <div class='ocr_carea' id='block_1_2' title="bbox 444 471 2023 547">
    <p class='ocr_par' dir='ltr' id='par_1_2' title="bbox 444 471 2023 547">
     <span class='ocr_line' id='line_1_2' title="bbox 444 471 2023 547; baseline -0.006 -13"><span class='ocrx_word' id='word_1_2' title='bbox 444 479 606 534; x_wconf 73' lang='lat' dir='ltr'><strong>doxis</strong></span> <span class='ocrx_word' id='word_1_3' title='bbox 625 475 936 547; x_wconf 90' lang='lat' dir='ltr'><strong>quibusdam</strong></span> <span class='ocrx_word' id='word_1_4' title='bbox 964 475 1131 530; x_wconf 84' lang='lat' dir='ltr'><strong>nostri</strong></span> <span class='ocrx_word' id='word_1_5' title='bbox 1165 472 1418 543; x_wconf 88' lang='lat' dir='ltr'><strong>temporis</strong></span> <span class='ocrx_word' id='word_1_6' title='bbox 1456 473 1767 537; x_wconf 62' lang='lat' dir='ltr'><strong>exi-itatam,</strong></span> <span class='ocrx_word' id='word_1_7' title='bbox 1799 487 1886 542; x_wconf 82' lang='lat' dir='ltr'><strong>qm</strong></span> <span class='ocrx_word' id='word_1_8' title='bbox 1910 471 2023 540; x_wconf 84' lang='lat' dir='ltr'><strong>jus-</strong></span> 
     </span>
    </p>
   </div>
   <div class='ocr_carea' id='block_1_3' title="bbox 446 568 2023 640">
    <p class='ocr_par' dir='ltr' id='par_1_3' title="bbox 446 568 2023 640">
     <span class='ocr_line' id='line_1_3' title="bbox 446 568 2023 640; baseline -0.006 -15"><span class='ocrx_word' id='word_1_9' title='bbox 446 571 515 625; x_wconf 83' lang='lat' dir='ltr'><strong>lis</strong></span> <span class='ocrx_word' id='word_1_10' title='bbox 546 579 665 640; x_wconf 86' lang='lat' dir='ltr'><strong>post</strong></span> <span class='ocrx_word' id='word_1_11' title='bbox 703 570 1149 623; x_wconf 86' lang='lat' dir='ltr'><strong>resurrectionem</strong></span> <span class='ocrx_word' id='word_1_12' title='bbox 1199 576 1401 621; x_wconf 85' lang='lat' dir='ltr'><strong>tantum</strong></span> <span class='ocrx_word' id='word_1_13' title='bbox 1436 568 1713 634; x_wconf 66' lang='lat' dir='ltr'><strong>prmmiunt</strong></span> <span class='ocrx_word' id='word_1_14' title='bbox 1764 573 2023 618; x_wconf 64' lang='lat' dir='ltr'><strong>aeternum</strong></span> 
     </span>
    </p>
   </div>
   <div class='ocr_carea' id='block_1_4' title="bbox 445 656 2026 729">
    <p class='ocr_par' dir='ltr' id='par_1_4' title="bbox 445 656 2026 729">
     <span class='ocr_line' id='line_1_4' title="bbox 445 656 2026 729; baseline -0.006 -10"><span class='ocrx_word' id='word_1_15' title='bbox 445 664 500 719; x_wconf 88' lang='lat' dir='ltr'><strong>in</strong></span> <span class='ocrx_word' id='word_1_16' title='bbox 527 664 678 721; x_wconf 70' lang='lat' dir='ltr'><strong>cmlis</strong></span> <span class='ocrx_word' id='word_1_17' title='bbox 702 678 821 719; x_wconf 92' lang='lat' dir='ltr'><strong>cum</strong></span> <span class='ocrx_word' id='word_1_18' title='bbox 851 656 942 718; x_wconf 85' lang='lat' dir='ltr'><strong>Dei</strong></span> <span class='ocrx_word' id='word_1_19' title='bbox 971 660 1179 717; x_wconf 84' lang='lat' dir='ltr'><strong>visione</strong></span> <span class='ocrx_word' id='word_1_20' title='bbox 1213 658 1623 729; x_wconf 90' lang='lat' dir='ltr'><strong>impertiendum</strong></span> <span class='ocrx_word' id='word_1_21' title='bbox 1654 658 1912 718; x_wconf 87' lang='lat' dir='ltr'><strong>docuere.</strong></span> <span class='ocrx_word' id='word_1_22' title='bbox 1944 657 2026 710; x_wconf 82' lang='lat' dir='ltr'><strong>iu-</strong></span> 
     </span>
    </p>
   </div>
   <div class='ocr_carea' id='block_1_5' title="bbox 445 747 2027 821">
    <p class='ocr_par' dir='ltr' id='par_1_5' title="bbox 445 747 2027 821">
     <span class='ocr_line' id='line_1_5' title="bbox 445 747 2027 821; baseline -0.005 -11"><span class='ocrx_word' id='word_1_23' title='bbox 445 756 600 812; x_wconf 91' lang='lat' dir='ltr'><strong>terim</strong></span> <span class='ocrx_word' id='word_1_24' title='bbox 627 769 752 810; x_wconf 87' lang='lat' dir='ltr'><strong>vero</strong></span> <span class='ocrx_word' id='word_1_25' title='bbox 778 767 966 809; x_wconf 87' lang='lat' dir='ltr'><strong>eorum</strong></span> <span class='ocrx_word' id='word_1_26' title='bbox 989 754 1196 808; x_wconf 89' lang='lat' dir='ltr'><strong>animas</strong></span> <span class='ocrx_word' id='word_1_27' title='bbox 1225 751 1433 821; x_wconf 79' lang='lat' dir='ltr'><strong>placido</strong></span> <span class='ocrx_word' id='word_1_28' title='bbox 1469 750 1649 819; x_wconf 88' lang='lat' dir='ltr'><strong>aliquo</strong></span> <span class='ocrx_word' id='word_1_29' title='bbox 1676 751 1727 804; x_wconf 93' lang='lat' dir='ltr'><strong>in</strong></span> <span class='ocrx_word' id='word_1_30' title='bbox 1756 747 2027 803; x_wconf 86' lang='lat' dir='ltr'><strong>domicilio</strong></span> 
     </span>
    </p>
   </div>
   <div class='ocr_carea' id='block_1_6' title="bbox 445 841 2029 917">
    <p class='ocr_par' dir='ltr' id='par_1_6' title="bbox 445 841 2029 917">
     <span class='ocr_line' id='line_1_6' title="bbox 445 841 2029 917; baseline -0.005 -13"><span class='ocrx_word' id='word_1_31' title='bbox 445 848 800 917; x_wconf 81' lang='lat' dir='ltr'><strong>requiescere,</strong></span> <span class='ocrx_word' id='word_1_32' title='bbox 833 846 1006 917; x_wconf 84' lang='lat' dir='ltr'><strong>quoad</strong></span> <span class='ocrx_word' id='word_1_33' title='bbox 1032 844 1257 901; x_wconf 80' lang='lat' dir='ltr'><strong>extremi</strong></span> <span class='ocrx_word' id='word_1_34' title='bbox 1294 844 1480 913; x_wconf 89' lang='lat' dir='ltr'><strong>judicii</strong></span> <span class='ocrx_word' id='word_1_35' title='bbox 1523 844 1639 897; x_wconf 89' lang='lat' dir='ltr'><strong>dies</strong></span> <span class='ocrx_word' id='word_1_36' title='bbox 1682 841 1876 898; x_wconf 71' lang='lat' dir='ltr'><strong>omium</strong></span> <span class='ocrx_word' id='word_1_37' title='bbox 1922 841 2029 896; x_wconf 89' lang='lat' dir='ltr'><strong>eis-</strong></span> 
     </span>
    </p>
   </div>
   <div class='ocr_carea' id='block_1_7' title="bbox 446 933 2030 1007">
    <p class='ocr_par' dir='ltr' id='par_1_7' title="bbox 446 933 2030 1007">
     <span class='ocr_line' id='line_1_7' title="bbox 446 933 2030 1007; baseline -0.006 -12"><span class='ocrx_word' id='word_1_38' title='bbox 446 940 570 997; x_wconf 88' lang='lat' dir='ltr'><strong>dem</strong></span> <span class='ocrx_word' id='word_1_39' title='bbox 624 938 924 1007; x_wconf 80' lang='lat' dir='ltr'><strong>patefaciat.</strong></span> <span class='ocrx_word' id='word_1_40' title='bbox 982 938 1094 992; x_wconf 89' lang='lat' dir='ltr'><strong>llue</strong></span> <span class='ocrx_word' id='word_1_41' title='bbox 1136 936 1369 992; x_wconf 78' lang='lat' dir='ltr'><strong>conferri</strong></span> <span class='ocrx_word' id='word_1_42' title='bbox 1419 935 1579 990; x_wconf 91' lang='lat' dir='ltr'><strong>etiam</strong></span> <span class='ocrx_word' id='word_1_43' title='bbox 1627 933 1793 989; x_wconf 89' lang='lat' dir='ltr'><strong>videri</strong></span> <span class='ocrx_word' id='word_1_44' title='bbox 1854 939 2030 1001; x_wconf 58' lang='lat' dir='ltr'><strong>potem.</strong></span> 
     </span>
    </p>
   </div>
   <div class='ocr_carea' id='block_1_8' title="bbox 445 1025 2025 1089">
    <p class='ocr_par' dir='ltr' id='par_1_8' title="bbox 445 1025 2025 1089">
     <span class='ocr_line' id='line_1_8' title="bbox 445 1025 2025 1089; baseline -0.004 -2"><span class='ocrx_word' id='word_1_45' title='bbox 445 1030 589 1087; x_wconf 77' lang='lat' dir='ltr'><strong>aliud</strong></span> <span class='ocrx_word' id='word_1_46' title='bbox 615 1031 850 1086; x_wconf 77' lang='lat' dir='ltr'><strong>Zenonis</strong></span> <span class='ocrx_word' id='word_1_47' title='bbox 874 1029 1237 1086; x_wconf 83' lang='lat' dir='ltr'><strong>testimonium</strong></span> <span class='ocrx_word' id='word_1_48' title='bbox 1265 1042 1332 1084; x_wconf 81' lang='lat' dir='ltr'><strong>ex</strong></span> <span class='ocrx_word' id='word_1_49' title='bbox 1361 1037 1515 1083; x_wconf 89' lang='lat' dir='ltr'><strong>tract.</strong></span> <span class='ocrx_word' id='word_1_50' title='bbox 1550 1026 1611 1082; x_wconf 73' lang='lat' dir='ltr'><strong>l2</strong></span> <span class='ocrx_word' id='word_1_51' title='bbox 1636 1026 1728 1081; x_wconf 87' lang='lat' dir='ltr'><strong>lib.</strong></span> <span class='ocrx_word' id='word_1_52' title='bbox 1763 1042 1799 1085; x_wconf 78' lang='grc' dir='ltr'><strong>ι,</strong></span> <span class='ocrx_word' id='word_1_53' title='bbox 1825 1025 1876 1079; x_wconf 93' lang='lat' dir='ltr'><strong>in</strong></span> <span class='ocrx_word' id='word_1_54' title='bbox 1901 1026 2025 1089; x_wconf 87' lang='lat' dir='ltr'><strong>line.</strong></span> 
     </span>
    </p>
   </div>
   <div class='ocr_carea' id='block_1_9' title="bbox 446 1118 2030 1191">
    <p class='ocr_par' dir='ltr' id='par_1_9' title="bbox 446 1118 2030 1191">
     <span class='ocr_line' id='line_1_9' title="bbox 446 1118 2030 1191; baseline -0.007 -9"><span class='ocrx_word' id='word_1_55' title='bbox 446 1126 565 1182; x_wconf 91' lang='lat' dir='ltr'><strong>ubi:</strong></span> <span class='ocrx_word' id='word_1_56' title='bbox 600 1124 821 1179; x_wconf 82' lang='lat' dir='ltr'><strong>Dubium</strong></span> <span class='ocrx_word' id='word_1_57' title='bbox 845 1139 951 1177; x_wconf 88' lang='lat' dir='ltr'><strong>non</strong></span> <span class='ocrx_word' id='word_1_58' title='bbox 979 1130 1085 1188; x_wconf 87' lang='lat' dir='ltr'><strong>est,</strong></span> <span class='ocrx_word' id='word_1_59' title='bbox 1119 1122 1311 1191; x_wconf 89' lang='lat' dir='ltr'><strong>inquit,</strong></span> <span class='ocrx_word' id='word_1_60' title='bbox 1338 1123 1647 1175; x_wconf 79' lang='lat' dir='ltr'><strong>uoluntatem</strong></span> <span class='ocrx_word' id='word_1_61' title='bbox 1676 1129 1924 1181; x_wconf 83' lang='lat' dir='ltr'><strong>nostrum.</strong></span> <span class='ocrx_word' id='word_1_62' title='bbox 1947 1118 2030 1172; x_wconf 89' lang='lat' dir='ltr'><strong>cui</strong></span> 
     </span>
    </p>
   </div>
   <div class='ocr_carea' id='block_1_10' title="bbox 449 1206 2029 1291">
    <p class='ocr_par' dir='ltr' id='par_1_10' title="bbox 449 1206 2029 1291">
     <span class='ocr_line' id='line_1_10' title="bbox 449 1206 2029 1291; baseline -0.008 -17"><span class='ocrx_word' id='word_1_63' title='bbox 449 1235 498 1274; x_wconf 89' lang='lat' dir='ltr'><strong>se</strong></span> <span class='ocrx_word' id='word_1_64' title='bbox 513 1217 743 1291; x_wconf 71' lang='lat' dir='ltr'><strong>junxerit</strong></span> <span class='ocrx_word' id='word_1_65' title='bbox 767 1215 925 1288; x_wconf 82' lang='lat' dir='ltr'><strong>parti,</strong></span> <span class='ocrx_word' id='word_1_66' title='bbox 954 1214 1178 1285; x_wconf 76' lang='lat' dir='ltr'><strong>prtebere</strong></span> <span class='ocrx_word' id='word_1_67' title='bbox 1212 1214 1496 1273; x_wconf 82' lang='lat' dir='ltr'><strong>victoriam.</strong></span> <span class='ocrx_word' id='word_1_68' title='bbox 1528 1213 1735 1283; x_wconf 77' lang='lat' dir='ltr'><strong>ejusque</strong></span> <span class='ocrx_word' id='word_1_69' title='bbox 1772 1211 1825 1264; x_wconf 90' lang='lat' dir='ltr'><strong>in</strong></span> <span class='ocrx_word' id='word_1_70' title='bbox 1859 1206 2029 1264; x_wconf 80' lang='lat' dir='ltr'><strong>resur-</strong></span> 
     </span>
    </p>
   </div>
   <div class='ocr_carea' id='block_1_11' title="bbox 446 1294 2026 1375">
    <p class='ocr_par' dir='ltr' id='par_1_11' title="bbox 446 1294 2026 1375">
     <span class='ocr_line' id='line_1_11' title="bbox 446 1294 2026 1375; baseline -0.006 -12"><span class='ocrx_word' id='word_1_71' title='bbox 446 1308 667 1363; x_wconf 87' lang='lat' dir='ltr'><strong>rectione</strong></span> <span class='ocrx_word' id='word_1_72' title='bbox 701 1314 793 1360; x_wconf 88' lang='lat' dir='ltr'><strong>aut</strong></span> <span class='ocrx_word' id='word_1_73' title='bbox 845 1304 1055 1372; x_wconf 68' lang='lat' dir='ltr'><strong>praemio</strong></span> <span class='ocrx_word' id='word_1_74' title='bbox 1096 1294 1295 1375; x_wconf 74' lang='lat' dir='ltr'><strong>perfrui</strong></span> <span class='ocrx_word' id='word_1_75' title='bbox 1342 1303 1592 1373; x_wconf 88' lang='lat' dir='ltr'><strong>perenni,</strong></span> <span class='ocrx_word' id='word_1_76' title='bbox 1638 1310 1727 1355; x_wconf 86' lang='lat' dir='ltr'><strong>aut</strong></span> <span class='ocrx_word' id='word_1_77' title='bbox 1767 1300 2026 1354; x_wconf 71' lang='lat' dir='ltr'><strong>consimili</strong></span> 
     </span>
    </p>
   </div>
   <div class='ocr_carea' id='block_1_12' title="bbox 446 1395 2027 1469">
    <p class='ocr_par' dir='ltr' id='par_1_12' title="bbox 446 1395 2027 1469">
     <span class='ocr_line' id='line_1_12' title="bbox 446 1395 2027 1469; baseline -0.004 -15"><span class='ocrx_word' id='word_1_78' title='bbox 446 1416 594 1469; x_wconf 68' lang='lat' dir='ltr'><strong>pana</strong></span> <span class='ocrx_word' id='word_1_79' title='bbox 622 1397 811 1468; x_wconf 85' lang='lat' dir='ltr'><strong>puniri.</strong></span> <span class='ocrx_word' id='word_1_80' title='bbox 835 1396 907 1451; x_wconf 84' lang='lat' dir='ltr'><strong>At</strong></span> <span class='ocrx_word' id='word_1_81' title='bbox 934 1397 1019 1452; x_wconf 85' lang='lat' dir='ltr'><strong>hic</strong></span> <span class='ocrx_word' id='word_1_82' title='bbox 1048 1408 1350 1466; x_wconf 82' lang='lat' dir='ltr'><strong>postremus</strong></span> <span class='ocrx_word' id='word_1_83' title='bbox 1380 1395 1531 1450; x_wconf 84' lang='lat' dir='ltr'><strong>locus</strong></span> <span class='ocrx_word' id='word_1_84' title='bbox 1555 1410 1620 1449; x_wconf 82' lang='lat' dir='ltr'><strong>ex</strong></span> <span class='ocrx_word' id='word_1_85' title='bbox 1651 1396 2027 1449; x_wconf 68' lang='lat' dir='ltr'><strong>haereticorum</strong></span> 
     </span>
    </p>
   </div>
   <div class='ocr_carea' id='block_1_13' title="bbox 444 1484 2032 1556">
    <p class='ocr_par' dir='ltr' id='par_1_13' title="bbox 444 1484 2032 1556">
     <span class='ocr_line' id='line_1_13' title="bbox 444 1484 2032 1556; baseline -0.005 -10"><span class='ocrx_word' id='word_1_86' title='bbox 444 1490 696 1546; x_wconf 87' lang='lat' dir='ltr'><strong>manibus</strong></span> <span class='ocrx_word' id='word_1_87' title='bbox 723 1488 875 1542; x_wconf 82' lang='lat' dir='ltr'><strong>facile</strong></span> <span class='ocrx_word' id='word_1_88' title='bbox 895 1486 1191 1556; x_wconf 89' lang='lat' dir='ltr'><strong>eripitur,si</strong></span> <span class='ocrx_word' id='word_1_89' title='bbox 1212 1485 1616 1542; x_wconf 75' lang='lat' dir='ltr'><strong>consideremus</strong></span> <span class='ocrx_word' id='word_1_90' title='bbox 1642 1486 1813 1555; x_wconf 89' lang='lat' dir='ltr'><strong>primo</strong></span> <span class='ocrx_word' id='word_1_91' title='bbox 1834 1484 1901 1539; x_wconf 91' lang='lat' dir='ltr'><strong>de</strong></span> <span class='ocrx_word' id='word_1_92' title='bbox 1920 1484 2032 1553; x_wconf 89' lang='lat' dir='ltr'><strong>jus-</strong></span> 
     </span>
    </p>
   </div>
   <div class='ocr_carea' id='block_1_14' title="bbox 451 1578 2027 1649">
    <p class='ocr_par' dir='ltr' id='par_1_14' title="bbox 451 1578 2027 1649">
     <span class='ocr_line' id='line_1_14' title="bbox 451 1578 2027 1649; baseline -0.003 -14"><span class='ocrx_word' id='word_1_93' title='bbox 451 1592 630 1636; x_wconf 89' lang='lat' dir='ltr'><strong>torum</strong></span> <span class='ocrx_word' id='word_1_94' title='bbox 655 1579 876 1649; x_wconf 60' lang='lat' dir='ltr'><strong>praemio</strong></span> <span class='ocrx_word' id='word_1_95' title='bbox 897 1578 1119 1649; x_wconf 86' lang='lat' dir='ltr'><strong>perinde</strong></span> <span class='ocrx_word' id='word_1_96' title='bbox 1140 1578 1301 1634; x_wconf 85' lang='lat' dir='ltr'><strong>scribi</strong></span> <span class='ocrx_word' id='word_1_97' title='bbox 1320 1621 1335 1643; x_wconf 95' lang='lat'><strong>,</strong></span> <span class='ocrx_word' id='word_1_98' title='bbox 1362 1592 1425 1633; x_wconf 91' lang='lat' dir='ltr'><strong>ac</strong></span> <span class='ocrx_word' id='word_1_99' title='bbox 1448 1578 1515 1633; x_wconf 92' lang='lat' dir='ltr'><strong>de</strong></span> <span class='ocrx_word' id='word_1_100' title='bbox 1539 1592 1693 1647; x_wconf 63' lang='lat' dir='ltr'><strong>paena</strong></span> <span class='ocrx_word' id='word_1_101' title='bbox 1723 1579 2027 1647; x_wconf 88' lang='lat' dir='ltr'><strong>impiorum;</strong></span> 
     </span>
    </p>
   </div>
   <div class='ocr_carea' id='block_1_15' title="bbox 447 1670 2029 1742">
    <p class='ocr_par' dir='ltr' id='par_1_15' title="bbox 447 1670 2029 1742">
     <span class='ocr_line' id='line_1_15' title="bbox 447 1670 2029 1742; baseline -0.002 -14"><span class='ocrx_word' id='word_1_102' title='bbox 447 1688 677 1742; x_wconf 87' lang='lat' dir='ltr'><strong>quorum</strong></span> <span class='ocrx_word' id='word_1_103' title='bbox 707 1682 884 1727; x_wconf 84' lang='lat' dir='ltr'><strong>tamen</strong></span> <span class='ocrx_word' id='word_1_104' title='bbox 935 1670 1142 1726; x_wconf 88' lang='lat' dir='ltr'><strong>animas</strong></span> <span class='ocrx_word' id='word_1_105' title='bbox 1168 1672 1346 1726; x_wconf 67' lang='lat' dir='ltr'><strong>statim</strong></span> <span class='ocrx_word' id='word_1_106' title='bbox 1379 1678 1499 1739; x_wconf 82' lang='lat' dir='ltr'><strong>post</strong></span> <span class='ocrx_word' id='word_1_107' title='bbox 1520 1680 1747 1727; x_wconf 89' lang='lat' dir='ltr'><strong>mortem</strong></span> <span class='ocrx_word' id='word_1_108' title='bbox 1775 1671 1900 1725; x_wconf 85' lang='lat' dir='ltr'><strong>locis</strong></span> <span class='ocrx_word' id='word_1_109' title='bbox 1929 1686 2029 1740; x_wconf 76' lang='lat' dir='ltr'><strong>poe-</strong></span> 
     </span>
    </p>
   </div>
   <div class='ocr_carea' id='block_1_16' title="bbox 1249 255 2349 343">
    <p class='ocr_par' dir='ltr' id='par_1_16' title="bbox 1249 255 2349 343">
     <span class='ocr_line' id='line_1_16' title="bbox 1249 255 2349 343; baseline -0.008 -24"><span class='ocrx_word' id='word_1_110' title='bbox 1249 336 1257 343; x_wconf 21' lang='grc' dir='ltr'>ι</span> <span class='ocrx_word' id='word_1_111' title='bbox 1817 255 2349 316; x_wconf 80' lang='lat' dir='ltr'><strong>PROLEGOMENA.</strong></span> 
     </span>
    </p>
   </div>
   <div class='ocr_carea' id='block_1_17' title="bbox 441 372 3697 457">
    <p class='ocr_par' dir='ltr' id='par_1_17' title="bbox 441 372 3697 457">
     <span class='ocr_line' id='line_1_17' title="bbox 441 372 3697 457; baseline -0.003 -15"><span class='ocrx_word' id='word_1_112' title='bbox 441 399 629 457; x_wconf 84' lang='lat' dir='ltr'><strong>quam.</strong></span> <span class='ocrx_word' id='word_1_113' title='bbox 666 384 729 438; x_wconf 80' lang='lat' dir='ltr'><strong>ad</strong></span> <span class='ocrx_word' id='word_1_114' title='bbox 758 396 940 439; x_wconf 84' lang='lat' dir='ltr'><strong>eorum</strong></span> <span class='ocrx_word' id='word_1_115' title='bbox 990 380 1279 438; x_wconf 82' lang='lat' dir='ltr'><strong>accesserit</strong></span> <span class='ocrx_word' id='word_1_116' title='bbox 1316 380 1640 436; x_wconf 87' lang='lat' dir='ltr'><strong>sententiam</strong></span> <span class='ocrx_word' id='word_1_117' title='bbox 1687 378 1755 434; x_wconf 90' lang='lat' dir='ltr'><strong>ab</strong></span> <span class='ocrx_word' id='word_1_118' title='bbox 1809 380 2021 435; x_wconf 82' lang='lat' dir='ltr'><strong>hetero-</strong></span> <span class='ocrx_word' id='word_1_119' title='bbox 2049 380 2095 438; x_wconf 83' lang='grc' dir='ltr'><strong>Λ</strong></span> <span class='ocrx_word' id='word_1_120' title='bbox 2124 377 2211 431; x_wconf 87' lang='lat' dir='ltr'><strong>ubi</strong></span> <span class='ocrx_word' id='word_1_121' title='bbox 2241 376 2299 433; x_wconf 91' lang='lat' dir='ltr'><strong>S.</strong></span> <span class='ocrx_word' id='word_1_122' title='bbox 2332 372 2593 431; x_wconf 82' lang='lat' dir='ltr'><strong>Arcadius</strong></span> <span class='ocrx_word' id='word_1_123' title='bbox 2622 380 2826 447; x_wconf 78' lang='lat' dir='ltr'><strong>martyr</strong></span> <span class='ocrx_word' id='word_1_124' title='bbox 2858 382 2980 445; x_wconf 89' lang='lat' dir='ltr'><strong>post</strong></span> <span class='ocrx_word' id='word_1_125' title='bbox 3016 383 3241 430; x_wconf 88' lang='lat' dir='ltr'><strong>mortem</strong></span> <span class='ocrx_word' id='word_1_126' title='bbox 3293 374 3344 429; x_wconf 90' lang='lat' dir='ltr'><strong>in</strong></span> <span class='ocrx_word' id='word_1_127' title='bbox 3375 376 3552 431; x_wconf 71' lang='lat' dir='ltr'><strong>caelum</strong></span> <span class='ocrx_word' id='word_1_128' title='bbox 3596 379 3697 433; x_wconf 83' lang='lat' dir='ltr'><strong>ad-</strong></span> 
     </span>
    </p>
   </div>
   <div class='ocr_carea' id='block_1_18' title="bbox 3598 262 3697 318">
    <p class='ocr_par' dir='ltr' id='par_1_18' title="bbox 3598 262 3697 318">
     <span class='ocr_line' id='line_1_18' title="bbox 3598 262 3697 318; baseline 0.061 -5"><span class='ocrx_word' id='word_1_129' title='bbox 3598 262 3697 318; x_wconf 68' lang='grc' dir='ltr'><strong>ιιι</strong></span> 
     </span>
    </p>
   </div>
   <div class='ocr_carea' id='block_1_19' title="bbox 3708 8 3826 544">
    <p class='ocr_par' dir='ltr' id='par_1_19' title="bbox 3708 13 3826 539">
     <span class='ocr_line' id='line_1_19' title="bbox 3708 13 3826 539; baseline 0 0"><span class='ocrx_word' id='word_1_130' title='bbox 3708 13 3826 539; x_wconf 77' lang='lat' dir='ltr'><strong>&#39;l</strong></span> 
     </span>
    </p>
   </div>
   <div class='ocr_carea' id='block_1_20' title="bbox 2123 463 3701 537">
    <p class='ocr_par' dir='ltr' id='par_1_20' title="bbox 2123 463 3701 537">
     <span class='ocr_line' id='line_1_20' title="bbox 2123 463 3701 537; baseline 0.001 -17"><span class='ocrx_word' id='word_1_131' title='bbox 2123 465 2399 521; x_wconf 80' lang='lat' dir='ltr'><strong>scendisse</strong></span> <span class='ocrx_word' id='word_1_132' title='bbox 2423 467 2649 521; x_wconf 78' lang='lat' dir='ltr'><strong>traditur</strong></span> <span class='ocrx_word' id='word_1_133' title='bbox 2679 482 2691 518; x_wconf 92' lang='lat'>:</span> <span class='ocrx_word' id='word_1_134' title='bbox 2720 463 2765 518; x_wconf 89' lang='grc'><em>0</em></span> <span class='ocrx_word' id='word_1_135' title='bbox 2796 466 2979 537; x_wconf 78' lang='lat' dir='ltr'><strong>dignus</strong></span> <span class='ocrx_word' id='word_1_136' title='bbox 3000 466 3213 537; x_wconf 79' lang='lat' dir='ltr'><strong>gloriosi</strong></span> <span class='ocrx_word' id='word_1_137' title='bbox 3238 467 3407 522; x_wconf 75' lang='lat' dir='ltr'><strong>exitus</strong></span> <span class='ocrx_word' id='word_1_138' title='bbox 3428 468 3567 537; x_wconf 78' lang='lat' dir='ltr'><strong>finis!</strong></span> <span class='ocrx_word' id='word_1_139' title='bbox 3591 469 3701 522; x_wconf 76' lang='lat' dir='ltr'><strong>Ad-</strong></span> 
     </span>
    </p>
   </div>
   <div class='ocr_carea' id='block_1_21' title="bbox 2125 556 3697 629">
    <p class='ocr_par' dir='ltr' id='par_1_21' title="bbox 2125 556 3697 629">
     <span class='ocr_line' id='line_1_21' title="bbox 2125 556 3697 629; baseline 0.001 -17"><span class='ocrx_word' id='word_1_140' title='bbox 2125 573 2399 613; x_wconf 82' lang='lat' dir='ltr'><strong>scensurus</strong></span> <span class='ocrx_word' id='word_1_141' title='bbox 2428 556 2755 612; x_wconf 71' lang='lat' dir='ltr'><strong>altitudinem</strong></span> <span class='ocrx_word' id='word_1_142' title='bbox 2784 559 2897 612; x_wconf 75' lang='lat' dir='ltr'><strong>caeli</strong></span> <span class='ocrx_word' id='word_1_143' title='bbox 2932 557 3074 629; x_wconf 86' lang='lat' dir='ltr'><strong>(cum</strong></span> <span class='ocrx_word' id='word_1_144' title='bbox 3114 558 3317 613; x_wconf 90' lang='lat' dir='ltr'><strong>scilicet</strong></span> <span class='ocrx_word' id='word_1_145' title='bbox 3366 560 3415 612; x_wconf 91' lang='lat' dir='ltr'><strong>iu</strong></span> <span class='ocrx_word' id='word_1_146' title='bbox 3452 574 3512 614; x_wconf 89' lang='lat' dir='ltr'><strong>eo</strong></span> <span class='ocrx_word' id='word_1_147' title='bbox 3531 570 3697 625; x_wconf 76' lang='lat' dir='ltr'><strong>esset,</strong></span> 
     </span>
    </p>
   </div>
   <div class='ocr_carea' id='block_1_22' title="bbox 2128 648 3703 721">
    <p class='ocr_par' dir='ltr' id='par_1_22' title="bbox 2128 648 3703 721">
     <span class='ocr_line' id='line_1_22' title="bbox 2128 648 3703 721; baseline 0.001 -18"><span class='ocrx_word' id='word_1_148' title='bbox 2128 658 2187 703; x_wconf 89' lang='lat' dir='ltr'><strong>ut</strong></span> <span class='ocrx_word' id='word_1_149' title='bbox 2208 656 2507 705; x_wconf 79' lang='lat' dir='ltr'><strong>moreretur</strong></span> <span class='ocrx_word' id='word_1_150' title='bbox 2542 690 2557 716; x_wconf 89' lang='lat'><strong>,</strong></span> <span class='ocrx_word' id='word_1_151' title='bbox 2598 649 2740 719; x_wconf 90' lang='lat' dir='ltr'><strong>quod</strong></span> <span class='ocrx_word' id='word_1_152' title='bbox 2766 664 2832 704; x_wconf 80' lang='lat' dir='ltr'><strong>ex</strong></span> <span class='ocrx_word' id='word_1_153' title='bbox 2853 660 3110 705; x_wconf 78' lang='lat' dir='ltr'><strong>contextu</strong></span> <span class='ocrx_word' id='word_1_154' title='bbox 3150 648 3364 721; x_wconf 89' lang='lat' dir='ltr'><strong>liquet),</strong></span> <span class='ocrx_word' id='word_1_155' title='bbox 3387 652 3599 720; x_wconf 82' lang='lat' dir='ltr'><strong>corporis</strong></span> <span class='ocrx_word' id='word_1_156' title='bbox 3621 652 3703 705; x_wconf 67' lang='lat' dir='ltr'><strong>sui</strong></span> 
     </span>
    </p>
   </div>
   <div class='ocr_carea' id='block_1_23' title="bbox 2127 742 3704 816">
    <p class='ocr_par' dir='ltr' id='par_1_23' title="bbox 2127 742 3704 816">
     <span class='ocr_line' id='line_1_23' title="bbox 2127 742 3704 816; baseline 0.001 -19"><span class='ocrx_word' id='word_1_157' title='bbox 2127 742 2490 813; x_wconf 85' lang='lat' dir='ltr'><strong>impedimenta</strong></span> <span class='ocrx_word' id='word_1_158' title='bbox 2537 743 2799 812; x_wconf 74' lang='lat' dir='ltr'><strong>prtemittil</strong></span> <span class='ocrx_word' id='word_1_159' title='bbox 2821 786 2835 811; x_wconf 91' lang='lat'><strong>,</strong></span> <span class='ocrx_word' id='word_1_160' title='bbox 2866 754 2913 798; x_wconf 84' lang='lat' dir='ltr'><strong>et</strong></span> <span class='ocrx_word' id='word_1_161' title='bbox 2956 745 3222 815; x_wconf 76' lang='lat' dir='ltr'><strong>exsequias</strong></span> <span class='ocrx_word' id='word_1_162' title='bbox 3250 745 3443 816; x_wconf 76' lang='lat' dir='ltr'><strong>funeris</strong></span> <span class='ocrx_word' id='word_1_163' title='bbox 3478 747 3548 799; x_wconf 87' lang='lat' dir='ltr'><strong>sui</strong></span> <span class='ocrx_word' id='word_1_164' title='bbox 3591 746 3704 813; x_wconf 82' lang='lat' dir='ltr'><strong>ipse</strong></span> 
     </span>
    </p>
   </div>
   <div class='ocr_carea' id='block_1_24' title="bbox 2128 837 3703 909">
    <p class='ocr_par' dir='ltr' id='par_1_24' title="bbox 2128 837 3703 909">
     <span class='ocr_line' id='line_1_24' title="bbox 2128 837 3703 909; baseline 0.003 -20"><span class='ocrx_word' id='word_1_165' title='bbox 2128 838 2509 906; x_wconf 80' lang='lat' dir='ltr'><strong>prtecedit......</strong></span> <span class='ocrx_word' id='word_1_166' title='bbox 2550 837 2797 892; x_wconf 81' lang='lat' dir='ltr'><strong>Arcadius</strong></span> <span class='ocrx_word' id='word_1_167' title='bbox 2829 838 3149 892; x_wconf 77' lang='lat' dir='ltr'><strong>beatissimus</strong></span> <span class='ocrx_word' id='word_1_168' title='bbox 3191 849 3388 909; x_wconf 85' lang='lat' dir='ltr'><strong>martyr</strong></span> <span class='ocrx_word' id='word_1_169' title='bbox 3412 839 3570 893; x_wconf 81' lang='lat' dir='ltr'><strong>adimo</strong></span> <span class='ocrx_word' id='word_1_170' title='bbox 3616 840 3703 893; x_wconf 87' lang='lat' dir='ltr'><strong>de-</strong></span> 
     </span>
    </p>
   </div>
   <div class='ocr_carea' id='block_1_25' title="bbox 2129 928 3708 1003">
    <p class='ocr_par' dir='ltr' id='par_1_25' title="bbox 2129 928 3708 1003">
     <span class='ocr_line' id='line_1_25' title="bbox 2129 928 3708 1003; baseline 0.003 -23"><span class='ocrx_word' id='word_1_171' title='bbox 2129 941 2360 983; x_wconf 89' lang='lat' dir='ltr'><strong>moratur</strong></span> <span class='ocrx_word' id='word_1_172' title='bbox 2380 930 2448 1001; x_wconf 28' lang='lat' dir='ltr'><strong>in‘</strong></span> <span class='ocrx_word' id='word_1_173' title='bbox 2474 930 2666 984; x_wconf 64' lang='lat' dir='ltr'><strong>saeculo</strong></span> <span class='ocrx_word' id='word_1_174' title='bbox 2707 928 2981 997; x_wconf 87' lang='lat' dir='ltr'><strong>(nimirum</strong></span> <span class='ocrx_word' id='word_1_175' title='bbox 3025 933 3276 1002; x_wconf 83' lang='lat' dir='ltr'><strong>corpore)</strong></span> <span class='ocrx_word' id='word_1_176' title='bbox 3319 940 3366 985; x_wconf 89' lang='lat' dir='ltr'><strong>et</strong></span> <span class='ocrx_word' id='word_1_177' title='bbox 3379 931 3488 1002; x_wconf 84' lang='lat' dir='ltr'><strong>jam</strong></span> <span class='ocrx_word' id='word_1_178' title='bbox 3513 940 3708 1003; x_wconf 71' lang='lat' dir='ltr'><strong>martyr</strong></span> 
     </span>
    </p>
   </div>
   <div class='ocr_carea' id='block_1_26' title="bbox 2129 1020 3709 1095">
    <p class='ocr_par' dir='ltr' id='par_1_26' title="bbox 2129 1020 3709 1095">
     <span class='ocr_line' id='line_1_26' title="bbox 2129 1020 3709 1095; baseline 0.004 -23"><span class='ocrx_word' id='word_1_179' title='bbox 2129 1020 2372 1075; x_wconf 80' lang='lat' dir='ltr'><strong>recitatur</strong></span> <span class='ocrx_word' id='word_1_180' title='bbox 2400 1022 2451 1075; x_wconf 87' lang='lat' dir='ltr'><strong>in</strong></span> <span class='ocrx_word' id='word_1_181' title='bbox 2479 1022 2604 1077; x_wconf 75' lang='lat' dir='ltr'><strong>coelo</strong></span> <span class='ocrx_word' id='word_1_182' title='bbox 2629 1064 2641 1081; x_wconf 92' lang='lat'><strong>.</strong></span> <span class='ocrx_word' id='word_1_183' title='bbox 2670 1037 2790 1093; x_wconf 65' lang='lat' dir='ltr'><strong>quae</strong></span> <span class='ocrx_word' id='word_1_184' title='bbox 2821 1033 3088 1092; x_wconf 80' lang='lat' dir='ltr'><strong>postrema</strong></span> <span class='ocrx_word' id='word_1_185' title='bbox 3130 1021 3292 1079; x_wconf 88' lang='lat' dir='ltr'><strong>verba</strong></span> <span class='ocrx_word' id='word_1_186' title='bbox 3320 1024 3625 1095; x_wconf 62' lang='lat' dir='ltr'><strong>respiciunt,</strong></span> <span class='ocrx_word' id='word_1_187' title='bbox 3652 1032 3709 1078; x_wconf 90' lang='lat' dir='ltr'><strong>ut</strong></span> 
     </span>
    </p>
   </div>
   <div class='ocr_carea' id='block_1_27' title="bbox 2130 1104 3709 1185">
    <p class='ocr_par' dir='ltr' id='par_1_27' title="bbox 2130 1104 3709 1185">
     <span class='ocr_line' id='line_1_27' title="bbox 2130 1104 3709 1185; baseline 0.002 -17"><span class='ocrx_word' id='word_1_188' title='bbox 2130 1114 2363 1180; x_wconf 87' lang='lat' dir='ltr'><strong>videtur,</strong></span> <span class='ocrx_word' id='word_1_189' title='bbox 2388 1115 2476 1170; x_wconf 91' lang='lat' dir='ltr'><strong>illa</strong></span> <span class='ocrx_word' id='word_1_190' title='bbox 2524 1115 2673 1171; x_wconf 80' lang='lat' dir='ltr'><strong>Pauli</strong></span> <span class='ocrx_word' id='word_1_191' title='bbox 2699 1116 2855 1171; x_wconf 82' lang='lat' dir='ltr'><strong>Rom.</strong></span> <span class='ocrx_word' id='word_1_192' title='bbox 2888 1118 2983 1175; x_wconf 76' lang='lat' dir='ltr'><strong>xu.</strong></span> <span class='ocrx_word' id='word_1_193' title='bbox 3014 1104 3106 1178; x_wconf 75' lang='lat'><strong>23.</strong></span> <span class='ocrx_word' id='word_1_194' title='bbox 3139 1114 3227 1171; x_wconf 89' lang='lat' dir='ltr'><strong>ubi</strong></span> <span class='ocrx_word' id='word_1_195' title='bbox 3260 1104 3514 1185; x_wconf 76' lang='lat' dir='ltr'><strong>primitiei,</strong></span> <span class='ocrx_word' id='word_1_196' title='bbox 3546 1116 3597 1171; x_wconf 87' lang='lat' dir='ltr'><strong>id</strong></span> <span class='ocrx_word' id='word_1_197' title='bbox 3624 1123 3709 1171; x_wconf 84' lang='lat' dir='ltr'><strong>est</strong></span> 
     </span>
    </p>
   </div>
   <div class='ocr_carea' id='block_1_28' title="bbox 2132 1209 3707 1281">
    <p class='ocr_par' dir='ltr' id='par_1_28' title="bbox 2132 1209 3707 1281">
     <span class='ocr_line' id='line_1_28' title="bbox 2132 1209 3707 1281; baseline 0.001 -18"><span class='ocrx_word' id='word_1_198' title='bbox 2132 1210 2311 1275; x_wconf 85' lang='lat' dir='ltr'><strong>electi,</strong></span> <span class='ocrx_word' id='word_1_199' title='bbox 2343 1210 2618 1281; x_wconf 69' lang='lat' dir='ltr'><strong>conscripti</strong></span> <span class='ocrx_word' id='word_1_200' title='bbox 2640 1211 2885 1265; x_wconf 75' lang='lat' dir='ltr'><strong>dicuntur</strong></span> <span class='ocrx_word' id='word_1_201' title='bbox 2914 1212 2967 1264; x_wconf 87' lang='lat' dir='ltr'><strong>in</strong></span> <span class='ocrx_word' id='word_1_202' title='bbox 2998 1211 3157 1276; x_wconf 73' lang='lat' dir='ltr'><strong>uelis,</strong></span> <span class='ocrx_word' id='word_1_203' title='bbox 3192 1210 3446 1281; x_wconf 76' lang='lat' dir='ltr'><strong>quamdiu</strong></span> <span class='ocrx_word' id='word_1_204' title='bbox 3487 1209 3533 1265; x_wconf 91' lang='lat' dir='ltr'><strong>in</strong></span> <span class='ocrx_word' id='word_1_205' title='bbox 3561 1220 3707 1265; x_wconf 81' lang='lat' dir='ltr'><strong>terra</strong></span> 
     </span>
    </p>
   </div>
   <div class='ocr_carea' id='block_1_29' title="bbox 2132 1300 3709 1372">
    <p class='ocr_par' dir='ltr' id='par_1_29' title="bbox 2132 1300 3709 1372">
     <span class='ocr_line' id='line_1_29' title="bbox 2132 1300 3709 1372; baseline -0.002 -15"><span class='ocrx_word' id='word_1_206' title='bbox 2132 1302 2360 1372; x_wconf 84' lang='lat' dir='ltr'><strong>degunt;</strong></span> <span class='ocrx_word' id='word_1_207' title='bbox 2392 1316 2513 1357; x_wconf 90' lang='lat' dir='ltr'><strong>cum</strong></span> <span class='ocrx_word' id='word_1_208' title='bbox 2537 1312 2715 1357; x_wconf 88' lang='lat' dir='ltr'><strong>autem</strong></span> <span class='ocrx_word' id='word_1_209' title='bbox 2746 1303 2871 1358; x_wconf 86' lang='lat' dir='ltr'><strong>hinc</strong></span> <span class='ocrx_word' id='word_1_210' title='bbox 2902 1318 2997 1372; x_wconf 91' lang='lat' dir='ltr'><strong>per</strong></span> <span class='ocrx_word' id='word_1_211' title='bbox 3022 1311 3247 1356; x_wconf 85' lang='lat' dir='ltr'><strong>mnrtctn</strong></span> <span class='ocrx_word' id='word_1_212' title='bbox 3294 1302 3347 1355; x_wconf 90' lang='lat' dir='ltr'><strong>in</strong></span> <span class='ocrx_word' id='word_1_213' title='bbox 3375 1302 3557 1357; x_wconf 74' lang='lat' dir='ltr'><strong>emtum</strong></span> <span class='ocrx_word' id='word_1_214' title='bbox 3613 1300 3709 1354; x_wconf 84' lang='lat' dir='ltr'><strong>ad-</strong></span> 
     </span>
    </p>
   </div>
   <div class='ocr_carea' id='block_1_30' title="bbox 2131 1392 3708 1463">
    <p class='ocr_par' dir='ltr' id='par_1_30' title="bbox 2131 1392 3708 1463">
     <span class='ocr_line' id='line_1_30' title="bbox 2131 1392 3708 1463; baseline -0.001 -14"><span class='ocrx_word' id='word_1_215' title='bbox 2131 1394 2417 1463; x_wconf 83' lang='lat' dir='ltr'><strong>scendttnt,</strong></span> <span class='ocrx_word' id='word_1_216' title='bbox 2448 1410 2635 1450; x_wconf 90' lang='lat' dir='ltr'><strong>eorum</strong></span> <span class='ocrx_word' id='word_1_217' title='bbox 2658 1397 2872 1451; x_wconf 83' lang='lat' dir='ltr'><strong>nomina</strong></span> <span class='ocrx_word' id='word_1_218' title='bbox 2901 1394 3092 1450; x_wconf 77' lang='lat' dir='ltr'><strong>ibidem</strong></span> <span class='ocrx_word' id='word_1_219' title='bbox 3121 1393 3334 1450; x_wconf 78' lang='lat' dir='ltr'><strong>recitari</strong></span> <span class='ocrx_word' id='word_1_220' title='bbox 3366 1402 3421 1449; x_wconf 89' lang='lat' dir='ltr'><strong>et</strong></span> <span class='ocrx_word' id='word_1_221' title='bbox 3454 1392 3708 1448; x_wconf 73' lang='lat' dir='ltr'><strong>celebrari</strong></span> 
     </span>
    </p>
   </div>
   <div class='ocr_carea' id='block_1_31' title="bbox 2134 1486 3711 1559">
    <p class='ocr_par' dir='ltr' id='par_1_31' title="bbox 2134 1486 3711 1559">
     <span class='ocr_line' id='line_1_31' title="bbox 2134 1486 3711 1559; baseline 0 -17"><span class='ocrx_word' id='word_1_222' title='bbox 2134 1503 2239 1542; x_wconf 91' lang='lat' dir='ltr'><strong>non</strong></span> <span class='ocrx_word' id='word_1_223' title='bbox 2270 1488 2543 1544; x_wconf 62' lang='lat' dir='ltr'><strong>desinunt.</strong></span> <span class='ocrx_word' id='word_1_224' title='bbox 2595 1490 2663 1542; x_wconf 80' lang='lat' dir='ltr'><strong>At</strong></span> <span class='ocrx_word' id='word_1_225' title='bbox 2713 1504 2778 1543; x_wconf 91' lang='lat' dir='ltr'><strong>ne</strong></span> <span class='ocrx_word' id='word_1_226' title='bbox 2807 1488 2925 1559; x_wconf 81' lang='lat' dir='ltr'><strong>quis</strong></span> <span class='ocrx_word' id='word_1_227' title='bbox 2955 1488 3059 1544; x_wconf 79' lang='lat' dir='ltr'><strong>huc</strong></span> <span class='ocrx_word' id='word_1_228' title='bbox 3104 1487 3174 1543; x_wconf 92' lang='lat' dir='ltr'><strong>de</strong></span> <span class='ocrx_word' id='word_1_229' title='bbox 3221 1486 3354 1542; x_wconf 89' lang='lat' dir='ltr'><strong>solis</strong></span> <span class='ocrx_word' id='word_1_230' title='bbox 3394 1486 3711 1559; x_wconf 69' lang='lat' dir='ltr'><strong>martyribus</strong></span> 
     </span>
    </p>
   </div>
   <div class='ocr_carea' id='block_1_32' title="bbox 2134 1580 3711 1650">
    <p class='ocr_par' dir='ltr' id='par_1_32' title="bbox 2134 1580 3711 1650">
     <span class='ocr_line' id='line_1_32' title="bbox 2134 1580 3711 1650; baseline -0.003 -13"><span class='ocrx_word' id='word_1_231' title='bbox 2134 1581 2407 1638; x_wconf 80' lang='lat' dir='ltr'><strong>Zenonem</strong></span> <span class='ocrx_word' id='word_1_232' title='bbox 2437 1584 2673 1638; x_wconf 77' lang='lat' dir='ltr'><strong>sensisse</strong></span> <span class='ocrx_word' id='word_1_233' title='bbox 2700 1583 2971 1638; x_wconf 79' lang='lat' dir='ltr'><strong>existimct</strong></span> <span class='ocrx_word' id='word_1_234' title='bbox 2993 1622 3009 1647; x_wconf 94' lang='lat'><strong>,</strong></span> <span class='ocrx_word' id='word_1_235' title='bbox 3039 1592 3091 1637; x_wconf 87' lang='lat' dir='ltr'><strong>ut</strong></span> <span class='ocrx_word' id='word_1_236' title='bbox 3124 1580 3213 1635; x_wconf 84' lang='lat' dir='ltr'><strong>alii</strong></span> <span class='ocrx_word' id='word_1_237' title='bbox 3253 1580 3519 1650; x_wconf 88' lang='lat' dir='ltr'><strong>proprium</strong></span> <span class='ocrx_word' id='word_1_238' title='bbox 3566 1595 3711 1634; x_wconf 77' lang='lat' dir='ltr'><strong>mar-</strong></span> 
     </span>
    </p>
   </div>
   <div class='ocr_carea' id='block_1_33' title="bbox 2135 1674 3709 1747">
    <p class='ocr_par' dir='ltr' id='par_1_33' title="bbox 2135 1674 3709 1747">
     <span class='ocr_line' id='line_1_33' title="bbox 2135 1674 3709 1747; baseline -0.002 -17"><span class='ocrx_word' id='word_1_239' title='bbox 2135 1685 2311 1747; x_wconf 76' lang='lat' dir='ltr'><strong>tyrum</strong></span> <span class='ocrx_word' id='word_1_240' title='bbox 2361 1676 2696 1747; x_wconf 84' lang='lat' dir='ltr'><strong>privilegium</strong></span> <span class='ocrx_word' id='word_1_241' title='bbox 2746 1676 2796 1731; x_wconf 96' lang='lat' dir='ltr'><strong>id</strong></span> <span class='ocrx_word' id='word_1_242' title='bbox 2852 1690 2975 1732; x_wconf 89' lang='lat' dir='ltr'><strong>esse</strong></span> <span class='ocrx_word' id='word_1_243' title='bbox 3005 1690 3283 1746; x_wconf 76' lang='lat' dir='ltr'><strong>perperam</strong></span> <span class='ocrx_word' id='word_1_244' title='bbox 3314 1674 3506 1742; x_wconf 82' lang='lat' dir='ltr'><strong>Opinati</strong></span> <span class='ocrx_word' id='word_1_245' title='bbox 3540 1683 3709 1740; x_wconf 90' lang='lat' dir='ltr'><strong>sunt,</strong></span> 
     </span>
    </p>
   </div>
   <div class='ocr_carea' id='block_1_34' title="bbox 447 1762 3711 1839">
    <p class='ocr_par' dir='ltr' id='par_1_34' title="bbox 447 1762 3711 1839">
     <span class='ocr_line' id='line_1_34' title="bbox 447 1762 3711 1839; baseline -0.001 -17"><span class='ocrx_word' id='word_1_246' title='bbox 447 1765 650 1819; x_wconf 81' lang='lat' dir='ltr'><strong>ttalibus</strong></span> <span class='ocrx_word' id='word_1_247' title='bbox 692 1763 910 1835; x_wconf 81' lang='lat' dir='ltr'><strong>relegari</strong></span> <span class='ocrx_word' id='word_1_248' title='bbox 961 1772 1119 1819; x_wconf 70' lang='lat' dir='ltr'><strong>tract.</strong></span> <span class='ocrx_word' id='word_1_249' title='bbox 1159 1762 1223 1819; x_wconf 79' lang='grc'><strong>16</strong></span> <span class='ocrx_word' id='word_1_250' title='bbox 1274 1763 1366 1820; x_wconf 83' lang='lat' dir='ltr'><strong>lib.</strong></span> <span class='ocrx_word' id='word_1_251' title='bbox 1398 1778 1451 1831; x_wconf 87' lang='grc' dir='ltr'><strong>ι,</strong></span> <span class='ocrx_word' id='word_1_252' title='bbox 1477 1779 1624 1819; x_wconf 79' lang='lat' dir='ltr'><strong>num.</strong></span> <span class='ocrx_word' id='word_1_253' title='bbox 1655 1764 1711 1831; x_wconf 73' lang='grc'><strong>2,</strong></span> <span class='ocrx_word' id='word_1_254' title='bbox 1742 1767 1940 1818; x_wconf 70' lang='lat' dir='ltr'><strong>Auctor</strong></span> <span class='ocrx_word' id='word_1_255' title='bbox 1965 1778 2026 1817; x_wconf 80' lang='lat' dir='ltr'><strong>a-</strong></span> <span class='ocrx_word' id='word_1_256' title='bbox 2057 1769 2105 1830; x_wconf 91' lang='lat' dir='ltr'><strong>B</strong></span> <span class='ocrx_word' id='word_1_257' title='bbox 2132 1768 2379 1824; x_wconf 89' lang='lat' dir='ltr'><strong>eumdem</strong></span> <span class='ocrx_word' id='word_1_258' title='bbox 2410 1770 2724 1839; x_wconf 82' lang='lat' dir='ltr'><strong>episcOputn</strong></span> <span class='ocrx_word' id='word_1_259' title='bbox 2756 1769 2824 1823; x_wconf 91' lang='lat' dir='ltr'><strong>de</strong></span> <span class='ocrx_word' id='word_1_260' title='bbox 2851 1767 3102 1823; x_wconf 89' lang='lat' dir='ltr'><strong>omnibus</strong></span> <span class='ocrx_word' id='word_1_261' title='bbox 3126 1768 3285 1836; x_wconf 88' lang='lat' dir='ltr'><strong>justis</strong></span> <span class='ocrx_word' id='word_1_262' title='bbox 3324 1768 3608 1821; x_wconf 75' lang='lat' dir='ltr'><strong>universim</strong></span> <span class='ocrx_word' id='word_1_263' title='bbox 3632 1766 3711 1820; x_wconf 86' lang='lat' dir='ltr'><strong>lo-</strong></span> 
     </span>
    </p>
   </div>
   <div class='ocr_carea' id='block_1_35' title="bbox 446 1856 2026 1929">
    <p class='ocr_par' dir='ltr' id='par_1_35' title="bbox 446 1856 2026 1929">
     <span class='ocr_line' id='line_1_35' title="bbox 446 1856 2026 1929; baseline -0.001 -16"><span class='ocrx_word' id='word_1_264' title='bbox 446 1858 754 1929; x_wconf 88' lang='lat' dir='ltr'><strong>pertissime</strong></span> <span class='ocrx_word' id='word_1_265' title='bbox 786 1857 1163 1927; x_wconf 84' lang='lat' dir='ltr'><strong>pronuntiavit.</strong></span> <span class='ocrx_word' id='word_1_266' title='bbox 1194 1856 1396 1912; x_wconf 82' lang='lat' dir='ltr'><strong>Deinde</strong></span> <span class='ocrx_word' id='word_1_267' title='bbox 1425 1864 1481 1911; x_wconf 93' lang='lat' dir='ltr'><strong>ut</strong></span> <span class='ocrx_word' id='word_1_268' title='bbox 1503 1858 1657 1927; x_wconf 83' lang='lat' dir='ltr'><strong>hujus</strong></span> <span class='ocrx_word' id='word_1_269' title='bbox 1688 1871 1839 1913; x_wconf 90' lang='lat' dir='ltr'><strong>mens</strong></span> <span class='ocrx_word' id='word_1_270' title='bbox 1866 1866 2026 1927; x_wconf 86' lang='lat' dir='ltr'><strong>atque</strong></span> 
     </span>
    </p>
   </div>
   <div class='ocr_carea' id='block_1_36' title="bbox 448 1950 2025 2022">
    <p class='ocr_par' dir='ltr' id='par_1_36' title="bbox 448 1950 2025 2022">
     <span class='ocr_line' id='line_1_36' title="bbox 448 1950 2025 2022; baseline -0.001 -13"><span class='ocrx_word' id='word_1_271' title='bbox 448 1966 645 2021; x_wconf 91' lang='lat' dir='ltr'><strong>scopus</strong></span> <span class='ocrx_word' id='word_1_272' title='bbox 669 1950 994 2022; x_wconf 89' lang='lat' dir='ltr'><strong>intelligatur</strong></span> <span class='ocrx_word' id='word_1_273' title='bbox 1016 1993 1033 2018; x_wconf 94' lang='lat'><strong>,</strong></span> <span class='ocrx_word' id='word_1_274' title='bbox 1060 1951 1590 2008; x_wconf 85' lang='lat' dir='ltr'><strong>animadvertendum</strong></span> <span class='ocrx_word' id='word_1_275' title='bbox 1617 1964 1699 2007; x_wconf 88' lang='lat' dir='ltr'><strong>est</strong></span> <span class='ocrx_word' id='word_1_276' title='bbox 1726 1968 1792 2009; x_wconf 89' lang='lat' dir='ltr'><strong>eo</strong></span> <span class='ocrx_word' id='word_1_277' title='bbox 1816 1954 1866 2008; x_wconf 93' lang='lat' dir='ltr'><strong>in</strong></span> <span class='ocrx_word' id='word_1_278' title='bbox 1889 1961 2025 2007; x_wconf 90' lang='lat' dir='ltr'><strong>trac-</strong></span> 
     </span>
    </p>
   </div>
   <div class='ocr_carea' id='block_1_37' title="bbox 447 2044 2021 2114">
    <p class='ocr_par' dir='ltr' id='par_1_37' title="bbox 447 2044 2021 2114">
     <span class='ocr_line' id='line_1_37' title="bbox 447 2044 2021 2114; baseline 0.003 -17"><span class='ocrx_word' id='word_1_279' title='bbox 447 2051 562 2098; x_wconf 87' lang='lat' dir='ltr'><strong>tatu</strong></span> <span class='ocrx_word' id='word_1_280' title='bbox 594 2044 682 2105; x_wconf 77' lang='grc'><strong>12.</strong></span> <span class='ocrx_word' id='word_1_281' title='bbox 705 2057 1011 2098; x_wconf 90' lang='lat' dir='ltr'><strong>sermonem</strong></span> <span class='ocrx_word' id='word_1_282' title='bbox 1040 2058 1161 2099; x_wconf 89' lang='lat' dir='ltr'><strong>esse</strong></span> <span class='ocrx_word' id='word_1_283' title='bbox 1186 2059 1289 2099; x_wconf 92' lang='lat' dir='ltr'><strong>non</strong></span> <span class='ocrx_word' id='word_1_284' title='bbox 1318 2044 1386 2101; x_wconf 91' lang='lat' dir='ltr'><strong>de</strong></span> <span class='ocrx_word' id='word_1_285' title='bbox 1412 2046 1610 2112; x_wconf 90' lang='lat' dir='ltr'><strong>anima,</strong></span> <span class='ocrx_word' id='word_1_286' title='bbox 1640 2045 1732 2100; x_wconf 91' lang='lat' dir='ltr'><strong>sed</strong></span> <span class='ocrx_word' id='word_1_287' title='bbox 1746 2045 1811 2100; x_wconf 91' lang='lat' dir='ltr'><strong>de</strong></span> <span class='ocrx_word' id='word_1_288' title='bbox 1838 2044 2021 2114; x_wconf 83' lang='lat' dir='ltr'><strong>carne,</strong></span> 
     </span>
    </p>
   </div>
   <div class='ocr_carea' id='block_1_38' title="bbox 458 2136 2024 2211">
    <p class='ocr_par' dir='ltr' id='par_1_38' title="bbox 458 2136 2024 2211">
     <span class='ocr_line' id='line_1_38' title="bbox 458 2136 2024 2211; baseline 0.002 -21"><span class='ocrx_word' id='word_1_289' title='bbox 458 2136 543 2191; x_wconf 86' lang='lat' dir='ltr'><strong>vel</strong></span> <span class='ocrx_word' id='word_1_290' title='bbox 558 2151 810 2207; x_wconf 88' lang='lat' dir='ltr'><strong>corpore.</strong></span> <span class='ocrx_word' id='word_1_291' title='bbox 828 2146 884 2192; x_wconf 91' lang='lat' dir='ltr'><strong>et</strong></span> <span class='ocrx_word' id='word_1_292' title='bbox 907 2136 1160 2191; x_wconf 72' lang='lat' dir='ltr'><strong>ofﬁrmari</strong></span> <span class='ocrx_word' id='word_1_293' title='bbox 1182 2137 1297 2193; x_wconf 80' lang='lat' dir='ltr'><strong>fore</strong></span> <span class='ocrx_word' id='word_1_294' title='bbox 1319 2147 1376 2193; x_wconf 93' lang='lat' dir='ltr'><strong>ut</strong></span> <span class='ocrx_word' id='word_1_295' title='bbox 1401 2139 1517 2208; x_wconf 85' lang='lat' dir='ltr'><strong>ejus</strong></span> <span class='ocrx_word' id='word_1_296' title='bbox 1532 2139 1738 2211; x_wconf 89' lang='lat' dir='ltr'><strong>(utique</strong></span> <span class='ocrx_word' id='word_1_297' title='bbox 1759 2139 2024 2208; x_wconf 88' lang='lat' dir='ltr'><strong>corporis)</strong></span> 
     </span>
    </p>
   </div>
   <div class='ocr_carea' id='block_1_39' title="bbox 444 2230 2025 2302">
    <p class='ocr_par' dir='ltr' id='par_1_39' title="bbox 444 2230 2025 2302">
     <span class='ocr_line' id='line_1_39' title="bbox 444 2230 2025 2302; baseline 0.001 -19"><span class='ocrx_word' id='word_1_298' title='bbox 444 2231 497 2283; x_wconf 85' lang='lat' dir='ltr'><strong>in</strong></span> <span class='ocrx_word' id='word_1_299' title='bbox 518 2230 888 2285; x_wconf 83' lang='lat' dir='ltr'><strong>resurrectione</strong></span> <span class='ocrx_word' id='word_1_300' title='bbox 916 2230 1164 2286; x_wconf 82' lang='lat' dir='ltr'><strong>voluntas</strong></span> <span class='ocrx_word' id='word_1_301' title='bbox 1191 2242 1371 2286; x_wconf 89' lang='lat' dir='ltr'><strong>nostra</strong></span> <span class='ocrx_word' id='word_1_302' title='bbox 1395 2241 1488 2288; x_wconf 87' lang='lat' dir='ltr'><strong>aut</strong></span> <span class='ocrx_word' id='word_1_303' title='bbox 1532 2248 1720 2302; x_wconf 67' lang='lat' dir='ltr'><strong>poenas</strong></span> <span class='ocrx_word' id='word_1_304' title='bbox 1746 2233 1857 2287; x_wconf 82' lang='lat' dir='ltr'><strong>luat</strong></span> <span class='ocrx_word' id='word_1_305' title='bbox 1882 2273 1897 2297; x_wconf 95' lang='lat'><strong>,</strong></span> <span class='ocrx_word' id='word_1_306' title='bbox 1933 2238 2025 2285; x_wconf 86' lang='lat' dir='ltr'><strong>aut</strong></span> 
     </span>
    </p>
   </div>
   <div class='ocr_carea' id='block_1_40' title="bbox 444 2320 2025 2391">
    <p class='ocr_par' dir='ltr' id='par_1_40' title="bbox 444 2320 2025 2391">
     <span class='ocr_line' id='line_1_40' title="bbox 444 2320 2025 2391; baseline 0.001 -17"><span class='ocrx_word' id='word_1_307' title='bbox 444 2320 669 2389; x_wconf 72' lang='lat' dir='ltr'><strong>praemio</strong></span> <span class='ocrx_word' id='word_1_308' title='bbox 716 2322 967 2389; x_wconf 87' lang='lat' dir='ltr'><strong>potiatur,</strong></span> <span class='ocrx_word' id='word_1_309' title='bbox 997 2332 1278 2391; x_wconf 74' lang='lat' dir='ltr'><strong>propterea</strong></span> <span class='ocrx_word' id='word_1_310' title='bbox 1332 2322 1471 2391; x_wconf 83' lang='lat' dir='ltr'><strong>quod</strong></span> <span class='ocrx_word' id='word_1_311' title='bbox 1520 2323 1754 2379; x_wconf 83' lang='lat' dir='ltr'><strong>debitam</strong></span> <span class='ocrx_word' id='word_1_312' title='bbox 1808 2321 2025 2391; x_wconf 87' lang='lat' dir='ltr'><strong>corpori</strong></span> 
     </span>
    </p>
   </div>
   <div class='ocr_carea' id='block_1_41' title="bbox 444 2413 2020 2485">
    <p class='ocr_par' dir='ltr' id='par_1_41' title="bbox 444 2413 2020 2485">
     <span class='ocr_line' id='line_1_41' title="bbox 444 2413 2020 2485; baseline 0 -18"><span class='ocrx_word' id='word_1_313' title='bbox 444 2425 681 2478; x_wconf 62' lang='lat' dir='ltr'><strong>patriam.</strong></span> <span class='ocrx_word' id='word_1_314' title='bbox 711 2413 796 2468; x_wconf 86' lang='lat' dir='ltr'><strong>vel</strong></span> <span class='ocrx_word' id='word_1_315' title='bbox 821 2414 1095 2481; x_wconf 68' lang='lat' dir='ltr'><strong>prtemium</strong></span> <span class='ocrx_word' id='word_1_316' title='bbox 1124 2414 1177 2468; x_wconf 92' lang='lat' dir='ltr'><strong>in</strong></span> <span class='ocrx_word' id='word_1_317' title='bbox 1207 2426 1434 2485; x_wconf 87' lang='lat' dir='ltr'><strong>corpore</strong></span> <span class='ocrx_word' id='word_1_318' title='bbox 1478 2426 1603 2470; x_wconf 89' lang='lat' dir='ltr'><strong>ante</strong></span> <span class='ocrx_word' id='word_1_319' title='bbox 1628 2431 1732 2470; x_wconf 92' lang='lat' dir='ltr'><strong>non</strong></span> <span class='ocrx_word' id='word_1_320' title='bbox 1762 2416 2020 2482; x_wconf 85' lang='lat' dir='ltr'><strong>senserit,</strong></span> 
     </span>
    </p>
   </div>
   <div class='ocr_carea' id='block_1_42' title="bbox 441 2504 2025 2577">
    <p class='ocr_par' dir='ltr' id='par_1_42' title="bbox 441 2504 2025 2577">
     <span class='ocr_line' id='line_1_42' title="bbox 441 2504 2025 2577; baseline 0.003 -22"><span class='ocrx_word' id='word_1_321' title='bbox 441 2515 563 2571; x_wconf 62' lang='lat' dir='ltr'><strong>quas</strong></span> <span class='ocrx_word' id='word_1_322' title='bbox 587 2512 711 2557; x_wconf 89' lang='lat' dir='ltr'><strong>ante</strong></span> <span class='ocrx_word' id='word_1_323' title='bbox 734 2504 1180 2560; x_wconf 79' lang='lat' dir='ltr'><strong>resurrectionem</strong></span> <span class='ocrx_word' id='word_1_324' title='bbox 1204 2505 1319 2560; x_wconf 90' lang='lat' dir='ltr'><strong>sine</strong></span> <span class='ocrx_word' id='word_1_325' title='bbox 1347 2520 1598 2577; x_wconf 89' lang='lat' dir='ltr'><strong>corpore.</strong></span> <span class='ocrx_word' id='word_1_326' title='bbox 1631 2506 1683 2561; x_wconf 93' lang='lat' dir='ltr'><strong>in</strong></span> <span class='ocrx_word' id='word_1_327' title='bbox 1707 2505 1882 2560; x_wconf 83' lang='lat' dir='ltr'><strong>anima</strong></span> <span class='ocrx_word' id='word_1_328' title='bbox 1910 2517 2025 2560; x_wconf 88' lang='lat' dir='ltr'><strong>tan—</strong></span> 
     </span>
    </p>
   </div>
   <div class='ocr_carea' id='block_1_43' title="bbox 437 2596 2024 2669">
    <p class='ocr_par' dir='ltr' id='par_1_43' title="bbox 437 2596 2024 2669">
     <span class='ocr_line' id='line_1_43' title="bbox 437 2596 2024 2669; baseline 0.002 -20"><span class='ocrx_word' id='word_1_329' title='bbox 437 2602 551 2651; x_wconf 89' lang='lat' dir='ltr'><strong>tum</strong></span> <span class='ocrx_word' id='word_1_330' title='bbox 577 2596 849 2653; x_wconf 82' lang='lat' dir='ltr'><strong>cruciatus</strong></span> <span class='ocrx_word' id='word_1_331' title='bbox 878 2597 1067 2664; x_wconf 89' lang='lat' dir='ltr'><strong>sensit,</strong></span> <span class='ocrx_word' id='word_1_332' title='bbox 1103 2598 1191 2655; x_wconf 88' lang='lat' dir='ltr'><strong>vel</strong></span> <span class='ocrx_word' id='word_1_333' title='bbox 1239 2600 1460 2667; x_wconf 77' lang='lat' dir='ltr'><strong>praemio</strong></span> <span class='ocrx_word' id='word_1_334' title='bbox 1511 2598 1793 2669; x_wconf 79' lang='lat' dir='ltr'><strong>perfuncta</strong></span> <span class='ocrx_word' id='word_1_335' title='bbox 1815 2606 1931 2665; x_wconf 88' lang='lat' dir='ltr'><strong>est,</strong></span> <span class='ocrx_word' id='word_1_336' title='bbox 1964 2606 2024 2653; x_wconf 93' lang='lat' dir='ltr'><strong>ut</strong></span> 
     </span>
    </p>
   </div>
   <div class='ocr_carea' id='block_1_44' title="bbox 439 2687 2019 2760">
    <p class='ocr_par' dir='ltr' id='par_1_44' title="bbox 439 2687 2019 2760">
     <span class='ocr_line' id='line_1_44' title="bbox 439 2687 2019 2760; baseline 0.002 -19"><span class='ocrx_word' id='word_1_337' title='bbox 439 2687 560 2742; x_wconf 89' lang='lat' dir='ltr'><strong>aliis</strong></span> <span class='ocrx_word' id='word_1_338' title='bbox 584 2688 637 2742; x_wconf 86' lang='lat' dir='ltr'><strong>in</strong></span> <span class='ocrx_word' id='word_1_339' title='bbox 685 2688 817 2743; x_wconf 83' lang='lat' dir='ltr'><strong>locis</strong></span> <span class='ocrx_word' id='word_1_340' title='bbox 846 2704 971 2744; x_wconf 81' lang='lat' dir='ltr'><strong>mox</strong></span> <span class='ocrx_word' id='word_1_341' title='bbox 1013 2689 1313 2746; x_wconf 89' lang='lat' dir='ltr'><strong>iudicandis</strong></span> <span class='ocrx_word' id='word_1_342' title='bbox 1352 2691 1552 2746; x_wconf 83' lang='lat' dir='ltr'><strong>Auctor</strong></span> <span class='ocrx_word' id='word_1_343' title='bbox 1600 2701 1786 2760; x_wconf 73' lang='lat' dir='ltr'><strong>aperte</strong></span> <span class='ocrx_word' id='word_1_344' title='bbox 1815 2690 2019 2745; x_wconf 89' lang='lat' dir='ltr'><strong>docuit.</strong></span> 
     </span>
    </p>
   </div>
   <div class='ocr_carea' id='block_1_45' title="bbox 440 2777 2021 2850">
    <p class='ocr_par' dir='ltr' id='par_1_45' title="bbox 440 2777 2021 2850">
     <span class='ocr_line' id='line_1_45' title="bbox 440 2777 2021 2850; baseline 0 -19"><span class='ocrx_word' id='word_1_345' title='bbox 440 2777 593 2845; x_wconf 86' lang='lat' dir='ltr'><strong>Quod</strong></span> <span class='ocrx_word' id='word_1_346' title='bbox 623 2790 799 2832; x_wconf 88' lang='lat' dir='ltr'><strong>autem</strong></span> <span class='ocrx_word' id='word_1_347' title='bbox 824 2780 1056 2849; x_wconf 80' lang='lat' dir='ltr'><strong>pertinet</strong></span> <span class='ocrx_word' id='word_1_348' title='bbox 1076 2780 1141 2835; x_wconf 83' lang='lat' dir='ltr'><strong>nd</strong></span> <span class='ocrx_word' id='word_1_349' title='bbox 1173 2782 1397 2836; x_wconf 86' lang='lat' dir='ltr'><strong>alterum</strong></span> <span class='ocrx_word' id='word_1_350' title='bbox 1427 2782 1624 2844; x_wconf 91' lang='lat' dir='ltr'><strong>locum,</strong></span> <span class='ocrx_word' id='word_1_351' title='bbox 1650 2783 1735 2837; x_wconf 89' lang='lat' dir='ltr'><strong>ubi</strong></span> <span class='ocrx_word' id='word_1_352' title='bbox 1754 2780 2021 2850; x_wconf 75' lang='lat' dir='ltr'><strong>iustorum</strong></span> 
     </span>
    </p>
   </div>
   <div class='ocr_carea' id='block_1_46' title="bbox 438 2870 2021 2941">
    <p class='ocr_par' dir='ltr' id='par_1_46' title="bbox 438 2870 2021 2941">
     <span class='ocr_line' id='line_1_46' title="bbox 438 2870 2021 2941; baseline 0.001 -17"><span class='ocrx_word' id='word_1_353' title='bbox 438 2870 648 2924; x_wconf 79' lang='lat' dir='ltr'><strong>animas</strong></span> <span class='ocrx_word' id='word_1_354' title='bbox 676 2872 911 2926; x_wconf 77' lang='lat' dir='ltr'><strong>exsuviis</strong></span> <span class='ocrx_word' id='word_1_355' title='bbox 958 2886 1244 2941; x_wconf 88' lang='lat' dir='ltr'><strong>corporum</strong></span> <span class='ocrx_word' id='word_1_356' title='bbox 1290 2874 1492 2928; x_wconf 81' lang='lat' dir='ltr'><strong>solutas</strong></span> <span class='ocrx_word' id='word_1_357' title='bbox 1541 2873 1762 2941; x_wconf 88' lang='lat' dir='ltr'><strong>placidis</strong></span> <span class='ocrx_word' id='word_1_358' title='bbox 1803 2872 2021 2927; x_wconf 74' lang='lat' dir='ltr'><strong>sedibus</strong></span> 
     </span>
    </p>
   </div>
   <div class='ocr_carea' id='block_1_47' title="bbox 438 2959 2023 3033">
    <p class='ocr_par' dir='ltr' id='par_1_47' title="bbox 438 2959 2023 3033">
     <span class='ocr_line' id='line_1_47' title="bbox 438 2959 2023 3033; baseline 0.003 -18"><span class='ocrx_word' id='word_1_359' title='bbox 438 2959 669 3017; x_wconf 70' lang='lat' dir='ltr'><strong>refoveri</strong></span> <span class='ocrx_word' id='word_1_360' title='bbox 698 2962 934 3030; x_wconf 84' lang='lat' dir='ltr'><strong>scripsit.</strong></span> <span class='ocrx_word' id='word_1_361' title='bbox 960 2962 1193 3033; x_wconf 75' lang='lat' dir='ltr'><strong>antiquis</strong></span> <span class='ocrx_word' id='word_1_362' title='bbox 1225 2964 1471 3019; x_wconf 86' lang='lat' dir='ltr'><strong>Patribus</strong></span> <span class='ocrx_word' id='word_1_363' title='bbox 1503 2964 1637 3019; x_wconf 88' lang='lat' dir='ltr'><strong>bene</strong></span> <span class='ocrx_word' id='word_1_364' title='bbox 1667 2966 1908 3032; x_wconf 88' lang='lat' dir='ltr'><strong>plurimis</strong></span> <span class='ocrx_word' id='word_1_365' title='bbox 1933 2980 2023 3019; x_wconf 85' lang='lat' dir='ltr'><strong>so-</strong></span> 
     </span>
    </p>
   </div>
   <div class='ocr_carea' id='block_1_48' title="bbox 440 3052 2018 3127">
    <p class='ocr_par' dir='ltr' id='par_1_48' title="bbox 440 3052 2018 3127">
     <span class='ocr_line' id='line_1_48' title="bbox 440 3052 2018 3127; baseline 0.003 -20"><span class='ocrx_word' id='word_1_366' title='bbox 440 3052 619 3108; x_wconf 86' lang='lat' dir='ltr'><strong>lemne</strong></span> <span class='ocrx_word' id='word_1_367' title='bbox 639 3052 760 3120; x_wconf 76' lang='lat' dir='ltr'><strong>l‘uit,</strong></span> <span class='ocrx_word' id='word_1_368' title='bbox 779 3069 899 3111; x_wconf 85' lang='lat' dir='ltr'><strong>cum</strong></span> <span class='ocrx_word' id='word_1_369' title='bbox 923 3056 1091 3110; x_wconf 87' lang='lat' dir='ltr'><strong>sinum</strong></span> <span class='ocrx_word' id='word_1_370' title='bbox 1113 3055 1352 3122; x_wconf 69' lang='lat' dir='ltr'><strong>Abrahae,</strong></span> <span class='ocrx_word' id='word_1_371' title='bbox 1380 3058 1524 3112; x_wconf 89' lang='lat' dir='ltr'><strong>sedes</strong></span> <span class='ocrx_word' id='word_1_372' title='bbox 1560 3058 1812 3127; x_wconf 80' lang='lat' dir='ltr'><strong>placidas,</strong></span> <span class='ocrx_word' id='word_1_373' title='bbox 1840 3068 1894 3112; x_wconf 87' lang='lat' dir='ltr'><strong>et</strong></span> <span class='ocrx_word' id='word_1_374' title='bbox 1917 3058 2018 3112; x_wconf 83' lang='lat' dir='ltr'><strong>alia</strong></span> 
     </span>
    </p>
   </div>
   <div class='ocr_carea' id='block_1_49' title="bbox 2129 1858 3713 1931">
    <p class='ocr_par' dir='ltr' id='par_1_49' title="bbox 2129 1858 3713 1931">
     <span class='ocr_line' id='line_1_49' title="bbox 2129 1858 3713 1931; baseline -0.001 -17"><span class='ocrx_word' id='word_1_375' title='bbox 2129 1872 2400 1930; x_wconf 88' lang='lat' dir='ltr'><strong>queutem,</strong></span> <span class='ocrx_word' id='word_1_376' title='bbox 2433 1861 2822 1931; x_wconf 86' lang='lat' dir='ltr'><strong>perspicueque</strong></span> <span class='ocrx_word' id='word_1_377' title='bbox 2863 1875 2985 1917; x_wconf 81' lang='lat' dir='ltr'><strong>sese</strong></span> <span class='ocrx_word' id='word_1_378' title='bbox 3036 1859 3395 1929; x_wconf 85' lang='lat' dir='ltr'><strong>explicantem</strong></span> <span class='ocrx_word' id='word_1_379' title='bbox 3437 1858 3713 1913; x_wconf 84' lang='lat' dir='ltr'><strong>audiamus</strong></span> 
     </span>
    </p>
   </div>
   <div class='ocr_carea' id='block_1_50' title="bbox 2131 1950 3711 2023">
    <p class='ocr_par' dir='ltr' id='par_1_50' title="bbox 2131 1950 3711 2023">
     <span class='ocr_line' id='line_1_50' title="bbox 2131 1950 3711 2023; baseline -0.002 -15"><span class='ocrx_word' id='word_1_380' title='bbox 2131 1964 2199 2008; x_wconf 92' lang='lat' dir='ltr'><strong>tr.</strong></span> <span class='ocrx_word' id='word_1_381' title='bbox 2233 1954 2300 2010; x_wconf 76' lang='grc'><strong>12</strong></span> <span class='ocrx_word' id='word_1_382' title='bbox 2354 1954 2596 2023; x_wconf 89' lang='lat' dir='ltr'><strong>ejusdem</strong></span> <span class='ocrx_word' id='word_1_383' title='bbox 2625 1954 2747 2009; x_wconf 90' lang='lat' dir='ltr'><strong>libri</strong></span> <span class='ocrx_word' id='word_1_384' title='bbox 2778 1970 2811 2008; x_wconf 89' lang='lat' dir='ltr'><strong>ll</strong></span> <span class='ocrx_word' id='word_1_385' title='bbox 2845 1998 2859 2023; x_wconf 90' lang='lat'><strong>,</strong></span> <span class='ocrx_word' id='word_1_386' title='bbox 2891 1970 2946 2009; x_wconf 92' lang='lat' dir='ltr'><strong>n.</strong></span> <span class='ocrx_word' id='word_1_387' title='bbox 2973 1953 3031 2019; x_wconf 74' lang='grc'><strong>4,</strong></span> <span class='ocrx_word' id='word_1_388' title='bbox 3065 1954 3152 2009; x_wconf 94' lang='lat' dir='ltr'><strong>ubi</strong></span> <span class='ocrx_word' id='word_1_389' title='bbox 3179 1952 3400 2022; x_wconf 61' lang='lat' dir='ltr'><strong>angelos</strong></span> <span class='ocrx_word' id='word_1_390' title='bbox 3430 1993 3446 2017; x_wconf 95' lang='lat'><strong>,</strong></span> <span class='ocrx_word' id='word_1_391' title='bbox 3471 1967 3604 2022; x_wconf 77' lang='lat' dir='ltr'><strong>quos</strong></span> <span class='ocrx_word' id='word_1_392' title='bbox 3623 1950 3711 2006; x_wconf 62' lang='lat' dir='ltr'><strong>Jac</strong></span> 
     </span>
    </p>
   </div>
   <div class='ocr_carea' id='block_1_51' title="bbox 2129 2042 3711 2115">
    <p class='ocr_par' dir='ltr' id='par_1_51' title="bbox 2129 2042 3711 2115">
     <span class='ocr_line' id='line_1_51' title="bbox 2129 2042 3711 2115; baseline -0.003 -15"><span class='ocrx_word' id='word_1_393' title='bbox 2129 2046 2229 2100; x_wconf 90' lang='lat' dir='ltr'><strong>cob</strong></span> <span class='ocrx_word' id='word_1_394' title='bbox 2252 2060 2346 2115; x_wconf 90' lang='lat' dir='ltr'><strong>per</strong></span> <span class='ocrx_word' id='word_1_395' title='bbox 2375 2046 2575 2101; x_wconf 76' lang='lat' dir='ltr'><strong>scalam</strong></span> <span class='ocrx_word' id='word_1_396' title='bbox 2604 2046 2658 2101; x_wconf 89' lang='lat' dir='ltr'><strong>in</strong></span> <span class='ocrx_word' id='word_1_397' title='bbox 2685 2045 2882 2102; x_wconf 65' lang='lat' dir='ltr'><strong>caelum</strong></span> <span class='ocrx_word' id='word_1_398' title='bbox 2926 2043 3318 2099; x_wconf 79' lang='lat' dir='ltr'><strong>adscendentes</strong></span> <span class='ocrx_word' id='word_1_399' title='bbox 3350 2043 3477 2097; x_wconf 84' lang='lat' dir='ltr'><strong>vidit</strong></span> <span class='ocrx_word' id='word_1_400' title='bbox 3500 2083 3515 2108; x_wconf 90' lang='lat'><strong>,</strong></span> <span class='ocrx_word' id='word_1_401' title='bbox 3537 2042 3711 2112; x_wconf 83' lang='lat' dir='ltr'><strong>justus</strong></span> 
     </span>
    </p>
   </div>
   <div class='ocr_carea' id='block_1_52' title="bbox 2128 2134 3710 2205">
    <p class='ocr_par' dir='ltr' id='par_1_52' title="bbox 2128 2134 3710 2205">
     <span class='ocr_line' id='line_1_52' title="bbox 2128 2134 3710 2205; baseline -0.002 -16"><span class='ocrx_word' id='word_1_402' title='bbox 2128 2137 2180 2191; x_wconf 87' lang='lat' dir='ltr'><strong>in</strong></span> <span class='ocrx_word' id='word_1_403' title='bbox 2211 2135 2405 2192; x_wconf 63' lang='lat' dir='ltr'><strong>caelum</strong></span> <span class='ocrx_word' id='word_1_404' title='bbox 2436 2136 2827 2191; x_wconf 87' lang='lat' dir='ltr'><strong>adscendentes</strong></span> <span class='ocrx_word' id='word_1_405' title='bbox 2850 2136 3233 2205; x_wconf 80' lang='lat' dir='ltr'><strong>interpretatur</strong></span> <span class='ocrx_word' id='word_1_406' title='bbox 3256 2134 3365 2189; x_wconf 88' lang='lat' dir='ltr'><strong>sic:</strong></span> <span class='ocrx_word' id='word_1_407' title='bbox 3391 2134 3710 2189; x_wconf 58' lang='lat' dir='ltr'><strong>Adscendu-</strong></span> 
     </span>
    </p>
   </div>
   <div class='ocr_carea' id='block_1_53' title="bbox 2129 2226 3710 2301">
    <p class='ocr_par' dir='ltr' id='par_1_53' title="bbox 2129 2226 3710 2301">
     <span class='ocr_line' id='line_1_53' title="bbox 2129 2226 3710 2301; baseline 0 -19"><span class='ocrx_word' id='word_1_408' title='bbox 2129 2238 2200 2284; x_wconf 90' lang='lat' dir='ltr'><strong>tes</strong></span> <span class='ocrx_word' id='word_1_409' title='bbox 2228 2244 2343 2284; x_wconf 86' lang='lat' dir='ltr'><strong>vero</strong></span> <span class='ocrx_word' id='word_1_410' title='bbox 2371 2239 2491 2284; x_wconf 89' lang='lat' dir='ltr'><strong>sunt</strong></span> <span class='ocrx_word' id='word_1_411' title='bbox 2506 2230 2640 2299; x_wconf 85' lang='lat' dir='ltr'><strong>justi</strong></span> <span class='ocrx_word' id='word_1_412' title='bbox 2666 2271 2683 2296; x_wconf 91' lang='lat'><strong>,</strong></span> <span class='ocrx_word' id='word_1_413' title='bbox 2721 2230 2812 2299; x_wconf 85' lang='lat' dir='ltr'><strong>qui</strong></span> <span class='ocrx_word' id='word_1_414' title='bbox 2833 2230 3003 2301; x_wconf 89' lang='lat' dir='ltr'><strong>probis</strong></span> <span class='ocrx_word' id='word_1_415' title='bbox 3030 2228 3257 2283; x_wconf 86' lang='lat' dir='ltr'><strong>moribus</strong></span> <span class='ocrx_word' id='word_1_416' title='bbox 3307 2245 3396 2297; x_wconf 84' lang='lat' dir='ltr'><strong>per</strong></span> <span class='ocrx_word' id='word_1_417' title='bbox 3414 2227 3603 2299; x_wconf 77' lang='lat' dir='ltr'><strong>gradus</strong></span> <span class='ocrx_word' id='word_1_418' title='bbox 3630 2226 3710 2282; x_wconf 84' lang='lat' dir='ltr'><strong>di-</strong></span> 
     </span>
    </p>
   </div>
   <div class='ocr_carea' id='block_1_54' title="bbox 2126 2319 3708 2391">
    <p class='ocr_par' dir='ltr' id='par_1_54' title="bbox 2126 2319 3708 2391">
     <span class='ocr_line' id='line_1_54' title="bbox 2126 2319 3708 2391; baseline -0.002 -17"><span class='ocrx_word' id='word_1_419' title='bbox 2126 2321 2359 2375; x_wconf 78' lang='lat' dir='ltr'><strong>vinorum</strong></span> <span class='ocrx_word' id='word_1_420' title='bbox 2390 2320 2723 2375; x_wconf 73' lang='lat' dir='ltr'><strong>observantia:</strong></span> <span class='ocrx_word' id='word_1_421' title='bbox 2764 2333 3136 2391; x_wconf 70' lang='lat' dir='ltr'><strong>praeceptorum</strong></span> <span class='ocrx_word' id='word_1_422' title='bbox 3168 2321 3394 2391; x_wconf 84' lang='lat' dir='ltr'><strong>quotidie</strong></span> <span class='ocrx_word' id='word_1_423' title='bbox 3428 2319 3708 2380; x_wconf 78' lang='lat' dir='ltr'><strong>spiritualis</strong></span> 
     </span>
    </p>
   </div>
   <div class='ocr_carea' id='block_1_55' title="bbox 2126 2412 3707 2484">
    <p class='ocr_par' dir='ltr' id='par_1_55' title="bbox 2126 2412 3707 2484">
     <span class='ocr_line' id='line_1_55' title="bbox 2126 2412 3707 2484; baseline 0 -19"><span class='ocrx_word' id='word_1_424' title='bbox 2126 2414 2323 2468; x_wconf 78' lang='lat' dir='ltr'><strong>itineris</strong></span> <span class='ocrx_word' id='word_1_425' title='bbox 2363 2415 2530 2484; x_wconf 86' lang='lat' dir='ltr'><strong>gloria</strong></span> <span class='ocrx_word' id='word_1_426' title='bbox 2555 2418 2790 2481; x_wconf 81' lang='lat' dir='ltr'><strong>feruntur</strong></span> <span class='ocrx_word' id='word_1_427' title='bbox 2817 2415 2870 2466; x_wconf 84' lang='lat' dir='ltr'><strong>in</strong></span> <span class='ocrx_word' id='word_1_428' title='bbox 2893 2414 3073 2466; x_wconf 64' lang='lat' dir='ltr'><strong>caelum</strong></span> <span class='ocrx_word' id='word_1_429' title='bbox 3095 2430 3109 2465; x_wconf 89' lang='lat'><strong>:</strong></span> <span class='ocrx_word' id='word_1_430' title='bbox 3134 2414 3185 2466; x_wconf 89' lang='lat' dir='ltr'><strong>itt</strong></span> <span class='ocrx_word' id='word_1_431' title='bbox 3205 2412 3395 2481; x_wconf 87' lang='lat' dir='ltr'><strong>quibus</strong></span> <span class='ocrx_word' id='word_1_432' title='bbox 3419 2414 3707 2467; x_wconf 78' lang='lat' dir='ltr'><strong>observan-</strong></span> 
     </span>
    </p>
   </div>
   <div class='ocr_carea' id='block_1_56' title="bbox 2126 2504 3703 2574">
    <p class='ocr_par' dir='ltr' id='par_1_56' title="bbox 2126 2504 3703 2574">
     <span class='ocr_line' id='line_1_56' title="bbox 2126 2504 3703 2574; baseline -0.001 -16"><span class='ocrx_word' id='word_1_433' title='bbox 2126 2504 2250 2559; x_wconf 89' lang='lat' dir='ltr'><strong>dum</strong></span> <span class='ocrx_word' id='word_1_434' title='bbox 2270 2506 2565 2573; x_wconf 73' lang='lat' dir='ltr'><strong>przcsertim</strong></span> <span class='ocrx_word' id='word_1_435' title='bbox 2588 2504 2897 2559; x_wconf 78' lang='lat' dir='ltr'><strong>adverbium</strong></span> <span class='ocrx_word' id='word_1_436' title='bbox 2912 2504 3159 2573; x_wconf 78' lang='lat' dir='ltr'><strong>quotidie.</strong></span> <span class='ocrx_word' id='word_1_437' title='bbox 3182 2504 3322 2574; x_wconf 89' lang='lat' dir='ltr'><strong>quod</strong></span> <span class='ocrx_word' id='word_1_438' title='bbox 3340 2504 3703 2573; x_wconf 88' lang='lat' dir='ltr'><strong>accipiendum</strong></span> 
     </span>
    </p>
   </div>
   <div class='ocr_carea' id='block_1_57' title="bbox 2126 2596 3701 2669">
    <p class='ocr_par' dir='ltr' id='par_1_57' title="bbox 2126 2596 3701 2669">
     <span class='ocr_line' id='line_1_57' title="bbox 2126 2596 3701 2669; baseline 0.001 -20"><span class='ocrx_word' id='word_1_439' title='bbox 2126 2600 2365 2669; x_wconf 79' lang='lat' dir='ltr'><strong>proiecto</strong></span> <span class='ocrx_word' id='word_1_440' title='bbox 2384 2598 2452 2652; x_wconf 84' lang='lat' dir='ltr'><strong>de</strong></span> <span class='ocrx_word' id='word_1_441' title='bbox 2483 2598 2548 2653; x_wconf 90' lang='lat' dir='ltr'><strong>iis</strong></span> <span class='ocrx_word' id='word_1_442' title='bbox 2562 2598 2743 2666; x_wconf 89' lang='lat' dir='ltr'><strong>justis,</strong></span> <span class='ocrx_word' id='word_1_443' title='bbox 2767 2596 2859 2668; x_wconf 89' lang='lat' dir='ltr'><strong>qui</strong></span> <span class='ocrx_word' id='word_1_444' title='bbox 2880 2596 2947 2652; x_wconf 88' lang='lat' dir='ltr'><strong>de</strong></span> <span class='ocrx_word' id='word_1_445' title='bbox 2971 2597 3058 2652; x_wconf 91' lang='lat' dir='ltr'><strong>die</strong></span> <span class='ocrx_word' id='word_1_446' title='bbox 3082 2598 3135 2651; x_wconf 92' lang='lat' dir='ltr'><strong>in</strong></span> <span class='ocrx_word' id='word_1_447' title='bbox 3158 2596 3299 2653; x_wconf 85' lang='lat' dir='ltr'><strong>diem</strong></span> <span class='ocrx_word' id='word_1_448' title='bbox 3331 2606 3449 2667; x_wconf 91' lang='lat' dir='ltr'><strong>post</strong></span> <span class='ocrx_word' id='word_1_449' title='bbox 3479 2611 3701 2652; x_wconf 78' lang='lat' dir='ltr'><strong>mortem</strong></span> 
     </span>
    </p>
   </div>
   <div class='ocr_carea' id='block_1_58' title="bbox 2128 2689 3698 2761">
    <p class='ocr_par' dir='ltr' id='par_1_58' title="bbox 2128 2689 3698 2761">
     <span class='ocr_line' id='line_1_58' title="bbox 2128 2689 3698 2761; baseline -0.003 -16"><span class='ocrx_word' id='word_1_450' title='bbox 2128 2691 2179 2745; x_wconf 92' lang='lat' dir='ltr'><strong>in</strong></span> <span class='ocrx_word' id='word_1_451' title='bbox 2208 2693 2402 2747; x_wconf 67' lang='lat' dir='ltr'><strong>caelum</strong></span> <span class='ocrx_word' id='word_1_452' title='bbox 2435 2692 2634 2745; x_wconf 89' lang='lat' dir='ltr'><strong>abeunt</strong></span> <span class='ocrx_word' id='word_1_453' title='bbox 2664 2732 2679 2757; x_wconf 91' lang='lat'><strong>,</strong></span> <span class='ocrx_word' id='word_1_454' title='bbox 2715 2707 2820 2746; x_wconf 88' lang='lat' dir='ltr'><strong>non</strong></span> <span class='ocrx_word' id='word_1_455' title='bbox 2851 2690 2952 2745; x_wconf 83' lang='lat' dir='ltr'><strong>nisi</strong></span> <span class='ocrx_word' id='word_1_456' title='bbox 2984 2691 3197 2761; x_wconf 88' lang='lat' dir='ltr'><strong>iniquus</strong></span> <span class='ocrx_word' id='word_1_457' title='bbox 3220 2689 3385 2760; x_wconf 74' lang='lat' dir='ltr'><strong>iudex</strong></span> <span class='ocrx_word' id='word_1_458' title='bbox 3415 2690 3698 2761; x_wconf 76' lang='lat' dir='ltr'><strong>negaverit.</strong></span> 
     </span>
    </p>
   </div>
   <div class='ocr_carea' id='block_1_59' title="bbox 2128 2764 3705 2853">
    <p class='ocr_par' dir='ltr' id='par_1_59' title="bbox 2128 2764 3705 2853">
     <span class='ocr_line' id='line_1_59' title="bbox 2128 2764 3705 2853; baseline 0 -18"><span class='ocrx_word' id='word_1_459' title='bbox 2128 2781 2293 2853; x_wconf 86' lang='lat' dir='ltr'><strong>Igitur</strong></span> <span class='ocrx_word' id='word_1_460' title='bbox 2322 2783 2553 2853; x_wconf 85' lang='lat' dir='ltr'><strong>placidas</strong></span> <span class='ocrx_word' id='word_1_461' title='bbox 2574 2783 2716 2838; x_wconf 82' lang='lat' dir='ltr'><strong>sedes</strong></span> <span class='ocrx_word' id='word_1_462' title='bbox 2741 2825 2756 2847; x_wconf 95' lang='lat'><strong>.</strong></span> <span class='ocrx_word' id='word_1_463' title='bbox 2789 2783 2843 2838; x_wconf 92' lang='lat' dir='ltr'><strong>in</strong></span> <span class='ocrx_word' id='word_1_464' title='bbox 2873 2783 3069 2853; x_wconf 89' lang='lat' dir='ltr'><strong>quibus</strong></span> <span class='ocrx_word' id='word_1_465' title='bbox 3091 2764 3360 2853; x_wconf 44' lang='lat' dir='ltr'><strong>ju‘storum</strong></span> <span class='ocrx_word' id='word_1_466' title='bbox 3390 2782 3594 2837; x_wconf 82' lang='lat' dir='ltr'><strong>animas</strong></span> <span class='ocrx_word' id='word_1_467' title='bbox 3627 2797 3705 2835; x_wconf 84' lang='lat' dir='ltr'><strong>re-</strong></span> 
     </span>
    </p>
   </div>
   <div class='ocr_carea' id='block_1_60' title="bbox 2127 2876 3704 2948">
    <p class='ocr_par' dir='ltr' id='par_1_60' title="bbox 2127 2876 3704 2948">
     <span class='ocr_line' id='line_1_60' title="bbox 2127 2876 3704 2948; baseline -0.002 -16"><span class='ocrx_word' id='word_1_468' title='bbox 2127 2879 2285 2947; x_wconf 81' lang='lat' dir='ltr'><strong>foveri</strong></span> <span class='ocrx_word' id='word_1_469' title='bbox 2309 2880 2365 2935; x_wconf 90' lang='lat' dir='ltr'><strong>S.</strong></span> <span class='ocrx_word' id='word_1_470' title='bbox 2399 2878 2549 2936; x_wconf 87' lang='lat' dir='ltr'><strong>Zeno</strong></span> <span class='ocrx_word' id='word_1_471' title='bbox 2591 2878 2825 2946; x_wconf 79' lang='lat' dir='ltr'><strong>prodidit</strong></span> <span class='ocrx_word' id='word_1_472' title='bbox 2850 2919 2865 2943; x_wconf 93' lang='lat'><strong>,</strong></span> <span class='ocrx_word' id='word_1_473' title='bbox 2895 2893 2961 2934; x_wconf 83' lang='lat' dir='ltr'><strong>ex</strong></span> <span class='ocrx_word' id='word_1_474' title='bbox 2990 2877 3145 2948; x_wconf 72' lang='lat' dir='ltr'><strong>hujus</strong></span> <span class='ocrx_word' id='word_1_475' title='bbox 3173 2887 3352 2933; x_wconf 90' lang='lat' dir='ltr'><strong>mente</strong></span> <span class='ocrx_word' id='word_1_476' title='bbox 3378 2876 3543 2948; x_wconf 84' lang='lat' dir='ltr'><strong>ipsam</strong></span> <span class='ocrx_word' id='word_1_477' title='bbox 3582 2889 3704 2930; x_wconf 86' lang='lat' dir='ltr'><strong>esse</strong></span> 
     </span>
    </p>
   </div>
   <div class='ocr_carea' id='block_1_61' title="bbox 2124 2954 3702 3042">
    <p class='ocr_par' dir='ltr' id='par_1_61' title="bbox 2124 2954 3702 3042">
     <span class='ocr_line' id='line_1_61' title="bbox 2124 2954 3702 3042; baseline -0.004 -15"><span class='ocrx_word' id='word_1_478' title='bbox 2124 2974 2398 3028; x_wconf 66' lang='lat' dir='ltr'><strong>caelestem</strong></span> <span class='ocrx_word' id='word_1_479' title='bbox 2433 2974 2655 3042; x_wconf 70' lang='lat' dir='ltr'><strong>patrium</strong></span> <span class='ocrx_word' id='word_1_480' title='bbox 2689 3014 2703 3038; x_wconf 88' lang='lat'><strong>,</strong></span> <span class='ocrx_word' id='word_1_481' title='bbox 2735 2974 2787 3027; x_wconf 92' lang='lat' dir='ltr'><strong>in</strong></span> <span class='ocrx_word' id='word_1_482' title='bbox 2822 2988 2923 3041; x_wconf 86' lang='lat' dir='ltr'><strong>qua</strong></span> <span class='ocrx_word' id='word_1_483' title='bbox 2956 2973 3100 3028; x_wconf 87' lang='lat' dir='ltr'><strong>Deus</strong></span> <span class='ocrx_word' id='word_1_484' title='bbox 3138 2954 3379 3027; x_wconf 80' lang='lat' dir='ltr'><strong>cernitur</strong></span> <span class='ocrx_word' id='word_1_485' title='bbox 3401 3012 3416 3035; x_wconf 97' lang='lat'><strong>,</strong></span> <span class='ocrx_word' id='word_1_486' title='bbox 3460 2970 3590 3024; x_wconf 75' lang='lat' dir='ltr'><strong>nillil</strong></span> <span class='ocrx_word' id='word_1_487' title='bbox 3623 2976 3702 3023; x_wconf 71' lang='lat' dir='ltr'><strong>est</strong></span> 
     </span>
    </p>
   </div>
   <div class='ocr_carea' id='block_1_62' title="bbox 2125 3064 3700 3136">
    <p class='ocr_par' dir='ltr' id='par_1_62' title="bbox 2125 3064 3700 3136">
     <span class='ocr_line' id='line_1_62' title="bbox 2125 3064 3700 3136; baseline -0.001 -18"><span class='ocrx_word' id='word_1_488' title='bbox 2125 3064 2507 3121; x_wconf 77' lang='lat' dir='ltr'><strong>dubitandum:</strong></span> <span class='ocrx_word' id='word_1_489' title='bbox 2565 3083 2723 3136; x_wconf 80' lang='lat' dir='ltr'><strong>quant</strong></span> <span class='ocrx_word' id='word_1_490' title='bbox 2768 3067 2823 3123; x_wconf 93' lang='lat' dir='ltr'><strong>in</strong></span> <span class='ocrx_word' id='word_1_491' title='bbox 2865 3068 3188 3123; x_wconf 90' lang='lat' dir='ltr'><strong>sententiam</strong></span> <span class='ocrx_word' id='word_1_492' title='bbox 3235 3074 3389 3122; x_wconf 80' lang='lat' dir='ltr'><strong>tract.</strong></span> <span class='ocrx_word' id='word_1_493' title='bbox 3434 3066 3469 3121; x_wconf 82' lang='lat'><strong>3</strong></span> <span class='ocrx_word' id='word_1_494' title='bbox 3514 3064 3609 3120; x_wconf 87' lang='lat' dir='ltr'><strong>lib.</strong></span> <span class='ocrx_word' id='word_1_495' title='bbox 3655 3079 3700 3128; x_wconf 83' lang='grc' dir='ltr'><strong>ι,</strong></span> 
     </span>
    </p>
   </div>
   <div class='ocr_carea' id='block_1_63' title="bbox 436 3144 3701 3233">
    <p class='ocr_par' dir='ltr' id='par_1_63' title="bbox 436 3144 3701 3233">
     <span class='ocr_line' id='line_1_63' title="bbox 436 3144 3701 3233; baseline 0.005 -34"><span class='ocrx_word' id='word_1_496' title='bbox 436 3146 493 3201; x_wconf 91' lang='lat' dir='ltr'><strong>id</strong></span> <span class='ocrx_word' id='word_1_497' title='bbox 518 3148 727 3217; x_wconf 80' lang='lat' dir='ltr'><strong>generis</strong></span> <span class='ocrx_word' id='word_1_498' title='bbox 773 3148 1042 3219; x_wconf 72' lang='lat' dir='ltr'><strong>iustorum</strong></span> <span class='ocrx_word' id='word_1_499' title='bbox 1089 3152 1371 3207; x_wconf 86' lang='lat' dir='ltr'><strong>animabus</strong></span> <span class='ocrx_word' id='word_1_500' title='bbox 1417 3162 1537 3222; x_wconf 90' lang='lat' dir='ltr'><strong>post</strong></span> <span class='ocrx_word' id='word_1_501' title='bbox 1567 3162 1795 3209; x_wconf 87' lang='lat' dir='ltr'><strong>mortem</strong></span> <span class='ocrx_word' id='word_1_502' title='bbox 1844 3150 2020 3207; x_wconf 87' lang='lat' dir='ltr'><strong>vindi-</strong></span> <span class='ocrx_word' id='word_1_503' title='bbox 2046 3144 2092 3208; x_wconf 91' lang='lat' dir='ltr'>C</span> <span class='ocrx_word' id='word_1_504' title='bbox 2124 3176 2269 3215; x_wconf 72' lang='lat' dir='ltr'><strong>num.</strong></span> <span class='ocrx_word' id='word_1_505' title='bbox 2300 3162 2353 3217; x_wconf 75' lang='grc'><strong>4,</strong></span> <span class='ocrx_word' id='word_1_506' title='bbox 2374 3160 2557 3216; x_wconf 79' lang='lat' dir='ltr'><strong>liberas</strong></span> <span class='ocrx_word' id='word_1_507' title='bbox 2582 3178 2611 3216; x_wconf 76' lang='grc' dir='ltr'><em>ε</em></span> <span class='ocrx_word' id='word_1_508' title='bbox 2639 3162 2805 3217; x_wconf 79' lang='lat' dir='ltr'><strong>carnis</strong></span> <span class='ocrx_word' id='word_1_509' title='bbox 2840 3162 3051 3217; x_wconf 71' lang='lat' dir='ltr'><strong>nexibus</strong></span> <span class='ocrx_word' id='word_1_510' title='bbox 3079 3159 3155 3233; x_wconf 90' lang='lat' dir='ltr'><strong>(id</strong></span> <span class='ocrx_word' id='word_1_511' title='bbox 3188 3169 3270 3216; x_wconf 81' lang='lat' dir='ltr'><strong>est</strong></span> <span class='ocrx_word' id='word_1_512' title='bbox 3295 3168 3415 3232; x_wconf 87' lang='lat' dir='ltr'><strong>post</strong></span> <span class='ocrx_word' id='word_1_513' title='bbox 3435 3169 3659 3214; x_wconf 86' lang='lat' dir='ltr'><strong>mortem</strong></span> <span class='ocrx_word' id='word_1_514' title='bbox 3683 3196 3701 3225; x_wconf 86' lang='lat'><strong>,</strong></span> 
     </span>
    </p>
   </div>
   <div class='ocr_carea' id='block_1_64' title="bbox 435 3240 2021 3315">
    <p class='ocr_par' dir='ltr' id='par_1_64' title="bbox 435 3240 2021 3315">
     <span class='ocr_line' id='line_1_64' title="bbox 435 3240 2021 3315; baseline 0.005 -21"><span class='ocrx_word' id='word_1_515' title='bbox 435 3247 580 3302; x_wconf 79' lang='lat' dir='ltr'><strong>cant,</strong></span> <span class='ocrx_word' id='word_1_516' title='bbox 615 3240 920 3297; x_wconf 88' lang='lat' dir='ltr'><strong>Paradisum</strong></span> <span class='ocrx_word' id='word_1_517' title='bbox 946 3245 1269 3315; x_wconf 86' lang='lat' dir='ltr'><strong>intelligere,</strong></span> <span class='ocrx_word' id='word_1_518' title='bbox 1295 3255 1352 3302; x_wconf 90' lang='lat' dir='ltr'><strong>ut</strong></span> <span class='ocrx_word' id='word_1_519' title='bbox 1373 3246 1677 3303; x_wconf 78' lang='lat' dir='ltr'><strong>Ludovicus</strong></span> <span class='ocrx_word' id='word_1_520' title='bbox 1696 3248 2021 3310; x_wconf 83' lang='lat' dir='ltr'><strong>Muratorius</strong></span> 
     </span>
    </p>
   </div>
   <div class='ocr_carea' id='block_1_65' title="bbox 436 3332 2021 3410">
    <p class='ocr_par' dir='ltr' id='par_1_65' title="bbox 436 3332 2021 3410">
     <span class='ocr_line' id='line_1_65' title="bbox 436 3332 2021 3410; baseline 0.004 -24"><span class='ocrx_word' id='word_1_521' title='bbox 436 3332 622 3387; x_wconf 90' lang='lat' dir='ltr'><strong>multis</strong></span> <span class='ocrx_word' id='word_1_522' title='bbox 648 3334 832 3386; x_wconf 91' lang='lat' dir='ltr'><strong>statuit</strong></span> <span class='ocrx_word' id='word_1_523' title='bbox 859 3334 913 3388; x_wconf 95' lang='lat' dir='ltr'><strong>in</strong></span> <span class='ocrx_word' id='word_1_524' title='bbox 941 3336 1233 3391; x_wconf 86' lang='lat' dir='ltr'><strong>novissimo</strong></span> <span class='ocrx_word' id='word_1_525' title='bbox 1257 3353 1421 3406; x_wconf 78' lang='lat' dir='ltr'><strong>Opere</strong></span> <span class='ocrx_word' id='word_1_526' title='bbox 1447 3338 1515 3396; x_wconf 91' lang='lat' dir='ltr'><strong>de</strong></span> <span class='ocrx_word' id='word_1_527' title='bbox 1546 3339 1821 3395; x_wconf 82' lang='lat' dir='ltr'><strong>Parauisn.</strong></span> <span class='ocrx_word' id='word_1_528' title='bbox 1857 3339 2021 3410; x_wconf 85' lang='lat' dir='ltr'><strong>Equi-</strong></span> 
     </span>
    </p>
   </div>
   <div class='ocr_carea' id='block_1_66' title="bbox 436 3424 2017 3505">
    <p class='ocr_par' dir='ltr' id='par_1_66' title="bbox 436 3424 2017 3505">
     <span class='ocr_line' id='line_1_66' title="bbox 436 3424 2017 3505; baseline 0.004 -25"><span class='ocrx_word' id='word_1_529' title='bbox 436 3425 559 3482; x_wconf 89' lang='lat' dir='ltr'><strong>dem</strong></span> <span class='ocrx_word' id='word_1_530' title='bbox 587 3424 826 3496; x_wconf 76' lang='lat' dir='ltr'><strong>plaeidus</strong></span> <span class='ocrx_word' id='word_1_531' title='bbox 854 3425 1015 3482; x_wconf 85' lang='lat' dir='ltr'><strong>hasce</strong></span> <span class='ocrx_word' id='word_1_532' title='bbox 1045 3429 1203 3483; x_wconf 89' lang='lat' dir='ltr'><strong>sedes</strong></span> <span class='ocrx_word' id='word_1_533' title='bbox 1241 3431 1429 3485; x_wconf 84' lang='lat' dir='ltr'><strong>eadem</strong></span> <span class='ocrx_word' id='word_1_534' title='bbox 1461 3432 1852 3501; x_wconf 81' lang='lat' dir='ltr'><strong>signiﬁcatione</strong></span> <span class='ocrx_word' id='word_1_535' title='bbox 1878 3432 2017 3505; x_wconf 89' lang='lat' dir='ltr'><strong>apud</strong></span> 
     </span>
    </p>
   </div>
   <div class='ocr_carea' id='block_1_67' title="bbox 432 3516 2021 3595">
    <p class='ocr_par' dir='ltr' id='par_1_67' title="bbox 432 3516 2021 3595">
     <span class='ocr_line' id='line_1_67' title="bbox 432 3516 2021 3595; baseline 0.004 -22"><span class='ocrx_word' id='word_1_536' title='bbox 432 3516 703 3573; x_wconf 86' lang='lat' dir='ltr'><strong>Zenonem</strong></span> <span class='ocrx_word' id='word_1_537' title='bbox 721 3517 895 3573; x_wconf 85' lang='lat' dir='ltr'><strong>locum</strong></span> <span class='ocrx_word' id='word_1_538' title='bbox 918 3533 1039 3574; x_wconf 88' lang='lat' dir='ltr'><strong>esse</strong></span> <span class='ocrx_word' id='word_1_539' title='bbox 1073 3519 1408 3586; x_wconf 85' lang='lat' dir='ltr'><strong>deliciarum,</strong></span> <span class='ocrx_word' id='word_1_540' title='bbox 1439 3525 1661 3579; x_wconf 89' lang='lat' dir='ltr'><strong>verbum</strong></span> <span class='ocrx_word' id='word_1_541' title='bbox 1691 3526 1903 3595; x_wconf 74' lang='lat' dir='ltr'><strong>refoveri</strong></span> <span class='ocrx_word' id='word_1_542' title='bbox 1933 3540 2021 3581; x_wconf 87' lang='lat' dir='ltr'><strong>sa-</strong></span> 
     </span>
    </p>
   </div>
   <div class='ocr_carea' id='block_1_68' title="bbox 432 3610 2022 3681">
    <p class='ocr_par' dir='ltr' id='par_1_68' title="bbox 432 3610 2022 3681">
     <span class='ocr_line' id='line_1_68' title="bbox 432 3610 2022 3681; baseline 0.005 -17"><span class='ocrx_word' id='word_1_543' title='bbox 432 3610 504 3665; x_wconf 86' lang='lat' dir='ltr'><strong>tis</strong></span> <span class='ocrx_word' id='word_1_544' title='bbox 555 3610 817 3666; x_wconf 88' lang='lat' dir='ltr'><strong>insinuat:</strong></span> <span class='ocrx_word' id='word_1_545' title='bbox 872 3612 1000 3681; x_wconf 89' lang='lat' dir='ltr'><strong>quin</strong></span> <span class='ocrx_word' id='word_1_546' title='bbox 1042 3610 1352 3665; x_wconf 85' lang='lat' dir='ltr'><strong>Paradisnm</strong></span> <span class='ocrx_word' id='word_1_547' title='bbox 1400 3615 1616 3668; x_wconf 82' lang='lat' dir='ltr'><strong>easdem</strong></span> <span class='ocrx_word' id='word_1_548' title='bbox 1666 3630 1787 3671; x_wconf 58' lang='grc' dir='ltr'><strong>εεμθ</strong></span> <span class='ocrx_word' id='word_1_549' title='bbox 1847 3611 2022 3672; x_wconf 81' lang='lat' dir='ltr'><strong>innuit</strong></span> 
     </span>
    </p>
   </div>
   <div class='ocr_carea' id='block_1_69' title="bbox 433 3702 2017 3772">
    <p class='ocr_par' dir='ltr' id='par_1_69' title="bbox 433 3702 2017 3772">
     <span class='ocr_line' id='line_1_69' title="bbox 433 3702 2017 3772; baseline 0.004 -16"><span class='ocrx_word' id='word_1_550' title='bbox 433 3712 583 3757; x_wconf 89' lang='lat' dir='ltr'><strong>num.</strong></span> <span class='ocrx_word' id='word_1_551' title='bbox 637 3703 669 3758; x_wconf 82' lang='lat'><strong>5</strong></span> <span class='ocrx_word' id='word_1_552' title='bbox 701 3745 716 3769; x_wconf 91' lang='lat'><strong>.</strong></span> <span class='ocrx_word' id='word_1_553' title='bbox 771 3702 860 3758; x_wconf 91' lang='lat' dir='ltr'><strong>ubi</strong></span> <span class='ocrx_word' id='word_1_554' title='bbox 894 3702 1111 3757; x_wconf 86' lang='lat' dir='ltr'><strong>Latroni</strong></span> <span class='ocrx_word' id='word_1_555' title='bbox 1159 3717 1190 3758; x_wconf 94' lang='lat' dir='ltr'><strong>e</strong></span> <span class='ocrx_word' id='word_1_556' title='bbox 1243 3717 1402 3758; x_wconf 77' lang='lat' dir='ltr'><strong>crure</strong></span> <span class='ocrx_word' id='word_1_557' title='bbox 1441 3705 1689 3772; x_wconf 83' lang='lat' dir='ltr'><strong>pendenti</strong></span> <span class='ocrx_word' id='word_1_558' title='bbox 1744 3723 1844 3761; x_wconf 85' lang='lat' dir='ltr'><strong>una</strong></span> <span class='ocrx_word' id='word_1_559' title='bbox 1895 3723 2017 3764; x_wconf 90' lang='lat' dir='ltr'><strong>cum</strong></span> 
     </span>
    </p>
   </div>
   <div class='ocr_carea' id='block_1_70' title="bbox 432 3791 2019 3865">
    <p class='ocr_par' dir='ltr' id='par_1_70' title="bbox 432 3791 2019 3865">
     <span class='ocr_line' id='line_1_70' title="bbox 432 3791 2019 3865; baseline 0.004 -16"><span class='ocrx_word' id='word_1_560' title='bbox 432 3791 647 3849; x_wconf 87' lang='lat' dir='ltr'><strong>Christo</strong></span> <span class='ocrx_word' id='word_1_561' title='bbox 696 3794 1011 3851; x_wconf 81' lang='lat' dir='ltr'><strong>Paradisum</strong></span> <span class='ocrx_word' id='word_1_562' title='bbox 1059 3804 1181 3865; x_wconf 88' lang='lat' dir='ltr'><strong>post</strong></span> <span class='ocrx_word' id='word_1_563' title='bbox 1245 3806 1472 3850; x_wconf 88' lang='lat' dir='ltr'><strong>mortem</strong></span> <span class='ocrx_word' id='word_1_564' title='bbox 1515 3796 1897 3853; x_wconf 82' lang='lat' dir='ltr'><strong>conferendum</strong></span> <span class='ocrx_word' id='word_1_565' title='bbox 1950 3800 2019 3855; x_wconf 88' lang='lat' dir='ltr'><strong>ab</strong></span> 
     </span>
    </p>
   </div>
   <div class='ocr_carea' id='block_1_71' title="bbox 432 3885 2019 3956">
    <p class='ocr_par' dir='ltr' id='par_1_71' title="bbox 432 3885 2019 3956">
     <span class='ocr_line' id='line_1_71' title="bbox 432 3885 2019 3956; baseline 0.005 -18"><span class='ocrx_word' id='word_1_566' title='bbox 432 3886 623 3940; x_wconf 88' lang='lat' dir='ltr'><strong>eodem</strong></span> <span class='ocrx_word' id='word_1_567' title='bbox 650 3885 866 3942; x_wconf 60' lang='lat' dir='ltr'><strong>Christo</strong></span> <span class='ocrx_word' id='word_1_568' title='bbox 894 3887 1216 3956; x_wconf 91' lang='lat' dir='ltr'><strong>promissum</strong></span> <span class='ocrx_word' id='word_1_569' title='bbox 1247 3887 1429 3953; x_wconf 75' lang='lat' dir='ltr'><strong>tradit,</strong></span> <span class='ocrx_word' id='word_1_570' title='bbox 1448 3895 1503 3945; x_wconf 91' lang='lat' dir='ltr'><strong>et</strong></span> <span class='ocrx_word' id='word_1_571' title='bbox 1531 3904 1676 3943; x_wconf 92' lang='lat' dir='ltr'><strong>num.</strong></span> <span class='ocrx_word' id='word_1_572' title='bbox 1702 3888 1756 3949; x_wconf 86' lang='lat'><strong>6.</strong></span> <span class='ocrx_word' id='word_1_573' title='bbox 1781 3905 1903 3946; x_wconf 91' lang='lat' dir='ltr'><strong>cum</strong></span> <span class='ocrx_word' id='word_1_574' title='bbox 1934 3906 2019 3946; x_wconf 91' lang='lat' dir='ltr'><strong>re-</strong></span> 
     </span>
    </p>
   </div>
   <div class='ocr_carea' id='block_1_72' title="bbox 435 3976 2017 4051">
    <p class='ocr_par' dir='ltr' id='par_1_72' title="bbox 435 3976 2017 4051">
     <span class='ocr_line' id='line_1_72' title="bbox 435 3976 2017 4051; baseline 0.006 -20"><span class='ocrx_word' id='word_1_575' title='bbox 435 3976 802 4047; x_wconf 79' lang='lat' dir='ltr'><strong>prehensuros</strong></span> <span class='ocrx_word' id='word_1_576' title='bbox 822 3994 917 4036; x_wconf 88' lang='lat' dir='ltr'><strong>eos</strong></span> <span class='ocrx_word' id='word_1_577' title='bbox 947 4020 962 4047; x_wconf 89' lang='lat'><strong>,</strong></span> <span class='ocrx_word' id='word_1_578' title='bbox 992 3983 1080 4051; x_wconf 86' lang='lat' dir='ltr'><strong>qui</strong></span> <span class='ocrx_word' id='word_1_579' title='bbox 1137 3992 1375 4037; x_wconf 88' lang='lat' dir='ltr'><strong>mortuos</strong></span> <span class='ocrx_word' id='word_1_580' title='bbox 1400 3982 1599 4038; x_wconf 82' lang='lat' dir='ltr'><strong>deﬂent</strong></span> <span class='ocrx_word' id='word_1_581' title='bbox 1626 4024 1641 4048; x_wconf 98' lang='lat'><strong>,</strong></span> <span class='ocrx_word' id='word_1_582' title='bbox 1670 3984 1725 4037; x_wconf 86' lang='lat' dir='ltr'><strong>in</strong></span> <span class='ocrx_word' id='word_1_583' title='bbox 1762 3986 1977 4040; x_wconf 86' lang='lat' dir='ltr'><strong>meliora</strong></span> <span class='ocrx_word' id='word_1_584' title='bbox 2000 4026 2017 4049; x_wconf 93' lang='lat'><strong>.</strong></span> 
     </span>
    </p>
   </div>
   <div class='ocr_carea' id='block_1_73' title="bbox 434 4070 2020 4148">
    <p class='ocr_par' dir='ltr' id='par_1_73' title="bbox 434 4070 2020 4148">
     <span class='ocr_line' id='line_1_73' title="bbox 434 4070 2020 4148; baseline 0.008 -25"><span class='ocrx_word' id='word_1_585' title='bbox 434 4070 489 4124; x_wconf 91' lang='lat' dir='ltr'><strong>id</strong></span> <span class='ocrx_word' id='word_1_586' title='bbox 510 4078 595 4125; x_wconf 89' lang='lat' dir='ltr'><strong>est</strong></span> <span class='ocrx_word' id='word_1_587' title='bbox 618 4070 966 4128; x_wconf 87' lang='lat' dir='ltr'><strong>beatitudinis</strong></span> <span class='ocrx_word' id='word_1_588' title='bbox 1004 4074 1201 4140; x_wconf 87' lang='lat' dir='ltr'><strong>locum;</strong></span> <span class='ocrx_word' id='word_1_589' title='bbox 1251 4076 1525 4145; x_wconf 80' lang='lat' dir='ltr'><strong>migrantes</strong></span> <span class='ocrx_word' id='word_1_590' title='bbox 1554 4076 1695 4133; x_wconf 88' lang='lat' dir='ltr'><strong>haud</strong></span> <span class='ocrx_word' id='word_1_591' title='bbox 1718 4076 2020 4148; x_wconf 86' lang='lat' dir='ltr'><strong>planctibus</strong></span> 
     </span>
    </p>
   </div>
   <div class='ocr_carea' id='block_1_74' title="bbox 433 4162 2014 4239">
    <p class='ocr_par' dir='ltr' id='par_1_74' title="bbox 433 4162 2014 4239">
     <span class='ocr_line' id='line_1_74' title="bbox 433 4162 2014 4239; baseline 0.007 -24"><span class='ocrx_word' id='word_1_592' title='bbox 433 4162 838 4233; x_wconf 88' lang='lat' dir='ltr'><strong>prosequendos</strong></span> <span class='ocrx_word' id='word_1_593' title='bbox 864 4166 1087 4220; x_wconf 87' lang='lat' dir='ltr'><strong>monuit.</strong></span> <span class='ocrx_word' id='word_1_594' title='bbox 1130 4167 1281 4223; x_wconf 83' lang='lat' dir='ltr'><strong>Adde</strong></span> <span class='ocrx_word' id='word_1_595' title='bbox 1316 4169 1459 4239; x_wconf 89' lang='lat' dir='ltr'><strong>quod</strong></span> <span class='ocrx_word' id='word_1_596' title='bbox 1487 4178 1646 4225; x_wconf 84' lang='lat' dir='ltr'><strong>tract.</strong></span> <span class='ocrx_word' id='word_1_597' title='bbox 1692 4171 1755 4226; x_wconf 74' lang='grc'><strong>21</strong></span> <span class='ocrx_word' id='word_1_598' title='bbox 1803 4170 1897 4227; x_wconf 89' lang='lat' dir='ltr'><strong>lib.</strong></span> <span class='ocrx_word' id='word_1_599' title='bbox 1949 4187 2014 4237; x_wconf 88' lang='lat' dir='ltr'><strong>ll,</strong></span> 
     </span>
    </p>
   </div>
   <div class='ocr_carea' id='block_1_75' title="bbox 426 4254 2019 4334">
    <p class='ocr_par' dir='ltr' id='par_1_75' title="bbox 426 4254 2019 4334">
     <span class='ocr_line' id='line_1_75' title="bbox 426 4254 2019 4334; baseline 0.007 -25"><span class='ocrx_word' id='word_1_600' title='bbox 426 4254 606 4324; x_wconf 88' lang='lat' dir='ltr'><strong>justos</strong></span> <span class='ocrx_word' id='word_1_601' title='bbox 631 4262 689 4311; x_wconf 91' lang='lat' dir='ltr'><strong>et.</strong></span> <span class='ocrx_word' id='word_1_602' title='bbox 715 4255 904 4324; x_wconf 89' lang='lat' dir='ltr'><strong>impios</strong></span> <span class='ocrx_word' id='word_1_603' title='bbox 930 4259 1107 4313; x_wconf 90' lang='lat' dir='ltr'><strong>statim</strong></span> <span class='ocrx_word' id='word_1_604' title='bbox 1140 4270 1262 4329; x_wconf 90' lang='lat' dir='ltr'><strong>post</strong></span> <span class='ocrx_word' id='word_1_605' title='bbox 1287 4272 1513 4318; x_wconf 89' lang='lat' dir='ltr'><strong>mortem</strong></span> <span class='ocrx_word' id='word_1_606' title='bbox 1545 4273 1639 4318; x_wconf 86' lang='lat' dir='ltr'><strong>aut</strong></span> <span class='ocrx_word' id='word_1_607' title='bbox 1660 4264 1941 4334; x_wconf 70' lang='lat' dir='ltr'><strong>prtemium</strong></span> <span class='ocrx_word' id='word_1_608' title='bbox 1964 4274 2019 4321; x_wconf 87' lang='lat' dir='ltr'><strong>et</strong></span> 
     </span>
    </p>
   </div>
   <div class='ocr_carea' id='block_1_76' title="bbox 432 4337 2015 4427">
    <p class='ocr_par' dir='ltr' id='par_1_76' title="bbox 432 4337 2015 4427">
     <span class='ocr_line' id='line_1_76' title="bbox 432 4337 2015 4427; baseline 0.009 -27"><span class='ocrx_word' id='word_1_609' title='bbox 432 4347 649 4417; x_wconf 90' lang='lat' dir='ltr'><strong>quidem</strong></span> <span class='ocrx_word' id='word_1_610' title='bbox 681 4356 963 4415; x_wconf 71' lang='lat' dir='ltr'><strong>aeternum,</strong></span> <span class='ocrx_word' id='word_1_611' title='bbox 994 4358 1086 4405; x_wconf 87' lang='lat' dir='ltr'><strong>aut</strong></span> <span class='ocrx_word' id='word_1_612' title='bbox 1109 4360 1366 4409; x_wconf 69' lang='lat' dir='ltr'><strong>aeternam</strong></span> <span class='ocrx_word' id='word_1_613' title='bbox 1398 4337 1607 4425; x_wconf 69' lang='lat' dir='ltr'><strong>poenam</strong></span> <span class='ocrx_word' id='word_1_614' title='bbox 1641 4372 1739 4427; x_wconf 92' lang='lat' dir='ltr'><strong>pro</strong></span> <span class='ocrx_word' id='word_1_615' title='bbox 1770 4358 1975 4415; x_wconf 90' lang='lat' dir='ltr'><strong>meritis</strong></span> <span class='ocrx_word' id='word_1_616' title='bbox 2000 4400 2015 4426; x_wconf 91' lang='lat'><strong>,</strong></span> 
     </span>
    </p>
   </div>
   <div class='ocr_carea' id='block_1_77' title="bbox 430 4438 2018 4518">
    <p class='ocr_par' dir='ltr' id='par_1_77' title="bbox 430 4438 2018 4518">
     <span class='ocr_line' id='line_1_77' title="bbox 430 4438 2018 4518; baseline 0.009 -26"><span class='ocrx_word' id='word_1_617' title='bbox 430 4440 517 4495; x_wconf 87' lang='lat' dir='ltr'><strong>vel</strong></span> <span class='ocrx_word' id='word_1_618' title='bbox 562 4438 794 4505; x_wconf 77' lang='lat' dir='ltr'><strong>peccatis</strong></span> <span class='ocrx_word' id='word_1_619' title='bbox 838 4439 990 4495; x_wconf 90' lang='lat' dir='ltr'><strong>adire</strong></span> <span class='ocrx_word' id='word_1_620' title='bbox 1019 4453 1073 4496; x_wconf 89' lang='lat' dir='ltr'><strong>et</strong></span> <span class='ocrx_word' id='word_1_621' title='bbox 1116 4445 1382 4502; x_wconf 89' lang='lat' dir='ltr'><strong>sustinere</strong></span> <span class='ocrx_word' id='word_1_622' title='bbox 1430 4452 1757 4517; x_wconf 83' lang='lat' dir='ltr'><strong>pronuntiat.</strong></span> <span class='ocrx_word' id='word_1_623' title='bbox 1816 4450 1902 4507; x_wconf 76' lang='lat' dir='ltr'><strong>Ex</strong></span> <span class='ocrx_word' id='word_1_624' title='bbox 1918 4455 2018 4518; x_wconf 77' lang='lat' dir='ltr'><strong>[iac</strong></span> 
     </span>
    </p>
   </div>
   <div class='ocr_carea' id='block_1_78' title="bbox 2122 3253 3699 3326">
    <p class='ocr_par' dir='ltr' id='par_1_78' title="bbox 2122 3253 3699 3326">
     <span class='ocr_line' id='line_1_78' title="bbox 2122 3253 3699 3326; baseline -0.002 -17"><span class='ocrx_word' id='word_1_625' title='bbox 2122 3263 2176 3309; x_wconf 87' lang='lat' dir='ltr'><strong>et</strong></span> <span class='ocrx_word' id='word_1_626' title='bbox 2201 3264 2325 3310; x_wconf 84' lang='lat' dir='ltr'><strong>ante</strong></span> <span class='ocrx_word' id='word_1_627' title='bbox 2347 3255 2532 3326; x_wconf 68' lang='lat' dir='ltr'><strong>juclicii</strong></span> <span class='ocrx_word' id='word_1_628' title='bbox 2558 3270 2619 3311; x_wconf 82' lang='lat' dir='ltr'><strong>ne</strong></span> <span class='ocrx_word' id='word_1_629' title='bbox 2646 3254 3056 3318; x_wconf 84' lang='lat' dir='ltr'><strong>resurrectionis</strong></span> <span class='ocrx_word' id='word_1_630' title='bbox 3075 3254 3246 3323; x_wconf 84' lang='lat' dir='ltr'><strong>diem)</strong></span> <span class='ocrx_word' id='word_1_631' title='bbox 3266 3269 3453 3309; x_wconf 79' lang='lat' dir='ltr'><strong>eorum</strong></span> <span class='ocrx_word' id='word_1_632' title='bbox 3476 3253 3699 3315; x_wconf 80' lang='lat' dir='ltr'><strong>animas.</strong></span> 
     </span>
    </p>
   </div>
   <div class='ocr_carea' id='block_1_79' title="bbox 2120 3345 3698 3419">
    <p class='ocr_par' dir='ltr' id='par_1_79' title="bbox 2120 3345 3698 3419">
     <span class='ocr_line' id='line_1_79' title="bbox 2120 3345 3698 3419; baseline 0 -20"><span class='ocrx_word' id='word_1_633' title='bbox 2120 3348 2207 3417; x_wconf 89' lang='lat' dir='ltr'><strong>qui</strong></span> <span class='ocrx_word' id='word_1_634' title='bbox 2236 3358 2488 3419; x_wconf 79' lang='lat' dir='ltr'><strong>pt&#39;tecepta</strong></span> <span class='ocrx_word' id='word_1_635' title='bbox 2516 3347 2605 3402; x_wconf 81' lang='lat' dir='ltr'><strong>Dei</strong></span> <span class='ocrx_word' id='word_1_636' title='bbox 2626 3348 2938 3412; x_wconf 86' lang='lat' dir='ltr'><strong>custodiunt,</strong></span> <span class='ocrx_word' id='word_1_637' title='bbox 2960 3347 3012 3403; x_wconf 91' lang='lat' dir='ltr'><strong>id</strong></span> <span class='ocrx_word' id='word_1_638' title='bbox 3041 3356 3119 3401; x_wconf 83' lang='lat' dir='ltr'><strong>est</strong></span> <span class='ocrx_word' id='word_1_639' title='bbox 3150 3345 3387 3402; x_wconf 88' lang='lat' dir='ltr'><strong>omnium</strong></span> <span class='ocrx_word' id='word_1_640' title='bbox 3411 3346 3698 3415; x_wconf 58' lang='lat' dir='ltr'><strong>justorum.</strong></span> 
     </span>
    </p>
   </div>
   <div class='ocr_carea' id='block_1_80' title="bbox 2120 3434 3700 3517">
    <p class='ocr_par' dir='ltr' id='par_1_80' title="bbox 2120 3434 3700 3517">
     <span class='ocr_line' id='line_1_80' title="bbox 2120 3434 3700 3517; baseline -0.003 -24"><span class='ocrx_word' id='word_1_641' title='bbox 2120 3438 2448 3517; x_wconf 52' lang='lat' dir='ltr'><strong>beatitudine</strong></span> <span class='ocrx_word' id='word_1_642' title='bbox 2472 3440 2791 3509; x_wconf 79' lang='lat' dir='ltr'><strong>reprnntissa</strong></span> <span class='ocrx_word' id='word_1_643' title='bbox 2821 3481 2834 3497; x_wconf 90' lang='lat'><strong>.</strong></span> <span class='ocrx_word' id='word_1_644' title='bbox 2867 3455 2985 3508; x_wconf 80' lang='lat' dir='ltr'><strong>qua:</strong></span> <span class='ocrx_word' id='word_1_645' title='bbox 3015 3437 3199 3508; x_wconf 83' lang='lat' dir='ltr'><strong>utique</strong></span> <span class='ocrx_word' id='word_1_646' title='bbox 3246 3438 3298 3492; x_wconf 91' lang='lat' dir='ltr'><strong>iu</strong></span> <span class='ocrx_word' id='word_1_647' title='bbox 3326 3438 3478 3492; x_wconf 74' lang='lat' dir='ltr'><strong>cmlis</strong></span> <span class='ocrx_word' id='word_1_648' title='bbox 3512 3452 3577 3491; x_wconf 76' lang='lat' dir='ltr'><strong>ex</strong></span> <span class='ocrx_word' id='word_1_649' title='bbox 3613 3434 3700 3489; x_wconf 90' lang='lat' dir='ltr'><strong>Dei</strong></span> 
     </span>
    </p>
   </div>
   <div class='ocr_carea' id='block_1_81' title="bbox 2118 3526 3702 3602">
    <p class='ocr_par' dir='ltr' id='par_1_81' title="bbox 2118 3526 3702 3602">
     <span class='ocr_line' id='line_1_81' title="bbox 2118 3526 3702 3602; baseline -0.003 -18"><span class='ocrx_word' id='word_1_650' title='bbox 2118 3531 2325 3585; x_wconf 80' lang='lat' dir='ltr'><strong>visione</strong></span> <span class='ocrx_word' id='word_1_651' title='bbox 2363 3531 2661 3597; x_wconf 64' lang='lat' dir='ltr'><strong>proveniet.</strong></span> <span class='ocrx_word' id='word_1_652' title='bbox 2691 3528 3048 3602; x_wconf 73' lang='lat' dir='ltr'><strong>perfruitnras</strong></span> <span class='ocrx_word' id='word_1_653' title='bbox 3097 3529 3423 3599; x_wconf 79' lang='lat' dir='ltr'><strong>pronuntiat.</strong></span> <span class='ocrx_word' id='word_1_654' title='bbox 3452 3526 3547 3581; x_wconf 88' lang='lat' dir='ltr'><strong>Dei</strong></span> <span class='ocrx_word' id='word_1_655' title='bbox 3576 3542 3702 3596; x_wconf 82' lang='lat' dir='ltr'><strong>prte-</strong></span> 
     </span>
    </p>
   </div>
   <div class='ocr_carea' id='block_1_82' title="bbox 2120 3618 3701 3693">
    <p class='ocr_par' dir='ltr' id='par_1_82' title="bbox 2120 3618 3701 3693">
     <span class='ocr_line' id='line_1_82' title="bbox 2120 3618 3701 3693; baseline -0.004 -16"><span class='ocrx_word' id='word_1_656' title='bbox 2120 3633 2266 3693; x_wconf 87' lang='lat' dir='ltr'><strong>cepta</strong></span> <span class='ocrx_word' id='word_1_657' title='bbox 2297 3625 2608 3685; x_wconf 85' lang='lat' dir='ltr'><strong>custodiens.</strong></span> <span class='ocrx_word' id='word_1_658' title='bbox 2634 3622 2930 3688; x_wconf 77' lang='lat' dir='ltr'><strong>huiusmodi</strong></span> <span class='ocrx_word' id='word_1_659' title='bbox 2956 3622 3132 3693; x_wconf 67' lang='lat' dir='ltr'><strong>oﬂieiis</strong></span> <span class='ocrx_word' id='word_1_660' title='bbox 3173 3621 3443 3676; x_wconf 64' lang='lat' dir='ltr'><strong>saeculares</strong></span> <span class='ocrx_word' id='word_1_661' title='bbox 3477 3618 3701 3673; x_wconf 83' lang='lat' dir='ltr'><strong>obterens</strong></span> 
     </span>
    </p>
   </div>
   <div class='ocr_carea' id='block_1_83' title="bbox 2118 3712 3698 3787">
    <p class='ocr_par' dir='ltr' id='par_1_83' title="bbox 2118 3712 3698 3787">
     <span class='ocr_line' id='line_1_83' title="bbox 2118 3712 3698 3787; baseline -0.002 -18"><span class='ocrx_word' id='word_1_662' title='bbox 2118 3715 2403 3783; x_wconf 79' lang='lat' dir='ltr'><strong>voluptates</strong></span> <span class='ocrx_word' id='word_1_663' title='bbox 2430 3759 2443 3778; x_wconf 94' lang='lat'><strong>.</strong></span> <span class='ocrx_word' id='word_1_664' title='bbox 2476 3732 2590 3770; x_wconf 90' lang='lat' dir='ltr'><strong>cum</strong></span> <span class='ocrx_word' id='word_1_665' title='bbox 2618 3717 2773 3787; x_wconf 79' lang='lat' dir='ltr'><strong>fuerit</strong></span> <span class='ocrx_word' id='word_1_666' title='bbox 2799 3716 2960 3769; x_wconf 84' lang='lat' dir='ltr'><strong>victor</strong></span> <span class='ocrx_word' id='word_1_667' title='bbox 2985 3714 3253 3785; x_wconf 85' lang='lat' dir='ltr'><strong>carnisque</strong></span> <span class='ocrx_word' id='word_1_668' title='bbox 3292 3713 3505 3768; x_wconf 74' lang='lat' dir='ltr'><strong>nexibus</strong></span> <span class='ocrx_word' id='word_1_669' title='bbox 3534 3712 3657 3767; x_wconf 78' lang='lat' dir='ltr'><strong>liber</strong></span> <span class='ocrx_word' id='word_1_670' title='bbox 3682 3752 3698 3777; x_wconf 90' lang='lat'><strong>.</strong></span> 
     </span>
    </p>
   </div>
   <div class='ocr_carea' id='block_1_84' title="bbox 2118 3807 3701 3876">
    <p class='ocr_par' dir='ltr' id='par_1_84' title="bbox 2118 3807 3701 3876">
     <span class='ocr_line' id='line_1_84' title="bbox 2118 3807 3701 3876; baseline 0.001 -16"><span class='ocrx_word' id='word_1_671' title='bbox 2118 3810 2436 3869; x_wconf 81' lang='lat' dir='ltr'><strong>repromissa:</strong></span> <span class='ocrx_word' id='word_1_672' title='bbox 2459 3809 2857 3863; x_wconf 86' lang='lat' dir='ltr'><strong>immortalitatis</strong></span> <span class='ocrx_word' id='word_1_673' title='bbox 2886 3808 3226 3864; x_wconf 65' lang='lat' dir='ltr'><strong>inaestimabili</strong></span> <span class='ocrx_word' id='word_1_674' title='bbox 3254 3807 3565 3862; x_wconf 81' lang='lat' dir='ltr'><strong>beatitudine</strong></span> <span class='ocrx_word' id='word_1_675' title='bbox 3590 3822 3701 3876; x_wconf 83' lang='lat' dir='ltr'><strong>per-</strong></span> 
     </span>
    </p>
   </div>
   <div class='ocr_carea' id='block_1_85' title="bbox 2122 3899 3697 3967">
    <p class='ocr_par' dir='ltr' id='par_1_85' title="bbox 2122 3899 3697 3967">
     <span class='ocr_line' id='line_1_85' title="bbox 2122 3899 3697 3967; baseline 0.001 -17"><span class='ocrx_word' id='word_1_676' title='bbox 2122 3899 2319 3967; x_wconf 54' lang='lat' dir='ltr'><strong>frui-tur</strong></span> <span class='ocrx_word' id='word_1_677' title='bbox 2347 3940 2363 3963; x_wconf 93' lang='lat'><strong>.</strong></span> <span class='ocrx_word' id='word_1_678' title='bbox 2395 3909 2452 3955; x_wconf 89' lang='lat' dir='ltr'><strong>et</strong></span> <span class='ocrx_word' id='word_1_679' title='bbox 2508 3900 2929 3957; x_wconf 85' lang='lat' dir='ltr'><strong>luculentissime</strong></span> <span class='ocrx_word' id='word_1_680' title='bbox 2985 3900 3176 3957; x_wconf 89' lang='lat' dir='ltr'><strong>eodem</strong></span> <span class='ocrx_word' id='word_1_681' title='bbox 3222 3908 3380 3955; x_wconf 85' lang='lat' dir='ltr'><strong>tract.</strong></span> <span class='ocrx_word' id='word_1_682' title='bbox 3417 3900 3484 3954; x_wconf 79' lang='lat' dir='ltr'><strong>ili</strong></span> <span class='ocrx_word' id='word_1_683' title='bbox 3525 3899 3619 3954; x_wconf 88' lang='lat' dir='ltr'><strong>lib.</strong></span> <span class='ocrx_word' id='word_1_684' title='bbox 3653 3913 3697 3965; x_wconf 91' lang='lat' dir='ltr'><strong>t,</strong></span> 
     </span>
    </p>
   </div>
   <div class='ocr_carea' id='block_1_86' title="bbox 2122 3988 3699 4059">
    <p class='ocr_par' dir='ltr' id='par_1_86' title="bbox 2122 3988 3699 4059">
     <span class='ocr_line' id='line_1_86' title="bbox 2122 3988 3699 4059; baseline 0.001 -18"><span class='ocrx_word' id='word_1_685' title='bbox 2122 3989 2209 4058; x_wconf 91' lang='lat' dir='ltr'><strong>qui</strong></span> <span class='ocrx_word' id='word_1_686' title='bbox 2232 3988 2497 4057; x_wconf 74' lang='lat' dir='ltr'><strong>obiectum</strong></span> <span class='ocrx_word' id='word_1_687' title='bbox 2535 3992 2897 4048; x_wconf 88' lang='lat' dir='ltr'><strong>testimonium</strong></span> <span class='ocrx_word' id='word_1_688' title='bbox 2941 3994 3223 4059; x_wconf 86' lang='lat' dir='ltr'><strong>continet,</strong></span> <span class='ocrx_word' id='word_1_689' title='bbox 3251 4007 3402 4049; x_wconf 88' lang='lat' dir='ltr'><strong>num.</strong></span> <span class='ocrx_word' id='word_1_690' title='bbox 3440 3990 3537 4046; x_wconf 70' lang='grc' dir='ltr'><strong>με</strong></span> <span class='ocrx_word' id='word_1_691' title='bbox 3578 3991 3699 4047; x_wconf 71' lang='lat' dir='ltr'><strong>Cum</strong></span> 
     </span>
    </p>
   </div>
   <div class='ocr_carea' id='block_1_87' title="bbox 2120 4085 3696 4158">
    <p class='ocr_par' dir='ltr' id='par_1_87' title="bbox 2120 4085 3696 4158">
     <span class='ocr_line' id='line_1_87' title="bbox 2120 4085 3696 4158; baseline 0.004 -28"><span class='ocrx_word' id='word_1_692' title='bbox 2120 4086 2291 4133; x_wconf 88' lang='lat' dir='ltr'><strong>autem</strong></span> <span class='ocrx_word' id='word_1_693' title='bbox 2317 4097 2481 4145; x_wconf 84' lang='lat' dir='ltr'><strong>mors,</strong></span> <span class='ocrx_word' id='word_1_694' title='bbox 2506 4098 2619 4151; x_wconf 73' lang='lat' dir='ltr'><strong>qua:</strong></span> <span class='ocrx_word' id='word_1_695' title='bbox 2641 4093 2851 4150; x_wconf 87' lang='lat' dir='ltr'><strong>putatur</strong></span> <span class='ocrx_word' id='word_1_696' title='bbox 2880 4090 3170 4149; x_wconf 87' lang='lat' dir='ltr'><strong>metuenda.</strong></span> <span class='ocrx_word' id='word_1_697' title='bbox 3196 4093 3467 4158; x_wconf 85' lang='lat' dir='ltr'><strong>gustatur:</strong></span> <span class='ocrx_word' id='word_1_698' title='bbox 3497 4094 3618 4139; x_wconf 76' lang='lat' dir='ltr'><strong>tunc</strong></span> <span class='ocrx_word' id='word_1_699' title='bbox 3635 4085 3696 4151; x_wconf 77' lang='lat' dir='ltr'><strong>ei,</strong></span> 
     </span>
    </p>
   </div>
   <div class='ocr_carea' id='block_1_88' title="bbox 2123 4167 3700 4250">
    <p class='ocr_par' dir='ltr' id='par_1_88' title="bbox 2123 4167 3700 4250">
     <span class='ocr_line' id='line_1_88' title="bbox 2123 4167 3700 4250; baseline 0.006 -28"><span class='ocrx_word' id='word_1_700' title='bbox 2123 4167 2175 4222; x_wconf 88' lang='lat' dir='ltr'><strong>id</strong></span> <span class='ocrx_word' id='word_1_701' title='bbox 2201 4180 2281 4224; x_wconf 90' lang='lat' dir='ltr'><strong>est</strong></span> <span class='ocrx_word' id='word_1_702' title='bbox 2304 4172 2519 4235; x_wconf 66' lang='lat' dir='ltr'><strong>animai.</strong></span> <span class='ocrx_word' id='word_1_703' title='bbox 2543 4174 2595 4225; x_wconf 89' lang='lat' dir='ltr'><strong>in</strong></span> <span class='ocrx_word' id='word_1_704' title='bbox 2616 4183 2857 4229; x_wconf 77' lang='lat' dir='ltr'><strong>eeternum</strong></span> <span class='ocrx_word' id='word_1_705' title='bbox 2885 4178 3139 4233; x_wconf 85' lang='lat' dir='ltr'><strong>manentis</strong></span> <span class='ocrx_word' id='word_1_706' title='bbox 3166 4178 3347 4250; x_wconf 80' lang='lat' dir='ltr'><strong>glorite</strong></span> <span class='ocrx_word' id='word_1_707' title='bbox 3370 4178 3529 4233; x_wconf 87' lang='lat' dir='ltr'><strong>beatis</strong></span> <span class='ocrx_word' id='word_1_708' title='bbox 3550 4178 3607 4231; x_wconf 89' lang='lat' dir='ltr'><strong>in</strong></span> <span class='ocrx_word' id='word_1_709' title='bbox 3629 4193 3700 4231; x_wconf 74' lang='lat' dir='ltr'><strong>te-</strong></span> 
     </span>
    </p>
   </div>
   <div class='ocr_carea' id='block_1_89' title="bbox 2128 4263 3701 4337">
    <p class='ocr_par' dir='ltr' id='par_1_89' title="bbox 2128 4263 3701 4337">
     <span class='ocr_line' id='line_1_89' title="bbox 2128 4263 3701 4337; baseline 0.005 -20"><span class='ocrx_word' id='word_1_710' title='bbox 2128 4263 2299 4329; x_wconf 85' lang='lat' dir='ltr'><strong>dibus,</strong></span> <span class='ocrx_word' id='word_1_711' title='bbox 2334 4264 2501 4318; x_wconf 87' lang='lat' dir='ltr'><strong>nullas</strong></span> <span class='ocrx_word' id='word_1_712' title='bbox 2544 4266 2778 4337; x_wconf 80' lang='lat' dir='ltr'><strong>deinceps</strong></span> <span class='ocrx_word' id='word_1_713' title='bbox 2825 4284 3076 4325; x_wconf 66' lang='lat' dir='ltr'><strong>(erumnas</strong></span> <span class='ocrx_word' id='word_1_714' title='bbox 3116 4272 3298 4325; x_wconf 83' lang='lat' dir='ltr'><strong>mundi</strong></span> <span class='ocrx_word' id='word_1_715' title='bbox 3334 4286 3597 4337; x_wconf 67' lang='lat' dir='ltr'><strong>sensura,</strong></span> <span class='ocrx_word' id='word_1_716' title='bbox 3625 4286 3701 4326; x_wconf 79' lang='lat' dir='ltr'><strong>re-</strong></span> 
     </span>
    </p>
   </div>
   <div class='ocr_carea' id='block_1_90' title="bbox 2120 4356 3799 4435">
    <p class='ocr_par' dir='ltr' id='par_1_90' title="bbox 2120 4356 3799 4435">
     <span class='ocr_line' id='line_1_90' title="bbox 2120 4356 3799 4435; baseline 0.004 -24"><span class='ocrx_word' id='word_1_717' title='bbox 2120 4357 2371 4427; x_wconf 83' lang='lat' dir='ltr'><strong>promissa</strong></span> <span class='ocrx_word' id='word_1_718' title='bbox 2413 4356 2633 4427; x_wconf 78' lang='lat' dir='ltr'><strong>felicitas</strong></span> <span class='ocrx_word' id='word_1_719' title='bbox 2671 4358 2953 4413; x_wconf 74' lang='lat' dir='ltr'><strong>exhibetur.</strong></span> <span class='ocrx_word' id='word_1_720' title='bbox 3000 4359 3100 4417; x_wconf 88' lang='lat' dir='ltr'><strong>Ubi</strong></span> <span class='ocrx_word' id='word_1_721' title='bbox 3130 4372 3189 4418; x_wconf 80' lang='lat' dir='ltr'><strong>et</strong></span> <span class='ocrx_word' id='word_1_722' title='bbox 3213 4362 3355 4417; x_wconf 85' lang='lat' dir='ltr'><strong>sedes</strong></span> <span class='ocrx_word' id='word_1_723' title='bbox 3383 4364 3541 4419; x_wconf 69' lang='lat' dir='ltr'><strong>beate</strong></span> <span class='ocrx_word' id='word_1_724' title='bbox 3590 4362 3699 4435; x_wconf 76' lang='lat' dir='ltr'><strong>glo-</strong></span> <span class='ocrx_word' id='word_1_725' title='bbox 3794 4394 3799 4405; x_wconf 92' lang='lat'><strong><em>-</em></strong></span> 
     </span>
    </p>
   </div>
   <div class='ocr_carea' id='block_1_91' title="bbox 2119 4451 3702 4522">
    <p class='ocr_par' dir='ltr' id='par_1_91' title="bbox 2119 4451 3702 4522">
     <span class='ocr_line' id='line_1_91' title="bbox 2119 4451 3702 4522; baseline 0.003 -19"><span class='ocrx_word' id='word_1_726' title='bbox 2119 4454 2213 4504; x_wconf 74' lang='lat' dir='ltr'><strong>rite</strong></span> <span class='ocrx_word' id='word_1_727' title='bbox 2236 4455 2288 4503; x_wconf 86' lang='lat' dir='ltr'><strong>in</strong></span> <span class='ocrx_word' id='word_1_728' title='bbox 2312 4462 2557 4505; x_wconf 66' lang='lat' dir='ltr'><strong>internum</strong></span> <span class='ocrx_word' id='word_1_729' title='bbox 2590 4451 2839 4503; x_wconf 83' lang='lat' dir='ltr'><strong>manentis</strong></span> <span class='ocrx_word' id='word_1_730' title='bbox 2873 4458 3001 4505; x_wconf 85' lang='lat' dir='ltr'><strong>sunt</strong></span> <span class='ocrx_word' id='word_1_731' title='bbox 3042 4454 3227 4522; x_wconf 90' lang='lat' dir='ltr'><strong>procul</strong></span> <span class='ocrx_word' id='word_1_732' title='bbox 3270 4453 3433 4509; x_wconf 89' lang='lat' dir='ltr'><strong>dubio</strong></span> <span class='ocrx_word' id='word_1_733' title='bbox 3469 4454 3702 4511; x_wconf 65' lang='lat' dir='ltr'><strong>caelestis</strong></span> 
     </span>
    </p>
   </div>
   <div class='ocr_carea' id='block_1_92' title="bbox 435 4524 3699 4622">
    <p class='ocr_par' dir='ltr' id='par_1_92' title="bbox 435 4524 3699 4622">
     <span class='ocr_line' id='line_1_92' title="bbox 435 4524 3699 4622; baseline 0.005 -36"><span class='ocrx_word' id='word_1_734' title='bbox 435 4529 592 4603; x_wconf 70' lang='lat' dir='ltr'><strong>{cxx}</strong></span> <span class='ocrx_word' id='word_1_735' title='bbox 614 4532 746 4585; x_wconf 88' lang='lat' dir='ltr'><strong>enim</strong></span> <span class='ocrx_word' id='word_1_736' title='bbox 770 4532 892 4595; x_wconf 86' lang='lat' dir='ltr'><strong>vita,</strong></span> <span class='ocrx_word' id='word_1_737' title='bbox 918 4531 1237 4604; x_wconf 80' lang='lat' dir='ltr'><strong>inquit.quis</strong></span> <span class='ocrx_word' id='word_1_738' title='bbox 1258 4553 1426 4592; x_wconf 86' lang='lat' dir='ltr'><strong>secum</strong></span> <span class='ocrx_word' id='word_1_739' title='bbox 1454 4552 1542 4594; x_wconf 91' lang='lat' dir='ltr'><strong>aut</strong></span> <span class='ocrx_word' id='word_1_740' title='bbox 1563 4559 1802 4597; x_wconf 84' lang='lat' dir='ltr'><strong>coronam</strong></span> <span class='ocrx_word' id='word_1_741' title='bbox 1824 4556 2013 4615; x_wconf 83' lang='lat' dir='ltr'><strong>portat.</strong></span> <span class='ocrx_word' id='word_1_742' title='bbox 2044 4524 2097 4586; x_wconf 82' lang='grc' dir='ltr'><strong>Ῑ)</strong></span> <span class='ocrx_word' id='word_1_743' title='bbox 2119 4547 2307 4619; x_wconf 70' lang='lat' dir='ltr'><strong>gloria:</strong></span> <span class='ocrx_word' id='word_1_744' title='bbox 2336 4548 2508 4611; x_wconf 92' lang='lat' dir='ltr'><strong>locus.</strong></span> <span class='ocrx_word' id='word_1_745' title='bbox 2539 4562 2643 4601; x_wconf 89' lang='lat' dir='ltr'><strong>non</strong></span> <span class='ocrx_word' id='word_1_746' title='bbox 2673 4554 2850 4601; x_wconf 84' lang='lat' dir='ltr'><strong>autem</strong></span> <span class='ocrx_word' id='word_1_747' title='bbox 2878 4545 3028 4601; x_wconf 89' lang='lat' dir='ltr'><strong>sinus</strong></span> <span class='ocrx_word' id='word_1_748' title='bbox 3074 4548 3165 4603; x_wconf 91' lang='lat' dir='ltr'><strong>ille</strong></span> <span class='ocrx_word' id='word_1_749' title='bbox 3188 4547 3422 4605; x_wconf 68' lang='lat' dir='ltr'><strong>Abrahae</strong></span> <span class='ocrx_word' id='word_1_750' title='bbox 3444 4591 3460 4614; x_wconf 94' lang='lat'><strong>.</strong></span> <span class='ocrx_word' id='word_1_751' title='bbox 3495 4550 3547 4604; x_wconf 91' lang='lat' dir='ltr'><strong>in</strong></span> <span class='ocrx_word' id='word_1_752' title='bbox 3603 4564 3699 4622; x_wconf 78' lang='lat' dir='ltr'><strong>quo</strong></span> 
     </span>
    </p>
   </div>
   <div class='ocr_carea' id='block_1_93' title="bbox 435 4622 2018 4707">
    <p class='ocr_par' dir='ltr' id='par_1_93' title="bbox 435 4622 2018 4707">
     <span class='ocr_line' id='line_1_93' title="bbox 435 4622 2018 4707; baseline 0.008 -31"><span class='ocrx_word' id='word_1_753' title='bbox 435 4632 525 4676; x_wconf 88' lang='lat' dir='ltr'><strong>aut</strong></span> <span class='ocrx_word' id='word_1_754' title='bbox 545 4640 743 4691; x_wconf 67' lang='lat' dir='ltr'><strong>poenam</strong></span> <span class='ocrx_word' id='word_1_755' title='bbox 764 4639 782 4677; x_wconf 89' lang='lat'><strong><em>:</em></strong></span> <span class='ocrx_word' id='word_1_756' title='bbox 805 4632 857 4677; x_wconf 90' lang='lat' dir='ltr'><strong>et</strong></span> <span class='ocrx_word' id='word_1_757' title='bbox 873 4640 939 4678; x_wconf 90' lang='lat' dir='ltr'><strong>ue</strong></span> <span class='ocrx_word' id='word_1_758' title='bbox 955 4622 1177 4679; x_wconf 87' lang='lat' dir='ltr'><strong>dilatum</strong></span> <span class='ocrx_word' id='word_1_759' title='bbox 1193 4628 1464 4699; x_wconf 85' lang='lat' dir='ltr'><strong>quidpiam</strong></span> <span class='ocrx_word' id='word_1_760' title='bbox 1478 4632 1622 4685; x_wconf 79' lang='lat' dir='ltr'><strong>credi</strong></span> <span class='ocrx_word' id='word_1_761' title='bbox 1642 4635 1827 4697; x_wconf 87' lang='lat' dir='ltr'><strong>possit.</strong></span> <span class='ocrx_word' id='word_1_762' title='bbox 1849 4651 1910 4690; x_wconf 93' lang='lat' dir='ltr'><strong>su</strong></span> <span class='ocrx_word' id='word_1_763' title='bbox 1920 4636 2018 4707; x_wconf 83' lang='lat' dir='ltr'><strong>hji-</strong></span> 
     </span>
    </p>
   </div>
   <div class='ocr_carea' id='block_1_94' title="bbox 430 4713 2016 4795">
    <p class='ocr_par' dir='ltr' id='par_1_94' title="bbox 430 4713 2016 4795">
     <span class='ocr_line' id='line_1_94' title="bbox 430 4713 2016 4795; baseline 0.013 -30"><span class='ocrx_word' id='word_1_764' title='bbox 430 4713 508 4768; x_wconf 89' lang='lat' dir='ltr'><strong>cit</strong></span> <span class='ocrx_word' id='word_1_765' title='bbox 533 4725 652 4783; x_wconf 90' lang='lat' dir='ltr'><strong>post</strong></span> <span class='ocrx_word' id='word_1_766' title='bbox 676 4730 840 4784; x_wconf 82' lang='lat' dir='ltr'><strong>pauca</strong></span> <span class='ocrx_word' id='word_1_767' title='bbox 862 4731 879 4768; x_wconf 92' lang='lat'><em>:</em></span> <span class='ocrx_word' id='word_1_768' title='bbox 899 4714 1040 4769; x_wconf 82' lang='lat' dir='ltr'><strong>Justi</strong></span> <span class='ocrx_word' id='word_1_769' title='bbox 1068 4719 1186 4771; x_wconf 70' lang='lat' dir='ltr'><strong>vitae</strong></span> <span class='ocrx_word' id='word_1_770' title='bbox 1213 4732 1486 4790; x_wconf 64' lang='lat' dir='ltr'><strong>perpetuae,</strong></span> <span class='ocrx_word' id='word_1_771' title='bbox 1516 4724 1663 4795; x_wconf 84' lang='lat' dir='ltr'><strong>impii</strong></span> <span class='ocrx_word' id='word_1_772' title='bbox 1688 4736 1879 4783; x_wconf 73' lang='lat' dir='ltr'><strong>(eterna</strong></span> <span class='ocrx_word' id='word_1_773' title='bbox 1899 4741 2016 4786; x_wconf 90' lang='lat' dir='ltr'><strong>sunt</strong></span> 
     </span>
    </p>
   </div>
   <div class='ocr_carea' id='block_1_95' title="bbox 432 4805 2015 4878">
    <p class='ocr_par' dir='ltr' id='par_1_95' title="bbox 432 4805 2015 4878">
     <span class='ocr_line' id='line_1_95' title="bbox 432 4805 2015 4878; baseline 0.012 -22"><span class='ocrx_word' id='word_1_774' title='bbox 432 4805 673 4859; x_wconf 84' lang='lat' dir='ltr'><strong>destinati</strong></span> <span class='ocrx_word' id='word_1_775' title='bbox 701 4806 980 4877; x_wconf 85' lang='lat' dir='ltr'><strong>supplicio.</strong></span> <span class='ocrx_word' id='word_1_776' title='bbox 1014 4807 1270 4877; x_wconf 68' lang='lat' dir='ltr'><strong>Apct&#39;tius</strong></span> <span class='ocrx_word' id='word_1_777' title='bbox 1309 4819 1463 4867; x_wconf 78' lang='lat' dir='ltr'><strong>tract.</strong></span> <span class='ocrx_word' id='word_1_778' title='bbox 1490 4813 1559 4867; x_wconf 72' lang='lat'>27</span> <span class='ocrx_word' id='word_1_779' title='bbox 1608 4815 1701 4871; x_wconf 82' lang='grc' dir='ltr'><strong>Ιιι).</strong></span> <span class='ocrx_word' id='word_1_780' title='bbox 1732 4832 1766 4869; x_wconf 83' lang='grc' dir='ltr'>ιι</span> <span class='ocrx_word' id='word_1_781' title='bbox 1792 4858 1805 4878; x_wconf 86' lang='grc'><em>,</em></span> <span class='ocrx_word' id='word_1_782' title='bbox 1832 4820 1882 4871; x_wconf 93' lang='lat' dir='ltr'><strong>in</strong></span> <span class='ocrx_word' id='word_1_783' title='bbox 1912 4820 2015 4877; x_wconf 84' lang='lat' dir='ltr'><strong>line</strong></span> 
     </span>
    </p>
   </div>
   <div class='ocr_carea' id='block_1_96' title="bbox 432 4900 2011 4979">
    <p class='ocr_par' dir='ltr' id='par_1_96' title="bbox 432 4900 2011 4979">
     <span class='ocr_line' id='line_1_96' title="bbox 432 4900 2011 4979; baseline 0.011 -30"><span class='ocrx_word' id='word_1_784' title='bbox 432 4914 769 4969; x_wconf 63' lang='lat' dir='ltr'><strong>prlipollt&#39;n‘.</strong></span> <span class='ocrx_word' id='word_1_785' title='bbox 795 4900 923 4969; x_wconf 89' lang='lat' dir='ltr'><strong>quid</strong></span> <span class='ocrx_word' id='word_1_786' title='bbox 958 4904 1279 4972; x_wconf 80' lang='lat' dir='ltr'><strong>martyribus</strong></span> <span class='ocrx_word' id='word_1_787' title='bbox 1310 4914 1429 4973; x_wconf 54' lang='lat' dir='ltr'><strong>post</strong></span> <span class='ocrx_word' id='word_1_788' title='bbox 1484 4920 1708 4962; x_wconf 83' lang='lat' dir='ltr'><strong>mortem</strong></span> <span class='ocrx_word' id='word_1_789' title='bbox 1764 4911 1972 4966; x_wconf 74' lang='lat' dir='ltr'><strong>accidat</strong></span> <span class='ocrx_word' id='word_1_790' title='bbox 1995 4956 2011 4979; x_wconf 94' lang='lat'><strong>,</strong></span> 
     </span>
    </p>
   </div>
   <div class='ocr_carea' id='block_1_97' title="bbox 430 4988 2013 5066">
    <p class='ocr_par' dir='ltr' id='par_1_97' title="bbox 430 4988 2013 5066">
     <span class='ocr_line' id='line_1_97' title="bbox 430 4988 2013 5066; baseline 0.011 -24"><span class='ocrx_word' id='word_1_791' title='bbox 430 4988 513 5043; x_wconf 66' lang='grc' dir='ltr'><strong>Ιιίς</strong></span> <span class='ocrx_word' id='word_1_792' title='bbox 539 4992 715 5046; x_wconf 75' lang='lat' dir='ltr'><strong>Verbis</strong></span> <span class='ocrx_word' id='word_1_793' title='bbox 748 4994 938 5046; x_wconf 88' lang='lat' dir='ltr'><strong>utitur:</strong></span> <span class='ocrx_word' id='word_1_794' title='bbox 974 4992 1176 5066; x_wconf 80' lang='lat' dir='ltr'><strong>Martyr</strong></span> <span class='ocrx_word' id='word_1_795' title='bbox 1217 4996 1483 5053; x_wconf 77' lang='lat' dir='ltr'><strong>dominica:</strong></span> <span class='ocrx_word' id='word_1_796' title='bbox 1512 4990 1839 5057; x_wconf 83' lang='lat' dir='ltr'><strong>habitationis</strong></span> <span class='ocrx_word' id='word_1_797' title='bbox 1862 5007 1911 5058; x_wconf 90' lang='lat' dir='ltr'><strong>in</strong></span> <span class='ocrx_word' id='word_1_798' title='bbox 1936 5022 2013 5059; x_wconf 89' lang='lat' dir='ltr'><strong>re-</strong></span> 
     </span>
    </p>
   </div>
   <div class='ocr_carea' id='block_1_98' title="bbox 429 5086 2013 5168">
    <p class='ocr_par' dir='ltr' id='par_1_98' title="bbox 429 5086 2013 5168">
     <span class='ocr_line' id='line_1_98' title="bbox 429 5086 2013 5168; baseline 0.01 -32"><span class='ocrx_word' id='word_1_799' title='bbox 429 5087 633 5138; x_wconf 87' lang='lat' dir='ltr'><strong>condita</strong></span> <span class='ocrx_word' id='word_1_800' title='bbox 654 5086 965 5147; x_wconf 78' lang='lat' dir='ltr'><strong>adsumitur.</strong></span> <span class='ocrx_word' id='word_1_801' title='bbox 1008 5098 1061 5142; x_wconf 90' lang='lat' dir='ltr'><strong>ut</strong></span> <span class='ocrx_word' id='word_1_802' title='bbox 1088 5089 1273 5143; x_wconf 87' lang='lat' dir='ltr'><strong>ibident</strong></span> <span class='ocrx_word' id='word_1_803' title='bbox 1319 5108 1382 5146; x_wconf 77' lang='lat' dir='ltr'><strong>ex</strong></span> <span class='ocrx_word' id='word_1_804' title='bbox 1408 5094 1610 5149; x_wconf 74' lang='lat' dir='ltr'><strong>nomine</strong></span> <span class='ocrx_word' id='word_1_805' title='bbox 1663 5097 1715 5147; x_wconf 87' lang='lat' dir='ltr'><strong>in</strong></span> <span class='ocrx_word' id='word_1_806' title='bbox 1764 5097 2013 5168; x_wconf 86' lang='lat' dir='ltr'><strong>Angelum</strong></span> 
     </span>
    </p>
   </div>
   <div class='ocr_carea' id='block_1_99' title="bbox 430 5181 2013 5259">
    <p class='ocr_par' dir='ltr' id='par_1_99' title="bbox 430 5181 2013 5259">
     <span class='ocr_line' id='line_1_99' title="bbox 430 5181 2013 5259; baseline 0.009 -29"><span class='ocrx_word' id='word_1_807' title='bbox 430 5182 755 5250; x_wconf 78' lang='lat' dir='ltr'><strong>transfusus.</strong></span> <span class='ocrx_word' id='word_1_808' title='bbox 796 5190 987 5235; x_wconf 75' lang='lat' dir='ltr'><strong>teterna</strong></span> <span class='ocrx_word' id='word_1_809' title='bbox 1027 5183 1142 5236; x_wconf 73' lang='lat' dir='ltr'><strong>uiue</strong></span> <span class='ocrx_word' id='word_1_810' title='bbox 1169 5181 1477 5239; x_wconf 78' lang='lat' dir='ltr'><strong>beatitudine</strong></span> <span class='ocrx_word' id='word_1_811' title='bbox 1523 5187 1790 5257; x_wconf 86' lang='lat' dir='ltr'><strong>glorietur.</strong></span> <span class='ocrx_word' id='word_1_812' title='bbox 1845 5187 1901 5243; x_wconf 83' lang='lat' dir='ltr'><strong>Id</strong></span> <span class='ocrx_word' id='word_1_813' title='bbox 1937 5191 2013 5259; x_wconf 89' lang='lat' dir='ltr'><strong>ip-</strong></span> 
     </span>
    </p>
   </div>
   <div class='ocr_carea' id='block_1_100' title="bbox 427 5271 2009 5355">
    <p class='ocr_par' dir='ltr' id='par_1_100' title="bbox 427 5271 2009 5355">
     <span class='ocr_line' id='line_1_100' title="bbox 427 5271 2009 5355; baseline 0.009 -31"><span class='ocrx_word' id='word_1_814' title='bbox 427 5281 546 5326; x_wconf 88' lang='lat' dir='ltr'><strong>sum</strong></span> <span class='ocrx_word' id='word_1_815' title='bbox 578 5271 882 5355; x_wconf 79' lang='lat' dir='ltr'><strong>conﬁrmari</strong></span> <span class='ocrx_word' id='word_1_816' title='bbox 922 5282 1103 5346; x_wconf 85' lang='lat' dir='ltr'><strong>potest</strong></span> <span class='ocrx_word' id='word_1_817' title='bbox 1144 5290 1210 5333; x_wconf 83' lang='lat' dir='ltr'><strong>ex</strong></span> <span class='ocrx_word' id='word_1_818' title='bbox 1253 5284 1410 5332; x_wconf 87' lang='lat' dir='ltr'><strong>tract.</strong></span> <span class='ocrx_word' id='word_1_819' title='bbox 1443 5277 1511 5334; x_wconf 82' lang='lat' dir='ltr'><strong>t8</strong></span> <span class='ocrx_word' id='word_1_820' title='bbox 1572 5279 1815 5349; x_wconf 82' lang='lat' dir='ltr'><strong>ejusdem</strong></span> <span class='ocrx_word' id='word_1_821' title='bbox 1845 5281 2009 5351; x_wconf 88' lang='lat' dir='ltr'><strong>libri,</strong></span> 
     </span>
    </p>
   </div>
   <div class='ocr_carea' id='block_1_101' title="bbox 2117 4638 3699 4709">
    <p class='ocr_par' dir='ltr' id='par_1_101' title="bbox 2117 4638 3699 4709">
     <span class='ocr_line' id='line_1_101' title="bbox 2117 4638 3699 4709; baseline 0.002 -14"><span class='ocrx_word' id='word_1_822' title='bbox 2117 4641 2183 4696; x_wconf 90' lang='lat' dir='ltr'><strong>ad</strong></span> <span class='ocrx_word' id='word_1_823' title='bbox 2208 4652 2507 4696; x_wconf 83' lang='lat' dir='ltr'><strong>extremum</strong></span> <span class='ocrx_word' id='word_1_824' title='bbox 2536 4654 2705 4709; x_wconf 88' lang='lat' dir='ltr'><strong>usque</strong></span> <span class='ocrx_word' id='word_1_825' title='bbox 2738 4638 2924 4707; x_wconf 84' lang='lat' dir='ltr'><strong>judicii</strong></span> <span class='ocrx_word' id='word_1_826' title='bbox 2969 4638 3112 4694; x_wconf 89' lang='lat' dir='ltr'><strong>diem</strong></span> <span class='ocrx_word' id='word_1_827' title='bbox 3150 4640 3428 4697; x_wconf 66' lang='lat' dir='ltr'><strong>animabus</strong></span> <span class='ocrx_word' id='word_1_828' title='bbox 3476 4657 3699 4699; x_wconf 80' lang='lat' dir='ltr'><strong>maneti-</strong></span> 
     </span>
    </p>
   </div>
   <div class='ocr_carea' id='block_1_102' title="bbox 2116 4730 3779 4801">
    <p class='ocr_par' dir='ltr' id='par_1_102' title="bbox 2116 4730 3779 4801">
     <span class='ocr_line' id='line_1_102' title="bbox 2116 4730 3779 4801; baseline -0.001 -12"><span class='ocrx_word' id='word_1_829' title='bbox 2116 4733 2242 4789; x_wconf 91' lang='lat' dir='ltr'><strong>dum</strong></span> <span class='ocrx_word' id='word_1_830' title='bbox 2302 4733 2399 4797; x_wconf 83' lang='lat' dir='ltr'><strong>sit;</strong></span> <span class='ocrx_word' id='word_1_831' title='bbox 2452 4741 2506 4787; x_wconf 90' lang='lat' dir='ltr'><strong>et</strong></span> <span class='ocrx_word' id='word_1_832' title='bbox 2564 4732 2645 4785; x_wconf 80' lang='lat' dir='ltr'><strong>lue</strong></span> <span class='ocrx_word' id='word_1_833' title='bbox 2698 4730 2915 4800; x_wconf 90' lang='lat' dir='ltr'><strong>quidem</strong></span> <span class='ocrx_word' id='word_1_834' title='bbox 2975 4740 3097 4800; x_wconf 83' lang='lat' dir='ltr'><strong>post</strong></span> <span class='ocrx_word' id='word_1_835' title='bbox 3148 4742 3412 4801; x_wconf 79' lang='lat' dir='ltr'><strong>gustatum</strong></span> <span class='ocrx_word' id='word_1_836' title='bbox 3472 4747 3697 4791; x_wconf 76' lang='lat' dir='ltr'><strong>mortem</strong></span> <span class='ocrx_word' id='word_1_837' title='bbox 3776 4796 3779 4799; x_wconf 96' lang='lat'><em>_</em></span> 
     </span>
    </p>
   </div>
   <div class='ocr_carea' id='block_1_103' title="bbox 2115 4824 3699 4898">
    <p class='ocr_par' dir='ltr' id='par_1_103' title="bbox 2115 4824 3699 4898">
     <span class='ocr_line' id='line_1_103' title="bbox 2115 4824 3699 4898; baseline 0.001 -17"><span class='ocrx_word' id='word_1_838' title='bbox 2115 4828 2376 4882; x_wconf 70' lang='lat' dir='ltr'><strong>adeundm</strong></span> <span class='ocrx_word' id='word_1_839' title='bbox 2406 4826 2783 4898; x_wconf 72' lang='lat' dir='ltr'><strong>designantur:</strong></span> <span class='ocrx_word' id='word_1_840' title='bbox 2812 4824 2963 4894; x_wconf 87' lang='lat' dir='ltr'><strong>cujus</strong></span> <span class='ocrx_word' id='word_1_841' title='bbox 2991 4824 3067 4879; x_wconf 90' lang='lat' dir='ltr'><strong>rei</strong></span> <span class='ocrx_word' id='word_1_842' title='bbox 3092 4824 3355 4880; x_wconf 72' lang='lat' dir='ltr'><strong>rationem</strong></span> <span class='ocrx_word' id='word_1_843' title='bbox 3384 4830 3594 4882; x_wconf 81' lang='lat' dir='ltr'><strong>Auctor</strong></span> <span class='ocrx_word' id='word_1_844' title='bbox 3616 4828 3699 4883; x_wconf 83' lang='lat' dir='ltr'><strong>de-</strong></span> 
     </span>
    </p>
   </div>
   <div class='ocr_carea' id='block_1_104' title="bbox 2116 4916 3699 4990">
    <p class='ocr_par' dir='ltr' id='par_1_104' title="bbox 2116 4916 3699 4990">
     <span class='ocr_line' id='line_1_104' title="bbox 2116 4916 3699 4990; baseline 0 -15"><span class='ocrx_word' id='word_1_845' title='bbox 2116 4920 2268 4975; x_wconf 89' lang='lat' dir='ltr'><strong>derat</strong></span> <span class='ocrx_word' id='word_1_846' title='bbox 2310 4922 2467 4990; x_wconf 88' lang='lat' dir='ltr'><strong>paulo</strong></span> <span class='ocrx_word' id='word_1_847' title='bbox 2512 4930 2636 4975; x_wconf 87' lang='lat' dir='ltr'><strong>ante</strong></span> <span class='ocrx_word' id='word_1_848' title='bbox 2684 4916 2877 4973; x_wconf 74' lang='lat' dir='ltr'><strong>eodem</strong></span> <span class='ocrx_word' id='word_1_849' title='bbox 2929 4933 3075 4971; x_wconf 84' lang='lat' dir='ltr'><strong>num.</strong></span> <span class='ocrx_word' id='word_1_850' title='bbox 3121 4916 3219 4971; x_wconf 66' lang='lat' dir='ltr'><strong>ib:</strong></span> <span class='ocrx_word' id='word_1_851' title='bbox 3246 4917 3408 4973; x_wconf 76' lang='lat' dir='ltr'><strong>Aliter</strong></span> <span class='ocrx_word' id='word_1_852' title='bbox 3442 4920 3583 4973; x_wconf 83' lang='lat' dir='ltr'><strong>enim</strong></span> <span class='ocrx_word' id='word_1_853' title='bbox 3612 4922 3699 4975; x_wconf 80' lang='lat' dir='ltr'><strong>im-</strong></span> 
     </span>
    </p>
   </div>
   <div class='ocr_carea' id='block_1_105' title="bbox 2116 5008 3699 5077">
    <p class='ocr_par' dir='ltr' id='par_1_105' title="bbox 2116 5008 3699 5077">
     <span class='ocr_line' id='line_1_105' title="bbox 2116 5008 3699 5077; baseline 0 -14"><span class='ocrx_word' id='word_1_854' title='bbox 2116 5013 2439 5066; x_wconf 83' lang='lat' dir='ltr'><strong>mortalitatis</strong></span> <span class='ocrx_word' id='word_1_855' title='bbox 2483 5012 2615 5066; x_wconf 86' lang='lat' dir='ltr'><strong>stola</strong></span> <span class='ocrx_word' id='word_1_856' title='bbox 2645 5011 2735 5064; x_wconf 91' lang='lat' dir='ltr'><strong>illa</strong></span> <span class='ocrx_word' id='word_1_857' title='bbox 2781 5026 2883 5064; x_wconf 89' lang='lat' dir='ltr'><strong>non</strong></span> <span class='ocrx_word' id='word_1_858' title='bbox 2934 5008 3153 5063; x_wconf 86' lang='lat' dir='ltr'><strong>sumitur</strong></span> <span class='ocrx_word' id='word_1_859' title='bbox 3186 5048 3201 5071; x_wconf 92' lang='lat'><strong>,</strong></span> <span class='ocrx_word' id='word_1_860' title='bbox 3233 5008 3334 5062; x_wconf 88' lang='lat' dir='ltr'><strong>nisi</strong></span> <span class='ocrx_word' id='word_1_861' title='bbox 3362 5010 3527 5077; x_wconf 80' lang='lat' dir='ltr'><strong>primo</strong></span> <span class='ocrx_word' id='word_1_862' title='bbox 3568 5010 3699 5066; x_wconf 74' lang='lat' dir='ltr'><strong>isttd</strong></span> 
     </span>
    </p>
   </div>
   <div class='ocr_carea' id='block_1_106' title="bbox 2114 5102 3697 5172">
    <p class='ocr_par' dir='ltr' id='par_1_106' title="bbox 2114 5102 3697 5172">
     <span class='ocr_line' id='line_1_106' title="bbox 2114 5102 3697 5172; baseline -0.001 -16"><span class='ocrx_word' id='word_1_863' title='bbox 2114 5104 2318 5157; x_wconf 88' lang='lat' dir='ltr'><strong>carnale</strong></span> <span class='ocrx_word' id='word_1_864' title='bbox 2338 5105 2578 5172; x_wconf 82' lang='lat' dir='ltr'><strong>spolium,</strong></span> <span class='ocrx_word' id='word_1_865' title='bbox 2613 5104 2856 5158; x_wconf 86' lang='lat' dir='ltr'><strong>blandum</strong></span> <span class='ocrx_word' id='word_1_866' title='bbox 2883 5102 3069 5157; x_wconf 72' lang='lat' dir='ltr'><strong>animm</strong></span> <span class='ocrx_word' id='word_1_867' title='bbox 3089 5116 3333 5156; x_wconf 74' lang='lat' dir='ltr'><strong>uenenum</strong></span> <span class='ocrx_word' id='word_1_868' title='bbox 3359 5141 3374 5163; x_wconf 86' lang='lat'><strong>,</strong></span> <span class='ocrx_word' id='word_1_869' title='bbox 3420 5105 3697 5158; x_wconf 73' lang='lat' dir='ltr'><strong>secundant</strong></span> 
     </span>
    </p>
   </div>
   <div class='ocr_carea' id='block_1_107' title="bbox 2112 5193 3504 5271">
    <p class='ocr_par' dir='ltr' id='par_1_107' title="bbox 2112 5193 3504 5271">
     <span class='ocr_line' id='line_1_107' title="bbox 2112 5193 3504 5271; baseline -0.003 -20"><span class='ocrx_word' id='word_1_870' title='bbox 2112 5197 2211 5251; x_wconf 83' lang='lat' dir='ltr'><strong>Dei</strong></span> <span class='ocrx_word' id='word_1_871' title='bbox 2237 5200 2535 5253; x_wconf 84' lang='lat' dir='ltr'><strong>sententiam</strong></span> <span class='ocrx_word' id='word_1_872' title='bbox 2558 5241 2573 5265; x_wconf 91' lang='lat'><strong>,</strong></span> <span class='ocrx_word' id='word_1_873' title='bbox 2608 5200 2742 5255; x_wconf 84' lang='lat' dir='ltr'><strong>unde</strong></span> <span class='ocrx_word' id='word_1_874' title='bbox 2768 5208 3031 5271; x_wconf 84' lang='lat' dir='ltr'><strong>sumptum</strong></span> <span class='ocrx_word' id='word_1_875' title='bbox 3057 5204 3152 5261; x_wconf 84' lang='lat' dir='ltr'><strong>est,</strong></span> <span class='ocrx_word' id='word_1_876' title='bbox 3178 5193 3504 5266; x_wconf 75' lang='lat' dir='ltr'><strong>refundatur.</strong></span> 
     </span>
    </p>
   </div>
  </div>
