3826 6226
198 327 294 383 HS

1042 336 1486 398 DISSERTATIO
1514 339 1604 406 lll,
1648 342 1732 398 DE
1771 345 1827 398 S.
1868 343 2018 401 ΖΕΝ.
2055 347 2251 408 ACTIS
2292 352 2380 408 ΕΤ
2410 351 2660 411 CULTU.

3378 369 3478 423 146

229 460 3444 519 Ἥ

898 590 1098 666 [cm]
1159 582 1929 675 DISSERTATIO
2038 596 2498 706 TERTIA,

749 741 844 802 DE
898 741 1127 805 ACTIS
1189 744 1475 810 SANCTI
1527 747 1867 814 ZENONIS
1918 754 2023 816 ET
2076 756 2179 818 DE
2232 759 2589 829 EJUSDEM
2649 768 2926 835 CULTU.

793 1005 1059 1064 ΡΒΟωΜ
1067 1009 1208 1067 11111.

262 1114 369 1169 Etsi
398 1114 529 1171 dua:
558 1118 684 1172 satis
711 1119 930 1189 prolixae
956 1123 1013 1177 S.
1040 1123 1274 1179 Zenonis
1305 1125 1441 1181 Viue
1473 1128 1783 1196 prodierunt

195 1206 243 1261 iii
287 1209 488 1272 lucem,
521 1226 740 1280 quarum
770 1213 994 1268 alteram
1038 1218 1253 1286 scripsit
1277 1216 1578 1274 Coronatus
1623 1221 1783 1275 Nota-

191 1298 317 1362 rius,
342 1302 434 1370 qui
464 1316 593 1357 ante
618 1319 668 1358 ix
693 1305 944 1359 stet-ulmo
975 1305 1173 1373 timuit,
1205 1310 1424 1364 alterum
1451 1327 1577 1366 vero
1602 1313 1784 1368 Mona—

190 1389 319 1445 chus
347 1390 711 1460 Zeiiouianiis,
741 1397 831 1469 qui
867 1397 992 1454 vixit
1024 1403 1219 1455 s:eculo
1253 1402 1466 1458 circiter
1508 1421 1579 1469 xi,
1605 1406 1778 1461 mndi-

189 1495 306 1536 cutn
348 1495 535 1540 tame
559 1500 620 1542 ac
644 1487 756 1543 fere
785 1489 917 1544 nihil
947 1491 1086 1547 scire
1113 1509 1210 1548 nos
1248 1493 1315 1548 de
1344 1499 1508 1550 nostri
1530 1495 1781 1554 Auctoris

190 1575 351 1643 gestis
397 1575 446 1630 si
491 1579 608 1646 quis
651 1585 978 1649 pronuntiet,
1028 1586 1348 1654 reprehendi
1403 1603 1508 1643 non
1562 1591 1778 1658 poterit.

194 1667 483 1723 Enimvero
518 1671 648 1725 inter
675 1689 757 1738 ea,
788 1690 910 1742 qua:
934 1672 1235 1732 Coronntus
1266 1679 1460 1734 litteris
1496 1683 1780 1751 consigna-

192 1762 282 1822 \‘ll,
315 1762 486 1816 multa
514 1763 724 1833 quidem
763 1765 830 1820 de
857 1768 1008 1822 miris
1035 1770 1374 1839 quibusdam,
1404 1788 1523 1843 qua:
1555 1791 1648 1843 per
1681 1775 1780 1831 Ze-

193 1867 382 1933 nonem
419 1856 558 1912 Deus
598 1860 766 1930 gessit
796 1861 1060 1932 prodigia,
1094 1864 1394 1919 luculenter
1424 1869 1689 1934 exposuit,
1726 1879 1777 1925 at

196 1964 354 2017 pauca
381 1965 605 2021 prorsus
636 1953 701 2007 de
732 1953 837 2007 vita
865 1963 918 2008 et
944 1955 1232 2012 virtutibus
1262 1957 1375 2024 ejus
1408 1959 1606 2028 tetigit;
1641 1962 1778 2016 adeo

195 2049 249 2093 ut
270 2043 442 2109 palam
472 2043 561 2111 sit,
588 2044 716 2098 nihil
746 2061 868 2101 eum
901 2062 964 2103 ex
995 2048 1227 2118 antiquis
1257 2053 1622 2106 monumentis
1647 2054 1776 2108 hau-

197 2132 345 2197 sisse,
395 2135 494 2190 sed
531 2149 593 2192 ea
623 2146 826 2191 tantum
871 2141 1269 2210 perscripsisse,
1310 2156 1427 2212 qua:
1455 2144 1524 2197 ub
1553 2145 1775 2215 prodigii

196 2227 550 2284 celebritatem
578 2233 737 2286 infixa
767 2237 1041 2289 memoriae
1070 2235 1146 2306 (η)
1170 2238 1409 2306 populari
1439 2237 1573 2293 fama
1600 2242 1776 2295 trade-

200 2317 408 2383 bantur;
450 2320 586 2376 unde
626 2325 787 2379 etiam
835 2325 1032 2379 factum
1074 2338 1176 2392 est,
1222 2341 1272 2382 ut
1315 2330 1428 2386 hinc
1473 2332 1582 2401 ipsa
1630 2333 1775 2388 falsis

198 2413 388 2482 aliquot
432 2417 699 2486 adjunctis
734 2420 1138 2477 circuinv-eSIita
1186 2422 1545 2492 inveniantur,
1599 2436 1656 2480 ut
1705 2443 1772 2483 ex
1803 2427 1849 2486 B

201 2504 619 2564 adnotationibus
669 2512 720 2566 in
751 2527 868 2568 cani
899 2513 1066 2568 Vitam
1098 2516 1238 2571 inter
1264 2534 1610 2576 monumenta
1643 2523 1778 2578 infe—

204 2595 303 2648 rius
330 2598 696 2655 colloczitidain
729 2602 974 2670 liquebit.
1001 2606 1288 2663 Monachus
1319 2609 1658 2668 Zt'llttnlttnlls
1684 2630 1776 2684 per

205 2687 558 2745 mari-Ilionein
590 2692 857 2750 Maﬂeitim
888 2697 1086 2764 editus,
1114 2714 1142 2752 a
1171 2701 1460 2764 Coronato,
1493 2704 1592 2758 etsi
1627 2706 1774 2760 illtitn

205 2792 300 2832 non
330 2782 586 2850 nominet,
614 2788 796 2840 omnia
826 2792 1050 2857 accepit,
1094 2792 1330 2862 nihilque
1367 2779 1542 2850 eidem
1573 2796 1778 2852 addidit

204 2882 386 2938 przeier
425 2874 526 2928 alia
565 2877 843 2944 miracula,
876 2895 995 2945 quae
1031 2881 1098 2935 ad
1143 2887 1305 2938 vitam
1350 2891 1774 2956 cognoscendam

205 2961 323 3017 nihil
351 2968 649 3022 conferunt.
699 2969 844 3025 Inter
882 2971 1112 3028 Zenonis
1156 2975 1301 3030 Vitas
1347 2995 1452 3032 non
1497 2982 1774 3036 retulimus

202 3051 368 3110 Jacobi
399 3057 718 3116 Veronensis
751 3064 1050 3132 presbyteri
1082 3081 1318 3135 carmen,
1351 3073 1492 3139 quod
1534 3075 1774 3129 versibus

205 3143 515 3205 hexametris
563 3153 810 3207 ducentis
851 3163 905 3208 et
957 3157 1302 3227 quadraginta
1349 3173 1584 3228 quatuor
1625 3163 1773 3218 lucu-

203 3237 394 3296 bratum
425 3259 489 3298 ex
533 3260 633 3300 ms.
664 3245 957 3302 chionziiii
987 3253 1295 3306 llltillilSlt‘l‘ll
1323 3253 1491 3308 edidit
1521 3255 1579 3308 P.
1631 3256 1771 3312 Hen-

205 3333 436 3393 schenins
463 3349 591 3395 tom.
613 3355 672 3406 ti,
701 3342 919 3410 Aprilis,
942 3361 1060 3416 pag.
1087 3346 1173 3411 76;
1209 3363 1310 3401 non
1340 3350 1481 3403 enim
1507 3353 1549 3404 is
1575 3350 1632 3408 S.
1663 3353 1772 3407 An-

206 3429 365 3483 tistitis
395 3435 574 3497 vitam,
615 3434 713 3489 sed
748 3437 1002 3491 miracula
1042 3437 1397 3497 describenda
1439 3444 1540 3497 sibi
1576 3460 1771 3516 propo-

205 3523 314 3585 suit,
345 3523 526 3579 eadem
562 3527 718 3596 plane
745 3544 864 3600 quae
909 3530 962 3586 in
997 3531 1304 3589 Zeiioiiiano
1341 3536 1624 3609 Aiionyino
1657 3557 1772 3595 ino-

205 3613 356 3666 nacbo
380 3617 548 3671 soluta
575 3620 822 3676 oratione
851 3622 1117 3694 leguntur,
1149 3639 1344 3697 praeter
1376 3631 1472 3683 tria
1498 3647 1617 3701 quae
1645 3634 1770 3686 sub-

208 3705 312 3760 inde
360 3721 656 3780 perpetrata
706 3714 813 3769 illis
843 3716 1218 3786 siibjicitinttti'.
1267 3721 1582 3794 Aitonyniiis
1631 3726 1769 3794 l’ipi-

207 3797 374 3855 nianus
412 3819 460 3859 iv
503 3807 683 3861 saeculi
726 3812 955 3880 scriptor
999 3815 1049 3866 in
1107 3813 1377 3885 liliyihuio
1423 3818 1489 3873 de
1545 3819 1765 3875 Verona:
1792 3815 1837 3876 C

207 3891 425 3952 laudibus
473 3901 655 3968 paucis
696 3904 936 3957 versibus
979 3922 1144 3974 pauca
1189 3903 1418 3978 quidem
1451 3913 1517 3966 de
1549 3913 1765 3971 Zenone

206 3988 398 4054 cecinit,
442 3990 537 4045 sed
568 4007 689 4061 quae
721 3999 1143 4062 praciiieiiioratis
1197 3999 1331 4054 Vitis
1375 4005 1540 4071 pluris
1583 4007 1763 4061 haberi

207 4091 398 4147 queunt,
427 4094 482 4138 ut
504 4100 565 4138 ex
590 4085 833 4142 dicendis
860 4093 1145 4145 constabit.
1177 4091 1359 4163 Itaque
1391 4096 1442 4150 in
1473 4108 1612 4151 tanta
1642 4115 1763 4166 pro-

208 4167 428 4228 babilium
460 4190 926 4237 monumentorum
961 4188 1178 4252 penuria
1211 4187 1442 4244 Zenonis
1479 4192 1638 4245 vitam
1672 4209 1764 4247 ne-

209 4279 281 4317 mo
307 4272 506 4325 anubis
537 4277 810 4344 requirat:
842 4294 1012 4346 neque
1035 4285 1174 4336 enim
1212 4285 1404 4341 imitari
1434 4289 1603 4358 placet
1626 4291 1762 4360 Bap-

207 4357 662 4431 tistaml’eretttim,
692 4372 780 4438 qui
814 4372 864 4426 iii
893 4372 1008 4426 Vita
1037 4374 1216 4430 ltalice
1243 4357 1443 4447 scripta
1470 4390 1525 4434 et
1554 4357 1758 4439 Latin-is

207 4465 305 4507 cum
327 4457 536 4515 scholiis
566 4462 791 4518 Veranii:
819 4465 1043 4532 primunt
1076 4469 1214 4522 edita
1243 4486 1331 4523 an.
1367 4473 1524 4537 1397,
1561 4484 1614 4529 et
1635 4477 1755 4530 dein

205 4555 277 4596 an.
322 4548 446 4603 1710
473 4550 737 4606 Patavina:
766 4554 820 4610 S.
840 4554 1071 4610 Zenonis
1093 4559 1311 4614 editioni
1337 4563 1600 4631 subjecta,
1624 4567 1754 4623 nihil

203 4633 321 4688 aliud
354 4640 547 4703 effecit,
590 4660 749 4712 quam
801 4646 1168 4705 Zeiioniaimm
1216 4657 1534 4712 monachum
1577 4659 1756 4718 Italica

205 4723 351 4795 lingua
380 4733 597 4796 referre,
628 4745 682 4790 et
720 4737 825 4792 alia
862 4755 925 4794 ex
959 4742 1192 4812 ingenio,
1229 4749 1312 4803 vel
1346 4753 1585 4818 p0pulari
1619 4753 1757 4810 fama

204 4819 557 4899 adjicerc,qu:e
588 4832 780 4888 minori
812 4835 1158 4895 fundamento
1186 4843 1440 4901 nituntur.
1474 4847 1552 4903 Ne
1581 4861 1753 4907 tamen

206 4909 429 4975 lectorum
463 4923 788 4979 desiderium
819 4913 1043 4986 omnino
1076 4933 1369 5000 fraudetur,
1402 4941 1657 5011 quidquid
1689 4959 1753 4998 ex

205 5011 481 5066 tractatibus
515 5013 840 5074 Zenouiaiiis
883 5021 1109 5092 aliisque
1145 5028 1378 5098 antiquis
1419 5030 1754 5089 documentis

205 5099 418 5172 colligere
444 5107 613 5178 licuit,
638 5114 1015 5183 eXponendum
1051 5121 1408 5190 aggredimur.

700 5246 889 5323 [CXXII]
925 5249 1152 5308 CAPUT
1192 5255 1232 5309 Ι.

358 5371 419 5413 »ι
458 5374 615 5416 Αετιε
643 5377 697 5438 .8.
741 5379 963 5420 τικοιιιε
1001 5382 1068 5422 Αἰ)
1105 5384 1327 5425 ΙΟΙΠῈΙ
1365 5386 1556 5434 USQUE.

417 5471 449 5543 ⁵
482 5471 519 5526 Ι.
551 5502 621 5513 -
644 5472 971 5546 Conjectitrc
989 5479 1053 5531 de
1071 5478 1291 5534 Zenonis
1312 5486 1501 5551 patria.

263 5577 308 5632 ln
335 5584 511 5647 primis
538 5587 607 5641 de
632 5587 868 5643 Zenonis
899 5593 1066 5658 patria
1093 5596 1361 5661 conjicere
1393 5598 1582 5666 placet.
1615 5599 1749 5672 Bap-

211 5663 306 5721 tista
339 5669 580 5729 Perottus
610 5677 784 5746 primo
827 5680 1036 5735 scholio
1065 5681 1258 5738 Latino
1301 5687 1368 5740 ad
1393 5663 1575 5743 Vitam
1606 5663 1747 5749 nunc

1813 1021 1861 1078 A
1893 1035 2064 1088 nuper
2104 1034 2474 1089 memoratam.
2514 1029 2877 1089 Veronensem
2923 1052 3044 1092 eum
3086 1038 3250 1097 fuisse
3289 1048 3475 1102 statuit

1888 1129 1952 1168 ex
1982 1115 2140 1171 Petro
2163 1118 2231 1172 de
2257 1119 2531 1178 Natalihus
2558 1126 2809 1195 episeopo
2843 1128 3087 1197 Equilino
3127 1133 3216 1188 lib.
3248 1150 3266 1189 ι
3311 1137 3470 1194 Cata-

1889 1206 1992 1277 logi
2026 1208 2367 1277 Sanctorum,
2407 1224 2460 1269 et
2493 1231 2557 1270 ex
2606 1218 2918 1274 lectionibus
2947 1238 3066 1292 quin
3108 1225 3158 1278 in
3190 1225 3328 1282 feSio
3357 1230 3474 1301 ejus

1886 1299 2255 1359 Ordinatioois
2296 1307 2383 1361 die
2421 1309 2453 1364 8
2489 1311 2792 1366 Decembris
2832 1314 3141 1384 legebantur
3189 1299 3473 1379 Mediolani

1888 1393 1939 1446 iii
1973 1394 2205 1450 Ecclesia
2236 1396 2566 1455 Catliedrali.
2596 1401 2669 1456 At
2695 1405 2806 1459 hate
2840 1406 3198 1462 recentiorum
3230 1412 3473 1468 teatimo-

1834 1497 1842 1501 ·
1886 1481 1972 1537 uia
2001 1483 2070 1539 de
2096 1487 2259 1542 rebus
2286 1490 2520 1560 antiquis
2542 1507 2662 1547 cum
2689 1494 2818 1549 nihil
2850 1497 3094 1573 probent,
3127 1512 3182 1554 ut
3208 1513 3353 1559 recte
3375 1521 3471 1559 no-

1886 1578 2016 1632 tavit
2039 1579 2338 1636 Cardinalis
2366 1583 2624 1641 Bnrnnius
2655 1603 2799 1642 num.
2834 1589 2900 1643 l2
2929 1600 3058 1645 tom.
3108 1607 3124 1646 ι
3150 1594 3460 1663 Annalium,

1885 1683 2004 1739 pag.
2037 1669 2106 1726 59
2152 1672 2282 1726 edit.
2315 1672 2672 1740 Coloiiieiisis,
2699 1680 2981 1751 nullusque
3007 1693 3131 1739 ante
3160 1685 3378 1741 Petrum
3404 1688 3471 1743 de

1883 1758 2159 1817 Natalibus
2186 1763 2286 1819 hoc
2313 1768 2683 1826 suliiiidicasse
2713 1769 2958 1826 iuvrntus
2987 1775 3086 1840 sit;
3119 1775 3317 1831 Peretti
3349 1793 3471 1833 scn-

1883 1852 2063 1907 teniiae
2090 1869 2249 1910 nemo
2277 1857 2514 1928 prudens
2537 1862 2884 1932 acquieverit,
2909 1863 3280 1938 integrumque
3305 1870 3462 1926 nobis

1884 1943 2205 2013 relinquitur
2255 1949 2591 2018 conjecturas
2639 1964 2849 2008 nostras
2900 1955 3253 2014 litteratorum
3299 1961 3469 2017 oculis

1883 2046 2039 2106 atque
2081 2052 2322 2094 censurae
2348 2042 2630 2112 subjicere.
2671 2045 2902 2101 Zenonis
2933 2065 3124 2105 nomen
3156 2051 3300 2108 inter
3322 2053 3470 2109 Grie-

1880 2141 1974 2181 cos
2006 2138 2279 2198 receptum
2308 2146 2370 2186 ac
2393 2133 2666 2204 frequens,
2688 2136 2933 2194 Graecum
2956 2157 3077 2196 eum
3096 2143 3470 2202 demonstrare

1880 2221 2120 2284 videtur;
2150 2231 2204 2278 et
2232 2223 2478 2281 Graecum
2508 2229 2722 2297 quidem
2755 2232 2902 2286 illuni
2922 2238 3128 2291 censuit
3149 2251 3267 2293 cum
3292 2238 3468 2294 Buch-

1881 2328 2011 2367 iiero
2033 2314 2402 2373 Tillcinontius
2431 2319 2611 2375 adnot.
2647 2323 2680 2373 Β
2735 2323 2787 2379 ἱιι
2827 2325 3095 2383 Valeriani
3140 2331 3467 2398 persecutio-

1879 2420 1998 2457 nem
2023 2413 2153 2461 toni.
2183 2423 2254 2473 iv,
2287 2423 2407 2478 pag.
2430 2411 2554 2477 £87,
2584 2423 2708 2469 ante
2733 2431 2865 2485 ques
2893 2417 3107 2474 Blasins'
3131 2420 3380 2477 Rosettiis
3411 2424 3464 2477 in

1882 2513 1982 2551 ms.
2034 2499 2320 2556 Sziibanieo
2368 2502 2492 2569 658,
2541 2506 2825 2563 Historiam
2880 2512 3250 2583 episcoporum
3302 2518 3472 2570 conti-

1880 2601 2069 2658 nente,
2109 2593 2157 2647 id
2191 2610 2376 2650 verum
2412 2609 2578 2658 ratus.
2607 2601 2741 2656 hanc
2771 2604 3029 2661 rationem
3059 2607 3254 2673 adjecit
3285 2613 3466 2681 (quam

1881 2682 2099 2737 totidem
2141 2685 2319 2740 verbis
2349 2689 2562 2757 scripsit
2608 2691 2895 2749 Panvinius
2946 2700 3331 2767 Auiiqiiitatuin
3369 2702 3466 2756 Ve-

1879 2777 2121 2831 roii.”lih.
2151 2795 2224 2842 tv,
2251 2795 2368 2841 cap.
2397 2781 2450 2847 6,
2475 2798 2595 2838 cum
2625 2783 2759 2839 hanc
2789 2801 2893 2842 non
2927 2790 3195 2846 nullm-uin
3224 2794 3469 2864 allegavit

1877 2871 2240 2940 sententiain),
2263 2873 2450 2941 quippe
2489 2877 2636 2944 cujus
2675 2893 2963 2931 sermonum
3007 2882 3228 2950 phrasis,
3272 2886 3459 2954 inquit,

1876 2961 2215 3029 gravcanirum
2239 2964 2404 3016 nescio
2423 2964 2545 3033 quid
2573 2983 2632 3018 ac
2652 2969 2973 3038 peregrinum
2992 2972 3218 3026 redolere
3241 2975 3456 3029 videtur.

1879 3051 1988 3107 lino
2034 3068 2099 3108 ex
2156 3054 2438 3126 Auenynio
2469 3057 2745 3126 Pipiniano
2770 3060 3024 3131 colligere
3046 3065 3308 3132 quispiam
3337 3083 3459 3136 pos-

1875 3154 1978 3211 set,
2006 3146 2160 3215 cujus
2190 3148 2476 3215 provincia:
2504 3151 2682 3217 fuerit,
2715 3154 2963 3209 nimirum
2988 3171 3052 3211 ex
3077 3157 3252 3228 Syria,
3277 3160 3331 3214 in
3355 3178 3458 3230 qua

1874 3234 2114 3290 Graecum
2144 3239 2359 3307 quidem
2393 3257 2696 3298 sermonem
2729 3245 2780 3299 id
2810 3249 3067 3316 temporis
3088 3250 3320 3321 viguisse
3340 3269 3457 3310 cer-

1875 3326 2134 3381 tissimum
2164 3339 2278 3395 est;
2312 3331 2482 3401 inquit
2505 3335 2646 3388 enim
2681 3336 2809 3391 ille:

2025 3437 2133 3511 [fon
2155 3454 2284 3511 queo
2308 3456 2504 3511 narrare
2525 3445 2668 3511 hujus
2691 3451 2844 3498 sancti
2868 3463 3038 3511 opera,

2026 3500 2194 3573 Quzea
2216 3503 2354 3566 Syria
2381 3500 2619 3573 veniendo
2642 3523 2798 3573 usque
2825 3514 2872 3560 in
2898 3500 3104 3573 italiam,

2024 3564 2123 3611 Per
2147 3564 2298 3626 ipsum
2326 3571 2633 3631 omnipotens
2652 3564 2785 3621 De'us
2807 3575 3020 3626 ostendit
3042 3564 3296 3630 mirabilia.

1869 3662 1965 3719 Cui
2029 3671 2309 3724 sententiae
2376 3676 2679 3741 respexisse
2746 3677 2956 3732 videtur
2998 3679 3198 3736 Auctor
3245 3684 3453 3754 hymni,

1873 3772 2029 3825 quem
2061 3774 2125 3814 ex
2152 3760 2504 3818 dunbiismss.
2542 3767 2789 3821 lireviarii
2821 3768 3152 3826 Beuedictini
3177 3774 3453 3832 codicibus

1870 3848 2104 3904 editores
2139 3852 2471 3910 Vcronenses
2500 3857 2736 3922 edidere,
2763 3874 2885 3915 cum
2912 3861 2969 3917 S.
2999 3855 3144 3918 Zeno
3170 3879 3341 3937 gentes
3363 3887 3452 3940 pe-

1871 3951 2091 3998 netrasse
2120 3948 2341 4000 marinas
2369 3948 2561 4003 ibidem
2597 3951 2850 4006 tradatur.

1945 4035 2074 4089 lluic
2101 4035 2337 4104 Opinioni
2368 4051 2578 4093 nostros
2624 4056 2835 4110 quoque
2861 4044 3100 4102 calculos
3143 4048 3293 4103 facile
3319 4050 3452 4119 adji-

1865 4145 2129 4194 ceremiis,
2157 4132 2252 4184 nisi
2276 4131 2394 4186 duae
2417 4132 2908 4192 animadversiones
2929 4140 3274 4196 obsisterent.
3300 4141 3447 4198 Grae-

1865 4237 1957 4276 cus
2000 4234 2186 4276 auctor
2226 4224 2441 4286 perinde
2469 4224 2654 4282 Latine
2683 4244 2746 4283 ac
2773 4246 2904 4300 pure
2936 4234 3076 4304 loqui
3122 4244 3176 4289 et
3214 4234 3449 4290 scribere

1865 4315 2068 4385 nequit.
2099 4332 2160 4370 ac
2182 4316 2238 4372 S.
2273 4317 2437 4384 Zeno,
2467 4321 2619 4389 cujus
2652 4328 2822 4393 styliis
2862 4328 2961 4378 etsi
2995 4327 3297 4382 idemiidem
3332 4338 3445 4382 tur-

1863 4419 2003 4479 geat,
2050 4425 2112 4465 ac
2164 4413 2404 4480 pluribus
2453 4414 2688 4472 flosculis
2736 4420 3110 4492 iiispergatur;
3160 4440 3186 4476 a
3220 4424 3446 4494 puritate

1865 4509 2038 4557 tamen
2071 4502 2270 4557 Latiuze
2297 4505 2582 4562 locutionis
2606 4511 2828 4566 nihilum
2854 4513 3051 4579 deficit,
3085 4526 3190 4568 tum
3217 4518 3260 4568 si
3284 4515 3442 4570 verba

1863 4595 2087 4664 singula,
2120 4606 2228 4651 tuin
2260 4600 2304 4654 si
2339 4601 2618 4657 verborum
2647 4605 2931 4660 etillocatio
2960 4619 3012 4663 et
3041 4609 3277 4679 syntaxis
3317 4625 3445 4664 cnn-

1861 4685 2144 4755 sideretur,
2175 4689 2311 4745 adeo
2337 4701 2440 4746 uta
2467 4697 2664 4749 teneris
2692 4698 2989 4764 unguiculis
3016 4702 3067 4754 in
3090 4699 3289 4753 Latinis
3320 4716 3446 4757 auc-

1862 4779 2068 4834 torihus
2095 4785 2433 4846 exercitatus,
2460 4796 2512 4838 et
2543 4787 2677 4840 inter
2706 4787 2890 4844 Latine
2939 4790 3214 4859 loquentes
3246 4791 3440 4847 educa-

1861 4879 1964 4936 tus,
2010 4885 2061 4926 et
2104 4873 2308 4929 Latinis
2341 4877 2389 4928 in
2423 4876 2621 4933 scholis
2667 4882 2910 4935 excultus
2937 4895 3212 4952 appareat.
3243 4883 3438 4938 Versa-

1860 4962 2121 5018 tissinium
2154 4982 2284 5020 sane
2328 4985 2387 5023 se
2432 4970 2607 5038 prodit
2653 4973 2703 5025 iii
2741 4975 2912 5043 poetis
2958 4975 3177 5037 Latinis,
3211 4993 3438 5047 quorum

1859 5057 2112 5113 formulas
2159 5070 2213 5115 et
2251 5066 2485 5117 carmina
2535 5066 2602 5119 ita
2642 5070 2921 5124 commode
2961 5072 3194 5135 adhibet,
3244 5083 3297 5126 ut
3330 5091 3436 5131 non

1859 5165 1954 5219 per
1978 5151 2085 5204 vim
2115 5167 2392 5222 expressa,
2416 5157 2508 5211 sed
2537 5158 2589 5212 in
2614 5174 2830 5214 Succum
2876 5163 3298 5233 sanguinemque
3322 5166 3438 5234 ejus

1857 5256 2112 5298 coiiversa
2165 5259 2573 5314 cognoscantur.
2629 5251 2907 5321 Virgilium
2953 5255 3126 5324 legere
3190 5269 3435 5312 assuetus

1860 5334 2126 5404 proditur,
2154 5338 2305 5407 cujus
2338 5355 2525 5395 versus
2552 5359 2656 5397 non
2689 5361 2975 5416 numquam
3016 5347 3130 5416 ejus
3168 5345 3435 5404 decidisse

1858 5438 1890 5477 e
1918 5427 2124 5479 calamo
2151 5427 2539 5499 intelliguntur,
2574 5436 2724 5504 cujus
2751 5438 2964 5504 generis
2993 5447 3237 5492 auctores
3266 5441 3435 5508 expli-

1857 5515 2115 5568 cabaiitiir
2151 5527 2206 5571 et
2247 5519 2554 5587 legebantur
2594 5540 2622 5577 a
2664 5528 2865 5595 pueris,
2910 5539 2966 5582 ut
3009 5528 3191 5583 Latina
3235 5531 3434 5597 puriori

1856 5604 2030 5674 lingua
2061 5616 2116 5660 et
2156 5608 2424 5667 locutione
2451 5615 2705 5670 vividiore
2733 5621 3056 5687 potirentur.
3101 5620 3268 5675 Nemo
3301 5637 3431 5678 sane

1856 5710 1919 5750 ex
1955 5697 2081 5766 ipsis
2107 5696 2310 5754 Latinis
2336 5704 2509 5772 quarti
2533 5707 2711 5761 saeculi
2741 5707 3100 5779 Scriptoribus
3121 5711 3306 5766 Latina
3329 5727 3430 5782 pii-

269 5804 334 5878 (ι)
369 5811 498 5870 Vide
542 5814 813 5902 Admonit.
849 5819 902 5874 in
929 5819 1275 5878 Monunicnta
1304 5840 1451 5881 num.
1476 5828 1526 5894 l,
1557 5827 1609 5883 iu
1641 5828 1757 5894 lin.,
1784 5840 1842 5886 et
1869 5831 2052 5887 adnot.
2084 5835 2116 5887 5
2145 5835 2198 5890 iii
2223 5838 2391 5906 ipsam
2419 5838 2612 5895 Vitam.
