3826 6226
450 293 550 350 Mf

1820 286 2348 371 rupesumma.

3505 268 3510 273 ’
3576 299 3670 355 tts

446 411 604 464 ritate
626 407 798 463 eidem
827 421 939 478 par,
967 406 1047 462 vel
1072 404 1237 483 magis
1264 403 1461 460 latinus
1483 404 1771 477 invenitur,
1797 406 1931 470 adeo
1959 408 2093 475 ΜΔ
2123 421 2224 468 non
2252 407 2369 466 fuit.
2410 406 2681 467 Zenonem
2714 410 3191 481 martyremDecio
3221 412 3510 481 imperante
3544 417 3670 473 inter

357 526 361 531 ~
448 499 762 554 latinitatem
789 497 903 567 ejus
920 498 1040 569 jure
1066 496 1491 552 commendarint
1517 497 1695 566 plures
1725 494 1941 563 eruditi,
1966 504 2021 553 et

447 594 869 665 elegantissimum
895 591 1212 645 afﬁrmarint
1254 590 1598 655 Casaubouus
1628 580 1677 649 et
1714 578 1841 656 alii;
1873 589 2018 647 Basi-

449 688 553 742 lius
582 696 755 741 autem
783 684 975 750 Faber,
1000 686 1101 759 qui
1132 684 1452 755 I’hesaurum
1482 684 1779 749 eruditionis
1808 698 2019 747 summo

448 777 624 833 studio
661 786 713 832 et
752 776 955 830 infinita
998 773 1384 844 propemodum
1429 773 1741 829 Latinorum
1786 774 2020 843 lectione

448 867 686 938 digessit,
708 866 912 940 [cum]
932 866 1217 922 utLatiuas
1242 881 1481 937 quasque
1508 881 1667 922 voces
1693 882 1757 922 ex
1781 867 2018 937 probatis

445 960 663 1015 Auctor.
709 971 1007 1038 excerptas,
1035 969 1088 1014 et
1130 959 1196 1014 ad
1241 958 1448 1026 radices
1494 959 1783 1024 revocatas
1815 960 2017 1017 LatintB

446 1053 914 1126 lingtttestudiosis
952 1062 1197 1110 accurata
1225 1060 1280 1108 et
1305 1052 1515 1125 perutili
1544 1052 1796 1115 methodo
1817 1068 2014 1124 propo-

445 1155 619 1221 neret,
654 1161 758 1200 non
794 1145 1059 1211 dubitavit
1080 1145 1352 1220 Zenonem
1384 1161 1527 1217 saepe
1556 1147 1811 1227 allegare,
1843 1162 2017 1220 eoque
2072 1184 2082 1187 -

445 1253 552 1292 uno
594 1238 826 1301 Auctore
872 1238 1074 1308 aliquot
1102 1252 1263 1294 voces
1302 1238 1439 1299 inter
1468 1237 1719 1308 probatas
1749 1239 2010 1297 inserere.

443 1328 520 1383 Ex
541 1327 716 1383 multis
738 1327 925 1390 saltem
946 1328 1166 1394 Graecis,
1191 1328 1280 1398 qui
1304 1326 1493 1383 Latine
1506 1328 1708 1399 aliquid
1727 1328 2011 1405 scripsere,

443 1435 548 1475 non
586 1421 756 1475 solum
793 1435 951 1497 nemo
993 1436 1128 1477 unus
1166 1428 1269 1491 est,
1302 1422 1390 1494 qui
1431 1436 1551 1484 cum
1600 1411 1817 1483 Zenone
1845 1423 2016 1495 possit

441 1515 692 1581 conferri,
724 1514 816 1568 sed
854 1529 972 1570 cum
999 1514 1195 1581 aliena,
1228 1531 1345 1582 non.
1366 1516 1542 1580 nativa
1570 1514 1749 1582 lingua
1783 1514 2012 1585 scripse-

442 1607 569 1680 rint,
620 1620 804 1662 omnes
848 1621 1032 1683 parum
1074 1606 1261 1669 Latine
1309 1606 1590 1675 seripsisse
1643 1605 2009 1673 inveniuntur,

442 1714 542 1754 nec
570 1697 940 1770 ambigendum
981 1701 1106 1770 quin
1137 1698 1196 1755 S.
1239 1696 1386 1758 Zeno
1413 1698 1721 1769 scripsisset
1745 1698 2011 1765 similiter,

2124 500 2401 565 Africanos
2441 502 2754 573 reperimus,
2791 506 2945 572 cujus
2980 494 3174 575 corpus
3215 522 3334 561 cum
3378 511 3671 569 translatum

2121 582 2279 651 fuerit
2308 595 2644 666 Byzantium,
2688 595 2806 667 ejus
2835 599 3105 652 memoriae
3132 599 3277 670 apud
3311 599 3520 658 Grmcas
3546 607 3673 664 cele-

2122 684 2272 745 brata
2300 684 2509 756 lcgitur.
2554 686 2685 749 Vide
2719 686 2848 752 Acta
2875 687 3199 769 Sanctorum
3230 691 3467 748 Bollandi
3511 695 3585 751 die
3614 698 3674 753 10

2122 776 2322 846 Aprilis
2353 785 2483 832 tom.
2514 793 2551 831 ι.
3336 816 3349 823 -

2106 913 2151 987 ς
2180 914 2243 970 ll.
2291 946 2362 956 —
2391 914 2732 987 EpiscOpatus
2772 916 2834 973 S.
2876 918 3096 973 Zenonis
3131 919 3677 991 inium-ordinauitque

2189 1011 2299 1079 ejus
2325 1023 2371 1062 v1
2404 1006 2533 1061 ldus
2580 1000 2869 1063 Decembris
2899 994 3104 1079 peracta
3130 1012 3397 1066 statuitur.
3448 1012 3675 1084 Ejusdem

2188 1100 2243 1153 in
2270 1100 2705 1156 convertendisod
2728 1099 2881 1169 ﬁdem
2912 1099 3154 1156 Gentibus
3180 1102 3418 1173 felicitas.
3452 1102 3512 1157 In
3542 1106 3680 1157 Aria-

2190 1191 2269 1245 nis
2297 1190 2588 1260 refellendis
2628 1201 2778 1261 atque
2805 1192 3195 1262 comprimendis
3218 1202 3465 1263 quantum
3491 1194 3678 1248 labora-

2189 1285 2331 1339 tterit.
2373 1282 2573 1339 Verona
2598 1284 2666 1339 ad
2709 1283 3053 1340 Christianam
3090 1287 3386 1359 religionem
3417 1286 3481 1339 ab
3522 1288 3679 1341 eodem

2190 1393 2429 1433 conversa
2439 1419 2451 1432 .

2189 1509 2373 1582 Itaque
2402 1520 2518 1580 post
2546 1511 2777 1567 Orientis
2806 1512 2923 1579 iter,
2947 1513 3033 1568 cui
3052 1528 3170 1570 sese
3194 1525 3317 1570 ante
3339 1517 3679 1588 episcopatum

2115 1601 2263 1657 Zeno
2288 1603 2622 1662 commisisse
2649 1601 2949 1665 credendus
2977 1613 3059 1659 est
3100 1604 3376 1680 (episc0pi
3406 1608 3540 1663 enim
3583 1624 3679 1663 non

2119 1695 2219 1749 nisi
2263 1694 2591 1767 gravissimis
2618 1694 2903 1755 de'causis
2958 1699 3201 1768 proprias
3231 1699 3387 1757 sedes
3429 1700 3679 1770 relinque-

441 1791 486 1846 si
508 1789 747 1849 eamdem
784 1790 1023 1864 Graecam
1058 1780 1316 1859 originem
1365 1798 1418 1842 et
1446 1788 1814 1853 educationem
1855 1776 2011 1845 sorti-
2040 1792 2088 1851 B
2114 1776 2608 1861 baut),Vcr0ncnsi
2652 1789 2893 1847 ecclesiae
2923 1800 3041 1859 post
3069 1788 3336 1846 Criciuum
3384 1793 3681 1867 praepositus

442 1891 526 1943 tus
555 1882 758 1951 fuisset.
799 1882 935 1948 Haec
967 1885 1135 1954 prima
1185 1880 1506 1950 conjectatio
1554 1881 1844 1948 vehemens
1882 1884 2013 1939 satis

441 1973 596 2031 nobis
625 1974 858 2041 videtur,
890 1982 947 2028 ut
969 1976 1170 2029 Auctor
1206 1988 1241 2028 ta
1266 1974 1472 2039 Latinis
1500 1975 1809 2045 parentibus
1838 1984 2007 2041 ortus,

439 2065 524 2118 vel
554 2065 691 2119 inter
721 2063 938 2126 Latinos
966 2065 1155 2120 saltem
1193 2065 1453 2128 educatus
1491 2081 1551 2124 ac
1594 2067 1867 2127 institutus
1894 2081 2013 2136 pro-

438 2157 617 2227 betur.
650 2156 823 2221 Aliam
851 2161 989 2214 nunc
1025 2158 1361 2228 adjiciamus,
1385 2175 1486 2227 qua
1515 2159 1713 2223 certior
1740 2160 2011 2229 provincia

438 2262 723 2317 statuatur.
766 2253 951 2307 Exstat
994 2252 1241 2317 Auctoris
1290 2262 1542 2315 tractatus
1584 2252 1653 2312 dc
1692 2253 1749 2311 S.
1787 2253 2028 2317 Arcadio,

437 2351 696 2418 martyre,
725 2344 873 2415 cujus
891 2344 1027 2415 apud
1055 2356 1278 2418 cteteros
1307 2346 1552 2415 antiquos
1584 2348 1836 2401 memoria
1866 2346 2010 2403 nulla

437 2437 726 2493 invenitur.
758 2429 910 2494 Illum
951 2448 1126 2501 autem
1160 2439 1212 2503 in
1239 2438 1482 2498 Caesarea
1524 2432 1852 2498 Mauritaniae
1893 2456 2012 2511 pas—

438 2543 555 2582 sum
582 2545 645 2584 ex
681 2528 1001 2586 Zenonianis
1028 2530 1299 2593 codicibus
1327 2531 1519 2605 liquet.
1541 2532 1676 2605 Quid
1710 2548 1843 2594 unus
1874 2534 2011 2596 inter

391 2614 398 2627 ’
439 2635 623 2681 omnes
655 2620 981 2683 Veronensis
1025 2624 1304 2699 episcopus
1345 2624 1490 2684 Zeno
1538 2633 1677 2689 tanta
1727 2640 1847 2685 cum
1888 2627 2011 2685 reli.

436 2713 595 2781 gione
615 2714 910 2769 natalitium
939 2715 1053 2783 ejus
1080 2715 1220 2777 diem
1250 2716 1566 2782 celebraret,
1589 2719 1690 2775 nisi
1716 2719 1854 2787 quod
1874 2735 2026 2788 prce-3

437 2805 593 2873 cipua
621 2803 843 2873 quadam
877 2805 1159 2868 devotione
1200 2806 1371 2876 eidem
1402 2819 1545 2867 esset
1573 2808 1836 2874 addictus,
1862 2819 1915 2863 et
1943 2826 2011 2866 ex

439 2896 624 2955 eadem
667 2897 799 2953 forte
839 2899 1129 2966 provincia,
1164 2898 1215 2963 in
1247 2914 1350 2969 qua
1392 2899 1479 2961 ille
1507 2909 1734 2960 mortem
1765 2890 2005 2971 oppetiit,

439 2990 695 3057 originem
727 2989 979 3053 duceret?
1028 2989 1398 3065 Africanorum
1445 2992 1654 3061 quidem
1689 2994 2009 3060 scriptorum

437 3084 631 3154 stylum
663 3083 712 3147 in
736 3093 920 3145 nostro
946 3082 1176 3147 Auctore
1200 3072 1665 3152 deprehenderunt
1686 3086 1743 3149 ii,
1776 3085 1866 3155 qui
1896 3086 2009 3154 ejus

2115 1880 2235 1947 fuit,
2261 1879 2419 1961 idque
2444 1889 2603 1936 sexto
2644 1880 2763 1954 Idus
2790 1882 3099 1949 Decembris
3136 1899 3221 1940 an.
3269 1885 3400 1949 562,
3429 1896 3681 1959 postremo

2113 1972 2309 2035 .luliani
2356 1988 2518 2037 anno,
2568 1982 2625 2028 ut
2666 1975 2795 2037 satis
2846 1975 3189 2045 probabiliter
3235 1978 3557 2054 conjecimus
3581 1980 3681 2036 dis-

2115 2076 2243 2127 sert.
2271 2082 2307 2133 ι,
2342 2080 2457 2135 cap.
2490 2066 2541 2136 5,
2576 2066 2602 2137 ς
2631 2069 2681 2123 5.
2713 2064 2847 2146 cum
2876 2083 3004 2123 vero
3035 2068 3101 2125 de
3120 2084 3271 2140 anno
3315 2072 3485 2148 palam
3527 2072 3607 2139 sit,
3636 2072 3678 2126 si

2114 2159 2179 2213 de
2207 2157 2291 2213 die
2317 2166 2546 2225 constet,
2577 2168 2635 2213 ut
2666 2154 2859 2223 ibidem
2890 2160 3218 2237 ostendimus
3240 2180 3265 2227 ξ
3286 2163 3351 2217 ad
3384 2164 3529 2219 hunc
3551 2164 3678 2225 diem

2112 2248 2450 2318 Statuendum
2498 2260 2691 2323 praeter
2718 2266 2802 2317 ea,
2851 2267 2969 2323 qua:
3013 2252 3207 2315 ibidem
3239 2254 3545 2325 attulimus,
3584 2255 3677 2309 alia

2112 2351 2420 2413 argumenta
2452 2343 2601 2397 novis
2623 2343 2849 2399 subinde
2868 2343 3203 2405 documentis
3232 2355 3286 2400 et
3310 2346 3681 2406 consideratio-

2112 2435 2267 2489 nibus
2309 2435 2535 2490 indicata
2580 2436 2630 2490 in
2674 2436 3132 2492 conﬁrmationem
3176 2436 3261 2497 hic
3312 2436 3541 2506 adjicere
3570 2438 3678 2507 pla-

2111 2537 2215 2583 cet.
2245 2528 2424 2584 Prim'o
2454 2529 2629 2598 plures
2656 2531 2909 2593 ecclesias
2939 2516 3033 2598 per
3057 2529 3260 2585 Italiam
3286 2538 3341 2584 ct
3361 2532 3489 2586 alibi
3513 2532 3549 2586 S
3588 2531 3695 2585 Ze:
3786 2598 3787 2607 χ

2112 2616 2492 2692 nonis[cxx1v]
2525 2621 2738 2675 nomine
2769 2620 3059 2686 dedicatas,
3096 2619 3285 2679 feSIum
3316 2623 3434 2689 ejus
3476 2638 3525 2691 vi
3571 2622 3679 2677 Idus

2114 2712 2329 2771 Decem.
2354 2712 2629 2772 celebrare
2650 2728 2768 2784 cap.
2790 2711 2824 2765 4
2855 2712 3174 2767 videbimus.
3194 2712 3368 2775 Porro
3390 2715 3525 2770 hanc
3551 2715 3679 2769 diem

2094 2804 2460 2858 *emortualem
2494 2801 2551 2858 S.
2583 2804 2848 2861 Antistitis
2879 2818 2982 2857 non
3016 2802 3181 2858 fuisse
3206 2786 3547 2862 ostendemus
3573 2805 3599 2878 ᾗ
3628 2808 3677 2861 5.

2111 2892 2244 2955 Cum
2275 2909 2400 2949 vero
2425 2896 2477 2948 in
2504 2894 2880 2949 transferendis
2905 2895 3053 2959 festis
3080 2897 3397 2957 Sanctorum
3425 2914 3488 2955 ea
3517 2902 3679 2955 cautio

2112 2987 2347 3040 adhibita
2398 2986 2575 3053 fuerit,
2621 2998 2679 3042 ut
2724 2988 2977 3056 impedito
3024 2991 3306 3063 emortuali
3353 2990 3460 3058 die,
3502 2992 3677 3047 festum

2114 3078 2477 3135 traduceretur
2505 3079 2556 3133 in
2582 3079 2720 3136 diem
2751 3078 2931 3143 alium,
2963 3094 3068 3158 quo
3096 3080 3176 3136 rel
3208 3078 3487 3143 translatio
3511 3084 3679 3149 Saneti

441 3184 692 3237 tractatus
736 3175 1060 3245 diligentiori
1104 3191 1227 3231 cura
1270 3177 1602 3235 evolverunt.
1646 3177 1851 3246 GaSpar
1882 3179 2009 3232 Bar-r
2034 3168 2079 3229 C
2111 3171 2374 3255 corporis,
2408 3170 2487 3225 vel
2533 3171 2796 3230 dedicatio
2826 3170 3084 3237 basilicm.
3118 3173 3209 3236 vel
3255 3173 3521 3229 Ordinalio
3545 3173 3677 3228 60'0-

442 3267 586 3320 tltius
632 3267 769 3320 inter
816 3267 912 3321 hos
979 3267 1323 3330 Christianum
1372 3270 1642 3339 Apuleium
1694 3270 1745 3325 in
1792 3269 2009 3328 Zenone

438 3358 741 3427 perspicere
780 3358 881 3411 sibi
908 3360 1051 3419 visus
1087 3369 1188 3425 est,
1248 3369 1303 3427 ut
1338 3360 1492 3431 fide
1561 3361 1688 3416 facit
1740 3362 1830 3418 lib.
1886 3378 2009 3417 smn

439 3448 723 3503 Adversar.
753 3462 869 3516 cap.
906 3449 991 3514 lO,
1016 3465 1134 3520 pag.
1169 3450 1320 3514 l9“.
1349 3461 1402 3507 et
1429 3453 1520 3512 lib.
1568 3469 1597 3505 v
1644 3453 1697 3513 in
1727 3455 1878 3511 Statii
1910 3454 2011 3509 Sil-

438 3556 557 3595 vam
590 3555 708 3609 pag.
743 3541 866 3593 440.
902 3541 1053 3595 Enim
1084 3559 1210 3597 vero
1240 3545 1420 3613 plures
1445 3546 1689 3616 Appuleii
1720 3547 1830 3602 Afri
1858 3548 2009 3602 locu-

440 3631 632 3693 tiones,
663 3638 717 3685 et
754 3631 913 3686 verba
945 3631 1072 3685 item
1102 3631 1252 3701 plura
1294 3636 1410 3701 ejus
1436 3649 1497 3689 ac
1537 3637 1759 3691 aliorum
1806 3638 2011 3693 Africa-

438 3736 628 3777 norum
672 3721 906 3792 propria,
948 3722 1281 3788 Tertulliani,
1326 3722 1594 3795 Cypriani,
1630 3736 1762 3793 etc.l,
1806 3728 1857 3783 in
1892 3732 2010 3798 ejus

440 3814 751 3873 tractatibus
781 3816 1135 3883 reperiuntur,
1177 3829 1295 3884 quae
1324 3816 1375 3869 in
1404 3816 1522 3870 aliis
1545 3809 1762 3874 aliarum
1791 3821 2007 3877 Latina-

439 3920 555 3959 rum
584 3906 972 3975 provinciarum
1001 3907 1351 3976 scriptoribus
1380 3904 1572 3961 frustra
1605 3910 1864 3978 requiras.
1910 3913 2011 3968 Ne-

442 4012 547 4066 que
574 3998 879 4054 Africanum
908 3999 1133 4055 Veronae
1158 3999 1465 4070 episcopum
1494 4009 1728 4053 creatum
1770 4004 2008 4069 mireris;

445 4104 541 4158 per
561 4090 614 4145 id
642 4092 783 4146 enim
814 4103 1022 4162 tempus
1045 4092 1283 4163 episcOpi
1301 4100 1354 4147 et
1374 4092 1549 4147 clerus
1569 4107 1713 4162 saepe
1732 4108 1796 4148 ex
1824 4094 2012 4150 alienis

444 4182 733 4250 provinciis
769 4183 1047 4239 dabantur.
1097 4184 1297 4243 Eodem
1338 4183 1534 4238 stucqu
1574 4183 2011 4239 Fortunationum

444 4276 752 4342 episcopum
774 4274 1165 4343 Aquileiensem
1196 4275 1382 4333 Afrum
1413 4276 1575 4331 fuisse
1599 4289 1665 4330 ex
1691 4276 2014 4351 Hieronymo

444 4364 717 4423 discimus.
741 4366 994 4441 Donatus,
1021 4368 1234 4423 natione
1256 4368 1583 4433 Afer,uonne
1607 4368 2015 4428 Mediolanensis

444 4454 697 4512 Ecclesiae
719 4446 998 4526 presbyter
1022 4455 1121 4511 fuit
1136 4458 1309 4513 adhuc
1327 4469 1444 4527 post
1466 4460 1733 4516 Ambrosii
1761 4462 2014 4517 mortem?

2114 3262 2290 3324 batur,
2345 3271 2401 3315 ut
2428 3276 2493 3316 eo
2537 3261 2866 3331 paragrapho
2896 3262 3199 3323 notabimus
3226 3281 3241 3318 :
3274 3266 3376 3319 etsi
3424 3281 3488 3321 eo
3517 3265 3595 3320 die
3638 3280 3680 3317 τι

2113 3353 2237 3409 Idus
2265 3352 2569 3408 Decembris
2599 3353 2861 3415 dedicatio
2884 3339 3122 3412 ecclesiae
3148 3356 3205 3414 S.
3234 3356 3467 3412 Zen‘onis
3497 3360 3548 3413 in
3570 3372 3681 3411 nos—

2117 3448 2211 3501 tris
2242 3446 2390 3501 libris
2415 3448 2685 3515 signetur;
2718 3455 2890 3504 tamen
2919 3446 2986 3508 ob
3022 3445 3415 3507 ordinationem
3457 3436 3678 3516 ejusdem

2115 3542 2311 3610 potius,
2342 3554 2499 3609 quam
2529 3539 2598 3595 ob
2626 3538 2880 3595 Ecclesiae
2916 3539 3302 3596 dedicationem
3334 3540 3535 3603 festum
3576 3542 3681 3613 ejus

2114 3631 2232 3703 aliis
2280 3631 2330 3685 in
2361 3618 2611 3685 Ecclesiis
2640 3630 2812 3685 eidem
2844 3630 2947 3684 diei
2994 3617 3109 3685 fere.
3126 3630 3460 3701 adsignatum
3507 3620 3684 3686 verisi—

2113 3725 2392 3779 millimum
2431 3712 2531 3787 est,
2567 3731 2846 3802 propterea
2878 3723 3018 3792 quod
3047 3739 3113 3777 ex
3159 3712 3379 3779 Rabano
3425 3734 3478 3779 et
3519 3722 3678 3778 Wan-

2112 3819 2354 3874 delberto
2380 3818 2560 3872 saeculi
2589 3833 2640 3870 ιχ
2672 3816 3045 3886 scriptoribus,
3072 3831 3170 3872 nec
3198 3832 3299 3871 non
3325 3830 3394 3871 ex
3416 3819 3514 3871 ms.
3539 3814 3676 3884 Vaiio

2113 3907 2401 3965 cano'5806
2421 3907 2659 3979 ejusdem
2686 3902 3135 3973 sarculi,variis'in
3168 3908 3297 3963 locis
3318 3922 3381 3962 ea
3408 3907 3523 3961 dies
3547 3906 3677 3961 cele—
3765 3958 3775 3977 ,

2114 4001 2224 4058 bris
2250 4011 2503 4072 appareat
2539 4001 2645 4072 jam
2692 4000 2817 4057 inde
2840 4016 2867 4055 a
2894 4001 3092 4057 Steculo
3119 3997 3170 4055 u‘
3214 4016 3335 4063 cum
3368 4000 3427 4058 S.
3460 4000 3677 4055 Zenon‘s

2114 4091 2328 4146 basilica
2371 4094 2455 4147 vix
2502 4102 2611 4146 tum
2658 4092 2913 4162 temporis
2952 4090 3194 4146 dedicata
3241 4090 3419 4145 fuerit.
3451 4091 3597 4164 Quod
3640 4088 3678 4141 si

2114 4168 2421 4236 consideres
2450 4182 2683 4238 Caesenre
2710 4192 2764 4238 et
2791 4183 3005 4249 Pistorii
3037 4182 3095 4237 S.
3126 4181 3397 4238 Zenonem
3444 4192 3568 4237 ante
3594 4196 3678 4237 no-

2116 4287 2241 4325 num
2268 4281 2320 4327 et
2340 4282 2585 4328 octavum
2628 4276 2787 4329 etiam
2810 4276 3063 4331 saeculum
3096 4264 3340 4346 magnum
3373 4274 3677 4338 Patronum,

2116 4364 2515 4431 vcltitularem,
2551 4368 2624 4420 uti
2653 4380 2868 4434 vocant,
2903 4368 3131 4425 electum
3164 4367 3351 4423 eadem
3378 4368 3466 4424 die
3492 4370 3675 4424 cultum

2116 4454 2280 4511 fuisse
2306 4455 2462 4513 unico
2485 4457 2569 4527 vel
2602 4460 2867 4529 praecipuo
2896 4459 3053 4527 festo,
3082 4460 3380 4530 cujusmodi
3414 4476 3557 4527 nunc
3575 4460 3682 4529 qui-

446 4558 503 4603 ut
529 4549 780 4603 Paulinus
830 4550 880 4602 in
910 4548 1065 4618 hujus
1094 4551 1197 4603 vita
1236 4560 1458 4607 testatur
1493 4568 1639 4609 num.
1690 4554 1780 4609 54.
1830 4554 2013 4625 Neque
2040 4534 2091 4594 D
2118 4546 2238 4601 dem
2268 4561 2333 4600 ex
2359 4546 2769 4602 immemorabili
2793 4564 2975 4603 earmn
3007 4550 3365 4608 Ecclesiarum
3405 4559 3681 4609 consuetu-

430 4642 713 4713 Anonymi
758 4641 1019 4711 Pipiniani
1063 4643 1321 4701 sententia
1365 4655 1601 4711 moveat;
1655 4647 1826 4716 potuit
1869 4648 2009 4702 enim

448 4731 614 4799 Zeno,
644 4732 765 4786 licet
792 4731 939 4796 Afer,
964 4732 1158 4802 cSyria
1179 4732 1440 4788 Veronam
1469 4736 1754 4804 proficisci,
1774 4754 1892 4793 cum
1910 4740 2014 4795 iter

448 4821 500 4876 in
522 4823 790 4877 Orientem
819 4837 878 4878 ea
911 4830 1223 4891 tempestate
1252 4823 1502 4893 frequens
1530 4837 1692 4883 esset.
1718 4828 1773 4884 S.
1805 4828 2010 4885 Philas-

448 4912 579 4969 trius
602 4911 882 4968 Brixiauus
907 4914 1212 4983 episcopus,
1241 4928 1359 4968 cum
1391 4926 1530 4976 esset
1561 4918 1837 4991 presbyter
1861 4939 1871 4973 :
1902 4920 2015 4975 Cir-

449 5005 665 5062 cumiens
692 5006 977 5063 universum
1008 5020 1134 5074 pene
1166 5004 1408 5058 ambitum
1436 5007 1653 5061 Romani
1691 5011 1823 5063 orbis
1855 5013 2015 5065 domi-

450 5096 617 5153 nicum
644 5099 944 5167 pradicant:
973 5100 1174 5153 verbum
1200 5098 1445 5153 similiter
1475 5099 1703 5154 traditur.
1722 5117 1752 5155 a
1785 5102 1842 5157 S.
1873 5104 2012 5159 Gau-

451 5183 631 5242 dentio
656 5189 705 5244 in
735 5198 957 5250 tractatu
1000 5189 1068 5243 de
1097 5189 1153 5248 S.
1182 5188 1467 5251 Philastrio
1496 5204 1612 5259 pag.
1638 5189 1765 5256 241,
1796 5200 1849 5246 et
1874 5193 2011 5247 idem

450 5288 660 5344 quoque
686 5277 1010 5335 Gaudentius
1038 5294 1098 5338 se
1142 5278 1424 5335 Pbilastrie
1464 5281 1515 5333 in
1544 5279 1783 5339 eamdem
1808 5281 2015 5335 Brixia.

452 5379 573 5421 nam
623 5369 927 5426 cathedram
972 5368 1269 5436 suﬂeetum,
1320 5371 1444 5428 dum
1488 5370 1539 5427 in
1572 5370 1788 5428 Oriente
1833 5388 2016 5429 versa-

453 5466 622 5522 retur,
646 5459 844 5517 diserte
873 5463 1068 5531 prodit,
1094 5475 1206 5532 tum
1232 5467 1281 5519 in
1313 5478 1562 5521 sermone
1588 5468 1655 5522 de
1682 5468 2015 5524 ordinatione

455 5548 535 5602 sui
569 5564 683 5617 pag.
740 5552 863 5619 181,
896 5546 1004 5609 tum
1037 5556 1087 5611 in
1130 5571 1374 5614 sermone
1412 5558 1480 5613 de
1506 5558 1842 5615 dedicatione
1873 5560 2014 5616 Basi-

453 5634 589 5702 licm,
638 5656 754 5710 pag.
786 5644 904 5698 191.
946 5645 1180 5703 Zenonis
1212 5647 1425 5703 tandem
1470 5665 1683 5715 nomen,
1732 5651 1836 5705 etsi
1876 5652 2014 5705 inter

454 5724 665 5784 ercos
694 5728 969 5803 frequens,
1016 5736 1082 5791 ab
1112 5736 1372 5792 Africanis
1410 5739 1753 5803 nihilominus
1779 5739 2012 5797 alienum

2119 4640 2244 4696 dine
2292 4638 2558 4710 peragitur
2599 4638 2748 4707 :jam
2774 4655 2900 4708 ergo
2944 4651 3067 4696 ante
3112 4658 3313 4698 nonum
3362 4654 3418 4708 et
3448 4656 3679 4701 octavum

2118 4734 2277 4790 etiam
2295 4730 2546 4787 saeculum
2565 4744 2623 4784 ea
2647 4730 2760 4784 dies
2777 4731 3004 4795 celebris
3019 4741 3152 4797 erat,
3175 4750 3278 4787 non
3308 4735 3495 4807 utique
3511 4736 3577 4792 ob
3595 4735 3679 4788 de.

2120 4826 2443 4883 dicationem
2474 4837 2593 4893 quae
2623 4824 2885 4893 posterius
2914 4824 3154 4891 contigit,
3184 4826 3276 4879 sed
3304 4829 3374 4882 ob
3403 4827 3683 4884 ordinatiu-

2120 4934 2241 4974 nem
2272 4930 2431 4987 quam
2464 4913 2683 4986 proinde
2710 4927 2775 4967 eo
2803 4912 2887 4967 die
2915 4912 3052 4982 apud
3082 4912 3344 4969 Veronam
3373 4934 3583 4991 quoque
3602 4931 3676 4971 ce-

2120 5009 2372 5064 lebratam
2402 5008 2562 5062 fuisse
2581 5005 2682 5059 hoc
2702 5012 3011 5073 argumento
3034 5003 3309 5058 evidenter
3329 5008 3675 5084 eonvlnritnr.

2119 5102 2213 5156 His
2236 5102 2369 5156 adde
2395 5101 2551 5154 aliam
2579 5096 3002 5153 observationem
3036 5110 3097 5149 ex
3130 5093 3262 5164 ipsis
3286 5108 3485 5152 nostrm
3513 5099 3681 5153 Eccle-

2117 5193 2210 5246 siae
2240 5193 2407 5258 libris,
2437 5207 2466 5246 e
2495 5192 2686 5261 quibus
2712 5190 2760 5254 id
2789 5191 2958 5258 ipsum
2985 5184 3351 5252 conﬁrmatur.
3375 5186 3525 5241 Licet
3550 5188 3675 5243 enim

2120 5285 2173 5339 in
2203 5284 2533 5349 Calendariis
2560 5301 2662 5355 non
2693 5284 2849 5349 nullis
2876 5297 2941 5341 eo
2980 5281 3067 5343 die
3090 5288 3302 5343 notetur
3330 5278 3582 5345 dedicatio
3610 5295 3679 5330 π’

2119 5375 2285 5427 clesiw
2315 5374 2372 5429 S.
2402 5371 2641 5444 Zenonis,
2668 5377 2718 5429 in
2750 5376 2875 5446 ipsis
2904 5383 3079 5427 tamen
3108 5370 3496 5431 Ecclesiasticis
3524 5371 3674 5433 libris,

2118 5473 2171 5518 et
2197 5464 2355 5519 missa
2388 5473 2440 5517 et
2462 5464 2689 5517 ofﬁcium
2716 5465 2783 5517 de
2812 5463 2870 5518 S.
2912 5464 3129 5519 Zenone
3151 5462 3424 5532 episcopo,
3456 5477 3561 5516 non
3596 5473 3677 5512 au-

2118 5560 2223 5607 tem
2271 5552 2337 5606 de
2366 5552 2700 5608 dedicatione
2729 5548 2969 5608 ecclesias
3011 5555 3358 5622 designantur
3402 5563 3456 5609 et
3485 5548 3675 5608 descri-

2118 5643 2337 5698 buntur.
2386 5641 2460 5695 De
2504 5642 2667 5695 Missa
2720 5644 2847 5695 satis
2892 5642 3161 5710 attigimus
3205 5642 3342 5700 diss.
3375 5659 3413 5710 ι,
3468 5659 3586 5715 cap.
3629 5641 3673 5703 3.

2122 5733 2149 5804 ς
2182 5735 2235 5802 5,
2267 5742 2323 5793 et
2350 5734 2664 5799 luculentius
2691 5734 2890 5810 patebit
2915 5749 2977 5801 ex
3010 5732 3482 5801 Admonitionead
3504 5747 3676 5800 monu-
