3826 6226
438 274 521 327 ΙέίΙ

1816 273 2351 333 J’RUH‘IGUMENA.

3610 288 3701 339 151’

424 404 607 455 veram
640 387 955 458 religionem
987 390 1307 458 perduxisse
1345 392 1713 460 cognoscitur,
1756 389 2016 461 quemad-

2144 410 2314 470 inam,
2344 424 2465 477 qum
2484 409 2685 476 jamdiu
2710 422 2834 465 ante
2856 425 3166 483 susceperat
3205 416 3257 471 in
3282 417 3550 489 aliquibus
3579 437 3705 489 pau-

431 483 651 537 modnm
681 481 859 536 Brixia
887 482 985 535 sub
1017 481 1154 535 idem
1191 492 1402 551 tempus
1428 497 1525 551 per
1555 482 1904 537 Philasnium
1936 497 2021 536 cr-

434 575 647 627 roribus
689 584 905 641 purgata
934 584 988 627 et
1030 573 1093 624 ad
1124 574 1441 626 catholicam
1478 572 1636 625 (idem
1674 574 1911 627 traducta
1946 573 2022 627 lc-

432 666 593 733 gitur.

502 755 651 823 Quod
682 771 748 809 ne
776 756 967 809 mit-um
998 754 1240 809 videatur
1271 755 1365 819 iis,
1401 757 1485 824 qui
1521 755 1689 810 ltalire
1722 756 2018 824 praesertim

432 850 591 901 urbes
616 849 797 912 primis
828 847 985 901 Eccle
1018 847 1082 900 ize
1106 847 1317 900 saeculis
1343 845 1559 901 Cht'iSIO
1583 864 1777 901 nomen
1807 847 2023 902 dedisse

433 938 737 1007 opinantur,
770 939 1112 994 con~idcreut
1138 950 1321 1009 qttmso
1363 940 1453 1010 (ne
1484 940 1723 1007 pluribus
1753 938 2019 993 distraha-

436 1033 581 1097 ntur)
614 1030 861 1083 finitimas
890 1031 1186 1099 purc~ertim
1217 1031 1461 1085 civitates
1489 1029 1875 1090 Νονσιοιιιιιιιιιι,
1901 1031 2020 1086 Μιι-

436 1124 619 1187 tinam,
651 1123 965 1177 Τιηίιειιιιιιιι
988 1165 1003 1186 ,
1039 1124 1283 1192 idemque
1314 1121 1395 1176 bis
1424 1123 1694 1177 invenient
1726 1124 2019 1189 accidisse,

434 1216 575 1281 quod
609 1213 829 1267 Verona:
857 1229 921 1268 ac
950 1214 1143 1268 Brixia:
1167 1214 1455 1276 contigisse
1489 1213 1745 1266 hactenus
1764 1214 2018 1270 diximus.

438 1306 495 1361 S.
518 1305 661 1360 Felix
687 1306 886 1360 Zenoni
912 1322 1047 1375 pene
1064 1321 1263 1375 suppar
1284 1304 1567 1359 Comensis
1594 1306 1797 1373 primus
1818 1308 2022 1372 episco-

439 1414 537 1467 pus
580 1400 673 1469 (ut
700 1401 1074 1468 cognoscimus
1112 1413 1178 1452 ex
1228 1397 1427 1468 hymno
1466 1398 1531 1450 de
1574 1396 1632 1452 S.
1661 1397 1911 1452 Abundio
1940 1413 2027 1452 se-

437 1496 613 1550 cundo
640 1495 878 1563 ejusdem
924 1495 1071 1549 urbis
1101 1493 1359 1564 episcopo
1401 1491 1610 1564 [cxxvtj
1641 1492 1781 1560 apud
1832 1489 2020 1560 Ugbel.

440 1596 481 1641 t.
501 1604 553 1646 v.
577 1602 697 1656 pag.
722 1589 849 1651 2‘8,
884 1598 934 1642 et
964 1604 1030 1643 ex
1049 1588 1155 1641 alio
1184 1588 1354 1641 veteri
1394 1590 1593 1656 hymno
1610 1585 1677 1640 de
1694 1586 1752 1637 S.
1778 1585 2026 1638 Amantio

442 1681 601 1734 tertio
640 1681 884 1734 Comensi
930 1683 1185 1750 episcopo
1229 1679 1367 1748 apud
1391 1679 1637 1733 eumdem
1661 1719 1674 1740 ,
1720 1691 1841 1746 pag.
1871 1673 2023 1739 259),

442 1777 647 1844 primus
675 1790 883 1844 quoqtte
917 1776 1044 1836 fuit,
1080 1775 1166 1843 qui
1212 1772 1503 1827 Novocomi
1534 1770 1809 1824 :rdiliravit
1849 1769 2025 1822 eccle-

442 1867 581 1927 sias,
612 1879 675 1919 ac
703 1867 903 1935 primus
931 1867 1058 1919 item
1090 1867 1176 1934 qui
1205 1863 1402 1918 Christi
1447 1862 1605 1916 ﬁdem
1633 1860 1831 1915 ibidem
1869 1861 2029 1913 semi-

444 1956 585 2009 navit
609 1955 958 2023 bontinestlue
980 1956 1196 2010 Christo
1215 1958 1453 2009 lucratus
1494 1961 1601 2016 est,
1628 1964 1682 2006 ut
1709 1968 1773 2027 ex
1797 1952 1954 2019 epist.
1980 1966 2030 2004 tv

445 2048 507 2103 8.
530 2049 797 2104 Ambrosii
830 2051 893 2102 a'l
917 2051 1166 2105 eumdem
1190 2050 1553 2119 cognoscitur,
1579 2046 1666 2101 ubi
1693 2045 1807 2099 hmc
1833 2044 2032 2113 scripta

445 2140 588 2209 leges
624 2158 677 2195 n.
707 2142 781 2197 7:
821 2141 984 2196 ιιηιια
1024 2145 1197 2197 messis
1239 2141 1465 2205 Christi,
1514 2140 1712 2207 inquit,
1757 2138 1846 2192 sed
1880 2124 2035 2207 pauci

443 2233 683 2298 operarii,
718 2243 763 2286 et
788 2233 1002 2305 difﬁcile
1031 2234 1354 2305 reperiuntur
1382 2233 1470 2301 qui
1501 2231 1859 2301 adjuvent.....
1888 2226 2036 2282 Certe

443 2325 499 2377 in
541 2324 633 2377 illo
659 2326 838 2378 ordine
870 2323 1195 2379 Comensium
1217 2328 1331 2396 jam
1372 2324 1598 2394 plerique
1632 2330 1892 2389 eruperunt
1928 2336 2036 2373 cre-

444 2413 567 2467 dere
592 2416 884 2485 magisterio
914 2427 1029 2476 tuo.
1059 2426 1104 2469 et
1136 2415 1370 2468 doctrina
1406 2425 1494 2466 tua
1522 2412 1724 2466 verbum
1756 2410 1859 2485 Dei
1892 2427 2037 2464 rece—

447 2517 630 2577 perunt
656 2523 676 2560 :
694 2508 783 2561 sed
802 2509 887 2576 qui
912 2508 1051 2562 dedit
1074 2507 1355 2569 credentes,
1379 2506 1708 2568 etadiutores
1731 2504 2033 2568 dabit,etc.,

448 2596 526 2653 De
551 2598 609 2654 S.
644 2598 833 2665 Vipilio
860 2598 1179 2654 Tridentino
1211 2598 1460 2668 prmsule.
1498 2598 1585 2667 qui
1618 2606 1737 2665 post
1765 2595 2036 2649 Zenooem

450 2689 777 2756 aliquamdiu
849 2690 1015 2756 visit,
1062 2706 1242 2745 nonne
1288 2689 1402 2744 hinc
1446 2690 1729 2743 traduntur
1776 2686 1829 2740 in
1892 2687 2038 2739 Actis

451 2779 591 2849 apud
622 2779 862 2833 Bollaiidi
894 2784 1076 2836 socios
1099 2791 1228 2836 tom.
1258 2796 1288 2832 v
1315 2780 1478 2846 Junii,
1506 2795 1627 2849 pag.
1660 2778 1795 2833 I65:
1833 2775 1931 2831 Ubi
1961 2786 2036 2829 to-

450 2881 557 2924 tam
585 2871 835 2925 civitatem
864 2870 1113 2925 catholica
1131 2872 1395 2932 convertit,
1436 2870 1699 2923 ecclesiam
1721 2867 1886 2938 (quod
1915 2876 2039 2920 ante

451 2962 593 3015 nulla
626 2961 833 3032 fuisset)
859 2962 997 3030 infra
1025 2979 1197 3016 muros
1231 2963 1448 3016 civitatis
1486 2959 1709 3015 Domino
1744 2960 2034 3012 collocarit.

451 3053 651 3105 Auctor
681 3051 811 3105 Vitae
837 3052 891 3108 S.
922 3051 1224 3107 Geminiaui
1255 3051 1568 3105 Mutinensis
1598 3050 1851 3104 antistitis
1878 3048 2037 3102 editae

2124 500 2202 553 cis
2244 499 2433 562 fidem,
2467 515 2562 570 per
2606 500 2744 557 hanc
2784 512 3192 571 tempestatem,
3243 524 3347 575 qua
3395 510 3560 565 libera
3614 512 3707 567 fuit

2124 591 2445 647 Christiana:
2474 594 2822 658 professionis
2852 600 3241 665 amplectutnlte
3272 601 3522 665 facultas,
3554 605 3710 660 Chri-

2125 696 2242 749 sto,
2273 687 2479 739 eversis
2517 700 2733 754 prorsus
2753 687 2961 750 .ldolts,
2996 704 3133 758 pene
3174 700 3336 744 totam
3384 694 3542 763 (quod
3590 707 3709 752 ante
3794 687 3795 763 ξ

2126 793 2231 832 non
2275 777 2606 849 contigerat)
2641 795 2835 835 nomen
2884 781 3125 847 dedisse;
3165 797 3287 853 qua:
3325 801 3411 838 res
3441 803 3503 841 eo
3534 789 3709 844 minus

2128 870 2570 939 reprehendenda
2601 881 2712 934 est,
2747 887 2853 940 quo
2882 875 3047 943 magis
3077 889 3143 928 ex
3170 875 3291 929 aliis
3320 880 3710 948 quamplttrittm
3794 860 3795 865 η

2126 963 2400 1017 civita'um
2446 962 2733 1025 Ecclesiis,
2765 965 2958 1033 quibus
2996 966 3045 1017 id
3100 967 3269 1036 ipsom
3300 969 3510 1023 obvenit
3536 1013 3554 1037 ,
3581 987 3710 1027 cou-

2128 1051 2391 1107 lirmatur.
2421 1052 2686 1107 Creta-rum
2722 1054 2920 1109 fabulae
2953 1056 3000 1107 itt
3033 1072 3121 1112 res
3150 1057 3200 1110 id
3231 1062 3445 1127 generis
3474 1064 3713 1131 populari

2129 1144 2267 1198 fama
2313 1148 2536 1199 invecta:
2568 1155 2617 1199 ct
2650 1146 2888 1210 traditio,
2936 1146 3002 1200 ad
3045 1148 3398 1215 elevandam,
3450 1168 3551 1206 non
3589 1170 3711 1209 vero

2131 1238 2474 1292 minuendam
2503 1236 2729 1306 alicujus
2752 1237 3011 1293 Ecclesia:
3035 1242 3411 1310 antiquitatem
3431 1255 3482 1298 et
3504 1244 3711 1301 laudem

2129 1331 2402 1401 pertinent
2428 1347 2441 1382 :
2473 1328 2609 1384 adeo
2639 1342 2693 1384 ut
2718 1347 2837 1399 qua:
2867 1332 3146 1386 remissius
3173 1348 3235 1387 ac
3282 1334 3459 1389 minus
3484 1338 3715 1406 gloriose
3794 1372 3795 1397 ι

2088 1468 2092 1472 Α
2131 1422 2197 1477 de
2224 1423 2396 1491 aliqua
2432 1422 2668 1476 Ecclesia
2706 1422 2970 1489 feruntur,
3003 1439 3064 1479 ea
3113 1426 3313 1481 nttllius
3342 1430 3614 1498 ιιοριιιιιτίε
3646 1430 3716 1484 fa-

2133 1513 2271 1566 bula:
2292 1514 2653 1582 suspicionem
2680 1515 2923 1583 ingeram
2941 1556 2955 1578 ,
2986 1517 3359 1589 ratissimaque
3400 1532 3600 1590 praeter
3621 1538 3717 1577 cro

2133 1612 2246 1657 tera
2278 1604 2460 1658 haberi
2489 1604 2738 1661 debeant.

2136 1736 2163 1807 §
2200 1736 2286 1808 ΠΙ.
2310 1767 2376 1778 --
2401 1739 2549 1794 Nova
2581 1741 2806 1798 Ecclesia
2840 1742 3058 1800 Verona!
3085 1748 3365 1816 (edi/irata.
3398 1747 3473 1804 De
3499 1747 3717 1803 Zenonis

2206 1830 2372 1883 (Ilero.
2406 1829 2613 1900 Duplex
2653 1831 2913 1904 Virginum
2950 1842 3139 1908 species
3166 1836 3410 1893 Veranio.
3460 1840 3717 1894 Monaste-

2203 1923 2337 1974 riutn
2370 1921 2585 1979 Verona:
2621 1927 2842 1997 primum
2884 1928 2936 1981 in
2982 1940 3083 1982 toto
3130 1927 3407 1985 Occidente
3450 1951 3478 1985 α
3518 1931 3719 1986 Ζιιιιοιιε

2204 2013 2507 2067 institutum.
2544 2012 2784 2085 Cruptth
2824 2029 2872 2072 et
2916 2019 3131 2075 ebrietas
3161 2021 3215 2075 in
3255 2032 3538 2094 martyrum
3583 2025 3719 2095 [estis

2206 2106 2440 2166 sublatw.

2206 2214 2469 2273 Caiterum
2495 2221 2766 2277 Zenonem
2809 2236 3051 2280 nostrum
3084 2241 3276 2281 novam
3308 2228 3595 2283 ecclesiam
3627 2228 3717 2282 hac

2137 2307 2188 2361 in
2214 2310 2347 2365 urbe
2368 2328 2398 2365 e
2421 2314 2783 2371 fundamentis
2804 2318 3065 2384 erexisSe,
3093 2320 3433 2392 primumque
3452 2338 3516 2376 ea
3536 2333 3714 2391 aperta

2138 2399 2562 2459 Christianorum
2617 2421 2939 2465 c0uventum
2994 2428 3183 2482 magna
3238 2428 3359 2467 cum
3414 2416 3718 2469 celebritate

2142 2504 2483 2559 prosecutum
2527 2509 2670 2565 patet
2701 2516 2766 2554 ex
2798 2511 2955 2556 tract.
2986 2501 3052 2557 M
3100 2503 3190 2557 lib.
3227 2519 3275 2569 ι,
3308 2513 3363 2559 et
3388 2503 3525 2560 forte
3548 2506 3710 2574 prima

2141 2583 2239 2637 fuit
2284 2582 2334 2638 in
2378 2587 2509 2640 urbe
2557 2592 2815 2654 ecclesia,
2847 2608 2969 2662 quae
2998 2609 3119 2648 eum
3172 2598 3222 2649 in
3269 2606 3423 2649 usum
3462 2597 3713 2650 aediﬁcata

2141 2675 2265 2738 fuit,
2296 2691 2416 2729 cum
2457 2686 2610 2732 antea
2642 2680 2691 2734 in
2725 2684 2942 2749 privatis
2968 2685 3173 2741 aedibus
3215 2687 3336 2739 huic
3364 2688 3483 2741 usui
3513 2703 3717 2742 accom-

2142 2765 2372 2820 modata
2405 2808 2418 2829 ,
2475 2770 2553 2821 vel
2602 2772 2985 2837 saltetnjestra
3035 2778 3180 2831 urbis
3225 2784 3521 2846 pomerium
3576 2793 3714 2834 sacra
3794 2766 3795 2773 “

2142 2868 2545 2925 peragerentur.
2575 2859 2959 2919 Veronensium
3009 2867 3231 2921 divitum
3269 2869 3565 2924 liberalitas
3606 2884 3717 2924 sese

2143 2947 2241 3001 Ιιοι·
2274 2948 2325 3001 in
2357 2964 2522 3012 opere
2560 2954 2983 3022 commendavit,
3026 2961 3225 3028 quippe
3263 2959 3410 3027 quod
3452 2961 3639 3014 crebris
3673 2972 3714 3012 et

2142 3040 2300 3108 largis
2360 3040 2572 3093 illorum
2628 3048 3077 3114 prterogatiom'bus
3130 3049 3417 3114 referatur,
3471 3065 3620 3103 num.
3665 3050 3711 3102 5.
3794 3052 3795 3063 ‘

451 3156 519 3197 ex
549 3158 649 3197 ms.
684 3142 980 3199 Verttnensi
1022 3152 1151 3197 ιοηι,
1188 3159 1255 3199 ιι,
1294 3155 1426 3208 part.
1464 3159 1540 3208 ιι,
1589 3142 1784 3196 Rerum
1823 3140 2032 3194 ltalica-
2060 3135 2104 3197 C
2136 3129 2468 3200 Quamquam
2501 3149 2606 3186 non
2639 3132 2735 3187 Itac
2761 3138 3067 3203 solum,sed
3095 3140 3214 3194 aliis
3240 3158 3456 3213 quoque
3484 3142 3537 3196 in
3568 3157 3713 3197 occa-

454 3248 603 3295 rutn,
650 3248 830 3288 nonne
873 3233 987 3287 haec
1020 3235 1087 3288 de
1117 3236 1233 3299 illo,
1268 3237 1354 3302 qui
1398 3233 1597 3289 Zenoni
1624 3233 1783 3301 plane
1824 3245 2039 3285 coaevus

453 3323 575 3390 fuit,
606 3326 802 3388 scripta
834 3326 1069 3395 reliquit,
1102 3343 1219 3396 pag.
1254 3327 1349 3383 L91
1383 3345 1396 3381 :
1432 3328 1573 3382 Sane
1607 3326 1674 3378 ad
1704 3325 1894 3379 Christi
1924 3327 2037 3379 cul-

452 3426 624 3472 turam
643 3427 746 3470 toto
769 3420 961 3472 mundo
980 3421 1284 3488 conﬂuente,
1301 3422 1411 3491 jam
1434 3421 1571 3474 dicta
1592 3422 1765 3474 civitas
1786 3418 2035 3491 (Mutina)

452 3526 543 3580 per
578 3510 925 3573 apostolorum
961 3527 1276 3564 successores
1317 3510 1521 3565 Domini
1559 3512 1712 3578 ﬁdem
1750 3512 1999 3579 recipiens
2020 3552 2034 3576 ,

451 3619 637 3656 vanam
667 3601 933 3655 (dolorum
959 3603 1152 3669 respuit
1177 3603 1472 3671 fteditatem,
1509 3620 1570 3655 ac
1588 3612 1877 3656 sanctorum
1900 3618 2034 3671 prte-

454 3692 709 3747 dicatione
746 3692 1067 3747 sacerdotum
1105 3694 1343 3745 amissam
1371 3693 1461 3745 diu
1489 3693 1599 3747 twli
1638 3695 1861 3761 recipere
1887 3694 2038 3758 cmpit

457 3782 819 3837 luereditatem.
848 3780 915 3837 In
953 3773 1169 3852 quorum
1197 3783 1432 3853 catalogo
1461 3786 1808 3852 confcssorutn
1838 3782 2038 3836 Beatis-

452 3874 637 3928 simum
664 3872 1134 3930 Geminianum.....
1162 3875 1338 3929 eadem
1359 3917 1373 3938 ,
1402 3873 1620 3929 Domino
1650 3874 1888 3945 jubente,
1924 3890 2033 3927 sus-

453 3966 584 4033 cepit
612 3966 786 4019 civitas
826 3966 1217 4032 Mutinensium,
1247 3967 1554 4034 temporibus
1582 3965 1789 4021 Joriani
1822 3967 2038 4037 Augusti

454 4058 612 4108 totius
641 4056 954 4123 Reipublicte
978 4057 1256 4126 Principis.
1282 4061 1325 4113 A
1345 4078 1445 4122 quo
1473 4061 1684 4115 (celestis
1714 4061 1829 4114 vitae
1850 4062 2035 4127 pabulo

453 4157 716 4210 recreata,
765 4156 1050 4213 sancteque
1078 4151 1450 4219 puriﬁcationis
1490 4156 1629 4220 fonte
1663 4162 1909 4223 purgata.
1948 4168 2037 4204 su-

456 4239 713 4309 perﬂuant
757 4236 1023 4291 ldolorum
1061 4242 1347 4295 servitutem
1389 4244 1622 4311 reliquit,
1668 4254 1714 4297 et
1743 4244 1885 4297 suavi
1904 4246 2035 4314 jugo

457 4332 649 4391 Christi
691 4332 823 4385 colla
862 4331 1073 4400 subegit.
1128 4330 1184 4385 ltt
1232 4348 1349 4399 quae
1390 4335 1552 4388 verba
1605 4335 2036 4389 animadvertens

454 4426 789 4489 clarissimus
831 4424 1026 4483 editor.
1076 4425 1119 4477 si
1174 4426 1275 4478 alia
1328 4428 1485 4479 simul
1543 4428 1767 4482 aliarum
1825 4427 2034 4482 urbium

2139 3222 2379 3276 sionibus
2410 3223 2482 3285 bi,
2512 3225 2763 3294 episcopo
2781 3233 3072 3295 praesertim
3101 3235 3444 3302 impellente,
3474 3235 3713 3291 liberales

2138 3328 2257 3367 sese
2290 3312 2516 3385 [cxsvu]
2544 3316 2910 3382 prmbtterunl,
2941 3322 3013 3374 uti
3048 3324 3383 3390 potissimum
3416 3327 3613 3382 factum
3641 3334 3713 3381 est

2141 3404 2191 3457 in
2221 3418 2282 3458 ea
2309 3405 2646 3474 «aptivorum
2674 3408 3056 3477 redemptione,
3091 3426 3247 3480 quam
3270 3413 3337 3469 ab
3366 3418 3482 3487 ipso
3508 3416 3714 3472 Zenone

2138 3496 2350 3551 eximiis
2381 3499 2627 3552 laudibus
2651 3515 2743 3566 pro
2768 3501 3032 3555 concione
3062 3505 3401 3571 medicatam
3424 3509 3608 3565 videre
3632 3526 3713 3579 p0-

2140 3592 2273 3647 teris
2300 3598 2456 3646 tract.
2490 3591 2577 3653 10,
2608 3607 2754 3646 num.
2785 3592 2840 3653 5.
2875 3594 2966 3649 lib.
2998 3612 3034 3650 ι.

2208 3680 2477 3739 (ἓωιετιιιιι
2525 3687 2805 3755 episcOpus
2849 3699 3216 3757 paupertatem
3264 3694 3612 3762 proﬁtebatur
3653 3710 3711 3748 ex

2139 3788 2295 3833 tract.
2329 3778 2397 3834 44
2431 3780 2523 3834 lib.
2574 3795 2637 3845 ιι,
2671 3796 2734 3835 ex
2758 3796 2865 3850 quo
2895 3780 3054 3835 etiam
3082 3785 3285 3837 clerum
3326 3786 3401 3840 illi
3429 3787 3597 3842 fois~e
3626 3803 3710 3857 pa-

2141 3880 2247 3934 tet;
2280 3872 2556 3941 cujusdam
2584 3873 2730 3927 enim
2771 3876 2847 3927 rei
2893 3882 3056 3928 teSIes
3094 3876 3326 3944 appellat
3353 3882 3613 3949 aperarios
3636 3880 3711 3946 qni

2139 3981 2335 4019 mecum
2364 3978 2514 4032 sunt,
2549 3968 2738 4035 inquit.
2788 3967 2922 4021 Hinc
2971 3976 3125 4021 tract.
3176 3968 3242 4023 16
3279 3968 3373 4024 lib.
3404 3986 3454 4035 t,
3486 3988 3630 4026 num.
3661 3973 3707 4034 ti,

2137 4056 2447 4110 sacerdotes
2479 4067 2740 4110 memorat
2761 4098 2774 4121 ,
2806 4058 2894 4126 qui
2927 4059 3259 4112 solemnibus
3298 4060 3495 4117 divinis
3539 4063 3707 4133 quirs-

2137 4148 2373 4199 centium
2406 4147 2611 4201 animas
2642 4149 2750 4203 Deo
2776 4151 3155 4204 commendare
3182 4151 3446 4218 solebant,
3483 4165 3537 4208 et
3564 4164 3705 4209 tract.

2138 4236 2208 4291 50
2258 4238 2351 4293 lib.
2388 4254 2456 4299 ιι,
2491 4241 2814 4293 mentionem
2873 4238 3000 4309 facit
3043 4240 3443 4304 ministrorum,
3476 4246 3568 4313 qui
3600 4245 3705 4312 epi-

2139 4342 2277 4393 c0po
2309 4329 2748 4384 iuserviebant'ln
2783 4330 2981 4393 sacris,
3015 4345 3113 4386 nec
3141 4348 3245 4384 non
3271 4345 3548 4387 sacrarum
3578 4333 3707 4388 ortli-
3794 4346 3795 4369 ξ

2140 4424 2452 4486 nationum,
2499 4422 2694 4492 quibus
2736 4422 2969 4491 paschali
3016 4431 3256 4493 tempore
3296 4424 3585 4481 inferiores
3622 4426 3708 4479 tui-

455 4518 701 4587 exempla
744 4514 1135 4586 prospexisset,
1166 4515 1359 4585 quibus
1388 4517 1438 4570 id
1472 4518 1641 4583 ipsum
1671 4520 1827 4587 plane
1866 4520 2037 4573 eoati-
2062 4519 2116 4580 D
2143 4516 2292 4570 uistri
2337 4508 2399 4571 ad
2449 4518 2781 4585 superiorem
2827 4515 3069 4571 ordtnem
3102 4516 3581 4585 promovebantur;
3622 4518 3708 4587 piis

452 4609 597 4679 gisse
637 4607 1091 4677 deprehenditur;
1136 4606 1379 4675 profecto.
1423 4606 1539 4661 lure
1569 4610 1620 4661 in
1668 4609 2033 4674 prarfationem

452 4717 559 4757 non
598 4702 951 4769 conjecisset,
985 4713 1104 4770 pag.
1137 4700 1279 4755 687:
1314 4699 1463 4764 Quod
1506 4710 1577 4753 est
1606 4702 1672 4753 ad
1710 4702 1962 4762 eiuratam
2002 4720 2035 4755 a

456 4794 830 4848 Mutinensibus
857 4794 1123 4864 gentilium
1147 4792 1551 4853 superstitionem
1572 4792 1664 4844 sub
1688 4789 1904 4844 Joviano
1926 4803 2035 4845 tau-

453 4894 557 4939 tum
584 4887 812 4957 Augusto
837 4884 1422 4953 (Geminianiepiscopi
1454 4893 1661 4951 opera),
1691 4883 1745 4935 id
1784 4884 1922 4936 nullo
1950 4898 2031 4935 ve-

446 4976 616 5031 ritatis
651 4989 741 5032 aut
768 4975 1229 5031 uerisimilitudinis
1263 4974 1431 5045 fulcro
1472 4973 1648 5027 nititur
1676 4984 1825 5041 atque
1850 4973 1917 5025 ad
1955 4974 2035 5040 fa-

452 5065 1025 5122 bulasamandandum.
1059 5068 1115 5122 Si
1148 5064 1284 5120 Vita:
1314 5075 1501 5119 auctor
1528 5066 1628 5119 sub
1657 5062 1884 5117 Joviano
1912 5073 2030 5116 tan-

451 5162 565 5208 tum
594 5158 905 5226 religionem
935 5158 1294 5213 Christianam
1326 5169 1358 5209 a
1383 5142 1775 5211 Mutinensibtts
1804 5167 1898 5222 per
1924 5152 2030 5207 Ge-

449 5246 740 5300 minianum
776 5251 948 5316 primo
970 5260 1272 5318 susceptam
1296 5247 1642 5316 prodidisset:
1671 5247 1792 5315 jure
1816 5245 2030 5316 quidem

452 5338 522 5392 ab
543 5338 751 5393 edit0re
781 5341 1284 5409 reprehenderetur.
1332 5341 1405 5395 At
1443 5354 1549 5393 non
1592 5338 1642 5393 id
1691 5340 1780 5394 ille
1823 5339 2025 5402 innuit,

452 5424 561 5478 imo
608 5442 713 5493 per.
754 5432 887 5484 alios
934 5433 1215 5501 episcopos
1264 5431 1628 5501 apostolorum
1685 5442 2029 5485 successores

453 5515 610 5569 fidem
639 5518 960 5575 Mutinenses
988 5525 1254 5592 recepisse
1285 5522 1445 5577 tradit
1474 5540 1487 5575 :
1518 5534 1568 5575 et
1608 5524 1780 5576 solum
1812 5522 1912 5576 sub
1936 5520 2029 5577 Jo-

449 5606 589 5657 viaui
612 5607 890 5675 imperiti-ii
922 5610 1219 5666 Gemittittni
1251 5615 1529 5667 laboribus
1559 5614 1912 5667 idololatriam
1943 5629 2026 5665 re-

449 5692 669 5761 liquisse
694 5711 787 5753 eos
808 5711 1009 5769 narrat,
1036 5716 1155 5770 qua:
1181 5716 1268 5758 res
1292 5702 1422 5759 illttd
1447 5705 1599 5759 unice
1628 5702 1879 5769 insinuat,
1910 5704 2023 5759 Mu-

2137 4618 2315 4661 antem
2343 4608 2713 4663 sacerdotibus
2738 4623 2831 4676 per
2855 4608 2993 4662 idem
3024 4618 3231 4673 tempus
3259 4611 3563 4663 mercedem
3590 4624 3709 4677 prac-
3794 4652 3795 4655 η

2135 4696 2313 4749 stitam
2338 4698 2640 4763 affirmans,
2676 4699 2883 4769 piorum
2914 4688 3051 4752 sane
3072 4696 3174 4751 sibi
3201 4699 3606 4766 cooperautium
3632 4712 3706 4752 sa-

2134 4787 2410 4841 cerdotum
2444 4790 2758 4844 industriam
2778 4790 2990 4857 indicat
3018 4790 3131 4844 sive
3159 4789 3211 4842 in
3250 4789 3598 4845 instituendis
3624 4803 3705 4843 ca-
3794 4788 3795 4799 ‘

2136 4882 2487 4947 tectiuutenis,
2514 4884 2630 4939 sive
2656 4884 2706 4936 in
2733 4884 3111 4953 paenitentibus
3142 4874 3536 4951 praeparandis,
3569 4881 3705 4951 cujus
3794 4874 3795 4937 ἰ

2136 4982 2344 5025 merces
2372 4973 2542 5041 ipsum
2570 4987 2680 5028 erat
2712 4976 3063 5045 baptismum,
3092 4983 3146 5028 et
3174 4972 3569 5041 reconciliatio,
3597 4987 3701 5045 qua:
3794 4972 3795 5049 ξ

2136 5052 2371 5126 paschali
2397 5073 2637 5136 tempore
2660 5067 3013 5123 Soletnttiritu
3042 5067 3456 5135 peragebantur.
3484 5065 3543 5120 ltt
3579 5068 3702 5119 hanc
3794 5090 3795 5141 ι

2136 5165 2344 5221 Quoque
2395 5171 2507 5211 rem
2554 5158 2765 5215 confert
2808 5161 2969 5215 etiam
3026 5161 3172 5213 locus
3222 5158 3282 5214 S.
3326 5156 3601 5212 Ambro-ii
3641 5166 3701 5210 ex

2134 5242 2290 5309 epist.
2328 5260 2381 5307 v,
2414 5249 2477 5301 ad
2508 5242 2786 5321 Syagrium
2818 5251 3053 5307 Zenonis
3098 5264 3491 5316 successorem,
3529 5250 3586 5305 in
3613 5261 3701 5318 qua

2136 5347 2256 5388 cum
2287 5336 2538 5396 Indiciatn
2570 5344 2637 5396 ab
2665 5344 2766 5397 hoc
2792 5344 3125 5399 benedictam
3156 5342 3441 5398 sacerdota
3468 5342 3703 5397 invisisse

2137 5427 2430 5494 tradantur,
2455 5432 2554 5485 hoc
2576 5433 2915 5488 sacerdotum
2940 5433 3173 5491 Zenonis
3198 5450 3314 5491 aevo
3344 5434 3699 5490 ordinatorum

2135 5537 2242 5576 non
2269 5524 2555 5580 obscurum
2604 5528 2966 5581 testimonium
2996 5526 3223 5586 videtur.
3258 5533 3457 5587 ﬂorum
3501 5545 3698 5605 quoque

2129 5616 2465 5670 sacerdotum
2501 5618 2805 5681 pudicitiam
2831 5632 2895 5672 ac
2918 5619 3227 5674 calibatum
3255 5622 3323 5676 ab
3350 5623 3589 5681 Auctore
3609 5625 3700 5679 lau-

2127 5704 2239 5759 dari
2273 5716 2425 5762 tract.
2454 5709 2487 5763 5
2510 5710 2603 5763 lib.
2636 5724 2675 5776 t,
2706 5724 2860 5766 num.
2886 5710 2939 5778 7,
2971 5710 3101 5767 satis
3129 5711 3387 5767 credibile
3415 5725 3523 5770 est.
