3826 6226
142 322 160 374 l
172 319 233 372 .33

939 319 1383 377 DISSER'I‘ATIO
1427 319 1511 385 Ill,
1557 318 1642 372 lli".
1684 318 1740 370 S.

1784 317 1941 373 ΖΕΝ.
1991 318 2189 375 ACTIS
2230 320 2318 374 ΕΤ
2358 318 2604 376 (ΙΙῚΙῙΠΞ.
3315 319 3413 375 154

199 433 300 490 Sed
325 436 447 505 quis
473 436 542 492 dc
570 438 731 492 clero
758 441 810 493 in
836 440 1022 493 bonam
1054 437 1392 508 disciplinam
1423 450 1520 507 per
1547 432 1722 489 Zeno-
1748 430 1802 491 Α
1826 430 1975 486 illum
1999 434 2220 502 patratis
2242 434 2540 491 celebriora
2573 434 2738 489 luisse
2768 434 3036 504 videntur,
3068 448 3293 505 quaeque
3318 435 3415 489 im-

138 544 248 583 nem
294 528 549 584 instituto
588 532 835 596 dubitet,
863 548 979 589 cum
1012 532 1279 603 virginum
1324 544 1536 601 quoilue
1566 527 1728 584 disri-

136 625 319 690 plinam
347 625 415 675 ab
453 624 660 681 eodem
696 610 955 681 est-ultam
996 642 1061 680 ex
1090 626 1277 681 eadem
1304 624 1571 681 Anilirmii
1613 626 1727 689 epi-

134 714 259 768 SIola
288 715 646 770 manifestum
673 718 783 772 sit?
802 721 873 771 lix
899 732 959 773 ea
984 717 1234 773 nimirum
1263 718 1432 786 palam
1456 716 1726 785 colligitur

133 802 351 859 Zenonis
393 814 563 860 aetate
610 805 838 862 Verona:
875 823 978 861 non
1021 806 1195 861 solum
1241 806 1407 861 fuisse
1452 805 1721 877 virgines,

133 910 243 964 qum
271 895 555 965 virginalis
591 898 864 966 pudicitia:
892 908 1017 953 voto
1062 898 1333 953 obstrictae
1375 906 1491 965 post
1535 896 1724 965 proba-

132 989 315 1042 tionem
343 989 544 1044 velata:
586 992 709 1045 suis
747 991 795 1044 in
838 991 1086 1047 domibus
1131 991 1319 1059 pudice
1343 990 1720 1057 versabantur,

131 1078 418 1146 cuiusmodi
450 1080 666 1135 Indicia
701 1081 811 1146 fuit,
845 1084 913 1136 de
936 1098 1037 1152 qua
1075 1082 1223 1150 plora
1257 1082 1487 1136 diximus
1515 1080 1645 1136 diss.
1680 1097 1717 1147 ι,

129 1186 237 1240 cap.
263 1170 314 1230 5.
350 1160 382 1243 ς’
400 1171 458 1235 5,
493 1174 596 1229 sed
628 1176 861 1244 virgines
886 1176 1047 1228 etiam
1077 1174 1274 1237 fuisse,
1298 1189 1416 1243 qua:
1441 1174 1721 1244 virginita-

132 1272 229 1317 tem
255 1265 521 1332 professa:
550 1280 897 1319 communem
928 1265 981 1319 in
1023 1264 1349 1319 monasterio
1378 1263 1539 1318 vitam
1566 1264 1722 1332 dege-

130 1357 273 1418 bant;
308 1365 567 1411 accusata
592 1359 761 1424 enim,
781 1368 840 1413 ιιι
855 1357 1167 1413 Ambrosius
1188 1368 1385 1421 narrat,
1411 1373 1508 1428 per
1523 1359 1720 1413 calum-

130 1448 259 1499 niam
304 1449 548 1512 Indicia,
579 1451 959 1505 criminatores
1006 1453 1126 1518 ejus
1170 1449 1474 1518 impositum
1514 1451 1717 1504 crimen

130 1539 339 1606 perinde
366 1540 714 1610 divulgatum
741 1542 983 1597 ferebant
1012 1559 1076 1596 ex
1107 1558 1254 1597 num.
1290 1543 1394 1597 l9:
1424 1542 1722 1599 (Iocari-isse

130 1631 348 1685 mulieres
370 1634 497 1688 viles
519 1633 592 1687 ad
621 1637 998 1701 monasterium,
1013 1640 1241 1708 joctasse
1261 1648 1462 1703 partum
1487 1638 1715 1707 virginis,

127 1731 169 1775 et
195 1738 362 1776 necem
382 1726 651 1795 pignoris,
676 1727 738 1779 de
766 1728 1070 1781 monasterio
1098 1744 1353 1781 rumorem
1386 1745 1475 1797 per
1503 1730 1719 1798 papulas

1828 516 2015 593 pressa
2051 524 2364 595 profundius
2393 527 2445 580 in
2476 527 2653 595 populi
2686 526 2973 593 mentibus,
3007 526 3156 581 vanis
3184 526 3409 582 subinde

1826 616 2221 672 circuinvcstita
2252 617 2515 686 adjunctis
2542 616 2712 681 fuere,
2744 626 2796 671 ut
2829 616 2884 671 lit
2911 619 2961 671 in
2993 617 3077 683 iis,
3110 634 3228 687 qum
3256 634 3283 671 a
3315 633 3407 671 ne-

1827 706 1970 760 mine
1999 708 2228 775 scripta,
2274 723 2367 775 per
2408 708 2661 777 pupulum
2712 707 2985 772 feruntur;
3019 717 3073 763 et
3102 709 3247 762 hisce
3290 723 3411 763 cum

1824 798 2089 865 adjunctis
2118 798 2187 854 ab
2215 799 2404 854 eodem
2428 800 2698 855 Coronato
2724 810 2945 870 excepta
2975 812 3037 854 ac
3066 800 3256 854 litteris
3284 815 3412 869 pro-

1824 890 1963 955 dita,
2012 907 2116 944 non
2159 890 2227 945 ita
2276 893 2347 945 ob
2390 891 2691 946 additioncs
2736 892 2895 946 falsas
2920 891 3226 961 spernenda
3254 901 3409 954 sunt,

1824 991 1882 1035 ut
1908 981 2098 1035 eximie
2129 981 2328 1036 veritas
2357 981 2492 1051 ipsa,
2520 997 2639 1052 quae
2661 983 2712 1036 in
2745 984 2906 1053 rebus
2935 984 3086 1037 miris
3114 984 3291 1037 inesse
3315 981 3412 1037 ali-

1822 1087 1925 1143 qua
1956 1073 2095 1127 solet
2120 1072 2246 1142 (etsi
2278 1072 2510 1127 (li~corni
2532 1088 2633 1127 non
2659 1074 2812 1127 facile
2850 1072 3063 1149 possit),
3097 1075 3250 1141 plane
3282 1072 3411 1142 reji-

1821 1164 2013 1220 ciatur.
2058 1166 2255 1221 Eadem
2302 1167 2492 1234 repetit
2543 1167 2857 1236 Anonytuus
2900 1164 3210 1231 Pipinianus
3252 1167 3411 1219 tertio

1821 1259 2014 1329 insigni
2046 1261 2305 1315 miraculo
2332 1261 2548 1327 addito;
2581 1271 2635 1316 et
2674 1262 2720 1316 is
2762 1260 2829 1332 (si
2860 1276 3020 1315 unum
3049 1259 3265 1315 Cmaris
3293 1277 3412 1316 ver-

1820 1349 1945 1404 bum
1978 1350 2186 1422 demas)
2214 1352 2488 1407 Coronato
2512 1354 2703 1407 melius
2732 1353 2899 1407 multo
2928 1363 2979 1415 et
3019 1354 3137 1409 sine
3169 1353 3289 1408 ullis
3316 1356 3408 1417 ad-

1821 1441 1971 1509 ditis,
2003 1458 2122 1514 qua:
2146 1441 2365 1498 Criticis
2404 1443 2771 1499 difﬁcultatem
2800 1446 3080 1515 ingerant,
3114 1446 3199 1499 illa
3230 1446 3411 1514 paucis

1822 1534 2098 1590 describit.
2146 1535 2223 1590 En
2259 1536 2426 1604 ipsius
2473 1537 2677 1606 integra
2722 1534 2913 1605 verba,
2965 1537 3037 1590 uti
3080 1536 3326 1606 leguntur
3356 1536 3409 1591 in

1822 1626 1970 1680 calce
2001 1642 2131 1680 mss.
2163 1626 2457 1683 Zenouiani
2487 1644 2549 1682 ac
2594 1627 2935 1697 Pompeiani;
2972 1644 3090 1683 nam
3129 1630 3181 1684 in
3220 1644 3407 1684 manu-

1820 1721 2020 1788 scripto
2066 1720 2313 1775 Lobiensi
2342 1762 2356 1785 ,
2404 1737 2469 1776 ex
2515 1736 2622 1791 quo
2673 1720 2730 1775 P.
2781 1720 3117 1775 Mabillonius
3164 1722 3400 1789 ejusdem

128 1828 367 1882 sparsum.
413 1820 759 1888 Quamquam
793 1834 922 1872 vero
967 1817 1069 1873 sub
1116 1818 1272 1886 lmjus
1319 1820 1491 1888 quarti
1534 1820 1714 1875 smcnli
1747 1807 1793 1868 Β
1822 1810 2085 1882 Anonymi
2134 1810 2449 1881 opusculum
2501 1812 2699 1876 edidit,
2733 1811 2922 1864 lacuna
2966 1820 3049 1865 est
3092 1820 3306 1881 aperta,
3350 1820 3408 1866 ut

132 1903 276 1960 linem
302 1909 575 1971 virginum
627 1911 949 1965 monasteria
988 1913 1040 1965 in
1067 1909 1356 1966 Occidente
1386 1914 1559 1982 aliqua
1606 1915 1716 1968 lue-

133 2000 255 2060 rint.
287 2008 346 2053 ut
373 2015 439 2054 ex
484 2000 613 2054 aliis
649 2001 890 2070 ejusdem
924 2004 1187 2059 Ambrosii
1238 2005 1369 2059 locis
1415 2007 1710 2077 colligitur;

136 2088 229 2144 hoc
253 2100 451 2156 unnen,
484 2092 635 2159 quod
664 2094 890 2149 Veronae
916 2110 945 2149 a
977 2094 1191 2152 Zenone
1219 2098 1517 2153 institutum
1550 2099 1713 2156 luisse

134 2180 349 2247 videtur,
378 2186 621 2252 primum
642 2201 761 2242 esse
787 2189 1026 2243 omnium
1054 2190 1344 2255 credimus,
1370 2191 1452 2246 \‘rl
1478 2190 1708 2261 primum

134 2272 305 2328 saltum
353 2276 494 2329 inter
540 2276 667 2339 illa,
719 2294 944 2348 quorum
978 2282 1230 2336 memoria
1279 2282 1468 2335 litteris
1501 2282 1709 2349 prodita

135 2376 380 2434 superest.
412 2369 491 2424 Ex
526 2371 631 2424 hoc
659 2388 820 2439 porro
855 2385 1001 2428 tanto
1026 2376 1289 2445 virginum
1322 2375 1703 2429 Veronensium

137 2473 358 2526 numero,
391 2479 511 2531 qua:
545 2466 739 2533 partim
788 2467 839 2519 iu
873 2469 1220 2526 monasterio,
1256 2468 1445 2537 partim
1489 2468 1706 2536 privatis

138 2550 183 2603 iu
207 2552 441 2609 domibus
473 2544 841 2627 virginitatem
891 2561 1139 2614 colebant
1163 2601 1176 2623 ,
1222 2560 1455 2614 Zenonis
1498 2575 1707 2614 sermo-

138 2658 268 2704 num.
294 2649 484 2715 quibus
528 2650 809 2719 virginitas
841 2653 1074 2705 maxime
1100 2652 1574 2705 commendabatur
1604 2651 1702 2724 (uti

139 2749 261 2790 noue
302 2748 381 2792 est
427 2747 691 2794 tractatus
727 2742 761 2795 5
788 2724 881 2794 lib.
913 2745 975 2807 ι),
1031 2744 1256 2795 fructum
1303 2748 1700 2810 cognoscimus.

140 2823 271 2879 Hunc
292 2832 536 2885 eumdem
566 2833 858 2886 antistitem
887 2834 1025 2887 inter
1048 2848 1142 2887 eos
1169 2834 1560 2889 accenscndum
1588 2836 1703 2905 opi-

140 2934 307 2975 namur
348 2921 510 2978 Italiae
537 2925 823 2994 episcopos
864 2942 893 2977 a
1042 2928 1339 2996 Augustino
1368 2913 1524 2998 epist.
1560 2945 1699 2995 xxii,

140 3024 267 3063 num.
294 3013 348 3078 ι,
378 3015 648 3079 laudatos,
679 3022 767 3083 qui
800 3031 921 3070 cum
953 3032 1149 3087 agapt-s
1171 3018 1221 3071 in
1250 3020 1545 3075 subsidium
1574 3038 1702 3090 pau-

1821 1912 1966 1957 reete
2015 1903 2222 1957 monuit
2268 1904 2506 1957 marchio
2556 1904 2734 1972 Scipio
2798 1902 3065 1967 Malleius,
3136 1918 3256 1973 pag.
3305 1904 3408 1960 179

1818 1992 2064 2049 Hist0ria:
2110 1994 2500 2065 diplomaticaa,
2547 2010 2703 2064 quam
2757 2010 2855 2050 nos
2902 2010 2965 2050 ex
3017 1994 3243 2051 laudatis
3272 2010 3402 2052 mss.

1813 2086 2146 2157 supplemus.

1962 2267 2173 2335 Octavus
2198 2275 2357 2330 pastor
2383 2277 2434 2335 et
2457 2267 2705 2335 confessor
2730 2277 2911 2334 martyr
2932 2270 3157 2335 inclytus.

1904 2330 1994 2395 Qui
2022 2331 2261 2395 Veronam
2287 2332 2586 2391 iras-dicaudo
2600 2333 2802 2395 reduxit
2823 2330 2879 2380 ad
2906 2330 3232 2395 baptismium,

1970 2394 2008 2457 ᾼ
2032 2394 2159 2441 malo
2182 2394 2355 2453 spiritu
2380 2397 2567 2443 sanavit
2586 2393 2789 2444 Gallieni
2815 2393 3017 2445 Cmsaris
3038 2395 3182 2457 tiliam
3203 2412 3216 2457 ;

1966 2455 2124 2503 Boves
2147 2468 2253 2503 cum
2282 2457 2475 2518 homine
2504 2466 2746 2517 vergente
2772 2458 2967 2506 reduxit
2986 2474 3011 2504 ει
3033 2455 3226 2518 pelago.

1901 2518 2181 2581 Etﬂuidom
2208 2517 2383 2565 multos
2409 2518 2635 2567 liberavit
2657 2523 2719 2566 ab
2743 2521 2881 2567 hoste
2910 2517 3161 2581 pestifero,

1964 2576 2003 2641 Ε
2026 2579 2179 2641 ﬂuvio
2198 2589 2478 2641 exeniptttni
2503 2582 2753 2629 suscrtavit
2782 2576 3039 2641 mortuum,

1963 2637 2108 2686 Multa
2136 2637 2258 2685 idola
2283 2637 2523 2689 ili-Strinxit
2546 2654 2631 2699 per
2657 2642 2833 2689 crebra
2849 2637 3054 2700 jejunia.

1899 2697 2003 2765 Non
2032 2699 2337 2765 queo_n.ulta
2363 2697 2559 2765 narrare
2584 2701 2726 2763 hujus
2747 2697 3084 2765 saneti'oliera,

1960 2760 2128 2827 Quaen
2152 2761 2287 2823 Syria
2313 2762 2556 2811 veniendo
2580 2760 2737 2827 nsunt:
2762 2766 2809 2811 in
2832 2760 3037 2827 Italiam,

1961 2822 2059 2872 Per
2084 2822 2237 2885 ipsum
2261 2826 2569 2888 omnipotens
2588 2822 2726 2875 Deus
2750 2829 2963 2876 ostendit
2985 2822 3237 2877 mirabilia.

1807 3013 1930 3067 Hzec
1961 3025 2137 3069 autem
2185 3017 2394 3085 aliaque
2435 3020 2566 3072 mira
2600 3019 2832 3075 Zettonis
2873 3032 3051 3092 gesta,
3080 3040 3200 3094 quae
3240 3025 3391 3094 plura

142 3115 302 3167 perum
322 3145 335 3163 ,
368 3112 775 3176 tuartyrntnque
806 3108 1003 3161 cultum
1037 3110 1333 3175 institutas,
1365 3112 1415 3164 in
1454 3114 1699 3182 crapulas
1731 3171 1772 3193 Π
1803 3106 2018 3175 quidem
2047 3107 2208 3161 fuisse
2236 3120 2501 3177 putamus.
2536 3110 2652 3165 licet
2682 3116 2936 3166 memoria
2968 3118 3284 3184 populorum
3313 3116 3393 3168 di-

139 3190 334 3245 subinde
355 3207 401 3246 et
426 3196 752 3252 ebrietatem
780 3209 834 3252 et
859 3198 1121 3253 luxuriam
1149 3215 1434 3256 conversas
1463 3206 1701 3257 animm]-
1729 3175 1775 3235 Ο
1809 3200 2019 3254 labente
2041 3202 2301 3255 custodita
2326 3217 2389 3256 ac
2411 3204 2603 3257 tradita
2630 3220 2732 3259 ιιοιι
2765 3208 2990 3272 fuerint;
3020 3209 3291 3264 celebrem
3317 3221 3391 3265 ta-

141 3284 411 3349 rcrtissent,
434 3286 487 3341 in
511 3302 607 3343 eas
635 3300 951 3357 perorarnnt
982 3292 1115 3346 adeo
1142 3293 1385 3360 feliciter,
1418 3307 1472 3349 ut
1498 3294 1559 3351 ex
1588 3298 1698 3353 suis

142 3369 366 3429 Ecclesiis
394 3388 616 3449 totaque
646 3380 793 3434 Italia
828 3382 944 3437 illas
965 3385 1310 3451 excluserim,
1345 3385 1418 3441 uti
1442 3387 1701 3443 observa-

140 3461 287 3517 vimus
312 3470 488 3523 adnot.
530 3471 599 3523 18
644 3473 696 3526 in
727 3483 879 3527 tract.
922 3477 985 3529 15
1048 3476 1141 3529 lib.
1174 3493 1221 3541 ι,
1248 3477 1336 3532 ubi
1376 3481 1574 3535 Auctor
1600 3482 1695 3536 ad-

142 3558 454 3613 versm-illas
500 3561 779 3616 invehitur
807 3605 822 3625 ,
872 3566 962 3632 qui
1013 3577 1071 3621 ut
1122 3571 1601 3626 comessatiombns
1644 3582 1699 3627 et

142 3644 349 3703 ebrietnti
411 3653 870 3724 impudicitiaeque
940 3656 1270 3726 frequentius
1327 3660 1693 3731 indulgerent,

143 3752 369 3813 martyres
399 3747 500 3799 sibi
537 3747 845 3815 ﬁngebant,
878 3750 928 3803 io
964 3767 1188 3819 quorum
1221 3756 1544 3808 coameteriis
1570 3772 1695 3826 aga-

141 3844 217 3899 pes
241 3847 462 3904 agerent.
496 3836 613 3892 Nec
640 3841 1157 3905 prartcrtnitlettdunl
1196 3842 1296 3898 hoc
1323 3847 1437 3900 loco
1462 3846 1690 3912 videtur,

139 3929 255 3990 quod
290 3937 389 3983 tres
425 3945 520 3984 ut
558 3930 743 3985 smculi
787 3943 1034 3987 aucuires
1087 3935 1467 4003 prodiderunt,
1501 3937 1692 3993 Paulus

138 4015 191 4069 de
213 4016 554 4091 Mildehurgt),
582 4024 866 4092 PpiSCOpUS
890 4022 1453 4093 Foroseoiproniensis
1480 4030 1527 4080 in
1556 4044 1694 4098 prae-

138 4107 301 4165 latiooe
323 4114 434 4168 libri
469 4114 719 4180 inscripti
756 4113 976 4169 Paulina
1005 4116 1068 4169 de
1091 4127 1229 4171 recto
1252 4118 1453 4186 pascha:
1472 4120 1693 4174 celebra-

137 4200 275 4267 tione,
302 4207 422 4260 editi
467 4222 568 4261 an.
600 4207 757 4281 1515,
793 4224 889 4263 nec
936 4225 1041 4263 non
1089 4209 1331 4278 ejusdem
1374 4211 1554 4280 operis
1596 4213 1686 4267 lib.

138 4292 305 4359 primo;
334 4299 575 4356 Joannes
623 4300 941 4356 Stoeﬂlerus
992 4303 1043 4356 in
1088 4302 1407 4373 calendario
1448 4305 1691 4360 Enniano

137 4386 253 4439 edito
271 4404 350 4443 an.
383 4393 549 4457 1518,
581 4409 736 4463 prop.
767 4395 853 4461 17,
886 4405 935 4450 et
965 4411 1028 4448 ex
1058 4396 1142 4449 his
1166 4394 1470 4464 Onuphrius
1498 4396 1691 4451 Panvi-

137 4477 233 4532 nius
270 4487 525 4554 Antiquit.
562 4484 760 4541 Veron.
796 4486 885 4541 lib.
933 4502 1010 4553 tv,
1049 4501 1167 4556 cap.
1214 4488 1267 4542 6.
1322 4490 1381 4543 lli
1437 4490 1685 4543 nimirum

1806 3305 1926 3344 men
1979 3306 2099 3345 eum
2148 3294 2257 3360 jam
2311 3294 2433 3348 inde
2487 3300 2553 3348 ab
2607 3298 2840 3367 antiquis
2888 3303 3213 3367 temporibus
3250 3304 3386 3372 apud

1800 3383 2143 3451 qnamplnres
2164 3397 2412 3438 emet-nas
2441 3387 2599 3439 etiam
2630 3390 2789 3441 urbes
2808 3431 2821 3451 ,
2853 3391 3176 3459 provincias,
3205 3408 3266 3447 ac
3294 3409 3389 3447 ua-

1804 3473 1975 3527 tiooes
2003 3476 2314 3538 exhibuere,
2340 3476 2406 3529 de
2436 3493 2541 3547 quo
2572 3480 2723 3549 plura
2748 3483 2920 3549 capite
2955 3492 3166 3551 quarto.

1877 3564 1941 3619 Ut
1972 3576 2145 3619 autem
2174 3567 2237 3621 ad
2261 3584 2381 3620 eum
2411 3578 2634 3631 statum,
2666 3588 2821 3639 quem
2863 3573 3095 3625 diximus
3116 3614 3128 3631 .
3158 3574 3384 3627 ethnicis

1801 3656 2116 3723 Ariauisque
2138 3658 2542 3721 obsistentibus,
2562 3661 2923 3717 Veronenscni
2950 3664 3238 3716 Ecclesiam
3266 3682 3385 3731 per-

1795 3745 2037 3807 duceret.
2062 3747 2390 3817 aliquamdiu
2419 3750 2563 3803 illam
2598 3767 2783 3821 regere
2807 3753 3042 3821 prolecm
3069 3754 3283 3819 debuit;
3317 3772 3381 3809 ex

1797 3838 1862 3892 iis
1886 3846 2084 3903 autem,
2111 3856 2231 3909 quae
2257 3842 2631 3898 dissertatione
2660 3849 2703 3908 t,
2731 3860 2780 3898 c.
2811 3847 2864 3910 5,
2892 3846 2917 3917 §
2946 3848 2998 3909 5,
3029 3846 3379 3915 COlljt'ClmUS,

1797 3946 1902 3984 non
1963 3932 2314 4000 improbabile
2373 3934 2587 4003 quidem
2640 3937 2849 3989 videtur
2896 3938 3070 3990 eidi-m
3127 3940 3380 3993 Ecclesia:

1796 4021 2072 4092 przeluisse
2120 4038 2212 4090 per
2240 4039 2410 4078 annos
2450 4041 2579 4079 xvut
2599 4067 2612 4092 ,
2642 4027 2710 4080 ab
2741 4043 2879 4080 anno
2907 4027 3112 4083 scilicet
3141 4029 3267 4095 562,
3293 4047 3382 4086 us-

1794 4128 1896 4182 que
1926 4114 1991 4167 ad
2022 4128 2218 4167 annum
2248 4116 2461 4169 circiter
2482 4118 2605 4182 580,
2629 4134 2735 4187 quo
2762 4121 2810 4172 iu
2839 4122 3033 4174 cculqu
3068 4122 3378 4185 translatus,

1795 4204 2033 4260 laborum
2080 4222 2295 4261 suorum
2348 4211 2568 4277 intentio
2614 4211 2841 4265 donatus
2886 4213 3015 4277 luit,
3062 4224 3121 4267 ut
3157 4212 3379 4269 Verona:

1798 4298 1933 4366 ipsi,
1963 4315 2121 4369 quam
2152 4302 2203 4354 itt
2229 4301 2529 4357 Christiana
2563 4306 2820 4374 religione
2850 4308 3081 4372 aluerat,
3112 4308 3162 4361 in
3198 4317 3375 4377 patro-

1793 4390 1989 4443 cinimn
2041 4405 2300 4459 suscepta:
2343 4406 2538 4463 praesto
2581 4409 2752 4460 esset;
2804 4400 2944 4454 unde
2976 4400 3168 4454 factum
3215 4402 3373 4455 etiam

1792 4491 1905 4543 est,
1937 4495 1989 4535 ut
2031 4484 2117 4537 illa
2157 4484 2540 4543 beneﬁciorum
2584 4507 2688 4544 non
2728 4492 3009 4547 immemor
3053 4496 3221 4562 ipsum
3253 4508 3373 4548 mox

138 4570 398 4631 pascit-dem
426 4592 699 4631 mnnnem
731 4596 757 4630 ε]
803 4577 1014 4633 Zenone
1043 4579 1243 4635 editum
1275 4583 1356 4636 νει
1387 4584 1684 4636 restitutum
1714 4584 1771 4645 Ι)
1796 4591 2042 4646 maguum
2078 4577 2361 4633 Patronum
2390 4582 2489 4635 sibi
2521 4583 2845 4638 adscisceret
2875 4596 3032 4655 atque
3055 4586 3371 4653 deprecare-

138 4662 358 4727 produnt;
397 4684 512 4740 quo
554 4679 732 4723 autem
772 4672 1094 4726 documento
1134 4673 1290 4742 plane
1336 4675 1685 4743 ignoramus:

137 4756 240 4817 quin
266 4756 311 4811 id
338 4759 481 4816 inter
509 4760 716 4817 fabulas
740 4763 1083 4820 referendum
1110 4766 1243 4821 nihil
1273 4769 1611 4838 ambigimus.

139 4956 335 5043 [ίῐιτιη]
359 4973 385 5045 §
405 4973 499 5031 IV.
521 5005 591 5019 -—
614 4975 677 5031 S.
706 4974 845 5031 Zeno
873 4979 935 5032 ob
950 4981 1196 5034 miracula
1213 4980 1422 5054 celeber.
1458 4982 1530 5037 De
1547 4986 1686 5054 ejus-

615 5069 732 5122 dem
755 5072 1027 5125 emortuali
1054 5072 1158 5127 die.

196 5252 288 5311 Non
310 5272 336 5314 a
359 5260 627 5335 Coronato
646 5263 850 5328 solum,
883 5263 976 5318 sed
999 5263 1067 5319 ab
1087 5264 1373 5335 Anonymo
1400 5267 1559 5322 etiam
1592 5269 1678 5322 Pi-

145 5343 314 5408 Pllilno
347 5370 535 5427 niagua
578 5354 749 5409 fuisse
766 5354 976 5410 Zenoni
1018 5357 1076 5411 in
1119 5357 1392 5413 daemones
1440 5369 1676 5429 potestas

151 5454 325 5515 Indilut‘
358 5483 370 5517 ;

213 5608 456 5676 munitioni
476 5620 656 5671 multm
677 5620 908 5671 liberavit
931 5620 993 5670 ab
1014 5622 1152 5671 hoste
1172 5622 1420 5684 pestifero.

154 5730 237 5792 Dio
255 5742 475 5803 miracula
496 5748 762 5806 describit
778 5747 1101 5813 Coronatus.
1134 5762 1260 5819 qua!
1279 5764 1345 5806 ex
1373 5751 1554 5808 multis
1575 5769 1670 5825 per

1793 4676 1877 4721 tur
1943 4668 2016 4721 De
2049 4686 2187 4724 anno
2233 4672 2361 4726 nihil
2398 4686 2655 4739 prwterea
2703 4675 3049 4730 laborandum
3095 4677 3371 4741 ducimus,

1790 4759 2149 4828 adjiciendum
2179 4762 2341 4828 nihil;
2376 4764 2475 4819 nisi
2506 4765 2642 4820 forte
2674 4767 2910 4823 indicare
2930 4768 3193 4839 quispiam
3222 4777 3376 4823 aveat

1788 4850 1999 4905 illorum
2027 4857 2384 4910 recentiorum
2415 4858 2736 4913 sententiam
2756 4902 2769 4923 ,
2802 4861 2888 4931 qui
2920 4862 3065 4915 nullo
3092 4862 3254 4914 allato
3274 4861 3373 4918 do-

1787 4956 2040 4999 cumento
2068 4936 2348 5003 Zenonem
2391 4962 2657 5007 mortuum
2700 4954 2980 5023 prodidere
3015 4970 3108 5008 an.
3150 4953 3272 5016 501,
3305 4953 3373 5010 de

1786 5050 1893 5102 quo
1938 5035 2088 5105 plura
2142 5040 2194 5092 in
2244 5039 2601 5097 Admonitione
2642 5045 2708 5099 ad
2753 5055 3092 5099 monumenta
3136 5060 3283 5098 num.
3315 5045 3369 5099 ’5.

1786 5121 1935 5177 Diem
1962 5141 2091 5179 vero
2118 5127 2296 5183 obitus
2337 5131 2638 5187 Coronatus
2675 5134 2925 5188 Notarius
2968 5134 3369 5200 antiquissimus

1718 5224 1724 5231 ‘
1782 5215 2044 5281 omnium,
2074 5220 2165 5286 qui
2194 5220 2262 5273 de
2283 5221 2522 5291 ejusdem
2546 5237 2717 5279 morte
2747 5226 2983 5279 fecerunt
3013 5225 3364 5291 mentionem,

1779 5319 2113 5374 nequaquam
2141 5309 2336 5379 signat.
2367 5312 2552 5368 Solum
2593 5331 2896 5370 memorans
2935 5317 3242 5385 percelehrc
3270 5318 3367 5370 mi-

1780 5396 2045 5460 raculum,
2076 5413 2183 5466 quo
2211 5416 2343 5470 aqua
2376 5403 2585 5477 [cum]
2616 5397 2761 5460 ﬂuvii
2782 5408 2996 5462 Athesis
3018 5409 3082 5460 ad
3114 5423 3361 5473 magnam

1777 5484 2113 5540 altitudinem
2140 5502 2360 5556 repente
2374 5497 2722 5560 exundantis,
2745 5508 2983 5567 apertam
3005 5498 3137 5551 eccl.
3169 5497 3226 5554 S.
3252 5497 3354 5554 Ze-

1777 5577 1933 5631 nonis
1974 5588 2180 5645 portam
2224 5596 2288 5636 ac
2332 5584 2589 5641 fenestras
2638 5602 2742 5642 non
2792 5590 3030 5653 ingressa
3059 5599 3169 5656 est,
3218 5592 3360 5660 quod

1779 5668 2093 5724 miraculum
2122 5689 2150 5724 a
2181 5670 2233 5727 S.
2272 5675 2535 5747 Gregorio
2573 5680 2763 5750 Magno
2815 5682 3145 5754 descriptum
3178 5684 3272 5738 lib.
3299 5700 3359 5741 ιιι

1776 5759 2151 5833 Dialogorum,
2201 5782 2319 5839 cap.
2354 5770 2442 5839 l9,
2470 5774 2835 5843 quinquennio
2881 5785 3005 5831 ante
3053 5776 3357 5850 acciderat},
