3826 6226
440 249 541 305 155

1826 238 2358 297 PROLEGOMENA.

3608 239 3709 294 153

440 367 688 424 nimirum
715 380 801 424 an.
835 364 959 433 589,
986 366 1208 421 relatum
1232 372 1408 418 autem
1438 360 1609 417 eidem
1641 357 1880 430 pontiﬁci
1905 356 2015 412 lue-
2041 355 2089 423 Α
2120 356 2190 408 tio
2228 354 2453 411 ecclesia’
2482 353 2545 409 S.
2574 354 2836 409 Zenonis:
2866 353 2917 408 in
2949 352 3133 424 paucis
3175 360 3354 408 autem
3384 351 3444 407 S.
3473 351 3710 409 Zenonis

437 466 522 514 rat
554 471 584 513 ο
614 456 821 514 Joanne
846 455 1114 520 Tribuno,
1153 454 1241 524 qui
1288 468 1410 509 cum
1459 449 1765 519 Pronulpbo
1805 446 2014 503 Comite

441 538 542 620 ipsi
570 548 826 604 miraculo
854 546 1115 611 adfuerat,
1144 545 1269 612 hoc,
1298 545 1511 615 inquam
1530 584 1543 607 ,
1570 541 1880 598 miraculum
1907 538 2013 595 Co—

440 648 663 697 renatus
688 653 1145 702 commemorans,
1172 636 1416 691 Auctoris
1456 634 1657 688 obitum
1692 634 1741 686 in
1772 630 2015 687 eamdem

444 730 601 800 hujus
641 730 881 786 miraculi
911 729 1051 786 diem
1091 744 1199 785 non
1237 728 1463 793 obscure
1489 724 1734 796 coniicit,
1775 722 2039 793 inquiens,

444 838 589 878 num.
620 823 652 877 9
684 842 695 876 :
729 821 865 878 Dum
896 821 979 879 die
1010 830 1184 877 sancto
1212 820 1397 874 natalis
1435 818 1597 887 ipsius
1623 813 2016 889 (Zenonis).....

445 914 762 969 convenirent
789 914 856 967 ad
878 914 1151 967 missarum
1178 910 1442 973 solemnia,
1464 918 1567 965 etc.
1598 908 1847 964 Rabanus
1875 907 2020 962 Mau-

442 1022 554 1072 rus,
587 1007 675 1077 qui
706 1005 805 1062 sub
832 1005 1062 1063 medium
1088 1018 1284 1059 nonum
1308 1002 1558 1058 saeculum
1582 1000 1779 1066 ﬂoruit,
1806 1000 1855 1055 in
1883 998 2020 1052 Mar-
2053 1046 2059 1053 .

446 1098 706 1172 tyrologio
735 1112 830 1166 per
854 1093 1297 1152 Canisium-edito
1320 1102 1457 1153 tom.
1484 1106 1540 1160 tt,
1574 1100 1711 1163 part.
1743 1106 1799 1158 tt,
1832 1089 2017 1145 novis-

445 1195 595 1265 simae
638 1191 882 1247 editionis
924 1189 1038 1244 haec
1084 1188 1284 1258 tradit;
1323 1186 1388 1244 Vl
1434 1186 1561 1241 ldus
1608 1183 1901 1238 decembris.
1955 1182 2021 1237 In

446 1283 654 1340 Civitate
692 1274 887 1354 Verona
914 1282 1106 1357 .Natale
1145 1269 1451 1337 S.'ZenOlti8
1504 1267 1772 1347 martyris,
1817 1278 2022 1347 quando

447 1391 592 1446 aqute
613 1375 840 1444 ﬂuminis
860 1372 1058 1427 Athesis
1078 1388 1237 1441 usque
1253 1372 1319 1423 ad
1338 1369 1622 1441 superiores
1645 1369 1758 1423 tecti
1777 1372 2024 1438 fenestras

449 1468 666 1523 ecclesia
691 1467 833 1520 illius
872 1474 1221 1529 excreuerant,
1264 1480 1353 1518 nec
1387 1465 1438 1516 in
1466 1473 1597 1517 'eam
1624 1463 1814 1515 intrare
1845 1470 2024 1530 potue-

448 1568 585 1619 runt,
616 1560 847 1613 uirtutem
885 1558 1122 1627 martyris
1151 1558 1484 1611 ostendentes.
1518 1558 1584 1608 At
1610 1555 1802 1608 Paulus
1839 1553 2023 1607 Diaco-

452 1666 552 1707 nus
581 1634 798 1705 Rabano
826 1650 1112 1720 antiquior,
1141 1649 1338 1718 quippe
1373 1648 1459 1717 qui
1487 1644 1680 1701 Carolo
1717 1645 1903 1716 Magno
1930 1644 2025 1699 im-

2116 448 2387 513 dedicatio,
2442 449 2523 503 vel
2568 447 2891 519 Consecratio
2940 446 3004 508 S.
3045 445 3309 523 Zenonis";
3337 454 3393 502 et
3428 444 3612 501 solum
3660 445 3711 497 in

2116 539 2404 595 Zenoniani
2450 540 2761 601 monasterii
2813 540 3207 607 monumentis,
3264 553 3387 610 qua:
3432 538 3711 607 decimum

2117 641 2363 703 quartum
2408 633 2658 687 saeculum
2692 647 2797 686 non
2827 633 3115 701 excedunt,
3149 629 3319 695 eadie
3348 630 3590 699 signatur
3625 646 3712 683 or-

2120 722 2313 777 dinatio
2356 721 2415 778 S.
2462 721 2713 797 Zenonis,
2762 733 2815 778 et
2842 723 3051 791 duobus
3076 720 3263 777 diebus
3292 730 3412 789 post
3449 722 3713 774 dedicatio
3792 762 3793 767 η

2121 813 2344 868 ecclesia:
2386 814 2445 869 S.
2489 812 2708 868 Zenonis
2733 828 2751 867 :
2776 812 2843 867 de
2874 828 2978 883 quo
3026 813 3178 882 plura
3217 811 3601 865 dissertatione
3650 826 3669 865 ι
3696 850 3709 874 ,

2120 920 2237 975 cap.
2286 906 2339 971 5,
2390 905 2439 977 §.
2501 908 2553 961 5.
2606 904 2980 962 Diflicultatem
3013 906 3192 978 itaque
3229 906 3429 960 nullam
3458 906 3713 978 ingerunt

2122 986 2543 1067 Ecclesiae,qu;e
2575 999 2672 1053 hac
2696 998 2781 1066 die
2807 1014 2861 1054 vt
2891 998 2967 1054 ld.
2999 997 3308 1055 Decembris
3330 998 3560 1055 Zenonis
3593 1000 3709 1054 les-

2124 1100 2230 1145 tum
2257 1099 2532 1161 peragunt.
2577 1089 2708 1144 Cum
2740 1090 2883 1153 enim
2915 1089 3029 1171 dies
3066 1106 3141 1146 xu
3164 1090 3362 1160 Aprilis
3383 1090 3435 1146 in
3461 1090 3711 1158 Quadra-

2121 1184 2378 1254 gesimam
2410 1184 2491 1248 vel
2524 1184 2801 1241 Paschalis
2834 1184 2966 1241 festa
2997 1172 3293 1256 ssepissime
3321 1182 3535 1251 incidat,
3588 1184 3714 1255 qui-

2124 1275 2222 1329 bus
2248 1277 2433 1331 diebus
2472 1290 2779 1332 sanctorum
2807 1278 3040 1333 natalitia
3065 1278 3192 1335 olim
3224 1292 3330 1333 non
3356 1278 3713 1347 celebraban-

2127 1378 2246 1433 tur;
2276 1369 2388 1423 haec
2416 1368 2683 1441 transferri
2716 1370 3110 1425 conSueverunt
3139 1371 3191 1425 in
3228 1371 3394 1425 alium
3424 1369 3589 1442 diem,
3622 1371 3715 1437 qui

2126 1460 2331 1515 scilicet
2360 1462 2570 1530 propria
2600 1462 2650 1515 in
2683 1462 2925 1517 Ecclesia
2950 1463 3036 1519 vel
3065 1450 3427 1529 translationi,
3455 1448 3535 1518 vel
3562 1461 3717 1517 erdi-

2128 1554 2352 1632 nationi,
2384 1554 2467 1608 vel
2492 1553 2813 1609 dedicatinui
2844 1554 3084 1611 ecclesiae
3112 1555 3279 1624 ipsius
3301 1565 3445 1611 esset
3467 1555 3717 1625 adsigna-

2131 1654 2233 1698 tus.
2285 1644 2373 1699 Sic
2415 1644 2627 1714 quidem
2660 1644 2888 1701 Radullo
2915 1655 3051 1703 teste
3095 1639 3162 1703 de
3188 1644 3416 1708 Observ.
3443 1661 3555 1705 can.
3590 1660 3715 1715 cap.

454 1751 675 1814 perante
705 1742 807 1797 sub
836 1741 1042 1797 initium
1074 1740 1310 1811 ejusdem
1338 1739 1515 1794 sasculi
1553 1738 1788 1808 scripsit,
1840 1738 1931 1791 lib.
1964 1752 2022 1792 ιιι
2053 1739 2101 1799 Β
2128 1750 2214 1795 xw
2247 1754 2259 1790 :
2296 1736 2604 1791 Solemnilas
2627 1735 2687 1792 S.
2722 1736 2951 1809 Gregorii
2982 1739 3104 1795 olim
3134 1739 3188 1793 in
3225 1738 3379 1801 diem.
3410 1755 3510 1810 qua
3538 1742 3711 1809 fuerat

449 1833 521 1891 de
556 1832 730 1889 Gestis
759 1832 1402 1903 Longobardorum,'cap.
1433 1831 1525 1898 23,
1554 1830 1691 1885 idem
1720 1828 2031 1892 miraculum

454 1924 617 1993 afﬁgit
647 1934 786 1980 sexto
814 1925 1005 1980 decimo
1034 1911 1146 1979 Cal.
1176 1922 1477 1979 Novembris
1499 1941 1517 1979 :
1543 1932 1598 1978 et
1629 1936 1950 1993 quamquam
1982 1923 2033 1977 in

458 2032 558 2072 ms.
590 2016 932 2072 Medoetieusi
953 2060 967 2084 ,
1015 2031 1077 2071 ac
1108 2016 1158 2070 in
1191 2015 1423 2077 editione
1463 2014 1798 2084 Lindebrogii
1831 2015 2035 2085 legatur

458 2107 569 2163 Cal.
608 2108 928 2162 Novembris:
959 2109 1183 2162 omissas
1215 2115 1393 2162 tamen
1435 2107 1596 2163 fuisse
1628 2108 1927 2162 numerales
1951 2107 2038 2161 lit-

459 2208 600 2253 teras
630 2212 739 2261 xw,
758 2204 889 2265 qua:
920 2197 972 2251 in
993 2196 1112 2251 aliis
1127 2210 1261 2251 mss.
1293 2208 1345 2251 et
1374 2195 1696 2252 editionibus
1722 2205 2035 2262 cernuntur,

462 2289 634 2360 palam
664 2295 743 2342 est
762 2322 780 2353 ν,
813 2286 1173 2357 ἰὰῳιαίρειιηι
1203 2286 1567 2341 conﬁrmatur
1589 2302 1653 2341 ex
1696 2287 1955 2344 Landulfo
1985 2284 2037 2343 in

462 2380 746 2436 Additione
773 2379 838 2434 ad
860 2378 1149 2435 Misctllam
1178 2378 1483 2446 nuperrime
1503 2377 1698 2433 editam
1726 2387 1853 2432 tom.
1900 2394 1915 2432 ι
1939 2378 2042 2434 Re-

460 2489 579 2529 rum
606 2472 926 2538 Italicarum,
962 2487 1078 2544 pag.
1110 2472 1227 2540 l81,
1257 2472 1344 2542 qui
1380 2462 1602 2526 Paulum
1639 2471 1926 2546 Diaconum
1952 2486 2041 2527 se-

462 2577 647 2639 cmus,
696 2566 802 2629 imo
828 2564 1170 2627 exscribens,
1223 2579 1315 2620 xv1
1352 2562 1465 2618 Cal.
1505 2563 1819 2620 Novembris
1849 2564 2040 2633 posuit.

465 2654 660 2709 Verum
690 2654 805 2709 haec
824 2655 966 2720 dies,
999 2655 1053 2710 in
1082 2670 1182 2725 qua
1207 2654 1423 2710 Athesis
1450 2655 1758 2729 miraculum
1786 2656 2044 2725 contigit,

466 2744 523 2799 S.
551 2744 797 2807 Zenonis
842 2747 1149 2802 emortualis
1194 2762 1345 2815 esse,
1395 2756 1452 2801 ut
1492 2746 2043 2813 Coronatus'inrnuit,

470 2838 617 2891 nullo
661 2837 818 2892 modo
850 2847 1205 2907 potest;.cum
1239 2840 1376 2895 hanc
1414 2840 1556 2896 diem
1594 2839 1828 2895 Zenonis
1858 2839 2044 2894 festam

475 2929 617 2987 nulla
643 2928 956 2987 documenta
988 2932 1231 3001 signent,
1262 2947 1380 3002 qua:
1422 2933 1744 3001 czeteroquin
1776 2931 1891 2989 dies
1916 2933 2047 2987 alios

472 3020 704 3076 Zenonis
734 3021 1007 3076 memoriae
1032 3023 1307 3079 dedicatos
1334 3038 1396 3081 ac
1424 3026 1585 3080 festos
1605 3022 2045 3081 commemorant.

2135 1829 2438 1896 ordinatus,
2488 1830 2677 1884 solebat
2715 1827 3003 1901 transferri.
3055 1830 3109 1885 ld
3149 1830 3323 1900 ipsum
3368 1832 3720 1886 conﬁrmatur

2138 1934 2246 1978 tum
2286 1925 2351 1977 ab
2380 1934 2596 1979 euenire
2624 1923 2759 1980 Vita:
2799 1924 2859 1980 S.
2888 1923 3144 1995 Rutlperti
3166 1922 3415 1993 episcopi
3444 1921 3715 1981 Salisbur-

2136 2017 2333 2087 gensis,
2358 2018 2568 2086 scriptae
2585 2016 2782 2071 saeculo
2801 2031 2893 2080 ιιι,
2918 2026 3107 2072 tumes
3125 2023 3344 2073 auctore
3364 2015 3546 2086 capitis
3558 2012 3715 2079 κιαι,

2138 2109 2277 2177 quod
2324 2107 2588 2177 adjectum
2622 2107 2719 2163 fuit
2766 2108 2947 2163 libello
2978 2108 3039 2163 tle
3065 2106 3439 2171 Donationibus
3478 2105 3714 2175 ejusdem

2140 2198 2396 2253 Ecclesiae
2420 2217 2431 2253 :
2464 2200 2673 2269 utrique
2700 2200 2841 2254 enim
2865 2200 3144 2270 loquentes
3164 2198 3232 2254 de
3251 2199 3381 2254 festa
3408 2197 3496 2257 die
3524 2197 3719 2265 ipsius-

2142 2301 2249 2345 met
2279 2291 2332 2346 S.
2365 2291 2643 2360 Rudperti,
2667 2293 2752 2361 qui
2774 2286 2813 2347 'e
2838 2291 2971 2346 vivis
3002 2300 3309 2348 excesserat
3330 2306 3380 2349 vt
3399 2289 3513 2347 Cal.
3544 2288 3717 2360 Apri-

2143 2382 2229 2447 lis,
2254 2397 2368 2439 eam
2401 2398 2427 2437 a
2458 2383 2513 2437 S.
2546 2383 2767 2453 Virgilio
2791 2385 3085 2441 institutam
3127 2394 3349 2439 monent
3376 2400 3472 2453 pro
3500 2381 3717 2443 dioecesi

2144 2471 2355 2542 quidem
2375 2472 2461 2527 die
2480 2488 2567 2528 vut
2583 2470 2935 2527 Calendarum
2954 2473 3141 2529 Octob.
3164 2474 3213 2528 in
3232 2473 3421 2547 [ωαχ]
3442 2490 3543 2543 quo
3570 2473 3717 2528 Rud-

2146 2566 2280 2636 perti
2312 2578 2506 2633 corpus
2536 2566 2646 2634 ipse
2678 2566 3047 2632 transtulerat,
3098 2565 3147 2619 in
3175 2567 3307 2622 urbe
3329 2574 3509 2621 autem
3538 2566 3621 2620 die
3652 2580 3718 2618 vn

2147 2654 2499 2713 Calendarum
2533 2656 2771 2726 ejusdem
2804 2657 3003 2713 mensis
3025 2697 3039 2720 .
3087 2671 3208 2713 cum
3248 2665 3439 2713 octava
3465 2641 3719 2713 Calenda-

2138 2736 2265 2804 rum
2298 2749 2411 2805 dies
2442 2757 2696 2817 occupata
2736 2758 2879 2804 esset
2908 2748 3046 2804 festo
3074 2747 3435 2805 dedicationis
3457 2748 3715 2813 ecclesias,

2150 2840 2202 2895 in
2230 2855 2329 2910 qua
2362 2840 2483 2910 ejus
2503 2829 2668 2895 sancti
2694 2854 2889 2909 corpus
2917 2839 3175 2909 quiescit;
3210 2844 3263 2899 et
3302 2840 3589 2898 transducti
3621 2840 3716 2894 hu.

2147 2932 2297 3000 jlh‘CC
2326 2930 2442 2986 festi
2474 2940 2622 2986 extra
2674 2932 2853 2987 obitus
2884 2931 3023 2990 diem
3074 2931 3215 2986 hanc
3258 2923 3539 3007 adsignant
3587 2946 3713 2986 can-

2154 3036 2287 3091 sam,
2319 3023 2455 3092 quod
2490 3021 2602 3077 lucc
2634 3023 2747 3079 dies
2778 3032 2983 3093 prapter
3008 3024 3170 3094 ofﬁcia
3203 3022 3619 3095 Quadragesinue
3648 3024 3719 3077 vel

472 3112 607 3172 Hinc
635 3127 846 3185 quoque
875 3128 1167 3184 agnoscere
1197 3115 1348 3182 licet,
1381 3130 1498 3186 qua:
1525 3113 1790 3173 Coronato
1816 3117 2044 3173 auctori-
2075 3108 2119 3177 Ο
2151 3114 2308 3184 ipsius
2337 3112 2549 3169 Pascha:
2576 3132 2714 3179 raro,
2747 3117 2896 3170 sicuti
2920 3116 3131 3188 dignum
3156 3125 3248 3183 est,
3280 3117 3568 3187 contigisset
3590 3114 3716 3169 cele-

473 3216 553 3261 tas
586 3205 855 3261 tribuenda
878 3207 947 3261 sit
972 3223 984 3260 :
1010 3222 1107 3262 nec
1128 3210 1319 3266 mirum
1341 3222 1457 3263 esse
1483 3207 1660 3276 debet,
1688 3208 1732 3263 si
1755 3204 2049 3265 monachus

474 3296 847 3362 Zunonianus,
901 3298 988 3367 qui
1044 3290 1285 3355 sanctum
1340 3298 1655 3368 Episcopum
1706 3300 1869 3365 pridie
1924 3296 2050 3354 Idus

476 3389 669 3457 Aprilis
704 3390 927 3443 animam
956 3392 1172 3444 creatori
1211 3407 1300 3447 suo
1343 3391 1625 3445 reddidisse
1651 3391 1863 3459 scripsit
1888 3385 2047 3461 (Pag.

476 3480 580 3535 599
630 3479 761 3536 Hist.
797 3480 1023 3553 Diplom.
1057 3481 1297 3553 Ma/fct'i).
1328 3482 1571 3538 eumdem
1598 3475 1810 3539 Athesis
1832 3483 2049 3538 coerciti

475 3572 615 3628 diem
673 3574 962 3631 natalitium
1017 3574 1173 3642 paulo
1227 3581 1348 3645 post
1395 3574 1710 3644 appellavit;
1770 3575 1817 3629 id
1870 3575 2047 3639 enim,

477 3663 695 3735 perinde
739 3678 801 3719 ac
829 3665 929 3721 alia
974 3664 1137 3721 multa
1159 3704 1175 3732 ,
1208 3678 1328 3722 eum
1361 3672 1423 3720 ex
1456 3664 1719 3722 Coronato
1761 3665 2052 3734 sumpsisse

476 3758 805 3827 exploratum
835 3768 936 3814 est.

546 3849 602 3905 in
633 3850 809 3905 multis
835 3849 1219 3922 Martyrologiis
1247 3858 1300 3905 et
1344 3848 1694 3916 Calendariis,
1742 3863 1841 3904 nec
1866 3862 1971 3903 non
2002 3848 2051 3922 in

482 3939 736 3995 Ecclesiis
776 3942 979 4006 multis,
1011 3956 1130 4012 qua;
1160 3940 1391 3999 Zenonis
1418 3940 1624 4011 festum
1653 3940 1937 4011 quotannis
1969 3955 2051 3995 ce.

482 4030 707 4091 lebrant.
739 4030 861 4086 huic
892 4031 1025 4087 festo
1065 4032 1335 4103 adscripta
1363 4043 1445 4087 est
1473 4032 1587 4090 dies
1612 4048 1663 4091 γι
1706 4031 1781 4089 Id.
1828 4031 2053 4090 Decem-

484 4124 610 4196 bris.
660 4122 729 4175 At
758 4137 862 4179 non
906 4122 1005 4176 hac
1043 4123 1244 4180 idcirco
1276 4124 1364 4178 die
1392 4125 1481 4178 ille
1516 4125 1713 4182 obiisse
1756 4126 2057 4182 credendus

485 4225 587 4280 est,
618 4220 677 4269 ut
703 4213 911 4271 videtur
933 4213 1228 4283 significare
1254 4214 1504 4273 Rabanus
1531 4215 1812 4271 laudatus:
1846 4218 1890 4273 is
1916 4218 2055 4273 enim

485 4297 831 4363 etnoi‘tualem
855 4304 1084 4365 Zenonis
1105 4306 1245 4362 diem
1276 4306 1328 4360 in
1353 4308 1540 4362 eodem
1568 4307 1944 4378 MartyroIOgio
1968 4324 2058 4364 no»

489 4408 700 4463 laverat
720 4399 890 4470 pridie
920 4398 1037 4453 ldus
1062 4400 1280 4469 Aprilis.
1323 4399 1503 4470 Neque
1533 4416 1665 4457 nova
1708 4402 1823 4457 haec
1851 4402 2056 4461 Rabani

2150 3204 2288 3257 brari
2327 3221 2343 3257 :
2381 3205 2542 3259 verba
2575 3214 2699 3261 sunt
2743 3207 2990 3263 Auctoris
3017 3207 3173 3273 vitae,
3222 3207 3311 3278 qui
3360 3206 3487 3262 dein
3527 3205 3712 3261 addit:

2094 3373 2096 3377 γ
2151 3295 2327 3350 Etiam
2353 3314 2633 3379 congruum
2684 3315 2742 3353 ac
2786 3299 3079 3369 religiosum
3109 3310 3202 3364 est,
3246 3308 3301 3353 ut
3353 3298 3594 3367 quidquid
3623 3297 3722 3351 alia

2154 3387 2430 3445 obServatio
2474 3388 2615 3447 illius
2643 3389 2990 3444 celebrationis
3016 3390 3190 3443 diebus
3233 3388 3553 3444 dormitionis
3586 3388 3721 3442 illius

2156 3480 2214 3534 ob
2242 3484 2571 3534 reverentiam
2596 3481 3053 3550 quadragesimalis
3069 3480 3239 3550 oﬁicii,
3270 3481 3347 3536 vel
3369 3480 3619 3549 pose/talis
3648 3478 3721 3532 ob-

2155 3574 2456 3627 servantiam
2476 3573 2651 3646 gaudii
2671 3572 2879 3638 ademit,
2900 3560 2989 3640 qui
3019 3555 3196 3630 auctor
3223 3570 3375 3631 Sedis
3398 3581 3444 3625 et
3472 3569 3721 3639 apostolus

2155 3668 2345 3721 exstitit
2372 3666 2649 3736 religionis,
2691 3664 2777 3726 hic,
2822 3665 3003 3722 saltem
3026 3665 3077 3718 in
3119 3664 3271 3717 domo
3298 3663 3491 3734 requiei
3517 3658 3720 3719 suceilla

2154 3758 2420 3828 adsumpta
2435 3758 2513 3811 die
2526 3756 2873 3811 translationis
2890 3742 3260 3826 suppleatur.'l‘
3262 3754 3455 3810 andem
3479 3761 3534 3809 ut
3549 3765 3719 3829 exem-

2155 3851 2301 3921 plum
2333 3852 2575 3929 intimum
2604 3850 2876 3920 etzequale
2898 3850 3116 3905 omnino
3141 3847 3495 3920 proferamus,
3520 3845 3575 3902 S.
3603 3843 3721 3900 Pro-

2156 3945 2308 4001 culus
2338 3954 2556 4015 quartus
2588 3943 2928 4013 Veronensis
2954 3944 3266 4013 episcopus,
3298 3942 3486 3998 eadem
3516 3952 3721 3996 concur-

2157 4037 2326 4093 rentis
2368 4036 2803 4107 Quadragesimse
2838 4035 2925 4089 vel
2954 4035 3227 4090 Paschalis
3266 4047 3432 4103 causa
3461 4033 3512 4088 in
3560 4028 3723 4089 multis

2128 4128 2377 4181 aliarum
2432 4127 2794 4182 Ecclesiarum
2843 4125 3239 4197 Martyrologiis
3283 4134 3334 4180 et
3387 4123 3720 4185 Calendariis,

2159 4220 2297 4298 sicut
2320 4229 2373 4279 et
2404 4220 2455 4272 in
2488 4219 2763 4282 Romano;
2796 4234 2893 4274 nec
2917 4233 3021 4274 non
3055 4217 3314 4282 Venetiis,
3338 4217 3426 4273 ubi
3457 4217 3615 4288 ipsius
3636 4226 3722 4270 nos

2161 4315 2304 4369 mine
2340 4312 2513 4367 dicata
2558 4321 2728 4367 exstat
2758 4312 3019 4379 ecclcsia,
3070 4310 3312 4382 signatus
3353 4308 3546 4380 legitur
3573 4324 3602 4361 v
3647 4304 3716 4360 Id.

2166 4407 2495 4471 Decembris,
2517 4421 2635 4463 cum
2659 4408 2710 4461 in
2733 4408 2961 4475 antiquis
2983 4405 3343 4460 monumentis
3364 4420 3397 4463 ι
3438 4397 3556 4461 Kal.
3586 4399 3725 4471 Apri-

491 4490 783 4563 repetitio:
814 4507 934 4546 nam
963 4500 1241 4561 postquam
1272 4492 1698 4549 Translationem
1742 4493 1797 4549 S.
1831 4494 2060 4552 Zenonis
2087 4479 2136 4547 Ῑ)
2164 4497 2228 4550 lis
2277 4509 2488 4553 notetur
2516 4497 2782 4568 Depositio
2828 4498 2887 4553 8.
2920 4496 3133 4553 Proruli
3178 4497 3518 4569 Confessoris,
3559 4495 3722 4566 quinto

488 4592 739 4655 posuerat
770 4599 843 4638 xu
870 4582 987 4642 Kal.
1018 4582 1181 4649 Junii,
1211 4597 1317 4653 quo
1348 4582 1431 4637 die
1458 4591 1649 4640 caetera
1670 4583 1845 4637 omnia
1872 4600 2057 4641 monu-

490 4686 665 4733 menta
693 4676 834 4733 illam
859 4676 1195 4747 consignant,
1223 4684 1409 4744 aperto
1432 4674 1580 4742 lapsu
1603 4673 1843 4730 eamdem
1872 4668 2061 4731 iterum

471 4770 716 4847 Isignavit
738 4786 805 4825 xu
829 4768 944 4826 Kal.
966 4770 1209 4839 Augusti,
1241 4767 1382 4839 quod
1410 4767 1602 4825 festum
1631 4768 1878 4826 omnibus
1903 4768 2062 4841 etiam

491 4864 891 4924 Veronensibus
944 4861 1304 4919 monumentis
1361 4861 1748 4929 ignotum‘est.
1808 4859 2064 4915 Universa

494 4976 654 5031 porro
675 4959 1000 5017 Veronensis
1029 4955 1284 5012 Ecclesiae
1310 4954 1627 5013 documenta
1649 4968 1772 5010 cum
1799 4953 1918 5008 aliis
1939 4954 2064 5007 alim

496 5072 608 5110 rum
641 5063 914 5109 auctorum
965 5060 1021 5108 et
1068 5048 1425 5106 Ecclesiarum
1477 5047 1532 5105 8.
1568 5046 1798 5102 Zenonis
1841 5057 2065 5101 mortem

498 5148 666 5215 pridie
698 5147 821 5202 ldus
846 5146 1044 5216 Aprilis
1074 5152 1379 5201 constanter
1402 5142 1733 5205 describunt,
1779 5154 1896 5209 qum
1941 5153 2068 5195 sane

502 5242 613 5296 dies
642 5244 712 5295 uti
735 5242 1045 5297 emortualis
1079 5240 1404 5296 Protectoris
1432 5237 1597 5293 uestri
1630 5252 1771 5294 nunc
1798 5250 2009 5305 quoque
2037 5250 2067 5289 a

503 5343 678 5387 nostra
710 5333 940 5389 Ecclesia
966 5333 1285 5389 celebratur.
1314 5331 1411 5387 Die
1432 5340 1607 5385 autem
1630 5346 1679 5384 Vl
1708 5327 1829 5383 ldus
1852 5329 2071 5384 Deccm-

505 5421 612 5475 bris
642 5425 691 5475 in
724 5424 992 5493 plerisque
1022 5422 1252 5492 antiquis
1310 5422 1705 5478 Veronensibus
1737 5421 2070 5489 manuscrip-

505 5512 572 5565 tis
602 5520 653 5566 et
681 5515 732 5567 in
759 5528 920 5580 parvo
952 5515 1327 5584 Martyrologio
1372 5515 1531 5584 (quod
1562 5514 1879 5569 Franciscus
1908 5514 2068 5568 Maria

509 5593 865 5659 Florentinius
892 5620 959 5660 ex
990 5621 1091 5660 ms.
1112 5605 1338 5660 Lucensi
1367 5605 1778 5675 Hieronymiauo
1806 5606 2070 5676 Martyrov

512 5696 652 5766 logie
678 5696 971 5766 subjectum
1004 5697 1203 5772 publici
1223 5698 1359 5772 juris
1385 5697 1530 5769 fecit)
1558 5696 1841 5761 adnotatur
1871 5699 2073 5756 dedioav

2166 4596 2341 4642 autem
2372 4588 2492 4644 ldus
2523 4590 2828 4646 Decembris
2860 4588 3123 4661 Dedicatio
3149 4578 3373 4646 ecclesiis
3400 4588 3461 4645 S.
3499 4585 3719 4663 Proculi.

2169 4686 2223 4732 et
2245 4680 2430 4734 eadem
2462 4682 2615 4748 plane
2665 4681 2732 4738 de
2773 4696 2929 4738 causa
2964 4683 3047 4751 (ut
3077 4682 3125 4735 id
3153 4682 3311 4737 etiam
3340 4682 3613 4750 addamus)
3633 4679 3722 4733 fes-

2170 4776 2281 4822 tum
2315 4770 2370 4825 S.
2398 4770 2687 4836 Ambrosii,
2712 4772 2799 4839 qui
2832 4772 2964 4825 obiit
2995 4772 3164 4841 pridie
3184 4772 3364 4828 Nonas
3386 4774 3602 4845 Aprilis,
3625 4767 3723 4825 ubi-

2172 4874 2273 4927 que
2321 4870 2515 4929 prteter
2539 4860 2985 4914 Mediolanensem
3014 4862 3308 4919 Ecclesium
3340 4865 3636 4922 celebratur
3662 4872 3721 4912 vtt

2170 4947 2292 5003 ldus
2328 4949 2638 5004 Decembris
2663 4990 2675 5011 ,
2710 4948 2762 5003 in
2795 4964 2950 5021 quem
2980 4950 3215 5025 ejusdem
3246 4952 3513 5006 ordinatio
3540 4950 3720 5007 incidit.

2172 5037 2308 5093 Hinc
2340 5054 2463 5109 ergo
2498 5039 2809 5108 prreclarum
2840 5047 2893 5093 et
2914 5038 3255 5109 verissimum
3291 5039 3422 5093 illud
3451 5038 3721 5096 Cardinalis

2171 5130 2384 5185 Bnrouii
2413 5132 2667 5185 monitum
2695 5130 2742 5183 in
2768 5128 3199 5183 adnotationibus
3225 5128 3289 5181 ad
3318 5128 3720 5201 Martyrologium

2170 5224 2257 5278 die
2288 5224 2350 5278 i8
2380 5224 2545 5277 Martii
2573 5241 2585 5277 :
2625 5222 2733 5277 Nec
2754 5223 2939 5275 mirum
2965 5264 2976 5286 ,
3009 5221 3051 5274 si
3076 5221 3210 5288 quod
3253 5234 3386 5289 scepe
3410 5219 3614 5283 accidit,
3639 5218 3720 5268 alio

2177 5318 2257 5372 die
2291 5319 2342 5369 in
2385 5316 2611 5372 Romano
2642 5315 3026 5387 Martyrologio,
3067 5315 3170 5368 alio
3194 5329 3311 5368 vero.
3338 5312 3460 5367 alibi
3488 5312 3549 5366 de
3570 5309 3719 5365 eodem

2175 5414 2338 5483 agitur
2367 5412 2579 5477 Sancto,
2610 5411 2858 5481 siquidem
2885 5410 3071 5465 alicubi
3098 5408 3386 5474 translatio,
3428 5409 3504 5462 vel
3529 5410 3631 5480 ejus
3657 5416 3720 5456 ec-

2177 5506 2340 5559 clesia:
2377 5505 2644 5564 dedicatio,
2676 5504 2774 5567 vel,
2819 5502 2955 5571 quod
2978 5502 3043 5554 de
3071 5498 3340 5571 EpiscOpis
3366 5498 3569 5563 accidit,
3602 5492 3719 5550 ordi-

2178 5598 2317 5651 natio
2356 5582 2650 5650 celebratur.
2704 5594 2811 5647 lloc
2857 5595 3015 5663 igitur
3042 5601 3345 5647 exterarum
3393 5590 3718 5647 Ecclesiarum

2180 5690 2284 5749 ritu
2309 5689 2364 5745 S.
2412 5687 2644 5751 Zenonis
2668 5686 2842 5745 natale
2867 5684 3249 5749 celebrantium
3278 5684 3365 5745 die
3387 5683 3421 5743 8
3450 5678 3719 5745 Decembris
3792 5688 3793 5759 ξ
