3826 6226
521 335 623 391 1359

1868 323 2364 382 PROLEGOMENA
2378 366 2391 380 .
2956 348 2959 351 λ
3678 320 3763 372 ita!

520 458 638 521 tyre
673 446 1020 504 celebrandas
1064 445 1269 517 primus
1312 442 1544 499 instituit
1575 459 1588 497 :
1618 440 1901 510 eidemque
1926 437 2095 494 veteri
2123 443 2389 510 Agantur
2427 438 2566 494 inter
2602 436 2715 492 dies
2756 451 2880 504 vnt,
2917 450 2992 492 vu
3036 444 3091 491 ct
3151 450 3201 490 vt
3257 431 3374 490 Cal.
3442 432 3560 490 lulli
3598 450 3614 488 :
3655 430 3761 488 "sit

518 546 642 602 ritui
673 560 793 601 sese
814 544 1209 601 conformantes
1237 541 1440 611 aliquot
1481 548 1719 594 externa:
1748 550 1960 607 quoque
2002 535 2101 588 Ec-

519 638 704 694 clesitc
730 653 847 706 cap.
892 636 947 699 4,
976 636 1003 708 §
1048 635 1084 690 2
1108 647 1159 689 et
1182 636 1236 700 5,
1260 631 1576 697 indicandae,
1604 646 1721 702 qua:
1749 630 1889 684 diem
1918 631 1975 683 S.
2001 626 2103 682 Ze-

522 732 679 786 nonis
730 732 923 786 lestum
973 728 1199 799 singulis
1237 729 1392 783 annis
1434 741 1500 781 ex
1546 725 1764 795 antiqua
1817 722 2102 791 disciplina

521 821 927 888 concelebrant,
959 819 1304 884 coitchsoris,
1337 832 1440 873 non
1485 832 1619 871 vero
1653 814 1901 887 martyris
1931 812 2102 867 ofﬁcia

527 922 582 970 et
608 916 800 969 missas
831 915 880 966 id
908 928 1120 984 quoque
1148 912 1401 981 temporis
1427 916 1700 980 peragunt.
1751 908 1822 963 At
1856 905 1981 961 huic
2010 906 2106 960 ob-

516 1008 735 1080 ieetioni
760 1008 934 1063 ductu:
959 1023 1023 1062 ex
1050 1005 1374 1062 Veronensis
1396 1004 1694 1073 praesertim
1723 1001 1980 1056 Ecclesirc
2002 1000 2104 1053 ritu

522 1119 679 1173 quem
704 1104 835 1174 alias
867 1102 1139 1171 Ecclesias
1170 1101 1483 1155 subsecutas
1521 1106 1762 1167 apparet,
1797 1094 1968 1147 facilis
2024 1107 2103 1148 re-

525 1196 749 1265 spoosio
776 1204 877 1249 est.
909 1195 1039 1249 Nam
1074 1200 1268 1264 pra-ter
1306 1208 1463 1262 quam
1493 1189 1634 1260 quod
1671 1189 1721 1241 itt
1756 1185 1957 1255 Carpso
2006 1199 2105 1239 ms.

523 1284 852 1341 Veronensis
898 1284 1156 1340 Ecclesia:
1203 1296 1344 1336 nunc
1382 1295 1549 1349 nuper
1586 1276 1933 1334 memorando
1970 1276 2109 1329 anti-

522 1381 716 1450 phonm
746 1379 813 1434 ad
850 1364 1151 1443 introitum,
1182 1374 1552 1437 Offertorium,
1584 1380 1639 1426 et
1668 1369 2109 1425 tiommunioncm

525 1488 622 1543 pro
652 1473 788 1528 festo
828 1472 888 1528 S.
925 1470 1159 1526 Zenonis
1188 1472 1240 1524 in
1281 1468 1439 1523 missa
1482 1465 1803 1530 recitandae,
1843 1476 1924 1518 ea:
1973 1460 2111 1517 indi-

528 1576 744 1629 cantur,
776 1577 899 1633 qum
938 1562 1018 1616 vel
1067 1575 1206 1614 nunc
1246 1561 1297 1613 itt
1329 1560 1508 1613 missis
1538 1570 1833 1628 martyrum
1866 1552 2111 1608 PaSrbali

533 1664 777 1726 tempore
825 1654 933 1709 dici
976 1654 1168 1717 solent,
1214 1662 1267 1707 et
1310 1650 1557 1705 similiter
1587 1649 1639 1702 in
1672 1646 2008 1702 Lectionurio
2050 1642 2107 1698 S.

524 1748 836 1818 Euphemiae
862 1745 1073 1800 laudato
1099 1745 1150 1798 in
1183 1743 1402 1799 scholiis
1434 1759 1460 1796 a
1493 1742 1725 1810 Baptista
1746 1739 1982 1803 Peretto,
2015 1751 2111 1806 pro

2202 530 2474 599 emergitur
2501 527 2776 600 Oprandus
2794 526 3213 597 Archipresbyter
3235 524 3288 579 Μ
3296 523 3432 580 CLX
3447 523 3530 580 VI.

2279 621 2377 677 VI.
2455 621 2544 675 Id.
2576 622 2793 692 Augusti
2821 632 2864 677 Θ
2892 618 3101 674 Beatrix
3126 617 3429 675 MCLXXI.

2287 713 2344 768 V.
2460 710 2547 766 Id.
2580 710 2811 766 Octobris
2844 710 2969 764 Nat.
2999 711 3061 767 S.
3103 709 3352 765 Placidia:
3387 708 3446 763 V.
3477 709 3613 767 etin
3647 723 3769 763 man

2205 804 2327 875 giae
2357 802 2738 859 Institutio...”
2768 790 3096 859 MCLXX'V.

2281 895 2382 949 IV.
2461 894 2546 948 Id.
2588 895 2779 963 Aprilis
2844 894 3018 949 electio
3073 892 3287 947 Adriani
3354 891 3772 965 Archipresbyteri

2208 988 2621 1046 MCLXXXVI.

2290 1080 2417 1134 VII.
2458 1080 2545 1134 Id.
2572 1078 2722 1134 Junii
2745 1081 3056 1134 consecratio
3096 1078 3312 1133 Adriani
3351 1078 3772 1149 Archipresbyten'

2207 1175 2261 1229 in
2288 1174 2633 1246 presbyterum
2660 1172 2715 1226 Μ
2722 1170 2961 1227 CLXXX
2981 1170 3078 1227 νι.

2280 1267 2334 1322 lu
2367 1267 2522 1337 hujus
2559 1282 2690 1337 ergo
2719 1264 2899 1336 Carpsi
2938 1264 3257 1321 (lalendari’o
3287 1264 3405 1319 huic
3429 1263 3479 1319 in
3516 1278 3635 1319 rem
3666 1276 3774 1317 nos—

2212 1368 2345 1412 tram
2376 1357 2685 1412 scribuntur
2712 1376 2724 1411 :

2282 1447 2386 1502 IV.
2491 1447 2672 1504 Nonas
2701 1446 2855 1502 Febr.
2888 1446 3069 1503 Sancti
3098 1444 3256 1501 Blasii
3277 1446 3415 1517 conf.

2292 1539 2457 1595 rm.
2492 1539 2606 1598 Cal.
2640 1541 2772 1615 Maji
2798 1540 2860 1596 s.
2884 1539 3145 1594 Adalberti
3172 1544 3311 1610 conf.

2287 1632 2429 1689 Non.
2460 1633 2608 1688 Junii
2636 1633 2674 1689 S
2723 1631 2981 1700 Bonifacii
3010 1631 3134 1702 Epi.
3157 1642 3201 1686 et
3229 1633 3368 1702 conf.

2295 1725 2388 1779 VI.
2496 1711 2607 1779 Cal.
2637 1724 2789 1780 Julii.
2826 1722 2952 1779 Nat.
2986 1722 3074 1779 Ss.
3115 1724 3333 1778 Joannis
3373 1732 3420 1777 et
3447 1721 3601 1777 Pauli
3644 1737 3711 1775 ns.
3768 1765 3773 1771 .

521 1817 621 1895 die,
637 1840 1002 1895 translationis
1041 1838 1099 1894 S.
1142 1836 1375 1892 Zenonis
1414 1835 1724 1905 adsignatur
1754 1831 2101 1901 Evangeliutn
2134 1819 2180 1879 B
2209 1818 2281 1878 S.
2318 1817 2491 1891 Vigilii
2521 1818 2660 1887 conf.

528 1929 643 2006 Ego
676 1948 789 1985 sum
808 1933 923 1985 vitis
950 1946 1086 1995 vera,
1116 1928 1255 1999 quod
1281 1927 1440 1981 hodie
1464 1927 1661 1996 pariter
1682 1925 1733 1979 in
1763 1923 1950 1978 iisdem
1983 1921 2111 1977 mis-

526 2025 601 2079 sis
632 2022 980 2078 Pascltalibus
1009 2033 1302 2093 martyrum
1328 2020 1637 2079 recitamus.
1662 2018 1714 2072 in
1758 2016 2110 2085 eamdemque

532 2133 645 2173 rem
675 2134 737 2172 ex
763 2118 868 2171 alio
901 2134 1001 2170 ms.
1031 2115 1227 2170 Missali
1257 2113 1566 2170 monasterii
1596 2111 1651 2167 S.
1694 2110 1924 2166 Zenoois
1950 2109 2111 2165 disci-

530 2226 671 2275 mus,
703 2210 843 2264 idem
879 2209 1228 2279 Evattgelium
1258 2210 1451 2263 lectum
1478 2207 1668 2273 fuiSse,
1696 2221 1817 2261 cum
1844 2206 2109 2277 qumpium

528 2300 769 2368 ejusdem
803 2299 983 2354 Sancti
1011 2299 1273 2352 festivitas
1298 2301 1349 2351 in
1380 2297 1633 2351 Pascltale
1657 2307 1863 2364 tempus
1894 2297 2109 2352 incidis-

528 2402 610 2447 set
637 2412 647 2444 :
675 2406 872 2462 praeter
903 2392 1039 2457 bare,
1074 2392 1312 2461 inquam,
1351 2401 1532 2444 nostra
1566 2390 1888 2444 Veronensis
1921 2391 2109 2445 Ecele-

526 2487 604 2542 sia
635 2502 757 2542 eum
789 2487 1065 2552 antiquum
1104 2485 1342 2538 tonuisse
1374 2484 1531 2537 ritum
1560 2482 1786 2537 videtur.
1821 2499 1980 2551 quem
2012 2483 2110 2537 Mi-

536 2580 787 2649 crnlogus
830 2580 1034 2633 notavit
1075 2579 1125 2631 in
1158 2575 1296 2630 libro
1331 2575 1399 2630 de
1443 2574 1830 2629 Ecclesiasticis
1856 2575 2113 2629 observa-

540 2674 776 2728 tionibus
841 2688 960 2742 cap.
998 2672 1101 2737 45,
1161 2670 1524 2725 testimonium
1567 2668 2112 2735 ittdicante.B.iptista

537 2766 753 2820 Pet-etto
798 2766 848 2817 itt
883 2764 1071 2817 iisdem
1117 2762 1348 2818 Scboliis
1380 2761 1444 2813 ad
1480 2760 1651 2814 Vitam
1680 2759 1737 2813 S.
1762 2760 2013 2825 Zenonis,
2040 2762 2125 2815 ιε--

526 2858 669 2928 gitur
689 2867 865 2910 autem
891 2864 1019 2908 tum.
1043 2870 1169 2909 xvm
1204 2854 1547 2908 Bibliotheca:
1569 2852 1805 2913 Patrum.
1832 2868 1947 2921 pag.
1975 2851 2110 2907 485:

542 2947 682 3002 Nota
711 2958 900 3010 autem,
935 2945 1122 3016 inquit,
1167 2946 1229 3002 S.
1260 2945 1561 3011 Gregorium
1602 2959 1788 3012 papam
1820 2944 2037 3015 primum
2064 2944 2117 2997 in

538 3040 789 3097 Graduali
832 3040 958 3093 libro
983 3039 1046 3092 de
1082 3039 1160 3091 Itis
1192 3037 1494 3108 martyribus
1531 3036 1808 3108 (Romanis
1848 3035 2115 3089 l’ontilici-

533 3130 653 3199 bus)
693 3132 823 3184 sicut
860 3130 921 3182 de
948 3129 1320 3198 confessoribus
1355 3126 1677 3197 Pontiﬁcalia
1704 3126 1982 3179 instituisse
2008 3126 2115 3196 o/ﬁ-

2285 1910 2528 1983 [cxxxut]
2560 1911 2622 1967 ﬂi
2647 1910 2823 1983 itaque
2861 1926 3048 1967 omnes
3078 1910 3365 1968 certissimi
3406 1920 3687 1981 martyres,
3737 1919 3775 1962 ut

2211 2003 2428 2057 aliunde
2457 2002 2829 2073 supponimus,
2858 2005 2909 2057 in
2940 2002 3104 2073 ipsius
3124 2000 3307 2074 Carpsi
3333 2001 3649 2057 Calendurio
3669 2014 3777 2054 con-

2212 2096 2447 2153 fessores
2470 2106 2743 2152 vocantur.
2760 2097 2927 2152 Porro
2943 2098 3069 2152 licet
3085 2099 3138 2152 in
3159 2111 3225 2152 eo
3239 2096 3551 2151 Calendario
3564 2095 3775 2165 legatur:

2220 2187 2388 2243 VIII.
2416 2189 2545 2244 Idus
2574 2190 2790 2261 Augusti
2817 2189 3007 2245 Natale
3034 2191 3201 2257 Sixti,
3232 2188 3562 2256 Felicissimi,
3588 2198 3639 2243 et
3662 2187 3801 2261 Age-1

2213 2282 2305 2349 piti
2329 2293 2650 2351 martyrum;
2681 2296 2855 2337 tamen
2880 2286 2931 2337 in
2960 2280 3156 2347 Carpso
3183 2283 3241 2338 S.
3273 2281 3413 2337 Sitti
3439 2280 3673 2337 officium
3699 2286 3801 2351 no—j

2215 2384 2357 2427 tatur
2385 2377 2448 2427 de
2476 2372 2773 2445 Confessore
2803 2375 3053 2446 Ponti/ice
3073 2418 3088 2438 ,
3116 2376 3339 2431 aliorum
3365 2387 3541 2432 autem
3564 2376 3775 2430 duorum
3800 2372 3801 2446 ᾗ

2213 2463 2520 2529 antipbonte
2560 2466 2624 2519 de
2666 2465 2997 2535 Martyribus.
3030 2466 3208 2536 Itaque
3246 2466 3386 2536 apud
3433 2466 3775 2522 Veruuettsem

2215 2556 2507 2612 Ecclesiam
2537 2558 2580 2613 is
2606 2559 2737 2613 ritus
2765 2561 3059 2615 obtinuisse
3084 2571 3304 2630 apparet
3324 2602 3341 2624 .
3377 2571 3434 2615 ut
3456 2561 3771 2615 confessoris

2214 2648 2554 2718 dicerentur,
2584 2652 2673 2719 qui
2701 2654 2991 2723 caeteroqui
3020 2657 3128 2709 veri
3160 2666 3282 2709 sunt
3313 2668 3605 2727 martyres,
3649 2654 3779 2707 etde

2218 2743 2403 2798 iisdem
2436 2760 2541 2799 non
2572 2745 2646 2799 uti
2672 2747 3027 2818 martyribus,
3053 2748 3146 2802 sed
3177 2747 3256 2803 uti
3295 2726 3689 2804 confessoribus
3715 2726 3801 2818 tit-1

2218 2834 2336 2888 licia
2363 2836 2781 2893 celebrarentur.
2818 2839 2890 2893 Ex
2922 2839 3039 2910 ipso
3071 2838 3347 2910 Ugltellio,
3377 2855 3500 2912 pag.
3526 2839 3623 2895 781
3649 2881 3664 2904 ,
3697 2838 3801 2911 ναξ-ξ

2220 2942 2502 2981 ronensem
2534 2930 2933 2995 inscriptionem
2978 2931 3245 2987 referente
3293 2933 3343 2987 id
3390 2932 3560 3002 ipsum
3601 2930 3775 2987 eruditi

2219 3021 2475 3087 suspicari
2528 3031 2583 3074 et
2621 3022 2888 3091 conjicere
2930 3033 3216 3093 pmerant:
3250 3023 3301 3079 in
3342 3024 3432 3079 illa
3464 3024 3600 3080 enim
3626 3065 3641 3087 ,
3680 3026 3801 3093 que;

2220 3113 2549 3179 temporibus
2578 3114 2802 3169 Andreae
2832 3116 3151 3171 Patriarclua
3193 3116 3582 3188 Aquileiensis,
3624 3116 3675 3170 id
3711 3124 3777 3168 est

535 3197 642 3286 sia,
686 3231 739 3273 ut
768 3222 831 3274 tle
858 3220 919 3273 S.
944 3197 1189 3273 Marcello
1212 3219 1420 3288 Antiplt.
1448 3219 1659 3274 Statuit.
1688 3229 1733 3272 et
1760 3219 1822 3272 de
1850 3216 1908 3272 S.
1945 3214 2114 3271 Felice

2232 3210 2414 3264 itecqu
2432 3226 2502 3269 nt.
2522 3210 2571 3263 in
2591 3212 2787 3280 templo
2801 3215 2928 3268 olim
2946 3213 3001 3271 S.
3024 3215 3432 3282 Gregorii,nttnc
3448 3226 3621 3270 autem
3642 3214 3777 3282 vulgo
3800 3208 3801 3269 Υ

534 3314 745 3384 Antiplt.
777 3312 1100 3373 Sacerdotes.
1125 3323 1171 3366 et
1194 3315 1287 3365 hoc
1315 3312 1488 3379 utique
1516 3312 1638 3364 satis
1668 3327 1885 3382 congrue
1910 3321 2116 3379 propter

536 3407 883 3461 excellentiam
927 3405 1187 3481 dignitatis
1233 3404 1558 3474 Apestolicw.
1614 3402 1725 3457 Hoc
1766 3404 1917 3457 etiam
1957 3387 2118 3456 atten-

536 3500 702 3553 dendo
727 3496 1141 3562 maioresnostri
1166 3497 1228 3549 de
1257 3496 1438 3550 iisdem
1469 3496 1657 3549 sanctis
1679 3498 2022 3565 confessorum
2044 3496 2119 3565 of-

534 3590 655 3660 ﬁcia
680 3590 748 3643 ad
768 3606 971 3644 cursum
1001 3589 1103 3642 diei
1132 3598 1177 3642 et
1204 3589 1366 3641 noctis
1396 3588 1632 3656 leguntur
1653 3586 1937 3641 observasse
1961 3605 1973 3639 :
2004 3603 2119 3656 qua:

536 3692 581 3736 et
612 3682 879 3753 Pontiﬁcis
908 3682 1212 3753 dignitatem
1237 3683 1414 3735 eodem
1443 3681 1591 3735 modo
1619 3680 1903 3741 insinuant.
1929 3696 2018 3733 nec
2041 3692 2118 3732 ta—

539 3792 649 3829 men
693 3776 744 3828 in
793 3777 963 3843 aliqua
1006 3790 1181 3829 eorum
1203 3776 1450 3845 martyrio
1481 3774 1839 3843 prmiudicant.
1875 3773 2018 3827 Idem
2056 3775 2119 3827 de

545 3867 606 3922 S.
656 3868 982 3936 Apollinare
1020 3868 1387 3922 observandum
1417 3884 1524 3921 esse
1563 3866 1838 3921 Gradualis
1883 3868 2003 3919 liber
2030 3866 2117 3919 de-

542 3971 806 4014 monstrat.
834 3961 1102 4015 Hactenus
1134 3962 1473 4030 Mit‘l'OIHgtIS.
1508 3962 1761 4028 Equidem
1792 3962 1932 4015 hunc
1959 3939 2115 4014 ritum

542 4049 593 4102 in
622 4050 720 4103 huc
751 4052 1048 4117 praesertim
1091 4046 1389 4106 Vcroncnsi
1426 4053 1662 4109 Ecclesia
1711 4053 1943 4120 viguisse
1987 4050 2115 4105 illud

539 4138 894 4199 demonstrat,
936 4140 1160 4207 quodin
1208 4142 1440 4212 antiquis
1478 4128 1714 4211 ejusdem
1763 4142 2017 4198 Ecclesia:
2042 4143 2116 4197 ri-

541 4229 772 4284 tualibus
812 4222 961 4282 libris
995 4228 1276 4299 Episcopi,
1310 4233 1408 4285 etsi
1454 4242 1750 4304 martyres,
1780 4212 2117 4289 confessorcs

540 4330 718 4374 tamen
762 4320 1131 4384 nominantur;
1162 4331 1214 4373 et
1241 4320 1472 4375 officium
1504 4324 1571 4378 de
1596 4323 1993 4379 confessoribus
2032 4340 2118 4379 re-

540 4411 810 4466 citandum
836 4409 1089 4463 innuitur.
1117 4408 1184 4464 Ut
1206 4424 1381 4463 autent
1404 4414 1710 4467 omittamus
1732 4431 1891 4483 pauca
1910 4432 2115 4483 eorum,

540 4503 631 4572 qui
665 4503 858 4555 ibidem
892 4511 1257 4564 recensentur,
1290 4500 1652 4558 Romanorum
1690 4506 2004 4563 Pontificum
2032 4526 2119 4562 tto-

2221 3298 2281 3354 S.
2315 3300 2522 3355 Helena:
2548 3304 2600 3355 in
2624 3301 2972 3359 dedicationis
2999 3318 3399 3361 monumentum
3428 3316 3599 3362 erecta
3623 3305 3775 3359 adhuc
3800 3302 3801 3362 ξ

2192 3462 2195 3463 ν
2220 3394 2484 3458 cernitur,
2515 3393 2652 3448 inter
2677 3394 2991 3451 Sanctorum
3010 3438 3024 3460 ,
3056 3413 3174 3466 qua:
3202 3397 3394 3452 ibidem
3424 3399 3773 3459 coittinentur,

2220 3486 2471 3554 reliquias
2496 3486 2575 3540 hac
2599 3498 2947 3542 recensentur
2973 3488 3223 3560 S.Vigilii
3244 3494 3438 3560 confes.
3461 3532 3476 3556 ,
3503 3490 3561 3546 S.
3589 3489 3778 3544 Proculi
3800 3486 3801 3560 ἦ

2181 3619 2190 3627 .
2218 3577 2409 3646 confes.
2434 3618 2448 3642 ,
2482 3577 2541 3633 S.
2572 3576 2793 3631 Zenonis
2819 3581 3010 3650 confes.
3043 3579 3129 3633 ubi
3170 3595 3272 3634 non
3302 3588 3409 3634 tant
3440 3583 3499 3635 S.
3528 3580 3772 3635 Zenonem

2218 3684 2338 3723 cum
2370 3670 2593 3724 Proculo
2615 3711 2627 3734 ,
2660 3685 2815 3738 quam
2846 3672 2900 3723 S.
2934 3669 3185 3740 Vigilium
3216 3671 3403 3740 utique
3426 3671 3772 3727 Tridentiuum
3800 3712 3801 3731 1

2219 3763 2525 3831 episcopum
2551 3804 2564 3827 ,
2604 3762 2692 3830 qtti
2725 3763 2940 3819 indubie
2981 3772 3185 3833 martyr
3213 3764 3496 3831 occubuit,
3526 3764 3774 3820 confesso-
3800 3752 3801 3823 ξ

2218 3870 2305 3911 res
2334 3870 2576 3925 pera-que
2622 3856 2917 3926 appellatos
2955 3855 3143 3915 vides.
3186 3870 3343 3927 quam
3385 3858 3801 3927 appellationem;

2219 3948 2518 4003 officiorum
2562 3963 2624 4003 ac
2670 3950 2950 4004 missarum
2999 3949 3132 4005 ritus
3178 3951 3520 4020 sequebatur.
3572 3950 3643 4003 Ex
3693 3948 3801 4020 hoc}

2218 4055 2381 4110 porro
2425 4041 2747 4095 Veronensis
2779 4042 3025 4096 Ecclesia:
3066 4042 3169 4097 ritu
3215 4042 3339 4097 illttd
3384 4042 3684 4095 dimanssse
3710 4041 3801 4092 vt-‘

2219 4132 2404 4196 detur,
2438 4144 2488 4184 ut
2518 4132 2573 4185 S.
2605 4130 2750 4185 Zeno
2778 4132 2827 4185 itt
2875 4132 2990 4186 aliis
3018 4148 3228 4202 quoque
3254 4132 3493 4202 ejusdem
3544 4131 3773 4187 Ecclesia:

2221 4222 2583 4277 monumentis
2613 4221 2891 4277 confessor
2918 4223 3270 4288 inscribatur,
3317 4239 3423 4277 non
3465 4238 3697 4294 martyr;
3733 4228 3775 4271 ul

2220 4332 2287 4371 ne
2309 4324 2484 4370 tamen
2511 4314 2560 4369 id
2584 4316 2648 4369 ad
2678 4318 2987 4386 martyrium
3016 4315 3356 4370 inliciandum
3384 4316 3587 4371 traduci
3610 4315 3771 4386 possit.

2292 4407 2401 4461 Etsi
2431 4423 2560 4462 vero
2600 4408 2653 4461 in
2697 4408 2963 4477 plerisque
2998 4409 3360 4463 monumentis
3404 4406 3775 4464 Veronensibus

2220 4515 2361 4556 unus
2407 4500 2733 4555 confessoris
2779 4501 2960 4554 titulus
3008 4499 3181 4555 eidem
3233 4499 3569 4564 vindicetur;
3620 4510 3772 4555 tamen

540 4596 682 4651 mina
701 4610 926 4665 quorum
958 4597 1274 4666 martyrium
1304 4597 1464 4649 certis
1489 4598 1821 4654 documentis
1865 4617 1968 4655 non
2004 4618 2123 4670 pro-
2150 4586 2204 4647 D
2228 4594 2471 4663 tltlﬂ‘dam
2510 4610 2612 4649 non
2638 4595 2832 4650 desunt
2857 4635 2872 4661 ,
2901 4594 2951 4647 in
2981 4594 3174 4664 quibus
3203 4604 3403 4661 martyr
3433 4593 3633 4650 diserte
3658 4605 3776 4647 δεδε-

544 4692 719 4756 batur,
748 4704 841 4745 eos
866 4699 1068 4744 tantum
1093 4689 1372 4759 episcopos
1398 4693 1961 4760 commemorabimtts,
1990 4712 2124 4767 quos

544 4782 707 4839 fuisse
729 4789 988 4851 martyres
1018 4782 1353 4849 exploratum
1382 4790 1501 4848 est;
1527 4793 1578 4838 et
1610 4798 1676 4838 ne
1703 4785 1940 4853 singulos
1969 4787 2125 4856 hujus

546 4873 801 4929 Ecclesiae
843 4872 1063 4927 rituales
1095 4872 1260 4927 libros
1288 4888 1684 4943 percurramus,
1728 4877 1860 4929 satis
1885 4880 1991 4931 erit
2018 4893 2119 4931 ms.

542 4967 687 5021 illum
710 4965 1052 5022 considerare
1075 4962 1325 5033 Carpsum
1353 4965 1694 5034 appellatum,
1720 4967 1807 5035 qui
1841 4980 1954 5036 post
1988 4984 2126 5035 prm-

547 5057 802 5114 fationem
836 5059 1079 5114 Auctoris
1110 5076 1136 5108 u
1171 5056 1423 5123 Scipione
1457 5057 1663 5111 Malleio
1697 5058 1892 5111 editam
1924 5064 1974 5113 in
2018 5058 2125 5113 Ad-

546 5150 733 5206 dendis
762 5162 1045 5222 postremre
1077 5150 1243 5221 partis
1282 5148 1509 5205 Verona-
1540 5149 1838 5215 Illustratie,
1868 5150 2127 5207 Calenda-

548 5242 683 5297 rium
708 5243 945 5309 exbibet,
971 5252 1225 5312 nutatque
1249 5242 1475 5296 subinde
1502 5242 1801 5297 officiorum
1827 5242 1922 5295 ltac
1949 5243 2001 5297 itt
2026 5242 2128 5306 Ec-

548 5331 708 5386 clesia
736 5332 1174 5388 celebrandorum
1210 5334 1395 5398 ritum,
1429 5348 1526 5403 uec
1552 5349 1657 5388 non
1688 5335 2119 5406 antipltonarum,

548 5422 1032 5489 responsoriorum,
1056 5426 1381 5493 psalmorum
1405 5424 1576 5489 initia,
1600 5440 1716 5495 qua:
1741 5426 1932 5495 cuique
1947 5424 2124 5482 officio

549 5509 891 5565 conveniunt.
924 5511 1034 5565 Hoc
1068 5510 1320 5580 Carpsum
1350 5530 1377 5566 a
1408 5512 1681 5583 Stephano
1713 5518 2024 5588 presbytero
2067 5525 2124 5572 et

550 5608 767 5653 cantare
805 5601 1041 5669 ejusdem
1066 5602 1317 5657 Ecclesiae
1344 5606 1600 5673 scriptum
1624 5608 1719 5660 fuit
1743 5617 1867 5663 ante
1890 5608 2123 5669 medium

552 5689 800 5743 sarculum
856 5706 947 5751 stt,
997 5705 1115 5744 cum
1159 5694 1210 5745 in
1251 5693 1572 5749 Calendario
1597 5698 1829 5767 quinque
1859 5699 1940 5752 hrt-
1969 5701 2126 5755 cbro-

554 5778 684 5831 niese
708 5778 1080 5835 adnotationes
1121 5782 1223 5835 alia
1255 5798 1413 5837 manu
1445 5786 1495 5838 in
1528 5786 1766 5853 margine
1789 5789 2010 5855 adjecta:
2049 5792 2127 5844 lc-

2231 4686 2383 4740 ritur.
2429 4687 2691 4743 Henricus
2736 4689 3062 4753 imperator,
3111 4687 3162 4739 itt
3213 4685 3489 4756 privilegio
3534 4686 3670 4756 quod
3705 4698 3771 4736 an.

2232 4780 2369 4832 10.35
2409 4781 2582 4833 abbati
2613 4781 2917 4835 monasterii
2947 4779 3004 4837 S.
3034 4779 3266 4834 Zenonis
3311 4792 3624 4834 coitcessum
3663 4777 3774 4835 fuit.

2232 4886 2351 4940 pag.
2379 4872 2485 4926 735
2522 4880 2653 4925 tom.
2685 4889 2716 4926 ν
2751 4873 2918 4928 Italia:
2962 4874 3141 4930 Sacrae
3180 4872 3409 4943 Ughellii
3433 4913 3448 4936 ,
3496 4870 3576 4926 bis
3615 4878 3775 4936 marlg‘

2225 4978 2329 5014 rem
2361 4962 2507 5016 illum
2541 4975 2691 5017 vocat
2722 4981 2737 5017 :
2768 4975 2821 5019 et
2861 4967 2914 5019 in
2943 4967 3049 5019 alio
3076 4966 3381 5036 privilegio,
3407 4963 3548 5035 quod
3588 4969 3777 5034 rogante

2227 5051 2388 5106 Vitztli
2426 5052 2679 5121 episcopo
2710 5054 2951 5110 Vicetino
2983 5058 3319 5128 Beringarius
3345 5056 3521 5113 eidem
3550 5057 3607 5113 S.
3634 5054 3775 5111 Zeno.

2228 5144 2311 5198 nis
2340 5144 2663 5195 monasterio
2692 5144 2906 5198 tradidit
2933 5161 3021 5199 an.
3052 5146 3188 5211 901,
3220 5163 3542 5219 quamquam
3588 5149 3665 5203 bis
3698 5158 3774 5212 ap-

2230 5236 2455 5306 pelletur
2494 5235 2780 5304 confessor,
2815 5246 2989 5291 tattteu
3021 5250 3075 5292 et
3123 5252 3319 5309 martyr
3347 5244 3515 5299 semel
3564 5241 3775 5298 nomina-

2230 5338 2333 5381 tur.
2366 5326 2498 5382 Vide
2543 5326 2844 5397 Ugltellium
2893 5329 2947 5382 itt
2980 5328 3233 5384 Vicetinis
3271 5334 3539 5402 episcopis
3580 5346 3701 5391 tom.
3726 5346 3774 5393 Vi

2234 5436 2350 5491 pag.
2391 5420 2542 5476 l03l.
2580 5414 2892 5493 Anonymus
2939 5421 3283 5490 Pipinianus,
3332 5426 3424 5492 qui
3470 5426 3539 5481 de
3587 5429 3775 5483 Veron:

2230 5514 2473 5569 laudibus
2500 5513 2827 5586 thytbmum
2861 5515 3157 5570 lucubravit
3175 5557 3189 5573 .
3222 5516 3424 5586 peritus
3452 5516 3662 5586 quidem
3687 5517 3774 5584 ejus

2236 5604 2558 5660 Veronensis
2597 5608 2761 5668 ritus.
2803 5622 2960 5678 quem
3002 5607 3273 5675 diximus,
3319 5622 3497 5663 nonne
3538 5608 3701 5663 adhuc
3730 5604 3772 5657 S.

2231 5700 2498 5755 Zenonem
2540 5710 2593 5755 et
2621 5701 2987 5759 confessorem
3025 5711 3082 5760 et
3125 5716 3414 5775 martyrem
3453 5702 3613 5759 simul
3653 5700 3771 5757 affir-

2236 5792 2486 5848 mandum
2516 5792 2760 5861 putavit?
3445 5811 3452 5818 ·
