3826 6226
58 283 140 336 lbl
866 272 1314 335 DISSERTATIO
1352 270 1443 336 Ill,
1488 268 1574 324 DE
1613 264 1862 325 SXZEN.
1908 265 2107 322 Ati'l‘lb'
2148 264 2233 321 ET
2272 262 2524 321 CULTU.

142 426 354 472 Octavus
371 428 538 484 pastor
562 427 614 471 et
636 419 877 471 confessor
895 417 1029 469 Zeno
1050 426 1231 481 martyr
1253 415 1471 479 inclytus.

56 527 369 583 Guillrltuus
394 527 720 595 Pastreugns
763 525 1078 581 Veronensis
1123 524 1261 578 inter
1306 520 1484 576 smculi
1538 534 1629 573 xiv

54 624 339 691 scriptores
364 620 756 676 eruditissimus
776 660 789 683 ,
820 620 903 673 cui
944 632 1065 673 eum
1096 616 1253 670 ritum
1297 615 1516 669 latuisse
1546 613 1628 665 in-

56 714 303 770 credibile
332 717 486 781 plane
514 725 597 768 e5t
616 756 630 779 ,
667 729 840 768 nonne
864 712 932 767 de
961 711 1177 767 Zenone
1206 711 1419 779 scripsu
1445 714 1629 778 aperte

58 809 349 877 martyrium
376 807 571 879 patitur
589 806 616 861 ἓν

123 899 299 970 Neque
338 908 639 970 opponatur
667 898 725 954 S.
765 897 1036 953 Zenonem
1079 895 1335 966 martyrio
1382 891 1627 947 coronari

60 1010 154 1047 non
191 993 453 1061 potuisse,
482 993 527 1045 si
557 1003 676 1060 pOst
699 989 892 1046 Juliani
927 989 1208 1057 imperium
1243 985 1404 1049 vixit,
1438 996 1489 1038 ut
1520 984 1629 1038 dis-

58 1094 179 1139 sert.
216 1084 238 1139 ι
269 1084 620 1138 ostendimus.
658 1082 767 1137 Etsi
806 1084 949 1137 enim
981 1088 1101 1148 post
1139 1078 1408 1133 Julianum
1455 1075 1635 1129 nullas

57 1178 106 1232 in
148 1178 292 1233 italia
336 1176 590 1231 adversus
636 1173 968 1231 Christianos
1016 1169 1414 1240 persecutiones
1465 1167 1627 1221 fuisse

58 1271 388 1334 conceditur,
415 1268 483 1324 de
509 1284 618 1340 quo
650 1270 779 1322 satis
826 1268 1011 1323 eadem
1051 1265 1301 1328 dissert.,
1333 1277 1453 1330 cap.
1495 1261 1563 1320 2.
1596 1259 1623 1331 §

60 1366 270 1431 ultimo;
301 1364 472 1419 adhuc
504 1362 852 1417 nihilominus
888 1360 946 1415 S.
978 1358 1127 1414 Zeno
1155 1357 1323 1413 occidi
1372 1355 1545 1425 potuit
1574 1354 1625 1407 in

61 1458 225 1525 aliquo
251 1457 580 1527 Paganornm
599 1497 612 1515 .
642 1455 838 1525 quibus
864 1468 982 1508 sese
1012 1451 1373 1518 imperterrite
1398 1447 1622 1518 objecit,

66 1547 321 1612 tumultu,
352 1547 798 1616 quemadmodum
840 1544 999 1599 simili
1029 1545 1096 1599 de
1140 1558 1297 1597 causa
1339 1556 1442 1596 non
1492 1540 1627 1592 mul-

65 1652 139 1694 tos
170 1650 286 1711 post
312 1657 481 1696 annos
521 1643 571 1694 in
606 1639 846 1693 liutlimi‘
873 1637 1201 1692 Tridentinis
1251 1634 1477 1688 vallibus
1512 1632 1628 1703 glu-

64 1734 249 1787 rios:im
282 1750 379 1803 pro
404 1730 621 1787 Christo
664 1741 890 1785 mortem
928 1728 1265 1798 oppetierunt
1306 1735 1417 1779 tres
1455 1722 1624 1777 sancti

65 1838 316 1898 martyres
340 1826 691 1880 Anauoenses
714 1866 729 1889 ,
756 1832 811 1878 et
834 1822 1061 1878 subinde
1087 1825 1143 1876 8.
1173 1820 1397 1888 Vigilius
1424 1820 1633 1886 episco-

64 1933 154 1988 pus
182 1936 193 1969 :
226 1918 305 1971 vel
334 1926 411 1971 tot
441 1926 722 1986 tantasque
754 1931 850 1985 pro
875 1914 979 1970 ﬁde
1008 1912 1346 1985 propaganda
1377 1926 1627 1983 persecu-

67 2011 223 2064 tiones
254 2012 419 2079 potuit
449 2008 599 2064 obire
633 2021 685 2063 et
730 2008 868 2078 pati,
899 2018 1027 2078 quot
1056 2020 1284 2077 quantas
1305 2022 1389 2071 ine
1444 2020 1635 2073 passus

69 2100 157 2154 fuit
172 2115 381 2157 muti
408 2100 598 2156 Brixia:
628 2102 910 2170 episcOpns
936 2109 1153 2155 sanctus
1186 2098 1536 2163 Ptiilastrius,
1566 2098 1634 2153 de

69 2210 162 2262 quo
189 2195 298 2250 hcc
328 2194 516 2249 litteris
564 2193 794 2261 prodidit
836 2208 1116 2249 successor
1154 2192 1270 2262 ejus
1300 2191 1357 2248 8.
1388 2191 1636 2246 Gauden-

71 2288 160 2339 tius
186 2285 238 2340 in
260 2302 510 2342 sermone
534 2288 600 2342 de
630 2289 731 2341 vita
757 2286 814 2341 S.
842 2286 1110 2341 Philasnrii
1138 2300 1253 2356 pag.
1284 2285 1383 2339 2M
1409 2298 1458 2339 et
1489 2282 1595 2338 ΞΗ
1619 2300 1633 2335 :

72 2378 243 2433 Contra
267 2382 478 2451 gentiles
502 2391 651 2451 atque
680 2378 959 2435 Judteos...
993 2390 1040 2433 et
1068 2380 1359 2433 maxime...
1388 2376 1636 2431 Arianam

72 2471 318 2541 perﬁdiam
349 2481 489 2526 tanta
532 2474 707 2544 vigore
746 2474 1028 2545 pugnavit,
1058 2481 1115 2526 ut
1159 2482 1309 2526 etiam
1352 2468 1635 2525 verberibus

72 2569 374 2631 subderetur,
397 2584 443 2620 et
480 2568 533 2620 in
564 2583 777 2637 corpore
820 2584 911 2621 suo
939 2567 1180 2639 stigmata
1226 2562 1433 2616 Domini
1480 2559 1638 2614 nostri

71 2654 184 2711 Iesu
224 2657 410 2714 Christi
456 2671 702 2730 portaret.
752 2661 808 2715 lit
854 2663 989 2714 hanc
1038 2656 1353 2712 sententiam
1402 2654 1637 2709 Joannes

74 2749 378 2808 Veronensis
408 2753 660 2809 Ecclesiae
691 2754 968 2823 presbyter
996 2745 1386 2827 mansionarius
1428 2747 1479 2798 in
1530 2744 1636 2798 lm-

74 2844 238 2911 periali
268 2844 495 2901 Historia
528 2844 887 2907 manuscrinta
926 2843 1040 2896 haec
1072 2845 1139 2895 de
1165 2839 1382 2894 Zenone
1410 2836 1634 2892 scribit:

78 2936 186 2993 Post
208 2941 366 2993 multa
388 2940 647 3008 supplicia
675 2939 857 3002 quievit
887 2937 939 2989 in
964 2934 1168 2989 Cltris‘to
1197 2948 1232 2987 tt
1266 2930 1287 2985 Ι
1298 2932 1392 2984 dus
1422 2930 1633 2995 Aprilis.

77 3030 209 3087 Licet
229 3032 370 3088 enim
401 3040 627 3087 mortem
651 3032 701 3085 in
723 3030 827 3083 illis
847 3025 1309 3100 persecutionibus
1330 3030 1490 3092 atque
1514 3037 1636 3092 sup-

78 3125 232 3195 pliciis
258 3141 363 3181 non
394 3125 589 3180 obierit
609 3165 625 3189 ,
659 3122 788 3177 nihil
825 3134 998 3174 tamen
1046 3118 1095 3172 id
1126 3117 1321 3183 refert,
1353 3114 1638 3186 quominus

79 3230 259 3288 martyr
282 3218 615 3288 appelletur,
645 3216 787 3270 unde
819 3223 1064 3283 martyres
1092 3226 1121 3263 a
1153 3210 1211 3266 S.
1245 3207 1513 3278 Cypriano
1542 3221 1635 3276 ap-

80 3307 318 3377 pellantur
346 3318 399 3360 et
442 3307 519 3361 illi
554 3304 895 3361 confessores
915 3344 931 3369 ,
971 3302 1060 3372 qui
1092 3301 1253 3353 multa
1286 3312 1381 3368 pro
1420 3297 1635 3353 CliriSto

80 3406 199 3471 passi
235 3401 465 3455 nondttm
508 3402 559 3455 in
604 3398 879 3468 suppliciis-
907 3404 1291 3459 excesserant,
1333 3402 1384 3448 et
1432 3399 1636 3462 martyr

80 3508 210 3562 aeque
235 3494 511 3549 confessor
538 3502 761 3547 vocatur
789 3506 817 3542 a
849 3488 908 3545 S.
940 3487 1165 3542 Paulino
1196 3485 1344 3540 Felix
1376 3484 1633 3549 Nolanus,

81 3597 125 3639 et
151 3598 396 3658 martyres
414 3586 542 3640 item
577 3584 954 3654 przrtlicatttur,
975 3579 1243 3633 προπίνω
1270 3580 1519 3650 tttal‘lyt'is
1546 3592 1637 3631 co-

82 3676 237 3731 luntur
262 3676 395 3732 idem
418 3677 473 3732 8.
503 3673 649 3729 Felix
673 3670 1006 3736 Nolanus,S.
1034 3668 1447 3725 Euseb.Vercel.
1476 3678 1635 3737 atque

82 3769 188 3833 alii,
212 3768 295 3839 qui
349 3768 677 3837 cteteroquin
709 3766 953 3836 quoidam
993 3764 1164 3818 solum
1209 3778 1305 3832 pro
1334 3761 1438 3815 fide
1470 3761 1630 3831 passi,

80 3858 125 3912 in
168 3876 284 3928 pace
321 3861 518 3917 mortui
557 3859 813 3928 deinceps
842 3856 1083 3930 [cxxxxv]
1122 3866 1265 3910 sunt.
1296 3856 1476 3925 Itaque
1512 3871 1633 3910 cum

80 3952 297 4022 Aloysius
321 3953 687 4022 Lippotnanus
714 3968 779 4003 an
815 3948 953 4005 1554
983 3948 1223 4018 (Pet-etin
1253 3955 1389 4003 teste
1419 3952 1470 4002 iu
1496 3947 1637 4001 Lati-

81 4044 149 4098 nis
168 4045 369 4099 scholiis
389 4044 457 4099 ad
487 4045 651 4099 vitam
699 4042 755 4097 S.
784 4041 1038 4112 Zenonis)
1077 4042 1327 4096 universo
1355 4040 1499 4095 clero
1532 4038 1635 4094 Ve-

82 4136 290 4190 ronensis
315 4136 567 4191 diuecesis
605 4134 892 4204 praecepit,
924 4144 982 4187 ut
1005 4132 1071 4187 de
1094 4148 1201 4187 uno
1232 4142 1470 4202 martyre
1499 4145 1634 4200 pon-

82 4226 199 4281 tifice
222 4226 450 4283 officium
480 4228 844 4283 celebraretur
865 4267 880 4291 ,
912 4225 1053 4297 quod
1090 4234 1247 4279 antea
1273 4224 1342 4277 de
1368 4236 1476 4275 uno
1504 4234 1631 4274 con-

82 4316 255 4375 fessor:
281 4321 530 4388 pontifice
554 4320 883 4376 celebratum
927 4317 1126 4380 fuerat,
1164 4314 1302 4369 haud
1344 4310 1635 4381 reprehen-

82 4408 256 4467 dendus
279 4425 391 4478 est,
422 4428 601 4483 neque
644 4412 708 4467 iis
746 4408 1168 4467 succensendum
1203 4405 1484 4465 Ecclesiis,
1514 4417 1632 4472 qua:

86 4512 130 4555 ut
149 4504 205 4557 ad
231 4504 551 4560 Veronensis
574 4505 876 4573 exemplum
904 4516 1023 4557 sese
1042 4497 1433 4555 conformarent
1450 4533 1465 4558 ,
1493 4494 1632 4547 hunc

86 4598 487 4653 cumdentritum
518 4598 748 4654 subinde
789 4596 1078 4665 arripuisse
1102 4593 1231 4645 satis
1252 4586 1508 4644 credibile
1537 4602 1633 4640 no—

87 4687 153 4742 bis
172 4701 274 4757 est,
299 4693 365 4748 de
393 4693 590 4765 quibus
615 4692 792 4761 capite
820 4700 1008 4751 quarto
1028 4685 1284 4738 dicemus.
1318 4681 1441 4735 Haec
1469 4690 1631 4745 sunt,

88 4793 398 4853 Quacumque
430 4799 530 4851 pro
570 4778 825 4849 martyrii
848 4773 1136 4829 Zenoniani
1181 4774 1442 4826 sententia
1480 4770 1633 4826 eolli-

86 4882 188 4939 gere
217 4875 504 4943 potuimus,
532 4880 589 4927 et
626 4870 742 4924 hn-c
764 4868 976 4937 quidem
1009 4863 1232 4931 majori.
1266 4880 1367 4935 qua
1414 4880 1505 4933 per
1534 4880 1631 4918 nos

87 4960 209 5018 licuit
227 4967 300 5032 vi,
330 4965 604 5037 proposita
629 4973 790 5030 atque
817 4960 1098 5023 inculcata,
1124 4958 1313 5023 lector,
1361 4957 1542 5023 vides,
1574 4969 1633 5013 ut

89 5068 142 5109 ne
164 5055 273 5124 quid
301 5058 507 5111 roboris
547 5053 671 5107 huic
698 5051 833 5118 parti
858 5090 873 5114 ,
903 5066 1061 5120 quam
1092 5050 1417 5106 Veronensis
1452 5054 1632 5109 Eccle-

88 5147 149 5198 sia
171 5163 295 5201 nunc
334 5148 609 5217 sequitur,
641 5144 1041 5211 decerpere-tur.
1073 5143 1223 5200 Nunc
1269 5146 1335 5200 de
1373 5145 1437 5203 iis
1458 5187 1474 5213 ,
1514 5164 1631 5219 qua:

90 5250 169 5304 pro
197 5238 449 5293 contraria
480 5235 751 5292 sententia
790 5244 1097 5306 suppetunt.

135 5348 160 5418 ς
179 5349 235 5404 Il.
250 5379 314 5392 --
331 5352 642 5407 Asseruntur
669 5360 968 5422 argumenta
993 5355 1264 5410 contraria:
1283 5358 1562 5410 sentiantur.

148 5459 535 5533 Antiquissimus
563 5462 804 5520 omnium
822 5505 838 5531 ,
871 5466 959 5536 qui
981 5464 1217 5523 Zenonis
1240 5468 1634 5533 meminerunt,

95 5552 220 5610 leads
248 5566 327 5615 est
350 5558 409 5616 8.
438 5558 766 5616 Ambrosius
794 5561 1231 5630 archiepiscopus
1275 5559 1638 5614 Mediolanen—

95 5641 375 5713 “sanctor
414 5667 539 5709 cum
582 5652 827 5725 pluribus
868 5650 1175 5707 nominibus
1204 5648 1638 5706 accuratissimus

96 5743 142 5788 ιι
174 5741 391 5800 maxima:
435 5744 594 5812 fidei,
642 5754 755 5801 tum
801 5758 931 5800 vero
971 5742 1170 5797 Zenoni
1214 5732 1450 5812 ‘suppar,
1477 5756 1636 5811 quem

3219 258 3317 314 162

1655 391 1707 452 Α
1737 400 1959 468 proinde
1989 400 2218 455 Zenonis
2250 416 2355 455 non
2396 372 2649 456 latuisset
2669 398 2978 470 martyrium
3000 439 3014 462 ,
3048 397 3311 467 siquidem

1733 490 1778 544 is
1799 532 1812 554 ,
1844 490 1959 558 ips'o
1977 492 2086 560 jam
2128 492 2411 562 episeopo,
2445 508 2538 561 pro
2567 490 2866 546 Christiana
2900 490 3001 543 lide
3022 488 3308 559 gloriosam

1734 594 1957 643 mortem
1988 585 2316 653 cppeuisset.
2347 586 2661 640 Ambrosius
2687 598 2815 654 ergo
2844 583 3019 637 delata
3046 582 3110 641 ad
3141 596 3197 635 se
3227 580 3313 634 ln-

1733 675 1886 731 dicitc
1912 675 2138 745 Virginis
2158 692 2188 730 a
2211 676 2269 733 S.
2291 676 2506 732 Zenone
2532 680 2657 741 olim
2682 680 2915 746 probata:
2936 690 2998 729 ac
3021 674 3313 730 benedicta:

1732 782 1889 822 causa
1914 810 1927 833 ,
1957 782 2077 821 cum
2134 783 2229 836 pro
2258 768 2343 822 illa
2376 770 2538 822 multa
2568 769 2783 837 scripsit
2811 768 2877 822 ad
2905 766 3185 838 Syagrium
3214 766 3316 821 Ze—

1733 860 1887 914 nonis
1913 874 2315 927 successorem,
2344 871 2452 916 tuin
2480 877 2608 916 vero
2636 860 2791 930 hujus
2821 860 2990 913 sancti
3014 900 3027 923 ,
3054 861 3144 929 qui
3171 860 3313 912 illam

1732 954 2146 1021 approbaverat,
2173 954 2429 1021 judicium
2456 953 2760 1023 proferens,
2789 952 3039 1022 martyris
3065 956 3275 1005 titulum
3300 992 3313 1015 ,

1730 1058 1821 1112 qui
1844 1042 1909 1096 ad
1932 1045 2299 1097 auctoritatem
2323 1046 2635 1099 contulisset
2661 1046 2980 1113 plurimum,
3008 1044 3192 1113 procul
3219 1043 3319 1096 dn-

1729 1134 1821 1189 bio
1848 1150 1953 1188 non
1985 1138 2270 1191 omisisset.
2303 1141 2371 1190 At
2397 1135 2664 1190 Zenonem
2685 1148 2877 1190 sanctw
2908 1150 3162 1189 memoria:
3205 1134 3318 1203 epi-

1731 1241 1952 1295 scopum
1986 1229 2140 1283 unice
2188 1231 2458 1299 appellat,
2501 1246 2604 1282 non
2656 1240 2980 1299 martyrem,
3022 1228 3313 1297 inquiens:

1734 1317 1814 1391 Tu
1848 1331 2014 1372 autem
2042 1321 2150 1373 sine
2179 1321 2396 1390 alicujus
2443 1320 2619 1389 fratris
2670 1320 2879 1395 consilio
2924 1317 3021 1370 hoc
3064 1318 3316 1387 jndicmm

1732 1411 2085 1483 prtejudicium
2113 1412 2375 1482 feceris,ut
2402 1412 2642 1479 puellam,
2667 1408 2888 1465 Zenonis
2918 1420 3104 1463 sancta:
3128 1424 3317 1461 mento-

1728 1503 1821 1554 τίω
1855 1503 2053 1569 judicio
2094 1504 2355 1572 probatam
2397 1505 2631 1575 ejusque,
2672 1502 3042 1571 sancti/iratum
3087 1500 3318 1555 benedic-

1730 1593 1882 1656 tione,
1913 1603 2026 1663 post
2053 1604 2124 1646 tot
2156 1611 2317 1647 annos
2343 1595 2449 1649 sine
2472 1606 2676 1648 auctore
2696 1593 3082 1655 crinnnntioms,
3101 1594 3207 1644 sine
3231 1605 3316 1643 ac-

1734 1698 1965 1741 cusatore
1986 1728 2002 1753 ,
2026 1687 2135 1741 sine
2165 1689 2449 1758 professoria
2484 1690 2783 1753 delationis,
2814 1688 2866 1740 in
2895 1686 3177 1755 periculum
3200 1700 3316 1735 rea-

1662 1780 1708 1840 B
1738 1789 1817 1833 tus
1848 1780 2190 1834 deducendam
2218 1781 2539 1833 arbitrarere.
2574 1782 2751 1847 ltaque
2783 1776 2911 1830 nihil
2956 1776 3023 1829 de
3056 1772 3315 1843 mat-tyrio

1696 1910 1697 1913 η
1742 1870 1861 1945 ejus
1910 1872 2249 1926 Ambrosium
2300 1872 2615 1941 cognovisse
2668 1871 2836 1938 palam
2881 1868 3136 1922 videtur:
3176 1878 3228 1919 et
3272 1865 3318 1920 si

1740 1964 2057 2018 Ambrosius
2094 1964 2222 2017 nihil
2268 1965 2335 2019 de
2365 1965 2456 2017 illo
2489 1965 2733 2029 rescivit,
2767 1962 2877 2031 jam
2908 1961 3179 2015 Zenonem
3208 1977 3314 2014 non

1742 2059 1999 2125 martyrio
2020 2097 2033 2119 ,
2065 2054 2160 2110 scd
2192 2057 2415 2108 naturali
2448 2064 2618 2108 ενοι-ιθ
2668 2055 2718 2107 in
2755 2069 2881 2121 pace
2928 2053 3163 2107 functum
3198 2066 3320 2121 pro-

1739 2148 2125 2201 babibssnnum
2157 2157 2273 2211 est,
2308 2147 2405 2200 nisi
2434 2162 2540 2216 quo
2570 2146 2713 2216 paris
2744 2146 2918 2201 uitatis
2946 2156 3107 2215 atque
3135 2157 3306 2199 aucm-

1739 2240 1909 2292 ritatis
1962 2237 2282 2293 documento
2329 2238 2597 2293 Ambrosii
2655 2241 3023 2293 testimonium
3067 2236 3315 2294 elidatur.

1739 2330 1856 2386 Prae
1884 2331 1982 2386 hoc
2011 2345 2189 2387 autem
2206 2332 2473 2387 Ambrosii
2498 2336 2803 2387 testimonio
2823 2336 3038 2403 sequior
3058 2333 3217 2387 nimis
3237 2340 3319 2387 est

1738 2422 1798 2478 S.
1826 2422 2067 2493 Gregorii
2101 2424 2275 2493 Magni
2299 2466 2314 2489 ,
2340 2440 2458 2494 qua:
2490 2441 2584 2493 pro
2608 2430 2864 2496 martyrio
2894 2427 3162 2495 antiquior
3193 2439 3319 2492 sup-

1742 2516 2202 2585 petit,auctonitas.
2224 2518 2272 2572 ls
2296 2532 2442 2573 enim
2462 2523 2548 2586 qui
2571 2518 2776 2574 duobus
2795 2533 2912 2588 post
2932 2518 3143 2572 saeculis
3166 2517 3317 2584 vixit,

1741 2621 1861 2662 cum
1904 2608 2117 2663 Athesis
2162 2610 2473 2665 miraculum
2524 2612 2790 2674 recitatis,
2833 2619 3120 2680 martyrem
3169 2608 3320 2662 illum

1729 2702 2030 2770 “appellavit
2052 2743 2066 2764 ,
2100 2702 2209 2757 ﬁeri
2245 2704 2415 2772 potuit
2447 2710 2505 2756 ut
2534 2703 2789 2757 memoria
2823 2704 3002 2772 lapsus
3030 2718 3151 2757 eum
3182 2718 3331 2756 mar-

1742 2800 1911 2863 tyrem
1956 2796 2156 2850 dictum
2188 2796 2510 2861 crediderit,
2545 2813 2701 2867 quem
2748 2797 3016 2863 Joannes,
3050 2815 3079 2852 a
3110 2808 3225 2867 'quo
3255 2800 3323 2853 de

1749 2888 2007 2941 miraculo
2035 2890 2200 2942 luerat
2230 2888 2520 2943 inStructus
2540 2931 2555 2955 ,
2584 2891 2881 2959 simplicem
2926 2889 3230 2959 episcopum
3272 2897 3328 2944 et

1742 2976 2106 3036 confessorem
2135 2982 2607 3052 pronuntiaverat:
2641 2986 2739 3037 nisi
2773 2984 2907 3039 forte
2949 2984 3061 3051 ipse
3088 2982 3321 3037 Joannes

1743 3074 1879 3128 eoin
1912 3076 2062 3128 titulo
2090 3077 2265 3144 lapsus
2294 3076 2626 3145 probabilius
2653 3076 2923 3132 credatur.
2954 3077 3012 3139 ln
3042 3077 3099 3132 8.
3124 3076 3328 3146 Grego-

1662 3163 1709 3229 C
1745 3170 1824 3221 rio
1867 3168 2079 3238 quidem
2129 3170 2369 3224 detectus
2419 3170 2468 3224 id
2511 3170 2720 3240 generis
2763 3171 2879 3225 sine
2923 3171 3169 3239 exemplo
3218 3185 3322 3224 non

1741 3270 1905 3314 sunt:
1936 3276 2057 3314 nam
2102 3252 2311 3316 Molano
2359 3263 2819 3318 animadvrrtente
2850 3266 2902 3317 in
2930 3266 3159 3317 secundo
3193 3260 3327 3317 Usu-

1738 3352 1851 3405 ardi
1880 3351 2135 3416 editione,
2168 3350 2225 3406 8.
2251 3338 2523 3410 iuvenalis
2549 3352 2861 3409 Narniensis
2889 3357 3203 3424 episcopus,
3232 3367 3324 3407 cu-

1733 3444 1821 3514 jus
1850 3444 1982 3499 lesta
2013 3445 2128 3500 dies
2155 3461 2188 3499 ν
2214 3444 2394 3503 Nonas
2440 3448 2559 3502 Maii
2592 3450 2642 3502 in
2673 3448 2918 3503 Romano
2944 3445 3323 3519 martyrologio

1739 3536 1978 3605 signatur
1998 3576 2011 3597 ,
2047 3550 2251 3609 martyr
2276 3539 2470 3593 dicitur
2500 3540 2589 3593 lib.
2626 3555 2676 3594 tv
2697 3581 2712 3605 ,
2755 3556 2874 3609 cap.
2907 3539 3003 3604 12,
3032 3556 3060 3591 a
3087 3540 3145 3593 S.
3188 3536 3322 3591 Gre-

1737 3629 1919 3696 gorio,
1953 3642 2074 3680 cum
2108 3643 2288 3683 merus
2314 3629 2592 3684 Confessor
2620 3629 2795 3685 fuerit.
2825 3628 2978 3683 Aliud
3004 3642 3101 3681 nos
3126 3642 3317 3682 exem-

1740 3720 1884 3786 plum
1915 3719 2212 3798 adserimus
2256 3737 2320 3775 ex
2349 3722 2572 3790 epistola
2613 3723 2740 3775 olim
2796 3722 2863 3775 75
2914 3720 3009 3775 lib.
3039 3735 3093 3775 ix
3118 3759 3135 3787 ,
3178 3734 3320 3777 nunc

1739 3809 1808 3865 62
1850 3811 1888 3865 Ι.
1946 3828 2031 3875 vr,
2064 3814 2147 3867 ubi
2191 3813 2329 3868 idem
2376 3816 2610 3883 pontifex
2654 3813 2996 3866 beatissimum
3043 3826 3317 3885 martyrem

1743 3912 1897 3959 vocat
1948 3905 2005 3959 S.
2039 3904 2288 3960 Leucium
2320 3908 2628 3975 episc0pum
2672 3906 3062 3960 Brundusinum
3087 3948 3103 3975 ,
3144 3910 3233 3977 qui
3264 3911 3317 3962 in

1750 3996 1967 4049 laudato
1996 3996 2370 4066 Martyrologio
2402 4010 2500 4050 nec
2531 4012 2638 4050 non
2669 3998 2718 4049 in
2747 3996 3064 4054 Calendario
3105 4016 3205 4055 ms.
3236 4000 3321 4056 Bi-

1738 4086 2017 4139 bliotheca:
2058 4083 2433 4140 Casanatensis
2478 4085 2677 4157 scripto
2723 4090 2941 4144 ineunte
2992 4092 3189 4147 swculo
3230 4107 3318 4159 Ix,

1742 4176 1806 4228 ad
1840 4182 2220 4231 monasterium
2251 4178 2516 4248 quoddam
2560 4179 2994 4238 Beneventanum
3024 4184 3152 4240 olim
3201 4200 3322 4255 per-

1740 4268 1976 4332 tinente,
2008 4282 2065 4323 nt
2108 4267 2229 4323 ldus
2254 4268 2491 4325 Januarii
2536 4273 2802 4343 episcoyus
2846 4284 2893 4329 et
2932 4280 3190 4347 confessor
3218 4293 3315 4331 n0-

1738 4358 1999 4424 minatur,
2031 4369 2190 4429 atque
2217 4360 2290 4415 uti
2316 4362 2594 4418 confessor
2623 4366 2836 4436 quidem
2862 4370 2912 4423 in
2940 4370 3050 4439 ipsa
3074 4376 3189 4439 ejus
3218 4370 3320 4426 Ec-

1737 4451 1898 4505 clesia
1930 4451 2266 4508 Brundusina
2297 4471 2437 4512 nunc
2457 4472 2668 4529 quoque
2698 4464 2953 4531 temporis
2980 4463 3187 4518 colitur.
3221 4462 3320 4519 Ve-

1659 4548 1711 4609 1)
1738 4556 1853 4595 rum
1883 4542 2097 4611 quidem
2128 4556 2211 4599 est
2236 4546 2520 4604 Leontium
2548 4552 2597 4605 in
2627 4552 2951 4609 editioiiibus
2979 4565 3095 4624 post
3121 4556 3315 4610 [toma-

1740 4650 1861 4688 nam
1908 4636 2054 4691 illum
2095 4640 2388 4709 appellari,
2442 4660 2547 4698 non
2595 4645 2897 4702 Leucium:
2938 4658 2995 4701 at
3038 4662 3157 4703 cum
3200 4648 3316 4719 ejus

1740 4739 1934 4796 corpus
1957 4729 2239 4787 Brundusii
2265 4739 2608 4803 requiescens
2638 4740 2832 4794 ibidem
2858 4741 3126 4805 tradatur,
3151 4741 3318 4796 Brun-

1740 4822 1931 4879 dusina
1963 4834 2140 4880 autem
2168 4829 2294 4884 urbs
2322 4831 2524 4885 nullum
2552 4833 2866 4903 cujusquam
2893 4835 3062 4888 sancti
3106 4834 3313 4889 Leontii
3400 4844 3403 4847 λ

1739 4931 1935 4981 Corpus
1966 4920 2103 4989 apud
2134 4936 2193 4977 se
2211 4924 2565 4991 requiescens
2605 4942 2854 4995 umquam
2898 4929 3209 4995 agnoverit,
3255 4935 3316 4982 ut

1742 5008 1874 5066 illud
1897 5015 1953 5068 8.
1974 5013 2151 5069 Lencii
2181 5017 2414 5087 episcopi
2437 5018 2561 5072 olim
2590 5018 2773 5073 habuit
2792 5063 2805 5086 ,
2834 5030 3114 5088 antequam
3148 5020 3315 5078 Bene-

1740 5116 1955 5157 ventum
1986 5106 2400 5161 transferretur:
2448 5110 2638 5162 melior
2664 5110 2870 5162 videtur
2898 5109 3054 5165 lectio
3078 5112 3314 5180 priorum

1742 5195 1984 5264 Gregorii
2012 5197 2305 5251 editioiium
2333 5238 2348 5259 ,
2393 5214 2513 5267 quae
2542 5213 2661 5251 cum
2691 5197 2926 5267 quinque
2955 5215 3081 5255 mss.
3118 5203 3168 5256 in
3211 5204 3317 5261 Be-

1744 5285 2011 5340 nedictina
2050 5286 2294 5356 allegatis
2319 5286 2572 5343 Leucium
2598 5290 2901 5356 prtelernnt.
2929 5291 3007 5347 Ex
3036 5293 3119 5348 his
3140 5307 3319 5352 autem

1746 5376 1953 5442 duobus
1979 5374 2035 5431 8.
2070 5375 2343 5430 Pontificis
2374 5378 2607 5446 lapsibus
2638 5377 2691 5433 in
2724 5385 2972 5453 martyris
3003 5385 3155 5441 titulo
3183 5386 3320 5443 Cott-

1744 5468 2035 5523 fessoribus
2063 5469 2289 5532 tributo;
2324 5470 2463 5524 haud
2497 5480 2697 5528 temere
2723 5475 2911 5531 similis
2938 5479 3119 5549 lapsus
3148 5483 3322 5552 suspi-

1744 5562 1829 5617 cio
1853 5562 2093 5616 exoritur
2111 5602 2127 5624 ,
2155 5577 2275 5616 cum
2305 5562 2445 5619 idem
2474 5564 2531 5622 8.
2559 5566 2805 5626 Pontifex
2832 5570 3099 5629 Zenonem
3128 5587 3323 5647 marty-

1746 5668 1861 5709 rem
1906 5652 2158 5722 scripsit,
2201 5670 2361 5726 quem
2412 5656 2468 5713 S.
2513 5660 2830 5718 Ambrosius
2877 5674 3164 5735 martyrem
3212 5681 3319 5722 non

1746 5743 1980 5814 agnovit.
2016 5744 2274 5801 Coronati
2305 5745 2506 5804 Notarii
2542 5750 2656 5807 Vita
2694 5767 2816 5809 cum
2846 5754 3086 5823 pluribus
3126 5758 3321 5826 impro-
