3826 6226
516 174 617 239 los

508 388 740 463 {cxxxvj
762 385 1269 460 levissimaaquidem
1286 393 1364 438 est
1390 382 1513 438 fidei
1532 399 1546 447 ;
1565 383 1811 451 atnegari
1832 380 1960 436 illud
1986 397 2089 434 non

504 491 721 552 potest.
750 480 889 550 quod
918 494 1038 534 eum
1070 477 1160 532 ille
1186 476 1252 531 de
1296 475 1511 529 Zenone
1539 472 1822 529 affirmavit
1862 481 2090 541 receptus

505 582 580 626 cst
611 573 662 625 in
692 587 814 642 pace
834 571 1019 635 ,lnter
1048 577 1126 623 tot
1167 566 1536 637 improbabilia
1557 605 1569 628 ,
1601 580 1723 635 quae
1766 564 1833 618 ad
1849 577 2090 632 exagge-

514 663 734 719 randam
762 662 823 719 S.
856 659 1121 731 Episcopi
1145 659 1373 730 gloriam
1404 672 1469 713 ex
1525 659 1635 727 ipsa
1678 655 1915 726 populari
1950 653 2086 709 fama

505 758 809 827 congessit,
845 755 1085 810 nihil'de
1116 753 1374 825 martyrio
1403 751 1643 821 ejusdem
1688 751 1964 815 audierat,
2007 750 2088 803 ni-

500 849 683 921 bilque
706 850 756 904 id
779 846 1070 919 temporis,
1115 845 1343 914 septimo
1389 844 1593 898 scilicet
1624 844 1705 897 vel
1752 851 1943 896 octavo
1986 855 2086 894 sae-

499 938 621 997 culo
640 983 656 1007 ,
686 955 790 995 non
823 938 991 992 multo
1017 947 1140 1009 post
1169 936 1229 993 S.
1256 935 1497 1005 Gregorii
1542 934 1745 988 obitum
1766 976 1781 1000 ,
1824 932 1924 987 hac
1968 932 2086 1000 ipsa

498 1033 553 1087 in
576 1032 875 1087 Veronensi
903 1029 1140 1085 Ecclesia
1162 1028 1230 1083 de
1248 1028 1441 1083 eodem
1467 1025 1757 1082 ferebatur.
1776 1024 1926 1081 Adde
1942 1024 2083 1094 quod

498 1127 757 1187 Coronati
799 1124 930 1181 Vita
951 1166 968 1190 ,
997 1138 1117 1195 Quae
1146 1123 1199 1177 in
1247 1121 1566 1193 perantiquo
1593 1119 1844 1174 Remensi
1889 1118 2082 1172 Codice

497 1202 719 1290 legitur.
762 1217 854 1272 ubi
901 1216 1185 1284 exponitur
1227 1212 1837 1294 miraculumAthesls,
1883 1211 2081 1264 inserta

493 1322 754 1383 apparent
793 1312 909 1381 ipsa
951 1309 1009 1365 S.
1037 1308 1283 1378 Gregorii
1311 1307 1505 1372 verba,
1540 1314 1597 1359 ut
1644 1306 1694 1359 in
1718 1304 2081 1358 adnotatione

494 1403 562 1459 10
586 1402 653 1457 ad
684 1401 927 1457 eamdem
952 1399 1127 1455 Vitam
1158 1400 1397 1454 dicemus
1422 1414 1436 1450 :
1463 1405 1519 1452 et
1540 1398 1590 1451 in
1617 1396 1697 1451 his
1723 1410 1816 1462 pro
1844 1408 1910 1449 eo
1939 1394 2079 1463 quod

491 1493 631 1563 apud
656 1492 713 1549 S.
739 1491 1058 1563 Gregorium
1086 1490 1340 1546 scribitur
1360 1490 1428 1544 ad
1453 1488 1817 1544 ostendendum
1845 1488 2079 1550 meritum

491 1585 765 1655 martyris,
800 1578 998 1646 ibidem
1040 1584 1271 1652 positum
1303 1581 1402 1637 fuit
1426 1581 1499 1635 ad
1534 1580 1898 1635 ostendernfum
1929 1580 2080 1633 meri-

494 1686 601 1730 tum
624 1676 968 1747 confessoris;
997 1674 1136 1729 unde
1166 1674 1399 1743 suspicio
1426 1683 1509 1728 est
1538 1672 1899 1728 Veronensem
1920 1714 1934 1737 ,
1965 1672 2076 1741 qui-
2112 1681 2158 1741 Β
2187 1680 2260 1731 uti
2288 1692 2335 1732 c.
2381 1676 2414 1730 4
2446 1674 2746 1736 videbimus
2766 1718 2782 1741 ,
2811 1677 2913 1732 hoc
2935 1717 2951 1745 ,
2988 1678 3205 1746 inquam
3230 1718 3247 1750 ,
3297 1689 3659 1749 argumentum
3682 1692 3728 1731 ex

489 1766 906 1852 cumqueyfuerit,
927 1810 942 1834 ,
972 1769 1061 1838 qui
1105 1783 1221 1822 eam
1255 1767 1581 1822 additionem
1609 1769 1660 1821 in
1692 1781 1793 1840 ms.
1836 1767 1925 1820 illo
1953 1767 2077 1821 olim

490 1861 809 1928 Veronensi,
832 1875 975 1915 nunc
1003 1870 1179 1915 autem
1208 1859 1459 1916 llemensi
1491 1860 1762 1929 apposuit,
1786 1874 1849 1913 ex
1874 1858 2078 1927 Grego-

462 1952 557 2007 ‘rii
609 1954 1105 2023 verbismartyrcm
1135 1953 1185 2007 in
1215 1956 1557 2024 confessorem
1583 1950 1886 2007 correxisse
1909 1992 1922 2015 ,
1951 1951 2077 2004 san-

488 2056 745 2113 ctumque
793 2045 1105 2101 Pontificem
1134 2045 1187 2099 in
1218 2060 1283 2100 eo
1321 2045 1529 2116 lapsum
1570 2056 1812 2112 putasse,
1840 2041 1981 2111 quod
2012 2039 2070 2096 S.

484 2139 630 2196 Zeno
659 2139 887 2195 Veronae
927 2141 1185 2209 confessor
1217 2140 1505 2195 haberetur
1524 2180 1537 2203 ,
1566 2153 1672 2193 non
1705 2147 1895 2207 martyr
1922 2154 1940 2191 :
1971 2153 2073 2207 qua

488 2234 679 2289 eadem
729 2232 798 2288 de
843 2248 1004 2288 causa
1045 2231 1340 2288 monachus
1385 2231 1721 2286 Zenonianus
1756 2229 2072 2299 Gregorium

484 2327 765 2397 appellans
784 2367 798 2390 ,
826 2326 1049 2397 ejusque
1078 2312 1247 2380 verba
1293 2325 1551 2388 recitans,
1580 2323 1829 2394 martyris
1856 2320 2075 2376 nomine

483 2420 844 2489 praetermisso
873 2419 1054 2474 Sancti
1093 2418 1373 2487 supposuit
1412 2418 1683 2481 scribens,
1707 2415 1778 2469 ad
1806 2416 2076 2475 ostenden-

482 2514 602 2566 dam
640 2508 872 2567 meritum
914 2512 1124 2578 Sancti,
1158 2512 1272 2576 vel,
1307 2517 1363 2565 ut
1388 2511 1440 2565 in
1475 2524 1573 2565 ms.
1610 2508 1924 2565 lcctionario
1957 2506 2072 2560 Bri-

483 2608 643 2663 xiano
673 2604 899 2675 legitur,
940 2604 1092 2674 cujus
1139 2605 1467 2659 mentionem
1516 2602 1645 2656 facit
1681 2600 1920 2655 Mat'feius
1978 2614 2071 2652 no-

482 2710 593 2752 ster
624 2699 677 2752 in
706 2698 1017 2767 praefatione
1046 2698 1112 2751 ad
1143 2695 1461 2768 Monachum
1490 2693 1859 2749 Zetionianum
1880 2733 1895 2759 ,
1949 2706 2067 2760 pag.

478 2792 584 2846 3l7
622 2790 758 2846 Hist.
791 2791 1045 2863 dipl0tn.,
1071 2791 1138 2844 ad
1162 2787 1528 2843 ostendendum
1560 2786 1793 2840 meritum
1816 2786 2074 2853 confesso-

477 2868 592 2937 ris:
623 2882 723 2936 nisi
754 2883 889 2936 forte
918 2882 1019 2935 hoc
1043 2896 1141 2934 ms.
1168 2878 1539 2933 lectionarium
1566 2876 2072 2944 Brixianum-ipsam

477 2971 734 3027 Coronati
756 2971 933 3027 Vitam
957 2986 1020 3025 ex
1046 2971 1208 3027 simili
1236 2971 1484 3038 exemplo
1514 2968 1767 3023 Remensi
1801 2977 2068 3036 sumptam

1870 166 2400 229 PROLEGOMENA.
2438 218 2445 219 γ
3398 208 3399 211 η
3656 169 3723 229 lfd

511 297 925 368 babilibus,qute
945 292 1071 349 alibi
1088 288 1849 359 consideravimus,adjunctis
1864 296 2086 352 scatent,
2118 299 2171 357 Α
2197 302 2319 340 mox
2347 283 2666 340 videbimus.
2698 281 2872 344 Simili
2920 281 3077 351 plano
3108 281 3313 342 ratione
3362 282 3419 339 in
3451 296 3551 338 ms.
3577 283 3725 354 Matty-

2195 383 2399 452 rologio
2446 380 2753 436 monasterii
2803 378 3124 436 Veronensis
3170 380 3226 434 8.
3272 379 3544 452 Spiritus,
3584 397 3727 439 mense

2195 474 2362 543 Aprili
2414 473 2591 530 brevis
2644 470 2885 544 martyrii
2924 470 2979 527 S.
3029 470 3262 529 Zenonis
3298 470 3657 543 deseriptiolit
3692 473 3726 529 in

2193 564 2695 637 Martyrologiorum
2742 562 2971 637 formam
3026 563 3212 620 iisdem
3254 561 3366 619 fere
3408 564 3609 630 verbis,
3642 580 3727 635 qua

2193 659 2244 711 in
2283 658 2495 726 vulgato
2523 655 2766 711 Usuardo
2811 655 3089 725 leguntur,
3135 638 3483 727 martyriique
3529 637 3725 715 testimo-

2194 752 2343 805 nium
2364 765 2395 805 e
2424 750 2479 805 8.
2513 748 2758 821 Gregorii
2784 747 3104 805 auctoritate
3130 748 3196 803 ab
3222 747 3342 803 aliis
3371 736 3727 821 Martyrologio—

2202 858 2321 899 rum
2347 834 2707 912 scriptoribus
2731 852 2951 911 excepta
2982 840 3350 905 deduxerunt;
3381 844 3439 894 at
3466 839 3671 897 subinde
3690 842 3724 895 in

2189 932 2397 989 duobus
2424 934 2543 987 aliis
2571 932 2723 988 festis
2746 933 2800 989 S.
2826 931 3058 987 Zenonis
3089 948 3274 988 mense
3299 928 3442 989 Maio
3469 940 3523 986 et
3546 933 3721 987 Decem-
3776 928 3777 999 l

2191 1025 2305 1089 bri,
2338 1040 2456 1095 quae
2498 1039 2564 1080 ex
2594 1024 2727 1081 solis
2759 1022 3156 1092 Veronensibus
3194 1022 3345 1078 libris
3388 1032 3565 1080 notata
3604 1033 3726 1087 sunt,

2189 1116 2279 1173 ille
2307 1117 2586 1173 confessor
2610 1103 2851 1186 pontifex
2878 1115 3214 1173 solummodo
3238 1115 3559 1189 appellatur.

2259 1214 2651 1279 Argumentum
2674 1252 2689 1277 ,
2721 1211 2863 1281 quod
2894 1226 2960 1264 ex
2984 1211 3205 1280 antiquo
3228 1207 3557 1263 Veronensis
3586 1208 3729 1262 Eor'leo
3776 1214 3777 1281 ᾖ

2186 1305 2280 1357 sia:
2309 1304 2415 1363 ritu
2441 1304 2738 1364 ducebatur
2760 1344 2775 1370 ,
2804 1315 2871 1358 ut
2892 1304 2950 1359 8.
2980 1302 3131 1360 Zeno
3158 1343 3177 1371 ,
3216 1303 3369 1372 cujus
3398 1302 3535 1359 festa
3561 1301 3663 1357 dies
3681 1304 3726 1356 ad
3776 1352 3777 1359 η

2185 1398 2575 1467 Lippomanum
2624 1413 2793 1468 usque
2835 1384 3195 1464 confessoris,
3248 1412 3356 1453 non
3387 1400 3629 1470 martyris
3656 1402 3726 1455 ~of-
3776 1424 3777 1479 ι

2187 1493 2307 1546 ficio
2337 1507 2400 1547 ac
2429 1493 2590 1549 missa
2618 1492 2993 1549 celebrabatur
3016 1533 3032 1558 ,
3062 1503 3114 1547 et
3144 1492 3452 1548 celebratur
3480 1492 3644 1547 adhuc
3681 1506 3727 1546 ex
3776 1482 3777 1503 ‘

2186 1587 2404 1655 antiqua
2432 1586 2819 1641 consuetudine
2841 1580 3179 1655 apud'plures
3199 1594 3451 1644 externas
3476 1583 3729 1650 Ecclesias,
3776 1604 3777 1655 ξ

2186 1767 2517 1822 Veronensis
2544 1770 2839 1837 pnesertim
2872 1768 3128 1825 Ecclesia:
3148 1770 3254 1827 ritu
3281 1767 3543 1837 ductum,
3570 1769 3659 1824 etsi
3679 1770 3725 1823 ad

2185 1864 2503 1932 martyrium
2546 1876 2574 1916 a
2604 1861 2821 1919 Zenone
2863 1862 3281 1933 adjudicandum
3328 1878 3437 1919 non
3472 1862 3603 1921 tanti
3634 1871 3727 1926 est,

2182 1953 2371 2019 quanti
2394 1950 2526 2008 illud
2558 1953 2740 2022 plures
2784 1968 2903 2009 cum
2934 1953 3271 2013 llenscheuin
3316 1954 3565 2013 fecerunt
3603 1952 3732 2011 etfa-
3776 1938 3777 1977 ξ

2179 2043 2356 2109 ciunt,
2391 2044 2533 2115 quod
2561 2047 2827 2117 soperiori
2851 2049 3187 2118 paragrapho
3205 2046 3369 2104 latius
3392 2047 3729 2105 astondiiaus:
3776 2088 3777 2095 η

2180 2148 2335 2192 certe
2363 2147 2541 2195 tamen
2572 2154 2691 2212 qua:
2723 2138 2922 2195 ibidem
2951 2138 3228 2197 attulimus
3268 2136 3327 2200 in
3352 2138 3589 2199 medium
3610 2180 3627 2205 ,
3648 2148 3732 2192 non
3776 2144 3777 2187 ;

2178 2241 2303 2285 sunt
2328 2231 2631 2301 ejusmodi,
2678 2241 2765 2300 ut,
2796 2248 2916 2287 cum
2947 2234 3154 2305 aliquot
3193 2233 3329 2291 certi
3376 2244 3638 2307 martyres
3658 2232 3731 2286 hac

2179 2319 2233 2374 in
2268 2320 2505 2377 Ecclesia
2549 2323 2917 2379 confessorem
2964 2324 3072 2378 ritu
3112 2324 3240 2380 culti
3289 2323 3531 2390 fuerint,
3566 2334 3731 2393 martyr
3776 2354 3777 2387 ξ

2180 2416 2345 2467 etiam
2393 2414 2747 2469 convincatur
2777 2414 2836 2468 S.
2868 2413 3046 2479 Zeno,
3093 2413 3201 2469 nisi
3236 2413 3453 2472 aliunde
3490 2392 3729 2483 probetur.
3776 2392 3777 2413 ¹

2179 2503 2374 2573 Negari
2398 2503 2615 2574 quidem
2644 2520 2751 2559 non
2780 2513 2954 2574 potest
2996 2504 3318 2573 antiphouas
3355 2502 3538 2560 missa:
3580 2505 3632 2563 S.
3659 2505 3729 2558 Ze»
3776 2530 3777 2573 ξ

2181 2596 2465 2663 nonispro
2492 2595 2737 2664 paschali
2763 2607 3001 2665 tempore
3021 2596 3077 2649 in
3106 2594 3309 2665 Carpso
3341 2595 3631 2662 iudicatas,
3658 2609 3731 2649 nec
3776 2600 3777 2667 ξ

2181 2704 2286 2742 non
2329 2688 2678 2760 Evangelium
2721 2690 2961 2759 ejusdem
3007 2681 3262 2758 temporis
3301 2689 3516 2751 duobus
3560 2690 3732 2746 aliisin
3776 2730 3777 2733 η

2178 2779 2453 2839 εοάίεἱιηιε
2509 2782 2835 2852 descriptum
2900 2783 3162 2853 ejusmodi
3210 2799 3527 2855 esse,qua,
3569 2800 3655 2857 per
3693 2784 3728 2838 ω
3776 2770 3777 2799 λ

2127 2876 2131 2880 ’
2179 2883 2390 2944 tempus
2415 2874 2483 2930 de
2501 2877 2821 2946 martyribus
2850 2876 2955 2932 dici
2978 2880 3151 2937 solent
3177 2896 3189 2931 :
3210 2887 3265 2933 at
3280 2895 3341 2934 ea
3358 2877 3602 2953 [cum]
3621 2882 3731 2934 auti-

2177 2967 2299 3035 quis
2314 2966 2643 3034 temporibus
2659 2967 2921 3035 paschalis
2933 2968 3143 3037 quidem
3162 2972 3442 3040 temporis,
3459 2987 3565 3027 non
3584 2981 3731 3027 tamen

478 3065 787 3131 contineat,
824 3067 895 3118 utl
929 3053 1057 3118 sane
1081 3063 1227 3117 illam
1255 3064 1498 3117 continet
1522 3062 1896 3117 lectionarium
1922 3060 2061 3114 aliud
2092 3060 2470 3127 C‘uiartyrum
2530 3060 2743 3127 propria
2800 3059 2964 3115 fuisse
3010 3061 3277 3117 videntur.
3334 3062 3497 3122 Enim
3526 3078 3649 3121 vero
3690 3062 3731 3117 in

477 3172 579 3211 ms.
612 3156 871 3211 Ecclesiae
894 3154 1225 3209 'l‘ridentina:
1246 3196 1260 3219 ,
1290 3153 1439 3224 quod
1463 3152 1706 3208 eamdem
1737 3153 2063 3207 addi‘tionem

397 3260 402 3264 '
476 3257 534 3303 et
564 3246 845 3301 formulam
877 3245 1117 3315 Gregorii
1148 3230 1325 3300 verbis
1354 3246 1589 3314 praefert.
1614 3244 1669 3298 Si
1702 3259 1861 3313 porro
1887 3259 1953 3298 cx
1984 3246 2066 3299 his

477 3335 756 3407 probabile
781 3334 851 3390 sit
878 3337 936 3391 S.
956 3334 1276 3406 Gregorium
1302 3377 1315 3402 ,
1349 3328 1474 3389 dum
1515 3334 1787 3389 Zenonem
1821 3324 2064 3404 appella?-

474 3432 552 3485 vit
577 3440 865 3498 martyrem
888 3471 903 3495 ,
926 3430 1099 3505 unius
1129 3430 1579 3484 nominiserrore
1602 3425 1867 3482 defecisse
1885 3467 1900 3492 ,
1932 3426 2063 3481 nihil

474 3533 699 3591 prosunt
742 3520 1173 3584 PauliDiaconi,
1220 3521 1442 3577 Joannis
1487 3516 1613 3575 item
1662 3518 1915 3584 Diaconi,
1960 3519 2063 3573 Ra-

471 3614 598 3669 bani
630 3614 795 3669 Mauri
820 3656 834 3680 ,
866 3612 1107 3669 Notlterii
1139 3612 1477 3693 testimonia,
1518 3613 1716 3682 quippe
1744 3626 1877 3682 quos
1903 3627 1965 3665 ex
2000 3611 2058 3667 S.

471 3704 717 3777 Gregorii
773 3707 1003 3776 Dialogis
1047 3706 1203 3761 sicuti
1257 3703 1575 3761 miraculum
1616 3702 1833 3759 Athesis
1855 3744 1875 3769 ,
1918 3702 2067 3773 quod

473 3806 810 3864 memorant,
846 3798 918 3853 ita
961 3804 1017 3854 et
1060 3797 1312 3868 martyris
1351 3796 1561 3851 titulum
1588 3837 1603 3862 ,
1644 3812 1803 3866 quem
1856 3794 2061 3850 Zenoni

475 3887 735 3959 alligant,
776 3887 1053 3944 derivasse
1097 3886 1437 3941 manifestum
1466 3897 1569 3942 est.
1602 3886 1801 3941 Eadem
1853 3886 2062 3941 ratione

478 3981 677 4035 cadunt
730 3981 893 4034 etiam
958 3980 1143 4037 caeteri
1207 3978 1557 4050 posteriores,
1592 3978 2057 4042 Wandelbertus,

474 4070 750 4128 Usuard‘us
777 4112 792 4137 ,
834 4081 925 4126 aut
974 4073 1147 4141 potius
1191 4071 1421 4128 Usuardi
1471 4071 1957 4126 additamentorum
2006 4079 2062 4124 et

467 4164 669 4218 Adonis
713 4170 1081 4229 auctores,.et
1128 4163 1254 4228 alii“,
1303 4165 1390 4233 qui
1422 4162 1619 4217 adferri
1664 4162 1876 4227 solent,
1908 4175 2046 4230 quos

468 4244 551 4313 vel
572 4276 634 4313 ex
662 4258 719 4314 S.
744 4258 1007 4329 Gregorio
1026 4304 1041 4329 ,
1069 4258 1250 4313 vel-ex
1281 4254 1400 4311 aliis
1420 4255 1663 4326 Gregorii
1689 4254 1907 4308 asseelis
1937 4267 2059 4323 pro-

458 4336 659 4417 fecisse
688 4351 817 4405 satis
841 4348 1098 4404 credibile
1120 4357 1223 4403 est.
1260 4348 1401 4401 Duos
1434 4356 1637 4401 tantum
1670 4344 1885 4399 codices
1916 4358 2058 4412 prte-

2170 3151 2398 3218 antiqtu's
2429 3149 2708 3206 Missurum
2758 3152 2902 3206 libris
2934 3169 2962 3206 a
3008 3155 3307 3222 venerabili
3343 3155 3569 3212 Cardin.
3616 3156 3732 3210 Tho-

2172 3246 2348 3298 masio
2365 3244 2523 3299 editis
2545 3244 2659 3300 haec
2684 3249 2913 3313 rubrica,
2946 3246 3012 3301 In
3042 3250 3298 3303 communi
3320 3251 3472 3305 unius
3496 3253 3730 3323 martyris.

2170 3336 2249 3390 vel
2276 3337 2585 3405 confessoris
2626 3338 2869 3407 apposita
2921 3339 3116 3410 legitur
3161 3349 3279 3396 tum
3317 3340 3375 3396 iu
3426 3341 3733 3417 Διιιιριιοιια-

2170 3426 2276 3495 rio,
2308 3444 2429 3499 pag.
2459 3430 2559 3486 281
2588 3472 2603 3496 ,
2639 3442 2747 3486 tum
2781 3433 2832 3486 in
2869 3432 3209 3490 Lectionario
3233 3476 3247 3503 ,
3279 3451 3400 3507 pag.
3431 3437 3536 3504 80,
3567 3448 3667 3494 tum
3693 3438 3731 3491 in

2171 3523 2480 3593 Capitulare
2507 3524 2939 3595 Evangeliorum,
2963 3543 3085 3598 pag.
3105 3527 3235 3597 217,
3259 3537 3312 3583 et
3344 3530 3394 3585 id
3420 3531 3594 3601 ipsum
3622 3545 3731 3601 quo-

2168 3613 2274 3683 que
2296 3623 2513 3669 notatur
2557 3614 2608 3669 in
2658 3616 3080 3687 Responsoriale
3132 3626 3189 3675 et
3230 3621 3622 3689 Antiphonario
3654 3635 3732 3692 pro

2167 3705 2353 3763 officio
2384 3708 2642 3778 temporis
2690 3704 2989 3781 paschalis,
3022 3729 3142 3785 pag.
3170 3713 3275 3769 3M
3304 3755 3321 3781 ,
3359 3724 3417 3774 et
3458 3730 3556 3785 pro
3580 3714 3734 3769 officio

2163 3801 2475 3867 communi,
2505 3816 2635 3884 pag.
2658 3803 2784 3870 51H,
2815 3805 3029 3862 adeout
3058 3806 3201 3877 quod
3228 3823 3295 3862 ex
3336 3807 3388 3863 id
3416 3809 3635 3878 generis
3656 3824 3732 3861 an-

2169 3891 2407 3961 tiphonis
2433 3903 2490 3949 et
2515 3895 2817 3965 Evangeliis
2846 3901 3054 3956 eruitur
3091 3909 3467 3970 argumentum
3494 3940 3510 3965 ,
3551 3892 3620 3955 ad
3635 3910 3731 3956 sta—

2167 3984 2429 4040 tuendum
2454 3985 2661 4044 cultum
2697 3988 2948 4057 martyris
2998 3990 3210 4057 potius,
3236 4004 3402 4059 quam
3426 3992 3733 4048 confessoris

2167 4076 2371 4133 traduci
2398 4091 2504 4137 non
2535 4079 2723 4147 possit.
2753 4079 2885 4134 lllud
2910 4089 3136 4147 autem,
3162 4081 3305 4150 ψιυὰ
3327 4098 3407 4147 ex
3441 4084 3619 4139 missis
3638 4099 3733 4140 cer-

2167 4177 2287 4226 tum
2306 4168 2504 4225 elicere
2530 4184 2825 4238 possumus
2845 4173 3018 4228 cultus
3048 4175 3418 4231 testimonium
3436 4216 3453 4241 ,
3482 4188 3611 4234 sunt
3634 4192 3732 4233 ora.

2164 4260 2365 4325 tiones,
2389 4263 2473 4316 vel
2494 4262 2710 4333 gradale
2732 4267 3160 4335 responsorium,
3186 4267 3450 4337 siquidem
3480 4274 3730 4342 proprium

2165 4349 2352 4411 Sancti
2378 4368 2577 4410 nomen
2606 4354 2889 4426 prmferat;
2927 4358 2998 4418 ibi
3033 4362 3191 4418 enim
3214 4362 3470 4432 martyris
3506 4351 3590 4421 rei
3619 4379 3732 4421 cnn-
3776 4362 3777 4397 ί

470 4444 622 4512 cipua
644 4442 1076 4497 consideratione
1092 4441 1280 4509 dignos
1298 4438 1351 4493 in
1367 4435 1829 4492 conﬁrmationem
1851 4434 2060 4489 adferre
2086 4443 2142 4503 D
2168 4444 2389 4500 [assariis
2419 4447 2604 4505 titulus
2648 4452 2854 4507 nomini
2883 4455 3104 4521 proprio
3124 4454 3346 4511 additos
3364 4497 3385 4523 ,
3416 4467 3595 4513 utrum
3620 4474 3731 4515 con-

462 4529 594 4587 libet
617 4573 634 4598 ,
661 4532 973 4586 Vaticanum
1006 4530 1183 4595 3806',
1225 4529 1491 4599 superiori
1538 4528 1876 4597 paragrapho
1920 4526 2051 4580 alle-

465 4634 643 4696 gatum
665 4665 678 4689 ,
709 4634 764 4677 et
791 4624 955 4677 alium
980 4620 1347 4676 Veronensem
1377 4620 1686 4674 monasterii
1718 4620 1776 4674 S.
1802 4618 2050 4687 Spiritus.

470 4718 754 4771 Vaticanus
778 4756 792 4780 ,
825 4715 915 4783 qui
948 4712 1117 4781 Aprili
1148 4727 1333 4771 mense
1364 4710 1425 4765 S.
1461 4709 1679 4764 Zenonis
1707 4711 1951 4780 martyris
1997 4712 2048 4765 in

462 4810 779 4865 Calendario
804 4807 1073 4873 meminit,
1102 4805 1291 4860 eodem
1316 4804 1511 4879 mense
1543 4806 1593 4858 in
1620 4804 2049 4859 Sacmmentario

464 4904 598 4957 nihil
642 4890 821 4973 ponit,
856 4910 911 4956 et
937 4901 1109 4955 solum
1154 4912 1339 4953 mense
1372 4896 1649 4962 Decembri
1675 4936 1690 4961 ,
1725 4896 1775 4949 in
1813 4912 1919 4966 quo
1949 4896 2049 4950 (lae

468 4998 764 5052 lcndarium
796 4997 863 5051 de
894 4994 1085 5051 eodem
1118 4992 1317 5047 Sancto
1345 4991 1476 5046 nihil
1509 5000 1649 5046 notat
1676 5034 1689 5055 ,
1721 4990 1887 5059 ipsius
1921 4991 2049 5046 Mis-

461 5105 575 5143 sam
608 5090 825 5145 exhibet
852 5130 864 5154 ,
893 5087 1137 5143 eamdem
1168 5100 1286 5153 quae
1319 5086 1369 5138 in
1414 5089 1611 5139 nostris
1651 5084 1923 5139 codicibus
1968 5085 2046 5140 le-

458 5185 600 5253 gitur
621 5226 635 5247 ,
665 5191 719 5237 et
750 5182 800 5236 in
833 5196 895 5236 ea
928 5181 1017 5235 ille
1060 5178 1324 5249 confessor
1352 5180 1581 5251 pontifex
1613 5180 1767 5234 unice
1813 5179 2038 5249 dicitur,

459 5285 519 5329 ut
569 5293 633 5330 ex
668 5277 819 5331 tertia
854 5275 1013 5329 missa
1044 5266 1225 5328 videre
1267 5272 1488 5341 poteris.
1522 5272 1645 5327 Hmc
1677 5288 1783 5327 non
1829 5273 2043 5329 aliunde

469 5368 713 5421 videntur
746 5367 980 5436 profecta
1001 5409 1014 5432 ,
1040 5381 1195 5443 quam
1219 5366 1359 5441 quod
1389 5366 1637 5436 martyris
1666 5380 1859 5431 nomen
1891 5380 2041 5420 men-

461 5475 519 5516 se
548 5461 715 5530 Aprili
754 5460 807 5514 in
838 5461 1159 5516 Calendario
1200 5461 1456 5514 insertum
1478 5500 1492 5524 ,
1525 5473 1555 5513 e
1584 5456 1641 5513 S.
1672 5458 1929 5529 Gregorio
1956 5459 2042 5535 vel~

460 5567 523 5606 ex
556 5554 660 5607 alio
687 5554 804 5622 ejus
831 5553 1159 5621 exscri'ptore
1197 5562 1465 5619 sumptum
1496 5550 1627 5613 fuit;
1656 5551 1819 5607 missa
1861 5561 2040 5605 autem

2160 4538 2333 4593 fessor
2361 4555 2425 4594 an
2458 4554 2662 4610 martyr
2708 4545 2919 4603 habitus
2947 4547 3135 4613 fuerit,
3175 4557 3295 4605 tute
3317 4549 3603 4609 indicabit.
3625 4552 3733 4609 Om-

2160 4644 2258 4685 nes
2283 4645 2413 4687 vero
2448 4634 2739 4689 orationes
2763 4677 2787 4699 ,.
2817 4652 2964 4706 quas.
3005 4639 3065 4697 in
3107 4656 3203 4696 sex
3236 4656 3366 4697 mss.
3420 4642 3732 4703 Veronensis

2159 4719 2649 4790 Ecclesiae-libris,
2700 4729 2837 4781 etin
2884 4731 3133 4789 omnibus
3162 4732 3381 4801 quidem
3410 4735 3465 4791 S.
3519 4736 3733 4795 Zenonis

2158 4814 2343 4870 missis
2365 4814 2586 4872 inferius
2617 4818 2989 4879 describendis
3029 4824 3209 4895 legere
3241 4814 3388 4893 licet,
3419 4846 3586 4887 unum
3616 4848 3731 4887 con-
3776 4864 3777 4867 η

2158 4907 2379 4961 fessoris
2409 4911 2703 4978 pontificis,
2733 4928 2838 4966 non
2872 4929 3051 4970 autem
3092 4922 3344 4991 martyris
3378 4922 3594 4980 titulum
3622 4941 3732 4980 cou-
3776 4907 3777 4975 ἶ

2153 5009 2361 5056 stanter
2389 5002 2665 5073 ingerunt;
2693 5017 2744 5060 et
2766 5013 3168 5078 responsorium
3196 5015 3416 5083 gradale
3446 5019 3729 5090 subjectum

2156 5097 2399 5163 epistol-.1:
2424 5099 2542 5167 ipso
2583 5102 2633 5154 in
2668 5099 2877 5173 Carpso
2915 5106 3250 5176 designatum
3275 5152 3288 5177 ,
3318 5129 3426 5167 non
3456 5115 3566 5168 alio
3595 5112 3730 5168 titulo

2152 5187 2399 5243 eunidem
2418 5203 2661 5247 sanctum
2685 5196 2922 5265 appellat
2944 5216 2953 5251 :
2972 5198 3162 5257 Sancte
3181 5205 3725 5276 confessorZeno,elC.

2151 5280 2280 5347 Quis
2311 5298 2440 5354 ergo
2462 5300 2529 5338 ex
2563 5288 2875 5356 antipltonis
2902 5300 2955 5345 et
2994 5294 3301 5365 Evangelia,
3331 5312 3454 5366 quae
3487 5314 3584 5367 pro
3607 5314 3728 5353 mar-

2152 5380 2266 5443 lyre
2298 5375 2379 5428 vel
2404 5376 2719 5436 confessore
2744 5382 2871 5436 olim
2904 5376 3209 5439 Communia
3247 5388 3415 5443 fuisse
3442 5388 3730 5459 deprehenc
3776 5406 3777 5419 π

2150 5465 2383 5536 dumur,
2431 5480 2618 5526 contra
2665 5489 2979 5544 expressum
3024 5482 3327 5535 orationum
3373 5483 3726 5538 testimonium

2152 5568 2248 5621 pro
2298 5561 2558 5630 martyrio
2602 5566 2888 5621 statuendo
2935 5572 3161 5636 arguere
3230 5571 3397 5625 velit?
3451 5575 3567 5632 lmo
3620 5577 3728 5629 hinc

464 5644 725 5699 derivavit
747 5660 777 5699 e
798 5644 1094 5700 Veronensi
1123 5643 1299 5707 fonte,
1326 5643 1412 5697 cui
1438 5643 1493 5697 id
1516 5657 1713 5697 nomen
1743 5634 2040 5712 ignoratum
2146 5649 2328 5715 potius
2356 5652 2681 5710 confirmare
2711 5656 2874 5722 licet,
2917 5634 3020 5713 eas
3056 5659 3380 5730 antiphonas
3412 5677 3467 5722 et
3496 5668 3728 5739 Evange.
