3826 6226
80 247 179 302 163

852 253 1296 315 DiSSERTATIO
1334 258 1424 325 lli,
1468 257 1555 314 DE
1593 257 1669 329 S.
1693 253 1848 316 ΖΕΝ.
1891 256 2089 317 ACTIS
2132 254 2220 317 ET
2257 250 2505 321 (IULTU.

3247 270 3344 326 106

78 361 204 416 lium
246 363 748 433 paschalisrmisse
795 369 852 424 8.
902 368 1166 436 Zenonis,
1201 388 1321 442 quae
1369 380 1660 444 martyrum
1691 381 1737 440 Α
1768 386 1953 427 errare
1978 373 2476 445 similiterpotuisse
2532 391 2639 434 non
2691 380 2871 436 statim
2917 379 3211 455 intelligat?
3242 386 3345 443 Sed

74 464 308 533 propria
340 477 485 522 nunc
527 466 790 528 habentur
813 511 829 537 ,
883 469 1283 527 confessoribus
1312 474 1471 529 etiam
1512 488 1660 528 com-

77 562 253 618 munia
286 565 418 626 olim
447 567 634 637 fuisse,
667 584 786 627 cum
812 572 1109 643 praesertim
1136 571 1278 629 idem
1308 573 1570 645 Carpsnm
1604 582 1658 629 et

77 667 162 721 alii
191 668 419 725 rituales
455 672 581 728 libri
600 658 842 733 'ollicium
870 676 1031 731 etiam
1059 678 1307 751 paschale
1346 679 1402 735 8.
1426 679 1659 735 Zenonis

79 776 245 826 totum
272 770 343 825 de
370 771 681 831 conlessore
701 776 954 855 pontifice
976 772 1310 839 recitandum
1330 780 1616 847 exhibeant
1642 822 1657 847 ,

78 869 215 939 quod
237 887 347 932 non
370 873 627 933 fecissent
657 876 917 955 profecto,
942 882 987 943 si
1027 882 1295 953 paschalis
1323 886 1506 952 missa,
1539 899 1661 966 quae

77 983 194 1024 cum
240 971 421 1028 cilicio
471 978 808 1036 concordare
838 980 1105 1049 debebat,
1138 986 1391 1061 martyris
1441 987 1656 1056 propria

72 1070 306 1138 judicata
347 1066 558 1133 fuisset.
601 1077 743 1136 Hinc
774 1096 938 1151 porro
976 1084 1118 1155 quod
1148 1086 1454 1158 Oppositum
1500 1103 1661 1159 supe-

78 1170 201 1225 riori
227 1176 563 1245 paragrapho
601 1178 703 1234 fuit
730 1194 797 1236 ex
841 1182 1134 1256 MicrOlogo
1163 1186 1438 1241 scribente
1480 1187 1659 1243 cilicia

78 1268 440 1329 Romanorum
471 1278 784 1345 pontilicum
811 1284 1140 1355 cteteroquin
1171 1295 1467 1359 martyrum
1500 1303 1657 1359 prop-

78 1369 155 1417 ter
178 1367 533 1423 molientium
576 1370 842 1443 dignitatis
886 1376 1190 1446 Apostolica:
1238 1391 1450 1449 peracta
1494 1381 1658 1437 fuisse

78 1456 138 1509 de
164 1461 556 1529 oonfessoribus,
586 1464 746 1521 inane
773 1482 993 1536 prorsus
1016 1472 1389 1540 cognoscitur:
1408 1471 1483 1528 illi
1512 1474 1656 1527 enim

79 1561 337 1622 martyres
380 1555 660 1625 explente
707 1556 1025 1616 dicebantur
1070 1562 1122 1617 in
1173 1562 1545 1632 orationibus,
1594 1578 1658 1620 ac

78 1653 329 1724 pmerea
354 1644 423 1702 de
450 1648 641 1704 iisdem
662 1689 679 1713 .
719 1652 793 1707 uti
824 1652 939 1722 ipse
966 1652 1289 1726 Microiogus
1315 1655 1506 1711 eodem
1540 1657 1655 1713 loco

1761 473 2097 520 transeamus
2128 455 2195 520 ad
2225 466 2351 522 alia.
2398 488 2400 495 ι

1832 557 1947 615 Duo
1974 561 2293 644 documenta
2322 563 2643 622 Veronensis
2669 565 2924 623 Ecclesia:
2951 573 3210 640 superiori
3250 588 3347 644 pa-

1760 655 2027 724 ragrapho
2055 640 2279 726 allegata
2323 671 2418 725 pro
2446 659 2682 729 martyrii
2733 660 2884 716 titulo
2927 662 3045 732 quis
3070 679 3190 719 cum
3230 640 3348 722 aliis

1760 759 1918 815 quam
1945 747 2179 815 pluribus
2213 749 2495 805 contrariis
2521 753 2831 822 comparet?
2856 753 2949 809 His
2979 756 3164 811 iisdem
3182 799 3195 819 ,
3228 774 3348 833 qua:

1752 832 2082 894 contrariam
2110 841 2348 911 ejusdem
2390 843 2641 900 Ecclesiae
2673 845 3010 927 traditionem
3040 832 3349 907 luculentis-
3384 916 3385 919 η

1760 929 1895 986 sime
1925 932 2171 988 videntur
2200 941 2465 1005 statuere,
2499 937 2756 995 inﬁrmari
2792 934 3002 1011 quoque
3031 959 3126 999 seu
3158 946 3348 1015 "potius

1759 1022 1887 1076 elidi
1911 1023 2117 1079 videtur
2142 1027 2407 1098 Anonymi
2439 1029 2700 1098 Pipiniani
2730 1042 2779 1085 et
2807 1031 3075 1089 Guilleimi
3101 1036 3351 1093 Pastren-

1760 1114 1811 1184 gi
1839 1118 2157 1187 scriptorum
2187 1118 2313 1175 licet
2354 1119 2738 1178 Veronensium
2765 1130 3054 1183 auctoritas
3077 1170 3093 1193 ,
3121 1144 3255 1198 quos
3295 1131 3348 1186 in

1760 1212 2116 1279 appellatione
2142 1216 2382 1285 martyris
2398 1230 2560 1270 unum
2585 1217 2642 1273 S.
2660 1215 2974 1289 Gregorium
2997 1230 3209 1277 secutos
3231 1238 3349 1279 ere-

1760 1301 1921 1357 dibile
1950 1312 2051 1359 est.
2084 1306 2223 1372 Quin
2255 1306 2568 1378 Anonymus
2598 1308 2909 1377 Pipinianus
2945 1326 3065 1367 cum
3094 1313 3151 1370 S.
3179 1314 3349 1371 Zeno-

1762 1409 1881 1448 nem
1907 1407 2182 1467 martyrem
2204 1411 2307 1452 una
2335 1406 2385 1452 et
2412 1402 2753 1470 confessorem
2779 1404 3029 1473 appellet,
3049 1406 3129 1461 vel
3152 1422 3217 1461 ex
3250 1407 3351 1462 hoc

1759 1497 2001 1557 apparet,
2029 1503 2148 1544 eum
2177 1489 2424 1571 inscium,
2456 1503 2750 1571 martyrne,
2777 1508 2845 1549 an
2874 1495 3149 1552 confessor
3177 1500 3234 1551 8.
3255 1498 3353 1555 Ze-

1762 1594 1833 1633 no
1881 1578 2059 1646 fnerit,
2109 1563 2341 1651 utquue,
2376 1564 2495 1652 tnta:
2529 1563 2827 1650 ferebatur,
2876 1589 3241 1657 appellationi,
3285 1606 3352 1647 ne

1761 1680 1993 1737 erraret,
2024 1672 2257 1726 voluisse
2296 1672 2628 1742 satisfacere,
2655 1687 2707 1732 et
2735 1678 2937 1732 idcirco
2964 1684 3207 1752 martyris
3227 1682 3352 1738 titu—
3452 1721 3459 1729 ρ

78 1744 241 1802 notat,
257 1737 309 1791 in
336 1737 516 1796 ofﬁcio
546 1741 1173 1813 hymnus,inuitatorium,
1202 1763 1375 1803 versus
1403 1747 1583 1804 Gloria
1607 1759 1653 1803 et
1684 1769 1730 1829 Β
1761 1758 1865 1812 lnm
1894 1774 1921 1811 τι
1952 1759 2009 1815 8.
2039 1752 2297 1832 Gregorio
2326 1763 2394 1818 ita
2424 1737 2736 1836 sumpsisse,
2765 1776 2826 1823 ut
2847 1737 3152 1841 confessoris
3173 1783 3348 1829 tamen

76 1824 282 1891 ἀσκοῖεν
314 1827 543 1885 Pauli.“
576 1846 717 1899 eum.
749 1833 989 1903 υοιηίηε,
1018 1853 1205 1911 magna
1228 1851 1299 1894 σοι
1329 1842 1493 1909 θιονία
1537 1844 1650 1912 ejus
1754 1868 1947 1908 nomen
1977 1870 2041 1910 ex
2069 1860 2280 1926 antiqua
2313 1866 2495 1929 totque
2526 1863 2844 1930 testimoniis
2870 1863 3076 1920 ﬁrmata
3100 1880 3214 1921 suae
3241 1867 3347 1924 Ec-

76 1920 340 1987 cantantrsr'
365 1932 422 1975 at
455 1927 519 1978 de
545 1925 890 1997 martyribus;
914 1944 1035 1984 cum
1063 1946 1094 1985 e
1114 1940 1301 1986 contra
1346 1931 1401 1985 in
1446 1932 1502 1988 8.
1548 1932 1648 1987 Ze—

78 2012 228 2068 nonis
268 2012 449 2070 olticlo
479 2016 619 2073 inter
650 2030 1003 2077 monumenta
1054 2024 1373 2091 referendo,
1417 2026 1650 2097 hymnus

76 2101 206 2171 ipse,
233 2104 600 2165 invitatoriam
625 2150 641 2176 ,
680 2126 868 2167 versus
889 2154 903 2179 ,
942 2115 1118 2169 omnia
1149 2114 1381 2185 denique
1420 2115 1487 2171 de
1517 2131 1649 2171 con-

82 2194 275 2253 lessore
299 2198 628 2257 dicerentur.
672 2204 928 2274 Equidem
958 2206 1036 2260 illi
1063 2207 1372 2277 pontiﬁces,
1397 2210 1484 2278 qui
1517 2210 1649 2264 certi

82 2297 193 2343 sunt
230 2299 497 2364 martyres
518 2336 533 2359 ,
564 2291 619 2349 in
663 2296 998 2354 orationibus
1024 2314 1236 2371 quoque
1274 2300 1651 2356 Sacramenta-

82 2380 269 2438 riorum
292 2394 492 2441 nostras
516 2386 847 2445 Veronensis
888 2391 1142 2447 Ecclesiae
1180 2402 1444 2463 martyres
1476 2394 1649 2448 nomi-

84 2485 286 2543 nantur,
310 2486 363 2533 et
384 2488 611 2553 martyr,
636 2497 742 2539 non
765 2494 941 2541 autem
963 2486 1241 2559 confessor
1266 2488 1405 2542 inter
1425 2500 1651 2543 caeteros

85 2578 293 2623 vocatur
323 2570 381 2627 8.
415 2568 596 2629 Sixtus
620 2574 673 2630 in
701 2575 1034 2632 orationibus
1055 2619 1070 2644 ,
1101 2594 1221 2649 qua;
1249 2579 1495 2650 leguntur
1522 2595 1652 2636 sane

84 2657 336 2716 distincta:
363 2662 434 2718 ab
476 2664 583 2720 illis
628 2667 722 2722 SS.
755 2666 1069 2728 Felicissimi
1112 2680 1166 2725 et
1202 2670 1409 2739 Agapiti
1450 2681 1649 2743 marty-

85 2766 224 2819 rum,
255 2755 477 2823 perinde
518 2771 582 2812 ac
608 2757 870 2829 Carpsum
899 2761 1186 2817 distinctas
1232 2764 1466 2831 ipsorum
1508 2764 1650 2817 allii-

1750 1945 1929 2001 clesia:
1954 1946 2240 2004 traditione
2279 1954 2796 2021 praetermittendum
2830 1972 3165 2029 nequaquam
3198 1970 3351 2031 puta-

1753 2043 1867 2103 ret;
1899 2054 1997 2107 qua
2029 2039 2215 2109 eadem
2247 2042 2314 2096 de
2368 2058 2527 2099 causa
2564 2046 2824 2103 accidisse
2860 2050 3124 2120 quispiam
3160 2055 3349 2109 existi-

1751 2136 1901 2194 met,
1972 2138 2028 2184 ut
2084 2139 2193 2185 tum
2248 2133 2298 2187 in
2352 2148 2455 2189 ms.
2510 2136 2857 2195 Medoeticnsi
2928 2141 3075 2198 Pauli
3129 2144 3349 2202 Diaeoni

1755 2229 1883 2273 tom.
1926 2237 1943 2276 1
1998 2221 2193 2278 iterum
2222 2224 2392 2281 italic.
2440 2243 2560 2299 pag.
2586 2231 2713 2298 447,
2743 2240 2851 2288 tum
2874 2233 2925 2289 in
2951 2252 3058 2292 uno
3085 2253 3115 2292 e
3140 2238 3349 2296 duobus

1752 2309 1973 2381 objectis
2002 2312 2337 2401 documentis
2366 2328 2652 2403 utrumque
2692 2340 2885 2381 nomen
2933 2329 3132 2397 pariter
3156 2330 3347 2403 junga-

1756 2412 1858 2457 tur.
1888 2394 2225 2461 Monnmenta
2247 2397 2757 2470 autem'Vernnensis
2778 2394 3053 2486 Ecclesia,
3077 2394 3198 2491 quin
3221 2394 3342 2478 eum

1753 2511 1914 2550 unum
1946 2502 2249 2571 confessoris
2280 2503 2489 2559 titulum
2534 2509 2838 2577 praeferant,
2892 2512 3196 2571 traditionis
3240 2515 3342 2572 Ec-

1753 2587 1928 2642 clesiae
1953 2590 2375 2665 ejusdemytestes
2401 2595 2686 2666 exsistunt,
2719 2601 2870 2671 plura
2892 2613 3179 2675 Suppetunt
3199 2607 3341 2678 apud

1755 2681 2051 2754 Ughellium
2071 2696 2200 2740 tom.
2234 2701 2267 2741 γ
2293 2687 2456 2744 italia:
2486 2705 2650 2746 sacrm
2681 2708 2710 2747 a
2734 2696 2995 2765 pag.705,
3028 2708 3081 2754 et
3109 2700 3209 2756 alia
3233 2716 3341 2757 non

1753 2790 1940 2846 pauca,
1969 2793 2086 2847 quas
2122 2793 2187 2833 ex
2227 2780 2478 2835 archiviis
2505 2782 2627 2859 addi
2661 2796 2880 2855 possent
2915 2791 3147 2859 :quibus
3170 2794 3345 2848 omni-

88 2845 281 2912 phonas
308 2850 505 2918 posuit.
539 2850 803 2909 Similiter
830 2854 991 2909 etiam
1025 2856 1083 2911 S.
1120 2856 1327 2911 Blasius
1357 2900 1370 2923 ,
1401 2858 1490 2927 Qui
1518 2872 1651 2913 con-
1753 2845 1852 2922 bns
1868 2845 2183 2940 antiquitate
2203 2882 2418 2941 praestat
2440 2845 2786 2943 chartaanno
2809 2878 2931 2943 769,
2959 2845 3010 2935 in
3035 2882 3152 2938 vico
3176 2884 3356 2947 Carm.

86 2938 244 2997 lesser
270 2942 468 3001 dicitur
511 2962 618 3003 non
667 2958 772 3003 tam
802 2950 855 3006 in
885 2948 1205 3007 Gntendario
1233 2953 1455 3023 Carpsl,
1490 2969 1647 3023 quam
1754 2960 1969 3035 pellone
2000 2938 2421 3020 rMediolanensls
2460 2940 2711 3024 dimeesis
2760 2938 2982 3042 scripta,
3026 2983 3080 3029 et
3122 2938 3337 3033 edita—na

87 3032 134 3087 in
192 3036 296 3091 alio
344 3038 563 3095 alterius
626 3040 746 3096 libri
808 3043 1276 3099 Sacramentorum
1316 3047 1495 3100 saeculi
1552 3062 1645 3114 xu,
1754 3032 2065 3108 marchinne
2093 3053 2298 3110 Maii‘eio
2329 3056 2467 3112 inter
2492 3071 2854 3129 monumenta,
2885 3079 3003 3133 qua:
3024 3065 3124 3135 ipsi
3154 3069 3204 3121 in
3234 3068 3337 3126 Ve-

86 3132 270 3190 przrter
294 3143 454 3198 quam
485 3132 628 3201 quod
671 3131 725 3187 in
756 3132 873 3187 aliis
912 3133 1248 3190 Calendariis
1278 3150 1408 3189 mss.
1450 3146 1653 3205 martyr
1679 3142 1724 3204 C
1758 3144 1973 3197 ronensi
2026 3143 2244 3200 historia
2294 3146 2607 3205 illustranda
2667 3136 2782 3208 usui
2853 3131 3065 3212 luerunt
3118 3170 3253 3227 part.
3280 3177 3334 3230 ι,

89 3216 413 3286 inscribitur,
466 3223 518 3278 in
543 3224 877 3283 orationibus
926 3236 1071 3281 certe
1112 3228 1346 3283 omnium
1393 3228 1648 3283 librorum
1758 3248 1875 3302 pag.
1901 3232 2025 3299 575;
2060 3236 2110 3289 in
2138 3236 2235 3291 hac
2262 3248 2437 3293 autem
2467 3252 2797 3299 memoratur
2822 3245 3043 3303 Basilica
3069 3251 3339 3308 beatissimi

89 3315 320 3385 martyris
350 3316 715 3386 appellatione
743 3327 1057 3375 constanter
1095 3318 1342 3375 donatur.
1374 3320 1451 3375 De
1487 3330 1648 3376 caste-

90 3406 152 3460 ris
194 3418 367 3465 autem
399 3410 566 3465 tribus
608 3412 936 3483 martyribus
973 3412 1296 3477 Adalherto,
1343 3413 1644 3481 Bonifacio,

92 3496 303 3570 Vigilio,
350 3517 489 3581 quos
532 3488 937 3561 conles'soribus
980 3517 1231 3562 accenset
1275 3503 1647 3561 Calendarlnm

90 3591 293 3664 Carpsi,
325 3594 573 3668 Vigitium
603 3609 785 3653 autem
814 3599 1087 3670 inscriptio
1120 3599 1172 3655 in
1204 3599 1263 3656 S.
1290 3600 1535 3666 Helenae,
1568 3615 1651 3655 ra-

92 3686 269 3743 tionem
296 3687 507 3745 adferre
548 3690 751 3745 nullam
784 3705 1068 3761 possumus
1092 3732 1105 3757 ,
1158 3702 1335 3748 utrum
1368 3694 1418 3746 in
1450 3696 1651 3748 oratio-

92 3776 231 3833 nibus
250 3788 511 3851 martyres
536 3780 846 3837 dicerentur
872 3797 1073 3851 necne,
1103 3797 1222 3837 cum
1247 3783 1301 3837 in
1336 3784 1507 3839 tribus
1539 3799 1652 3839 me—

94 3874 291 3929 moratis
333 3873 806 3931 Saeramentorum
843 3875 993 3930 libris
1030 3875 1212 3931 nullibi
1262 3888 1647 3933 memorentur.

92 3962 402 4034 Nequiliud
428 3964 965 4036 pratermittendum,
999 3965 1140 4036 quod
1171 3968 1224 4020 in
1252 3965 1481 4036 Carpso,
1511 3966 1649 4022 unde

93 4065 242 4113 totum
284 4071 657 4131 argumentum
709 4059 940 4130 pendet,
974 4058 1175 4129 allquOt
1214 4074 1426 4115 errores
1465 4072 1653 4115 occur-

94 4157 223 4217 rant,
251 4154 340 4223 qni
372 4153 532 4208 tidem
555 4154 673 4224 ejus
718 4167 823 4208 non
852 4151 985 4207 nihil
1013 4160 1325 4207 extenuant.
1372 4151 1546 4208 Unum
1596 4152 1649 4208 in

95 4257 195 4297 rem
234 4252 553 4314 prasentem
598 4244 939 4300 commodum
970 4244 1202 4315 exempli
1251 4246 1422 4316 gratia
1454 4259 1653 4315 propo-

94 4324 279 4392 namus.
310 4336 368 4393 In
412 4337 694 4408 praemisso
717 4335 1041 4394 Calendario
1070 4352 1085 4391 :
1118 4336 1165 4391 Χ
1184 4335 1221 4390 ν
1273 4336 1385 4392 Cat.
1435 4337 1653 4410 Augusti

98 4425 205 4485 Nat.
236 4429 295 4488 8.
328 4430 519 4487 Hamis
547 4429 826 4505 ethilastri
854 4447 951 4497 m.;
974 4441 1028 4487 et
1072 4432 1123 4486 in
1166 4430 1281 4501 ipso
1309 4428 1511 4506 Carpso
1544 4449 1556 4485 :
1585 4430 1651 4485 In

99 4519 208 4578 Nat.
237 4522 548 4580 Sanctarum
590 4523 781 4579 Mamre
807 4534 855 4579 et
883 4522 1099 4578 Filastri
1128 4539 1179 4577 α.
1211 4533 1258 4578 et
1300 4540 1379 4594 ps.
1425 4533 1471 4578 et
1513 4522 1580 4579 R.
1611 4534 1655 4579 et
1681 4531 1736 4595 1)

97 4622 237 4669 totum
261 4618 584 4687 afﬁciamus
610 4617 837 4688 pluribus
864 4618 1193 4689 martyribus.
1244 4617 1317 4699 in,
1344 4618 1424 4672 his
1454 4620 1649 4673 mirum

98 4711 313 4777 proiecto
350 4715 599 4772 accidere
624 4713 815 4785 debet,
846 4713 904 4771 8.
934 4710 1302 4779 Philastrium,
1336 4713 1424 4785 qui
1453 4724 1505 4768 et
1531 4713 1648 4767 Bri-

101 4802 187 4856 xia:
220 4814 271 4861 et
313 4808 511 4879 ubique
540 4822 757 4878 semper
786 4805 1111 4863 confessoris
1143 4807 1289 4862 cultu
1340 4816 1651 4875 prosecutus

100 4896 208 4961 luit,
236 4907 291 4952 et
312 4896 574 4971 confessor
620 4898 748 4954 item
800 4896 1103 4970 appellatur
1141 4914 1171 4955 a
1202 4898 1266 4954 S.
1314 4888 1614 4955 Gaudentio
1636 4939 1651 4965 ,

99 4985 174 5053 qui
205 4986 374 5045 eidem
402 4989 703 5057 successit,
735 4999 787 5045 ct
814 5006 845 5045 a
878 4989 1167 5061 Ramperto
1209 4990 1369 5049 etiam
1402 4990 1653 5044 Brixiano

102 5076 352 5146 Antistlte,
385 5094 484 5135 nec
529 5096 636 5136 non
666 5081 718 5136 in
746 5081 1094 5152 inscriptione
1140 5096 1308 5151 nuper
1357 5090 1651 5135 memorata

105 5163 403 5227 Veronensis
428 5170 691 5229 Ecclesia
720 5173 774 5228 in
819 5171 877 5228 8.
930 5172 1179 5241 Helenae,
1232 5172 1319 5227 ubi
1372 5173 1564 5240 legitur
1588 5172 1651 5227 S.

108 5258 347 5319 “illud!
386 5268 636 5338 confess,
664 5266 809 5321 hunc
837 5266 1083 5337 eumdem
1109 5307 1123 5333 ,
1156 5263 1367 5336 inquam
1395 5306 1411 5334 ,
1442 5265 1496 5321 S.
1530 5264 1656 5319 Phi-

105 5350 317 5411 lastrium
365 5358 505 5414 inter
550 5366 804 5431 martyres
868 5354 1214 5427 nihilominus
1266 5356 1537 5411 recenseri
1600 5358 1651 5411 in

106 5438 297 5513 Carpso,
323 5455 378 5500 et
404 5446 456 5500 in
487 5459 554 5500 eo
580 5443 800 5515 quidem
820 5441 1046 5510 Carpso,
1069 5444 1159 5512 qui
1187 5459 1290 5496 non
1315 5444 1490 5497 nullos
1522 5460 1651 5511 pnn-

109 5529 255 5590 tilees
276 5545 425 5593 certo
444 5543 713 5606 martyres
737 5530 1110 5587 conlessorum
1142 5534 1356 5590 nomine
1383 5533 1647 5603 designat.

112 5617 156 5673 id
171 5621 230 5678 ab
251 5638 430 5689 errore
454 5624 672 5698 purgari
705 5637 862 5695 posse
884 5620 1142 5696 [cxxxvn]
1172 5638 1329 5679 nemo
1351 5624 1566 5678 dixerit.
1596 5624 1651 5681 In

112 5718 196 5776 hac
225 5716 399 5785 autem
422 5734 573 5799 parte
599 5725 645 5781 si
669 5724 858 5794 Carpsi
878 5733 1066 5779 auctor
1077 5723 1298 5793 erravit,
1316 5726 1433 5795 quis
1458 5726 1511 5781 in
1533 5724 1653 5782 aliis

1754 3334 1800 3379 et
1832 3328 2139 3398 confessoris
2176 3328 2364 3385 Christi
2387 3330 2626 3389 Zenonis.
2661 3336 2752 3391 His
2780 3339 2917 3395 adde
2944 3342 3341 3415 inscriptiones.

1755 3418 1956 3474 Prarter
1995 3421 2136 3504 illam
2172 3422 2221 3476 in
2252 3422 2307 3479 S.
2342 3423 2556 3480 Helena:
2593 3429 2841 3497 superius
2870 3434 3152 3504 allegatum
3198 3439 3338 3495 idem

1754 3510 1932 3581 Scipio
1963 3498 2201 3570 Mai't‘eins
2222 3516 2377 3571 aliam
2413 3518 2607 3588 publici
2630 3520 2765 3590 juris
2801 3525 2924 3579 fecit
2950 3498 3076 3581 tum.
3111 3545 3145 3584 ll
3172 3530 3344 3589 Vero-

1755 3620 1837 3659 na:
1866 3606 2059 3660 lilnstr.
2094 3622 2213 3677 pag.
2245 3606 2370 3673 515,
2406 3626 2523 3680 qua:
2550 3627 2693 3668 anno
2721 3615 2878 3682 “25,
2925 3619 2975 3671 in
3008 3620 3122 3688 ipso
3151 3620 3208 3678 S.
3236 3622 3338 3679 Ze-

1756 3698 1911 3754 nonis
1937 3700 2263 3755 monasterio
2284 3702 2544 3757 Collocata
2566 3705 2927 3763 confessorem
2952 3709 3223 3768 Zenonem
3252 3730 3343 3770 so-

1753 3791 2026 3846 lummodo
2076 3793 2333 3847 nominat.
2380 3794 2556 3851 Aliam
2602 3798 2800 3856 addere
2843 3792 2969 3859 licet
3015 3805 3065 3860 in
3115 3808 3341 3864 ecclesia

1754 3882 1947 3938 Montis
1974 3886 2134 3939 Anrei
2166 3886 2416 3942 dimensis
2446 3887 2772 3948 Veronensis
2798 3894 2955 3949 sitam
2974 3940 2987 3963 ,
3016 3914 3173 3968 quam
3207 3917 3343 3958 non-

1753 3976 1877 4029 dum
1923 3974 2176 4031 hactenus
2219 3977 2449 4046 editam,
2501 3990 2554 4035 et
2594 3996 2622 4035 a
2673 3982 2729 4038 Ρ.
2762 3984 3000 4057 Josepho
3029 3990 3345 4051 Blanchinio

1754 4067 1880 4124 olim
1923 4068 2205 4141 diligenter
2250 4070 2579 4142 cxscriptam
2622 4073 2707 4132 hic
2759 4079 3150 4153 appingcndam
3180 4095 3338 4157 puta-

1753 4177 1893 4218 IDUS.

1892 4296 2006 4372 Ili.
2045 4296 2111 4373 ﬁ.
2154 4296 2225 4371 ﬁ.
2267 4312 2378 4372 LX.
2418 4297 2553 4383 1W.
2596 4316 2734 4375 xut.
2778 4303 2828 4379 ὃ

1892 4403 2087 4478 θεῖς’ῆῖ
2131 4404 2194 4476 E.
2237 4403 2303 4476 IT.
2346 4408 2620 4480 teucri?
2657 4422 2796 4482 XVI.
2838 4424 2992 4485 CAL.

1899 4507 2046 4588 sibi
2088 4530 2179 4585 an
2221 4512 2377 4585 tam.
2414 4513 2475 4586 "s‘.
2518 4530 2559 4603 τ
2596 4528 2683 4585 ΕΤ
2723 4529 2779 4583 8.
2822 4530 2989 4588 MHL.

1899 4639 2009 4699 ET.
2056 4621 2271 4712 suos.
2315 4623 2505 4711 tum.
2546 4636 2879 4695 essronn.

1904 4750 2010 4806 liT.
2054 4750 2388 4816 VICTORIS.
2436 4747 2543 4806 ET.
2584 4732 2803 4823 scGﬁ‘.
2844 4737 2937 4810 ei“

1902 4843 2205 4900 MARTiNI.
2248 4842 2540 4914 ZENONIS

1904 4950 2006 5009 ET:
2053 4950 2322 5008 ltEMlGll.
2367 4950 2431 5008 A.
2474 4949 2537 5012 τ.
2582 4952 2644 5017 v,
2690 4934 2831 5025 Ε’ρδ

1752 5086 1907 5142 idest
1936 5105 1947 5141 :
1982 5088 2129 5142 Anno
2177 5087 2384 5141 Domini
2419 5086 2573 5153 1060,
2608 5088 2881 5143 indictione
2927 5088 3014 5155 i5,
3043 5098 3336 5145 consecrata

1755 5190 1825 5233 est
1880 5179 1985 5234 Isaac
2032 5182 2271 5247 ecclesia,
2316 5180 2381 5235 i6
2427 5181 2538 5235 Cal.
2592 5181 2933 5252 Septembris,
2984 5182 3052 5237 ad
3099 5180 3344 5238 honorent

1757 5270 1961 5325 Sancta:
1987 5272 2161 5324 Crucis
2202 5283 2248 5324 et
2274 5271 2337 5327 Β.
2387 5272 2653 5325 Michaelis
2674 5312 2687 5337 ,
2716 5276 2765 5330 e't
2809 5273 3118 5331 Sanctorum
3153 5285 3343 5345 marty-

1757 5377 1868 5414 rum
1906 5357 2124 5413 Castorii
2165 5370 2211 5412 et
2263 5358 2503 5425 Victoris,
2547 5374 2593 5413 et
2636 5361 2944 5418 Sanctorum
2982 5365 3341 5435 Confusarum

1760 5448 2005 5514 Martini,
2038 5446 2292 5513 Zenonis,
2337 5456 2383 5501 et
2425 5448 2647 5516 Remigii
2686 5467 2720 5503 a
2758 5450 3345 5531 Tropatdoyeronensi

1759 5542 2011 5609 episcopo.
2046 5540 2308 5593 Praeterea
2339 5536 2393 5593 in
2439 5538 2779 5607 lectionibus,
2829 5557 2953 5611 quae
2991 5554 3114 5604 ante
3141 5546 3339 5613 Lippa-

1760 5647 1972 5687 manum
1998 5632 2049 5686 in
2081 5633 2137 5687 8.
2170 5631 2399 5687 Zenonis
2427 5630 2559 5687 festo
2596 5631 2744 5688 lecta:
2773 5634 3004 5703 luerunt,
3034 5637 3173 5692 nulla
3201 5650 3345 5697 mar-

1759 5722 1882 5795 tyrii
1920 5722 2151 5780 occurrit
2193 5722 2424 5791 mentio;
2467 5732 2522 5779 et
2548 5722 2722 5780 solum
2746 5722 2943 5784 ibidem
2968 5727 3161 5798 legitur
3192 5743 3205 5782 :
3234 5726 3341 5784 Re.
