3826 6226
436 319 536 375 167

437 439 646 513 quievit,
688 442 777 487 aut
801 436 1027 500 receptus
1055 432 1129 479 est
1157 422 1208 476 in
1236 434 1376 493 pace.

439 486 646 513 '1"""*v
694 486 698 487 ν
766 486 773 487 ί
912 486 921 500 1
1236 486 1245 493 .

439 533 505 588 tis
536 528 776 589 Statutis,
805 535 858 577 ct
889 523 938 574 iu
969 520 1052 585 iis,
1082 531 1200 585 qua:
1229 513 1402 567 adhuc
1432 508 1631 578 vigent,
1664 516 1782 556 cum
1823 486 1878 552 S.
1913 495 2012 548 Zeo

439 641 505 679 no
532 634 752 685 magnus
791 616 935 671 urbis
965 612 1223 668 Patronus
1248 621 1371 660 nom
1397 616 1573 666 natur,
1605 597 1875 665 Confessor
1903 596 2019 643 tan-

436 725 545 772 tum
574 714 787 771 dicitur,
804 708 852 762 id
870 697 1351 777 ipsumqueaccidit
1369 691 1647 750 increteris
1675 684 1907 764 civitatis
1922 682 2019 735 de-

433 808 735 873 cretis,qua:
752 818 844 870 pro
863 795 1135 867 ejuscultu
1166 793 1269 845 lata
1294 789 1524 843 fuerunt.
1546 783 1599 837 ln
1626 760 1876 835 omnibus
1904 773 2022 827 lita-

435 900 540 956 niis
558 909 666 951 tum
691 902 885 948 nostra:
907 902 1017 944 tum
1039 886 1265 941 aliarum
1292 880 1669 937 Ecclesiarum.
1686 885 1818 944 quas
1841 882 1961 937 cap.
1990 866 2024 919 4

439 994 725 1072 [enimn]
742 990 1112 1049 iudirabimus,
1131 983 1220 1037 ille
1235 982 1374 1033 inter
1395 974 1734 1030 COIIrCSSllI't'S
1766 973 2019 1021 c0ustan-

1362 1068 1390 1072 --
1496 1065 1526 1072 η
1632 1060 1661 1072 ..
1853 1064 1883 1072 7.
1904 1052 1921 1072 .
1949 1054 1993 1072 ε-

439 1052 526 1072 ι“”
709 1052 725 1067 ,ι

438 1104 519 1148 ter
534 1094 918 1147 rereusetttr,et
936 1082 985 1133 in
1006 1079 1110 1132 illis
1127 1084 1341 1144 qunque
1362 1065 1559 1121 Iitaniis
1580 1060 1754 1115 adhuc
1774 1064 1889 1126 post
1904 1052 2025 1121 Lip-

439 1196 728 1255 pomanutn
761 1179 813 1231 in
841 1166 1310 1228 commendatione
1337 1158 1533 1214 animae
1555 1145 2026 1227 recitarisolttisin

440 1275 678 1334 Ecclesia
731 1266 1052 1329 Veronensi,
1091 1273 1209 1330 qua:
1240 1273 1269 1310 a
1294 1255 1502 1309 Joanne
1528 1244 1782 1302 Mauham
1804 1239 2031 1295 Giherto

439 1389 507 1427 an
548 1368 677 1425 l556
708 1367 932 1434 prituutu
961 1352 1301 1426 impressazin
1319 1346 1447 1401 libro
1465 1338 1943 1396 catechumenorum
1965 1326 2033 1381 ad

440 1478 590 1519 usum
611 1456 853 1513 Ecclesiae
874 1446 1180 1506 cathedralis
1200 1442 1438 1503 Veronae,
1458 1447 1602 1489 anno
1622 1424 1847 1485 subinde
1873 1420 2028 1484 l573,

442 1554 738 1623 Augustino
760 1543 974 1600 Valerio
1002 1538 1257 1606 episcopo
1286 1529 1506 1583 nihilum
1538 1526 1852 1575 immutante
1883 1526 2037 1567 recu-

441 1662 515 1701 sa:
544 1645 757 1698 fuerunt
788 1657 800 1693 :
832 1650 989 1705 quam
1031 1630 1243 1699 quidem
1296 1618 1645 1674 mulationem
1686 1610 1857 1664 solum
1894 1616 2036 1658 anno

444 1695 625 1803 {EO—9:
675 1731 774 1788 sub
833 1695 1062 1784 Alberto'
1110 1716 1320 1771 Valerio
1347 1712 1539 1767 factam
1587 1706 1814 1775 legimus
1859 1699 1911 1749 iu
1946 1695 2038 1748 lli-

444 1829 573 1886 tuali
619 1819 944 1880 Veronensis
982 1812 1258 1874 ecclesiae,

438 1921 651 1977 suribns
698 1915 763 1971 ad
817 1922 1081 1979 martyres
1140 1906 1192 1957 in
1252 1899 1440 1954 iisdem
1508 1888 1707 1946 litauiis
1793 1881 2039 1944 traducto

440 2031 561 2087 pag.
592 2012 681 2073 86,
714 2018 769 2063 et
798 2006 991 2060 iterum
1021 2001 1073 2053 iu
1102 1994 1222 2052 aliis
1255 2001 1372 2061 post
1409 1985 1652 2044 Psalmos
1696 1974 2039 2049 pmuitentia-

441 2068 543 2171 les”,
567 2113 687 2178 pag;
715 2103 843 2159 209.
870 2100 1110 2166 Quatuor
1132 2100 1391 2161 praeterea
1413 2083 1880 2139 Sacramentorum
1914 2068 2035 2123 libri

442 2196 768 2258 Veronensis
799 2191 1074 2247 Ecclesiae,
1123 2183 1375 2237 nimirum
1406 2189 1517 2230 tres
1554 2167 1890 2239 Capitulares
1920 2205 1934 2228 ,
1983 2168 2039 2214 et

606 2285 854 2346 Sodalitli
894 2281 952 2337 S.
984 2278 1163 2333 Mariae
1200 2273 1268 2327 de
1297 2270 1487 2332 Domo,
1532 2266 1583 2315 in
1606 2259 1828 2315 Canotte
1859 2254 2037 2306 missa:

442 2391 500 2445 S.
532 2387 804 2442 Zenonem
854 2378 991 2431 inter
1021 2367 1358 2425 confessores
1406 2355 1669 2415 referunt,
1722 2358 1777 2403 et
1824 2359 1933 2399 tres
1972 2358 2036 2395 ex

446 2484 549 2546 his,
581 2478 829 2535 nimirum
856 2466 1210 2539 Capttulares,
1243 2456 1317 2510 ita
1350 2453 1411 2508 S.
1442 2449 1713 2504 Zemuiem
1759 2435 2037 2493 coul'eSso-

443 2531 593 2636 ribus
640 2570 864 2629 addunt,
915 2531 971 2617 ut
1016 2556 1114 2614 SS.
1167 2551 1410 2607 Firmum
1463 2552 1518 2597 et
1569 2536 1846 2593 Rusticum
1902 2531 2040 2582 inter

443 2680 704 2738 martyres
735 2660 961 2717 recitent
987 2653 1066 2706 sic
1096 2666 1108 2700 :
1162 2638 1699 2699 Comntunirantes....
1736 2620 2036 2683 Laurentii,

1248 2735 1257 2738 λ
1330 2730 1343 2738 -
1495 2726 1505 2737 ι
1593 2716 1790 2738 -τιηιι
1844 2712 2036 2738 tu“...

444 2712 614 2817 Firmli
643 2766 688 2809 et
718 2748 911 2807 thici
931 2786 946 2809 ,
976 2735 1290 2812 Crysogoni,
1312 2726 1533 2784 Joannis
1558 2732 1603 2776 et
1635 2716 1813 2781 Pauli,
1843 2712 2040 2767 Cosma:

444 2864 490 2909 et
508 2846 763 2911 Damiani,
787 2837 992 2899 Hilarii,
1011 2829 1243 2889 Martini,
1270 2809 1820 2893 Augustini,Gregorii,
1847 2805 1890 2857 Η
1900 2807 2034 2856 iero-

445 2942 603 3016 nymi,
622 2951 768 3008 atque
794 2926 1075 2987 Benedicti,
1097 2914 1306 2975 Proculi
1328 2922 1373 2967 et
1394 2907 1637 2970 Zenonis,
1664 2911 1749 2957 etc
1801 2896 2037 2959 Nullum,

447 2991 507 3093 ιιῖ
523 2991 813 3093 credimus,
836 3023 1143 3089 exemplum
1166 3008 1379 3066 adferre
1400 3006 1662 3074 quispiam
1692 2991 1905 3060 poterit.
1933 3002 2040 3058 quo

445 3115 1041 3198 aliquisuutrtyrsivein
1062 3103 1260 3167 litauiis
1286 3099 1398 3153 sive
1427 3097 1479 3147 iu
1504 3092 1722 3147 Cauone
1749 3084 1926 3139 missae
1958 3081 2038 3132 itt-

1312 3190 1323 3198 .
1546 3190 1558 3198 ,
1742 3174 1885 3198 "Mm
1916 3186 2038 3198 mm

448 3174 889 3275 terjctmfessores
914 3203 1117 3274 positus
1136 3190 1447 3250 ostendatur
1472 3202 1487 3238 :
1510 3190 1567 3237 et
1589 3181 1633 3233 si
1661 3181 1719 3234 S.
1742 3174 1888 3231 Zeno
1916 3186 2043 3227 nos-

450 3323 531 3366 tcr
554 3321 681 3363 vere
732 3302 919 3357 fuiSset
972 3299 1195 3361 martyr,
1250 3286 1387 3338 sicut
1433 3280 1660 3334 Sancms
1704 3269 1941 3324 Firmum
1990 3272 2045 3318 et

447 3401 725 3460 Ru~ticum
757 3394 893 3447 inter
918 3395 1184 3455 martyres
1212 3378 1453 3432 inserere
1476 3384 1581 3423 non
1611 3364 1941 3423 dubitarunt,
1971 3355 2044 3409 ita

451 3498 508 3553 S.
541 3493 813 3548 Zenonem
855 3492 1104 3551 maguum
1139 3473 1432 3527 Patronum
1470 3464 1609 3515 inter
1637 3454 1853 3511 eosdem
1878 3448 2045 3505 multo

357 3622 363 3628 ι
453 3590 623 3659 magis
654 3576 1041 3638 recensendum
1079 3565 1428 3638 judicasseut.
1480 3550 1652 3609 Siunli
1692 3547 1905 3617 quidem
1955 3557 2044 3595 ra—

1238 3656 1246 3659 ‘
1312 3654 1340 3659 ··
1434 3648 1445 3659 ·
1563 3650 1569 3658 ο
1642 3639 1873 3659 nunc“
1909 3635 2044 3659 2.....-

451 3635 597 3739 timie
624 3679 676 3733 in
704 3667 992 3737 suffragiis,
1021 3677 1140 3732 qua:
1169 3656 1249 3710 vel
1274 3654 1400 3708 olim
1434 3648 1533 3701 hac
1559 3650 1612 3697 in
1640 3639 1878 3696 Ecclesia
1909 3635 2047 3688 inter

450 3772 625 3829 officia
655 3728 1054 3824 recitabantur,
1082 3749 1184 3807 etsi
1212 3743 1481 3803 Tebaldus
1521 3755 1610 3793 an.
1644 3733 1781 3791 1505
1801 3772 1815 3798 ,
1851 3730 1901 3783 itt
1930 3728 2043 3797 ipsa

453 3863 833 3921 Constitutione
853 3855 920 3908 ab
947 3851 1201 3918 episcOpo
1235 3840 1393 3913 l’etro
1426 3830 1697 3901 SCaIigero
1725 3824 1914 3880 eodem
1946 3835 2047 3873 sze-

454 3960 573 4016 eulo
608 3953 943 4010 confirmata,
975 3958 1076 4013 qua
1121 3935 1312 3993 eadem
1357 3911 1607 3994 sull‘ragia
1650 3918 1862 3982 indixit,
1893 3913 1961 3969 de
1987 3911 2042 3966 S.

453 4052 672 4110 Zenone
698 4047 855 4101 Patre
894 4047 948 4094 et
969 4036 1200 4090 Patrono
1229 4024 1388 4093 hujus
1411 4015 1657 4075 Civitatis
1687 4012 1912 4082 primum
1947 4004 2046 4058 ho-

455 4135 975 4199 norificentissimam
1032 4120 1356 4179 mentionem
1405 4110 1592 4171 faciat,
1641 4114 1751 4159 tum
1782 4115 1910 4155 vero
1946 4094 2041 4151 SS.

456 4245 750 4304 martyrum
777 4220 991 4290 Georgii
1013 4226 1066 4271 et
1086 4209 1253 4268 Firmi
1280 4222 1343 4259 ac
1368 4200 1607 4257 Rustici:
1640 4206 1821 4248 tamen
1848 4187 2046 4242 suffra-

458 4279 749 4304 ......-,-_-__
795 4279 803 4280 7
842 4279 845 4280 7
922 4279 950 4290 υ

457 4330 666 4402 giorum
717 4318 959 4375 ordinem
1010 4307 1319 4375 adsignatis,
1375 4293 1477 4350 SS.
1528 4296 1822 4357 martyrum
1877 4279 2048 4348 primo

1090 4400 1099 4402 _
1790 4369 2044 4402 “nam”

459 4369 601 4484 lloco,
630 4415 754 4472 dein
799 4410 859 4465 S.
903 4400 1134 4461 Zenonis
1181 4385 1749 4448 commemorationem
1790 4369 2047 4441 agendam

1423 4476 1487 4484 -.
1693 4468 1752 4481 ..
1952 4464 2047 4484 ,ιη

463 4464 601 4484 ...νη
633 4464 753 4472 η---
819 4464 827 4465 7

463 4516 720 4572 insinuat,
747 4501 887 4576 quod
903 4511 1034 4555 sane
1063 4493 1260 4547 factum
1286 4498 1392 4538 non
1419 4476 1629 4539 fuisset,
1655 4468 1755 4524 nisi
1784 4464 1923 4537 quod
1952 4464 2050 4516 hac

460 4614 515 4669 in
546 4602 777 4665 Ecclesia
803 4594 1081 4655 confessor
1126 4587 1411 4661 haberetur
1453 4574 1513 4630 S.
1564 4568 1731 4631 Zeno,
1774 4578 1878 4617 non
1903 4574 2047 4614 mar-

462 4714 547 4775 tyr
576 4720 590 4755 :
619 4684 1159 4753 commemorationes
1203 4652 1383 4729 autem
1430 4675 1747 4734 martyrum,
1777 4652 2051 4712 confesso-

1107 4772 1116 4775 ·
1528 4759 1761 4775 ηυμη..
1822 4746 1951 4775 tu...
1997 4743 2048 4775 ς..

462 4743 582 4850 ritm
626 4772 1225 4845 comtnemorationibus
1269 4775 1483 4830 semper
1526 4759 1785 4827 pra-eunt.
1822 4746 1953 4800 Hinc
1997 4743 2048 4797 in

461 4882 741 4947 vetustiori
767 4891 978 4951 quoque
1026 4867 1213 4925 codice
1258 4851 1553 4926 Capitnluri
1600 4845 1779 4903 seaculi
1832 4839 2050 4896 circiter

463 4998 588 5047 xm,
614 4981 666 5033 in
694 4989 801 5047 quo
825 4968 1127 5026 orationes,
1177 4953 1468 5013 lectiones,
1519 4954 1571 4998 et
1617 4936 1926 5004 antiphonae
1955 4945 2052 5000 per

463 5026 554 5041 ...η
572 5026 588 5047 ,
757 5026 787 5028 .7

460 5090 657 5132 annum
682 5026 734 5124 εἶ
758 5061 984 5135 propria:
1011 5065 1064 5111 et
1088 5059 1398 5108 communes
1426 5041 1743 5096 Sanetorum
1766 5026 2051 5084 continenn

465 5177 571 5233 tur,
601 5166 712 5219 haec
734 5154 981 5224 sullragia
1003 5147 1191 5205 eodem
1223 5138 1413 5196 ordine
1434 5127 1741 5203 pra‘scripta
1772 5118 2048 5190 reperiun-

1534 5226 1544 5233 .
1754 5214 1770 5233 ,
1833 5211 2003 5233 nm“

467 5211 571 5233 ....,
602 5211 711 5219 η..-
735 5211 775 5215 -7
802 5211 828 5212 77
901 5211 929 5224 ν

464 5272 553 5318 ιιιι·
578 5261 629 5312 in
650 5252 921 5311 matutinis
962 5254 1016 5301 et
1034 5234 1280 5308 vesperis
1310 5250 1323 5284 :
1367 5238 1424 5281 ut
1469 5226 1698 5295 primum
1738 5214 1807 5271 de
1831 5211 2005 5267 Cruce
2031 5248 2046 5273 ,

467 5307 852 5416 lum-denpace,
879 5338 1000 5394 dein
1030 5335 1098 5389 de
1208 5323 1372 5383 Maria
1395 5316 1570 5390 (cujus
1612 5307 1849 5381 quotidie
1881 5313 2058 5358 muta-

468 5396 983 5506 ὲξῖξιῖᾎῖιῖίζζιζυηη)
1016 5437 1201 5498 postea
1223 5420 1291 5475 de
1318 5417 1378 5472 S.
1409 5409 1661 5480 Georgio,
1689 5404 1757 5459 de
1791 5398 1886 5455 SS.
1919 5396 2052 5451 ller-

469 5550 684 5604 magora
714 5540 767 5585 et
790 5528 1105 5584 Fortunato,
1133 5516 1314 5571 Firmo
1343 5516 1397 5564 et
1440 5503 1683 5562 Rustico,
1731 5493 1961 5550 subinde
1987 5488 2056 5542 de

471 5628 531 5685 S.
558 5581 793 5687 Zenone,
826 5627 881 5673 et
907 5611 1122 5669 tandem
1145 5608 1211 5660 de
1237 5600 1487 5658 omnibus
1518 5592 1768 5652 Sanctis;
1797 5594 1849 5640 et
1893 5583 1944 5636 in
1978 5581 2057 5648 ip-

475 5723 549 5777 sis
569 5716 779 5787 quidem
804 5706 1089 5773 suffragiis,
1123 5715 1240 5769 qua:
1264 5711 1329 5749 ex
1353 5690 1542 5746 eodem
1570 5682 1757 5738 codice
1783 5673 2054 5734 dabimus,

1371 5781 1383 5787 -
1617 5771 1629 5787 I
1670 5781 1682 5787 -
1750 5765 1885 5787 AJJ-
1920 5757 2054 5787 -..ΛΑ

478 5757 1213 5869 “SiZ‘eln‘owsolo—Coiifocsoris
1243 5781 1458 5842 nomine
1495 5771 1709 5847 gaudet.
1742 5765 1889 5823 Adde
1917 5757 2059 5830 quod

1826 274 2358 341 l’llOLEGOMENA.

1408 416 1464 471 ltt
1491 406 1815 468 Veronensis
1837 402 2023 458 civila-
2050 401 2099 458 Λ
2128 409 2226 449 nec
2257 388 2565 452 Ratberius,
2612 382 2700 455 qui
2731 380 2789 437 S.
2822 380 3096 436 Zenonem
3144 372 3257 431 suis
3288 371 3340 428 in
3380 370 3625 438 operibus
3652 377 3701 421 et

1302 1805 1360 1860 S.
1425 1771 1663 1855 ZGIIOIIe'
1711 1809 1740 1846 a
1816 1786 2029 1843 coitfes-
2066 1774 2114 1834 Β
2144 1778 2347 1850 tyt'ibus
2400 1774 2638 1839 exstitit,
2688 1771 2911 1839 ejusque

2071 3140 2117 3203 C

3600 254 3696 308 168

2120 480 2433 540 honorificis
2478 476 2691 549 quidem
2733 472 2899 527 titulis
2948 468 3164 538 allegat,
3220 479 3318 521 uec
3367 456 3701 525 mauuseripti

2123 585 2380 632 tractatus
2406 571 2523 642 ejus
2549 567 2907 629 continentes,
2928 563 3081 618 ‘iutt-r
3108 573 3243 627 quos
3273 554 3542 612 lieutensis
3570 550 3705 604 anti-

2121 669 2411 743 quissimus
2441 665 2563 720 huic
2593 663 2691 729 ipsi
2717 656 2972 715 Ecclesiae
2993 656 3134 709 inter
3158 667 3309 707 sacra
3336 648 3506 702 ofﬁcia
3535 645 3705 698 inser-

2124 766 2273 829 vivit,
2308 778 2405 817 nec
2423 756 2733 815 Calendaria
2762 755 3094 810 sivenostra.
3128 747 3242 803 sive
3264 744 3457 806 aliena,
3484 752 3704 810 quorum

2125 859 2279 929 plura
2304 851 2751 920 vidttindicatque
2781 847 2842 902 P.
2868 840 3239 899 llcnschenius
3259 852 3379 905 cap.
3412 836 3625 897 Luam.
3655 830 3705 889 '5,

2129 966 2247 1022 pag.
2284 950 2372 1013 70,
2405 958 2680 1016 martyrem
2711 940 2861 996 illum
2889 944 3101 1001 vocant,
3140 932 3235 988 sed
3268 929 3386 985 solo
3415 925 3709 996 confessoris

2130 1040 2289 1097 titulo
2333 1038 2648 1108 insignium.

2200 1132 2424 1187 Videtur
2444 1106 2610 1184 etiam
2638 1122 2880 1186 difﬁcile,
2908 1119 2967 1175 S.
2999 1118 3292 1178 Zenonem,
3324 1111 3413 1181 qui
3439 1106 3708 1168 Gratiano,

2134 1221 2512 1278 Valentiniano
2554 1217 2800 1280 Juuiore,
2847 1222 2901 1265 ct
2944 1203 3254 1264 Theodosio
3285 1198 3658 1271 imperantibus
3683 1213 3711 1248 c

2133 1316 2269 1369 vivis
2298 1311 2551 1376 excessit,
2581 1303 3053 1378 persecutionibus
3099 1284 3554 1368 jamconsopitis,
3605 1304 3714 1360 pas-

2135 1423 2252 1462 sum
2280 1404 2443 1459 fuisse
2469 1402 2782 1473 martyrium
2810 1394 2985 1467 :qnod
3008 1394 3051 1446 si
3082 1407 3110 1446 a
3142 1389 3367 1460 l’aganis
3397 1384 3712 1440 tumultuan-

2138 1501 2279 1555 tibus
2308 1497 2382 1552 illi
2414 1496 2741 1556 (ιιινειιίκςθι,
2771 1500 2829 1545 ιιι
2858 1487 3269 1543 Attaunensibus
3300 1478 3617 1544 martyribus
3662 1488 3716 1526 ac

2139 1594 2197 1648 S.
2232 1589 2424 1657 Vigilio
2450 1586 2764 1640 Tridentinu
2791 1581 3044 1653 episcopo
3074 1574 3290 1633 accidit.
3320 1572 3370 1625 id
3407 1573 3592 1625 factum
3620 1580 3715 1619 non

2141 1684 2318 1739 minus
2347 1681 2539 1735 fuisset
2567 1678 2800 1739 celebre,
2828 1688 2986 1743 quam
3014 1670 3065 1724 iu
3092 1664 3423 1722 Tridentinis
3452 1662 3549 1715 illis
3579 1673 3717 1713 mar-

2959 1764 3160 1818 meutio
3209 1760 3409 1829 aliqua,
3455 1754 3517 1809 ad
3558 1764 3717 1823 genus

2147 1871 2333 1925 mortis
2363 1868 2501 1937 quod
2536 1862 2785 1934 pertinet,
2832 1855 3128 1929 posteritati
3166 1851 3479 1907 transmissa
3524 1847 3715 1901 luis~ct.

2144 1960 2430 2019 Probabile
2461 1959 2674 2028 quidem
2721 1962 2803 2008 est
2834 1952 3007 2016 illum,
3054 1959 3107 2001 ut
3140 1944 3407 2000 Veronam
3460 1938 3522 1992 ad
3572 1935 3718 1990 [idem

2144 2055 2480 2135 perduceret,
2508 2050 2632 2103 dum
2661 2061 2783 2101 sese
2812 2045 3141 2114 Pagauorum
3170 2028 3537 2104 superstitioni
3574 2028 3716 2082 furti-

2144 2162 2225 2209 ter
2264 2134 2562 2219 opponens,
2596 2143 2737 2198 idola
2769 2136 3095 2195 destruenda
3126 2132 3353 2201 farraque
3381 2122 3720 2181 subvertenda

2142 2243 2367 2307 curavit,
2406 2240 2475 2297 ab
2505 2236 2733 2293 ethnicis
2779 2231 3075 2302 praisertim
3121 2221 3335 2279 rusticis
3365 2220 3526 2273 multa
3568 2214 3721 2268 fuisse

2145 2348 2483 2403 perpessum,
2516 2330 2595 2384 vel
2636 2328 2797 2382 etiam
2828 2322 2895 2377 ab
2927 2318 3158 2383 Arianis,
3190 2316 3316 2369 dum
3368 2324 3550 2364 eorum
3591 2313 3722 2359 artes

2144 2426 2426 2495 detegere.
2471 2423 2807 2491 impetusque
2855 2417 3177 2479 reprimere,
3209 2419 3507 2475 eorumque
3532 2408 3721 2471 peswm

2145 2532 2173 2571 a
2201 2531 2293 2570 sua
2327 2514 2546 2569 dioecesi
2576 2523 2759 2565 arci-re
2788 2506 2993 2559 naviter
3033 2500 3328 2555 laboravit.
3364 2505 3421 2549 ut
3448 2495 3505 2550 S.
3536 2490 3723 2546 Philas-

2148 2609 2249 2667 trio
2278 2605 2532 2676 episcopo
2556 2600 2810 2656 Brixiauo
2856 2594 3101 2651 evenisse
3129 2590 3187 2646 S.
3234 2584 3562 2643 Gaudentius
3590 2595 3718 2633 com-

2146 2704 2435 2753 memorat.
2487 2696 2556 2747 At
2586 2693 2722 2745 sicut
2758 2691 2811 2743 ὃ.
2853 2686 3169 2740 Philastrius
3208 2693 3496 2748 numquam
3543 2665 3723 2727 idcii‘co

2146 2799 2348 2861 martyr
2374 2798 2455 2842 est
2495 2785 2708 2839 habitus
2733 2823 2749 2848 ,
2783 2782 2852 2834 ita
2885 2792 2984 2833 nec
3032 2776 3089 2831 S.
3123 2773 3299 2837 Zeno;
3336 2768 3479 2824 unde
3508 2766 3571 2820 ab
3609 2765 3721 2818 Am.

2146 2882 2326 2936 brosuo
2359 2887 2565 2947 martyr
2591 2877 2767 2929 dictus
2793 2888 2897 2925 tton
2922 2870 3037 2923 luit.
3072 2865 3254 2935 Neque
3286 2862 3472 2930 Carpsi
3504 2868 3724 2926 oppon-1.

2147 2985 2233 3028 tur
2274 2972 2566 3025 auctoritas
2593 3009 2607 3033 ,
2637 2968 2726 3035 qui
2766 2963 3012 3019 eumdem
3067 2955 3409 3012 Philastrium
3453 2959 3721 3019 martyrem

2146 3065 2353 3138 prodit;
2406 3064 2449 3118 is
2489 3061 2656 3124 cnim,
2685 3067 2742 3111 ut
2784 3055 3013 3109 vidimus
3044 3048 3201 3121 paulo
3230 3054 3378 3112 ante,
3432 3042 3724 3098 manifestus

2148 3171 2232 3216 est
2259 3173 2432 3221 error,
2469 3170 2627 3224 quem
2654 3150 2719 3205 ad
2753 3143 3023 3203 Philasu'ii
3059 3138 3373 3211 martyrium
3405 3131 3721 3190 statuendum

2150 3251 2447 3307 transferre
2478 3261 2585 3301 non
2634 3246 2780 3306 liceL,
2833 3249 2888 3293 ⁸ιι
2932 3236 3099 3292 multo
3129 3233 3303 3287 minus
3333 3230 3399 3283 ad
3433 3225 3721 3293 martyrium

2150 3343 2209 3400 S.
2250 3339 2503 3405 Zenonis,
2535 3332 2775 3410 [cxxxtx]
2820 3331 2907 3400 qui
2938 3328 3124 3383 eodem
3153 3326 3201 3377 iu
3227 3323 3433 3392 Carpso
3472 3318 3725 3373 confessor

2149 3404 2495 3492 solummodo
2512 3404 2771 3484 traditur:
2792 3424 2895 3478 Sed
2927 3431 2982 3475 ut
3004 3419 3125 3473 [luis
3148 3416 3339 3486 aliquis
3359 3404 3724 3477 huicdisputa-

2152 3530 2279 3583 tioni
2313 3520 2758 3593 imponatur,hacc
2779 3522 3247 3583 suntargtnnetna,
3266 3523 3387 3578 qua:
3406 3506 3646 3572 utrinque
3666 3494 3722 3549 ad

2152 3620 2279 3677 ferri
2308 3627 2530 3689 queunt,
2557 3615 2827 3681 interquzc
2852 3602 3358 3673 nostrumjudicitun
3389 3616 3455 3652 ne
3472 3594 3717 3666 exquiras,

2152 3715 2350 3777 lector;
2391 3709 2545 3765 nobis
2576 3707 2717 3761 enim
2761 3703 2860 3756 hac
2893 3700 2944 3753 in
2992 3691 3361 3752 controversia
3399 3686 3527 3744 illud
3576 3693 3723 3739 unum

2147 3805 2256 3875 jam
2285 3804 2351 3855 ab
2372 3800 2528 3854 ‘llllllO
2557 3794 2953 3865 propesuim’us,
2980 3785 3159 3843 omnia
3192 3826 3205 3849 ,
3232 3797 3355 3854 quae
3384 3783 3437 3835 in
3468 3776 3725 3841 utramque

2154 3905 2357 3968 partem
2388 3899 2701 3963 suppetunt,
2730 3887 2983 3956 colligere
3011 3893 3062 3936 et
3093 3878 3387 3949 implicare,
3436 3888 3540 3927 non
3566 3879 3723 3922 autem

2154 3988 2484 4047 sententiam
2530 3984 2757 4038 dicere:
2808 3993 2872 4033 ac
2926 3973 3151 4047 proinde
3200 3970 3375 4026 Patris
3424 3953 3724 4021 lleuschenii

2156 4083 2393 4153 prudens
2420 4075 2705 4132 consilium
2736 4069 2928 4133 secuti,
2981 4067 3064 4120 his
3092 4063 3209 4133 ejus
3247 4059 3426 4116 verbis
3472 4050 3722 4113 concludi-

2153 4192 2293 4239 mus.
2325 4190 2443 4243 qua:
2470 4171 2561 4226 ille
2589 4164 2878 4239 prepositis
2903 4162 3105 4230 aliquot
3138 4156 3391 4225 utrinque
3420 4144 3722 4223 argumentis

2151 4238 2356 4335 scripta
2370 4238 2707 4331 reliquitsub
2737 4258 2897 4313 linem
2930 4269 3049 4324 cap.
3072 4251 3129 4319 2,
3156 4266 3275 4321 pag.
3306 4248 3409 4305 75:
3443 4245 3554 4300 Nos
3576 4238 3725 4297 omnia

2144 4361 2342 4431 judicio
2374 4354 2701 4430 prudentium
2723 4351 2942 4406 virorum
2976 4344 3333 4417 permittimus.
3367 4340 3551 4397 Solum
3576 4337 3721 4391 histo-

2152 4456 2278 4510 rica:
2318 4452 2519 4507 n0titia:
2569 4462 2726 4504 causa
2752 4444 3012 4499 addemus
3040 4439 3385 4495 Franciscum
3428 4431 3642 4489 Mariam
3669 4426 3722 4477 tle

2075 4528 2129 4589 Ῑ)
2154 4549 2301 4608 Aste,
2350 4540 2813 4612 archiepiscOputn
2846 4532 3264 4608 Hydruntinum.
3297 4529 3387 4601 qui
3428 4521 3719 4582 luculentis-

2152 4642 2316 4697 simas
2364 4636 2782 4707 disceptationes
2847 4632 2900 4684 in
2959 4625 3393 4698 Martyrologium
3445 4620 3720 4675 Romanum

2154 4730 2444 4790 Beneventi
2470 4704 2637 4785 edidit
2680 4741 2769 4779 an.
2816 4719 2987 4785 I716,
3021 4718 3121 4774 sub
3165 4714 3418 4783 auspiciis
3447 4704 3721 4767 Cardiualis

2155 4826 2355 4889 Ursini,
2383 4824 2471 4895 qui
2498 4830 2679 4890 postea
2714 4816 2809 4870 fuit
2843 4811 3166 4875 Benedictus
3196 4805 3329 4873 XIII,
3373 4803 3476 4859 hoc
3508 4803 3561 4857 in
3581 4808 3721 4870 Opere

2159 4919 2375 4975 laudato
2401 4912 2618 4971 disertis
2658 4907 2853 4963 litteris
2883 4902 3181 4960 Clementis
3209 4900 3278 4955 XI
3313 4909 3422 4965 tum
3450 4891 3719 4966 regnantis.

2158 5007 2481 5070 Henscheuii
2511 5002 2839 5075 argumentis
2880 5008 3083 5053 motum
3111 5039 3127 5063 ,
3169 4993 3408 5048 noluisse
3436 4996 3722 5046 controver-

2158 5108 2291 5162 siam
2322 5100 2594 5179 decidere,
2622 5104 2677 5151 ct
2706 5096 2807 5147 hoc
2834 5091 3049 5146 interim
3081 5087 3245 5142 tutius
3269 5084 3600 5156 suggessisse
3616 5089 3721 5132 con-

2158 5178 2362 5261 silium,
2392 5202 2449 5245 ut
2490 5194 2541 5243 in
2568 5186 2757 5242 eodem
2789 5179 3166 5253 Martyrologio
3207 5177 3274 5231 ad
3305 5176 3473 5230 instar
3515 5163 3719 5226 Moloni.

2160 5289 2351 5360 inquit,
2381 5282 2667 5339 enuntietur
2699 5295 2717 5334 :
2750 5276 2962 5332 Verona:
2991 5272 3053 5330 S.
3096 5271 3315 5327 Zenonis
3360 5267 3607 5342 episcopi,
3652 5255 3722 5329 qui

2155 5383 2287 5436 inter
2325 5374 2577 5451 procellas
2608 5368 2970 5442 persecutionis
3009 5381 3119 5421 eam
3169 5362 3453 5418 Ecclesium
3491 5356 3641 5416 rexit.
3683 5353 3720 5402 tl

2158 5474 2322 5529 multa
2366 5484 2544 5542 passus
2578 5452 2742 5518 [vitam
2785 5462 2987 5531 ﬁnivit;
3031 5458 3222 5530 quibus
3267 5453 3450 5511 verbis
3481 5464 3529 5505 et
3561 5453 3719 5500 vocem

2162 5569 2329 5640 passio
2350 5608 2364 5633 ,
2408 5574 2463 5618 et
2487 5568 2582 5616 has
2610 5557 2831 5613 Gallieni
2851 5564 3077 5623 tempore
3101 5548 3348 5618 martyrio
3378 5550 3643 5599 coronatus
3664 5538 3719 5589 εει

2160 5662 2231 5715 ita
2253 5652 2628 5714 subducendas
2654 5648 2880 5718 putavit,
2909 5655 2967 5698 ut
2984 5643 3148 5696 multa
3174 5650 3351 5694 tamen
3374 5635 3597 5692 Sanetus
3621 5642 3721 5684 nus.

2165 5761 2246 5808 ter
2274 5762 2450 5820 passus
2477 5758 2583 5799 non
2610 5747 2850 5809 negetur.
2883 5733 2990 5791 Sed
3018 5731 3134 5789 haec
3153 5742 3365 5799 quoque
3402 5742 3523 5783 cum
3556 5722 3718 5781 eodem
