3826 6226
123 269 215 322 175

947 259 1392 317 DlSSERTATlO
1417 256 1504 325 Ill,
1535 257 1625 316 DE
1654 257 1711 315 S.
1745 258 1893 326 ZEN.
1934 259 2128 316 ACTlS
2161 260 2249 318 ΕΤ
2275 259 2520 319 CULTU.

3231 235 3352 331 "tu

117 392 227 434 tore
252 376 608 434 describitur:
643 377 808 448 prima
831 392 943 447 qua:
976 378 1158 433 incidit
1187 378 1236 432 in
1270 391 1506 433 mensem
1538 377 1672 434 Mar-
1701 379 1746 437 A
1779 376 1951 453 villam
1985 376 2148 432 Ulmaz
2171 379 2359 443 allatae,
2391 379 2623 446 plurimis
2652 396 2736 448 per
2759 379 2863 434 lucc
2892 390 3118 452 tempora
3159 385 3358 440 clarue-

118 476 240 525 tium
265 487 349 525 an.
377 470 503 534 900.
539 487 602 524 ex
631 471 722 525 lib.
748 486 781 525 ιι
807 485 922 541 cap.
953 485 1024 535 tv,
1055 470 1216 534 Hist.,
1264 478 1393 524 tom.
1437 485 1494 537 ιι,
1547 469 1674 523 Rer.

115 563 330 617 italicar.
358 578 476 632 pag.
502 562 629 628 345;
663 579 778 618 eam
831 564 969 624 enim
1025 561 1240 632 subiicit
1291 571 1411 631 post
1471 562 1676 622 Amulli

117 665 349 718 ttinrtem,
384 670 500 723 quae
519 657 819 725 contigerat
860 655 961 712 sub
1011 656 1172 710 tinem
1222 654 1537 720 Novembris
1586 670 1674 708 an.

116 745 217 804 899
243 725 266 798 ἐ
307 747 468 802 altera
499 785 514 809 .
557 761 677 815 quae
715 746 910 805 accidit
945 747 1159 806 biennio
1205 753 1325 815 post
1372 762 1437 804 ex
1487 745 1678 823 eodem

122 839 416 908 Luitprandi
437 839 596 904 libro,
626 855 747 908 cap.
762 842 786 898 1
803 840 852 905 1;
879 841 1016 896 hanc
1039 840 1182 902 enim
1197 840 1535 896 subsecutam
1555 845 1680 907 p'ro-

117 933 198 986 dit
219 933 383 987 statim
405 941 523 1000 post
551 931 807 1005 Ludovici
840 932 1065 992 Bosonis
1111 931 1206 990 lilii
1238 931 1677 995 obcccationem,

121 1041 236 1094 quae
255 1025 470 1082 Verona:
497 1025 676 1088 evenit
703 1040 794 1080 an.
825 1025 932 1083 902
955 1043 969 1077 :
994 1026 1149 1085 tertia
1174 1033 1296 1096 pOsl.
1316 1014 1544 1084 mortem
1574 1024 1676 1079 Be-

123 1116 338 1186 reugarii
371 1116 409 1182 Ι,
433 1121 537 1178 vita
569 1116 736 1183 iuncti
757 1133 845 1172 an.
888 1116 1014 1184 924,
1042 1133 1150 1188 quo
1203 1133 1350 1177 anno
1401 1115 1680 1187 llungaros

119 1207 346 1266 Ticinum
371 1207 879 1280 incendisse'pr'odit
906 1208 1047 1267 libro
1072 1225 1153 1276 ιιι,
1171 1224 1291 1277 cap.
1315 1209 1368 1262 2.
1397 1209 1530 1264 Cum
1551 1224 1680 1264 vero

119 1303 294 1363 lterum
317 1303 662 1374 irruptionum
684 1304 1039 1377 celeberrima
1087 1304 1159 1368 ait
1208 1305 1399 1373 prima,
1457 1303 1528 1358 dc
1577 1319 1679 1373 qua

119 1396 319 1466 quidem
343 1412 441 1477 una
467 1413 556 1454 an.
581 1398 691 1454 900
709 1397 1046 1456 mentionem
1079 1397 1280 1456 iaciunt
1296 1398 1532 1456 Annales
1555 1398 1682 1452 Ber-

119 1489 295 1544 tiniani
315 1487 495 1555 eodem
525 1499 658 1548 tam.
691 1505 730 1544 tt
756 1490 886 1546 Rer.
912 1489 1141 1547 ltalicar.
1172 1504 1293 1561 pag.
1323 1489 1427 1548 .576
1447 1531 1462 1555 ,
1496 1501 1550 1546 et
1591 1490 1682 1544 alii

120 1581 390 1648 scriptores
408 1591 452 1642 ι’
475 1581 638 1648 Pagio
667 1584 950 1644 memorati
977 1582 1042 1637 ad
1071 1596 1160 1636 an.
1189 1581 1318 1647 900,
1346 1597 1495 1644 nam.
1529 1581 1597 1636 17
1628 1588 1684 1635 et

119 1688 286 1743 seqq,
314 1688 531 1745 cumque
578 1674 633 1731 in
683 1690 746 1730 ea
797 1676 1074 1746 llungaros
1107 1674 1360 1732 Veronam
1403 1675 1685 1744 pervenisse

1781 480 1895 522 runt
1927 472 2205 526 miraculis.
2259 472 2330 525 Ita
2359 472 2468 527 ‘ille
2498 487 2710 526 coaevus
2741 483 2795 527 et
2823 473 3116 530 Germanus
3144 479 3360 552 [exuti]

1783 561 2044 631 Scriptor,
2061 564 2148 632 qui
2171 563 2379 618 duobus
2404 564 2557 618 annis
2573 573 2711 633 post,
2727 565 2778 618 id
2795 578 2871 620 est
2886 583 2973 620 an.
3003 568 3159 635 1051,
3176 585 3204 623 e
3223 570 3357 624 vivis

1783 655 2012 709 excessit
2040 672 2053 709 :
2113 656 2197 710 cui
2224 657 2344 711 testi
2371 657 2490 725 plus
2521 672 2648 710 sane
2679 657 2797 712 lidei
2828 657 3145 726 habendum,
3193 677 3354 732 quam

1785 744 2064 813 posteriori
2087 746 2354 814 cuiquam,
2387 749 2473 818 qui
2507 748 2621 818 ejus
2663 752 3020 807 narrationem
3060 753 3349 824 adaugens,

1785 851 1880 906 pro
1898 838 2135 907 reliquiis
2163 838 2335 908 ipsum
2365 855 2558 910 corpus
2581 841 2787 896 Ulmam
2818 844 3036 899 allatum
3055 848 3352 915 supposuit.

1783 929 1838 989 In
1871 929 2097 990 ecclesia
2126 928 2181 985 S.
2211 929 2502 992 Salvatoris
2529 931 2596 987 de
2620 933 2796 988 Monte
2819 933 3029 1000 Amiato
3060 937 3357 1002 ditecesens

1779 1019 2011 1083 Clusinus
2044 1021 2100 1078 S.
2128 1023 2364 1087 Zenonis
2412 1025 2652 1096 reliquiae
2683 1043 2803 1103 tuna
2850 1045 2969 1083 cum
3017 1032 3253 1102 reliquiis
3290 1032 3356 1087 S.

1783 1113 1995 1168 Proculi
2026 1114 2362 1193 aliorumque
2390 1117 2708 1181 Sanctorum
2763 1135 2850 1187 an.
2903 1121 3082 1186 1056,
3136 1127 3188 1177 in
3243 1124 3359 1193 ejus

1785 1204 2024 1261 basilicae
2051 1187 2387 1271 dedicatione
2413 1207 2938 1266 conditze'tradnntur
2961 1212 3014 1274 in
3041 1187 3378 1275 documento,

1783 1297 1920 1366 apud
1953 1297 2249 1367 Ugbellium
2277 1310 2406 1356 tom.
2441 1317 2518 1366 nt,
2549 1318 2668 1372 pag.
2702 1305 3362 1379 624.1‘arvisinainscrip-

1787 1389 1934 1445 tione
1963 1405 2053 1444 an.
2099 1389 2255 1457 1082,
2307 1393 2376 1446 ab
2403 1393 2592 1448 eodem
2649 1394 2894 1465 llghellio
2934 1398 3070 1452 edita
3111 1413 3227 1468 pag.
3256 1400 3362 1456 515

1788 1489 1916 1534 tom.
1949 1497 2006 1550 .v,
2039 1482 2179 1537 inter
2205 1483 2439 1554 plurium
2463 1485 2780 1556 Sanctorum
2836 1490 3088 1559 reliquias
3112 1491 3161 1544 in
3188 1492 3361 1560 eccle-

1786 1573 1921 1636 siam
1948 1575 2004 1628 S.
2037 1574 2240 1630 Nicolai
2268 1577 2405 1646 apud
2429 1577 2726 1646 Tarvisium
2757 1581 3020 1655 conditas,
3081 1600 3365 1640 recensen-

1789 1667 2053 1742 lttrtetiam
2081 1669 2667 1747 reliquia:S.chonis
2710 1677 3034 1744 confessoris.
3079 1676 3135 1730 In
3193 1677 3364 1732 diaria

124 1763 457 1834 Luitprandus
478 1768 592 1834 ipse
623 1776 847 1826 testatur
871 1809 885 1834 ,
916 1769 1020 1826 tioc
1043 1781 1185 1824 anno
1207 1767 1312 1825 900
1347 1766 1404 1821 S.
1449 1767 1681 1823 Zenonis
1711 1765 1758 1825 B
1787 1757 2151 1828 reliquiarum,
2186 1776 2303 1830 quae
2335 1763 2387 1825 in
2409 1762 2662 1833 Pragensi
2684 1763 3087 1836 Metropolitana
3138 1768 3365 1824 ecclesia

121 1870 302 1926 corpus
324 1858 384 1918 ad
409 1859 690 1918 ecclesiam
742 1857 1104 1929 cathedraletn
1149 1859 1448 1915 traductum
1495 1860 1683 1928 opina-

124 1965 237 2004 mur
261 1967 274 2002 :
301 1966 397 2019 quo
424 1966 560 2006 anno
581 1952 782 2007 rexerit
826 1967 994 2007 necne
1019 1951 1156 2006 hanc
1176 1952 1474 2008 Ecclesiam
1515 1952 1650 2007 Adel
1666 1979 1684 1991 -

125 2045 295 2097 bcrtus
321 2045 610 2115 episcopus,
645 2055 700 2099 ut
720 2060 749 2099 e
779 2045 1035 2100 Panvinio
1084 2045 1325 2115 proditur
1353 2087 1367 2111 ,
1411 2046 1682 2114 inquirere

127 2135 407 2194 ctdeﬁnire
447 2148 686 2194 nostrum
746 2152 848 2191 non
899 2148 1000 2193 est.
1052 2137 1165 2204 Quo
1218 2147 1396 2194 autem
1442 2125 1682 2206 tempore

128 2226 257 2281 idem
286 2241 478 2281 sacrum
503 2243 698 2297 corpus
721 2229 772 2282 in
797 2244 950 2284 suum
978 2229 1154 2283 locum
1178 2224 1474 2284 restitutum
1500 2228 1678 2295 fuerit,

128 2323 429 2376 constituere
458 2339 558 2378 non
585 2325 730 2378 licet.
759 2323 941 2380 Solum
991 2319 1188 2393 paucos
1216 2335 1533 2392 postannos
1581 2324 1681 2378 ibi—

130 2412 239 2467 dem
267 2413 437 2474 fuisse.
469 2425 515 2469 et
541 2415 736 2470 exinde
764 2415 832 2468 ad
865 2418 976 2468 tunc
1003 2429 1172 2484 usque
1201 2422 1440 2483 tempora
1489 2416 1679 2469 eodem

131 2505 175 2557 in
207 2505 320 2559 luco
346 2506 497 2561 luisse
525 2507 776 2576 religiose
799 2515 1090 2568 servatum,
1110 2507 1681 2584 aliquotgmonnrnenta

131 2598 257 2666 apud
284 2597 570 2668 Ugbellium
598 2600 834 2668 locuples
856 2599 1218 2653 testimonium
1271 2600 1531 2668 prazbent,
1561 2616 1680 2667 qua:

133 2687 348 2752 indicare
396 2681 494 2744 non
545 2690 736 2748 inutile
785 2690 964 2745 fuerit.
1013 2691 1138 2758 Pag.
1183 2691 1308 2754 728,
1343 2691 1393 2762 in
1443 2689 1682 2744 Notkerii

135 2778 346 2848 episcopi
372 2791 705 2856 testamento,
732 2796 823 2836 an.
858 2780 964 2835 922
1000 2792 1326 2836 memoratur
1377 2782 1679 2837 cteaobium

134 2872 182 2925 S.
210 2871 446 2939 Zenonis,
469 2877 553 2931 ubi
578 2876 688 2944 ejus
725 2891 910 2944 corpus
957 2877 1225 2928 humatum
1251 2865 1500 2940 ~quiescit.
1551 2874 1678 2943 Pag.

137 2962 246 3029 727,
274 2966 322 3027 in
342 2966 624 3036 diplomate
659 2965 896 3036 Hugonis
935 2966 1093 3035 llogis
1144 2966 1305 3019 Italia:
1343 3007 1356 3030 ,
1409 2982 1494 3018 an.
1553 2965 1679 3029 926,

135 3055 482 3124 conﬁrmantur
495 3057 613 3127 jura
645 3057 822 3115 cidem
871 3058 1198 3122 monasterio
1243 3071 1496 3111 concessa
1524 3097 1538 3122 ,
1597 3057 1682 3109 ubi
1732 3081 1736 3086 -

1784 1850 2182 1918 custodiuntur,
2237 1863 2473 1924 notatur,
2531 1864 2761 1910 testante
2803 1857 2860 1911 P.
2919 1857 3256 1927 Henscbenio
3309 1862 3365 1916 in

1783 1940 2143 1997 additionibus
2174 1943 2238 1997 ad
2267 1954 2396 1998 tom.
2431 1961 2466 2000 ιι
2501 1949 2717 2016 Aprilis,
2752 1964 2871 2019 pag.
2904 1950 3027 2015 958,
3058 1950 3117 2006 S.
3143 1951 3364 2006 Zenonis

1783 2032 2006 2102 episcopi
2055 2037 2273 2102 frustum
2302 2037 2501 2107 insigne
2527 2039 2741 2092 allatum
2771 2058 2860 2110 per
2907 2040 3144 2097 Carolum
3196 2043 3368 2112 Impe-

1782 2131 2024 2189 ratorem,
2056 2141 2145 2177 an.
2177 2126 2333 2180 1570.
2360 2126 2531 2182 Ticini
2559 2130 2610 2182 in
2635 2133 2807 2186 sancti
2840 2128 3061 2189 Themin
3114 2137 3366 2207 reliquias

1785 2213 1845 2269 S.
1870 2214 2092 2270 Zenonis
2116 2219 2364 2289 episcOpi,
2409 2236 2564 2289 quem
2589 2221 2642 2277 S.
2671 2222 2941 2296 Zenonem
3001 2227 3362 2286 Yeronensem

1782 2323 1902 2365 esse
1933 2325 1999 2363 ex
2029 2311 2270 2367 dicendis
2301 2313 2475 2381 capite
2506 2317 2752 2386 sequenti
2783 2317 3083 2373 nibildubii
3110 2302 3230 2386 erit,
3284 2321 3361 2374 in-

1787 2409 1864 2454 ter
1892 2401 2025 2454 alias
2046 2402 2272 2456 aliorum
2302 2415 2607 2458 sanctorum
2648 2418 2887 2482 servatas
2934 2411 3093 2465 tradit
3147 2413 3206 2466 P.
3261 2411 3366 2468 Ro-

1785 2493 2033 2546 mualdus
2059 2509 2087 2547 a
2120 2494 2178 2549 S.
2209 2495 2370 2548 Maria
2399 2499 2448 2550 in
2481 2496 2652 2566 Papia
2674 2499 2836 2554 Sacra
2857 2511 2993 2574 part.
3023 2517 3095 2564 nt,
3118 2517 3237 2572 pag.
3271 2503 3364 2558 85.

1783 2584 2019 2639 Οεεςεηω
2053 2585 2324 2639 brachium
2352 2586 2408 2642 S.
2445 2586 2677 2642 Zenonis
2708 2589 2758 2642 in
2795 2592 3163 2660 antiquissima
3208 2609 3367 2664 paro-

1783 2678 1940 2731 chiali
1973 2678 2196 2732 ecclesia
2249 2678 2316 2733 de
2357 2681 2520 2759 ipsius
2580 2683 2794 2737 nomine
2841 2685 3105 2756 appellata
3163 2690 3364 2742 servari

1785 2771 1978 2825 dicitur
2006 2772 2056 2824 in
2079 2769 2434 2842 Cltronologia
2459 2773 2694 2828 Cazsenac
2723 2774 3036 2832 Bcrnardini
3074 2778 3358 2844 Manzonii,

1787 2878 1904 2933 pag.
1940 2863 2029 2918 62.
2057 2864 2170 2918 Alia
2206 2865 2254 2918 id
2285 2864 2499 2934 generis
2545 2875 2734 2922 notare
2761 2877 2815 2922 et
2843 2869 3111 2940 inquirere
3141 2887 3243 2926 non
3271 2887 3364 2926 va-

1785 2957 1944 3009 cavit.
1979 2955 2057 3010 Ad
2088 2956 2350 3026 insignem
2394 2968 2570 3013 autem
2615 2961 2934 3018 sanetissimi
2968 2965 3202 3035 episcopi
3250 2967 3364 3022 cul-

1787 3056 1898 3101 tum
1930 3047 2403 3103 demonstrandum
2435 3049 2573 3119 quod
2607 3053 3204 3125 peﬂinctﬁdiligentiori
3236 3073 3363 3114 cura

139 3162 294 3216 corpus
322 3151 425 3220 ejus
449 3159 676 3205 sanctum
719 3150 929 3217 quiescit
984 3149 1268 3203 humatum.
1323 3147 1523 3204 Similis
1570 3147 1679 3201 fur—
1711 3138 1756 3200 C
1787 3150 1840 3194 ct
1862 3139 2209 3208 inquisitione
2235 3142 2312 3194 usi
2346 3156 2529 3196 sumus
2557 3162 2570 3210 ;
2601 3153 2653 3198 ct
2673 3144 2718 3199 is
2748 3161 2869 3200 cum
2910 3157 3096 3204 nostro
3140 3149 3364 3207 Auctori

139 3239 256 3291 mula
303 3245 487 3309 pariter
533 3242 728 3312 legitur
776 3243 826 3295 itt
854 3242 1180 3296 documento
1218 3256 1306 3292 an.
1348 3239 1508 3304 l0'2l,
1541 3239 1680 3308 apud

138 3329 470 3400 Numitorium,
505 3335 764 3404 Antiquit.
802 3335 1014 3389 Estens.
1048 3348 1164 3403 pag.
1216 3333 1338 3398 129,
1371 3344 1576 3386 ιιροιιοιι
1625 3331 1677 3385 in

139 3422 238 3475 aliis
262 3423 631 3493 compluribus,
661 3425 728 3480 de
757 3426 948 3496 quibus
993 3426 1321 3480 mentionem
1371 3423 1494 3478 facit
1541 3439 1678 3478 mar-

139 3513 240 3568 chio
263 3514 508 3584 Maﬂeius,
540 3525 672 3574 tom.
725 3518 997 3574 tVerona:
1041 3517 1344 3583 llluslralm,
1385 3532 1506 3587 pag.
1552 3515 1676 3582 670,

139 3607 250 3663 adeo
276 3611 395 3666 utin
425 3612 616 3670 Missali
648 3614 958 3673 monasterii
990 3613 1047 3669 S.
1075 3611 1327 3676 Zenonis,
1360 3611 1560 3679 scripto
1581 3624 1680 3665 sae-

140 3700 239 3760 culo
274 3717 377 3769 xxv,
418 3705 483 3760 de
521 3705 716 3765 eodem
758 3704 953 3764 Sancto
1012 3704 1371 3758 testimonium
1403 3702 1672 3771 prodatur,

140 3793 266 3858 quiin
289 3798 512 3865 presenti
530 3798 796 3868 requiescit
825 3797 1074 3872 Ecclesia.
1108 3797 1261 3850 Initio
1287 3795 1406 3853 libri
1428 3794 1458 3849 1
1466 3795 1572 3849 uris
1595 3793 1654 3848 Ci
1664 3824 1680 3833 ε

143 3883 231 3946 pilis
263 3886 460 3950 Verona:
486 3891 666 3960 scripti
697 3906 783 3944 an.
818 3890 976 3954 1228,
1006 3899 1057 3943 et
1082 3904 1182 3942 ms.
1205 3887 1476 3956 eCapitttli
1513 3887 1677 3941 Vero-
1773 3920 1780 3922 -

143 3979 292 4032 nensis
312 3996 470 4051 nuper
512 3982 637 4039 editi
688 4011 716 4037 ,ι
768 3981 1163 4037 Βςιιιιιιοιοιιιιυο
1204 3979 1566 4051 Catnpagnola
1615 3977 1670 4034 S.

140 4068 329 4124 (hccilire
355 4073 828 4145 Arehipresb’ylero
858 4077 968 4129 bzcc
998 4083 1120 4128 sunt
1155 4091 1164 4125 :
1198 4073 1276 4125 Ad
1298 4071 1542 4125 honorent
1581 4070 1674 4124 Dei

142 4171 176 4207 tt
197 4160 542 4227 gloriosissima:
564 4170 673 4238 ejus
711 4165 1000 4244 Genitricis,
1036 4177 1079 4218 ct
1110 4165 1381 4219 beatissimi
1425 4164 1669 4227 Zenonis,

141 4253 591 4319 cujussacratissimi
619 4259 845 4326 corporis
875 4256 1216 4310 consolatione
1246 4256 1542 4324 gaudemus,
1573 4263 1667 4307 etc.

142 4338 240 4396 Hec
265 4345 432 4404 eadem
462 4338 725 4407 sententia
748 4350 866 4404 aliis
890 4351 1067 4405 verbis
1124 4351 1346 4418 repetita
1394 4349 1587 4417 legitur
1617 4349 1667 4401 in

141 4437 353 4497 Ρτρωωὶο
383 4438 703 4494 Statutorum
737 4439 1122 4504 Veronensium,
1161 4438 1304 4508 quod
1346 4455 1372 4490 a
1405 4439 1666 4493 Silvestro

1783 3233 2014 3287 maxime
2038 3233 2303 3302 gloriosus
2337 3234 2545 3291 futurus
2575 3238 2665 3304 sit,
2718 3250 2964 3309 separato
2989 3241 3163 3311 capite
3194 3243 3362 3300 fusius

1781 3326 2092 3382 statuendus
2119 3327 2264 3388 visus
2292 3338 2392 3382 est.

2396 3445 2619 3502 CAPUT
2657 3447 2747 3502 IV.

1853 3573 1917 3611 DE
1949 3570 2322 3623 ANTIQUISSIMO
2359 3575 2423 3613 AC
2444 3547 2447 3549 ⁵
2467 3576 2603 3614 LATE
2635 3575 2947 3618 PERVAGATO
2988 3547 3034 3618 εί
3071 3579 3287 3622 Ζειιοκιε

2471 3669 2664 3709 CUL'I'U.

1782 3763 1810 3834 δ
1848 3763 1886 3817 1.
1919 3793 1989 3804 -—-
2015 3767 2301 3834 Antiquitas
2330 3776 2375 3820 et
2403 3770 2701 3838 propagatio
2729 3765 2987 3823 cullus'ad
3013 3774 3198 3828 eximia
3233 3793 3353 3830 san-

1850 3865 2046 3909 ctorum
2075 3857 2251 3908 inci-itu
2295 3857 2724 3925 celebritatemque
2763 3865 3163 3929 cognoscendum
3197 3883 3356 3936 quau-

1849 3959 1952 3999 tunt
1979 3949 2260 4016 conferant.
2292 3947 2469 4002 Cultus
2512 3949 2571 4005 S.
2606 3950 2986 4024 Zcrtonis'apud
3024 3955 3355 4016 Veronenscnt

1847 4039 2126 4092 Ecclesium
2153 4040 2369 4108 primum
2399 4032 2682 4110 exponitur.
3086 4054 3088 4057 '
3255 4042 3261 4048 “

1846 4154 1900 4208 Si
1928 4154 2046 4224 quis
2082 4155 2417 4222 antiquorum
2447 4167 2751 4211 Sanctorum
2787 4160 3009 4216 virtutes
3048 4174 3101 4218 et
3127 4167 3348 4235 merita,

1776 4263 1890 4316 qua:
1921 4263 1983 4301 ex
2018 4248 2144 4316 ipsis
2173 4249 2326 4301 rebus
2355 4249 2520 4318 gestis
2565 4250 2633 4303 ob
2665 4253 2915 4308 Actorum
2949 4254 3216 4312 defectum
3263 4275 3351 4314 c0-

1773 4355 2031 4410 gnoscerc
2063 4341 2282 4395 minime
2309 4343 2482 4407 liccat,
2526 4344 2735 4399 aliunde
2769 4347 2891 4402 velit
2921 4350 3198 4419 colligere;
3234 4354 3350 4406 nul-

1769 4433 1876 4488 lum
1905 4433 2104 4487 certius
2128 4444 2178 4486 et
2202 4434 2459 4514 insignius
2487 4445 2887 4493 monumentum
2915 4443 3165 4510 suppetit,
3191 4459 3347 4512 quam

142 4521 307 4604 Lauda,
345 4529 660 4590 Veronensis
709 4532 940 4586 civitatis
984 4531 1328 4595 cancellario,
1387 4546 1474 4583 an.
1531 4530 1667 4585 1450
1695 4522 1814 4580 Dsi
1846 4526 2117 4596 antiquum
2164 4526 2475 4597 longiusque
2519 4540 2856 4599 pervagatum
2908 4534 3210 4589 earumdem
3240 4537 3349 4588 cul-

141 4630 366 4687 enratutn
392 4623 523 4677 fuit:
565 4635 625 4678 ut
665 4624 936 4679 mittamus
987 4625 1084 4678 alia
1134 4624 1439 4679 testimonia
1480 4665 1493 4688 ,
1539 4631 1665 4692 ’quzc

144 4718 416 4770 mouentem
446 4715 686 4784 ejusdem
710 4715 951 4784 corporis
973 4715 1200 4771 Verona:
1252 4715 1305 4770 in
1354 4715 1577 4770 ecclesia
1603 4715 1659 4769 S.

144 4792 326 4864 Zenonis
351 4807 540 4860 servati
571 4806 914 4868 traditionem
941 4807 1006 4862 ad
1035 4818 1272 4864 nostram
1317 4823 1484 4878 usque
1529 4817 1660 4864 acta-

147 4893 224 4953 ιειιι
245 4894 532 4958 perducunt.
563 4882 565 4884 ’
852 4957 855 4959 _

196 4975 297 5036 Haec
319 4992 480 5046 tamen
509 4991 687 5045 omnia
710 4990 841 5045 nihil
871 4991 1176 5062 prohibent,
1229 4993 1516 5061 quominus
1564 4991 1662 5045 ali-

145 5069 543 5154 Q‘RSJenonis
598 5082 840 5151 reliquis:
895 5083 1000 5138 alio
1039 5083 1319 5154 pervenire
1367 5083 1660 5154 potuerint.

146 5153 197 5211 υι
232 5175 580 5238 pratereamus
605 5176 750 5243 illas,
779 5191 912 5246 quas
937 5153 1141 5247 aliquot
1184 5179 1237 5232 in
1271 5153 1514 5232 ecclesiis
1566 5175 1664 5230 Vc-

146 5255 400 5329 llingnsibus
429 5261 622 5337 Bagam
649 5275 705 5320 et
727 5266 971 5336 Pergttus
999 5278 1424 5332 commemora!“
1451 5269 1504 5325 in
1527 5281 1658 5335 ορε-

148 5341 416 5419 “immiti
448 5373 460 5410 :
632 5355 1009 5427 Episcopr
1039 5357 1402 5432 Veronensium
1451 5359 1660 5426 antiqua

1775 4627 1881 4672 tum
1913 4619 2198 4675 ostendere
2229 4621 2489 4688 quispiam
2523 4624 2706 4690 possit.
2746 4625 2851 4679 Etsi
2883 4627 3024 4692 enim
3053 4627 3223 4691 sancti
3248 4628 3345 4681 viri

1771 4727 1983 4780 semper
2013 4712 2064 4766 in
2097 4720 2204 4767 tota
2252 4713 2486 4768 Ecclesia
2536 4716 2860 4770 venerationi
2911 4719 3134 4783 l'uerint,
3172 4721 3345 4789 ibique

1773 4806 2089 4872 praesertim,
2127 4805 2212 4860 ubi
2236 4805 2506 4875 praeclaris
2533 4806 2800 4861 laboribus
2832 4824 2926 4878 pro
2951 4811 3057 4864 Deo
3086 4821 3136 4865 et
3157 4811 3340 4866 Eccle-

1769 4897 1846 4950 sia
1866 4896 2030 4952 l‘uncti
2063 4907 2206 4963 sunt,
2229 4898 2407 4953 obitus
2433 4899 2670 4968 ipsorum
2702 4901 2814 4954 dics
2842 4902 3061 4955 solemni
3082 4902 3184 4954 ritu
3205 4903 3346 4958 cele-

1769 4990 1919 5045 brata
1947 4992 2043 5057 sit;
2076 4993 2307 5061 antiquis
2352 5000 2527 5046 tamen
2559 4993 2888 5062 temporibus
2915 5009 3016 5048 non
3053 4995 3340 5063 itapraeci-

1768 5099 1902 5154 puus
1930 5101 2111 5140 eorum
2143 5085 2346 5139 exstitit
2402 5085 2593 5149 cultus,
2646 5094 2700 5138 ut
2730 5085 2905 5138 statim
2954 5095 3340 5155 postmortem

1769 5175 2068 5241 invalueril,
2094 5186 2147 5230 ct
2173 5187 2320 5230 extra
2354 5176 2818 5245 solutn'proprium
2857 5176 3060 5243 longius
3083 5179 3340 5248 prodiret,

1769 5266 1871 5323 nisi
1903 5269 2166 5337 praecipua
2199 5267 2480 5324 admodum
2514 5269 2746 5341 ipsorum
2775 5267 3025 5335 sanctitas
3040 5278 3090 5344 et
3119 5256 3343 5335 Celebri-

1768 5370 1848 5413 tas
1879 5359 2054 5426 fuerit,
2111 5377 2228 5430 qua:
2267 5377 2332 5416 eo
2373 5360 2541 5426 major
2570 5372 2686 5412 esse
2732 5358 2914 5422 debuit
2954 5376 3057 5427 quo
3086 5371 3139 5415 et
3181 5365 3338 5422 citius

148 5446 446 5511 minuta;
473 5446 777 5516 Hergiapns
802 5446 1123 5515 Contractus
1175 5451 1228 5508 in
1283 5450 1550 5509 Chronico
1589 5450 1677 5504 ad-

149 5535 216 5579 stt.
238 5528 372 5611 1052,
545 5553 636 5608 ιιι,
657 5546 800 5609 μμ.
835 5554 873 5603 ι,
905 5554 1025 5609 pag.
1056 5540 1162 5596 272
1183 5533 1380 5598 Canisii
1398 5541 1658 5610 Antiqua-

149 5625 240 5705 Ναὶ
555 5631 637 5700 μη
667 5647 681 5681 :
711 5629 961 5700 βςιὶῳήαε
989 5629 1120 5694 beati
1144 5629 1364 5691 Zenonis
1386 5629 1656 5700 Confessa—

151 5704 203 5758 τὶι
237 5704 535 5794 aWultarjg
563 5723 847 5794 Veronensi
868 5725 1110 5796 episcopo
1137 5725 1189 5780 in
1221 5723 1544 5780 Alamaniam
1579 5727 1657 5779 'ad

1764 5469 1794 5510 a
1819 5464 2012 5521 morte,
2037 5463 2094 5509 et
2120 5454 2274 5510 latius
2295 5467 2480 5510 eorum
2502 5450 2674 5505 cultus
2701 5461 3018 5521 propagatus
3041 5453 3332 5517 invenitur.

1765 5546 1900 5604 llinc
1927 5547 2158 5615 plurium
2184 5547 2585 5615 episcoporum,
2616 5558 2748 5612 quos
2771 5535 2972 5613 quaevis
2992 5550 3207 5620 antiqua
3247 5568 3338 5604 se.

1763 5638 1858 5695 des
1881 5636 2023 5692 inter
2046 5638 2434 5702 sanctoscolit,
2466 5636 2721 5696 memoria
2753 5636 2887 5689 intra
2934 5636 3151 5708 exiguos
3199 5641 3334 5700 lines

1761 5728 2168 5795 circumscripta
2211 5729 2339 5796 plitn
2372 5727 2494 5794 luit,
2543 5743 2639 5791 nec
2677 5727 2776 5788 nisi
2817 5727 3096 5786 admodum
3131 5736 3332 5803 paucis,
