  <div class='ocr_page' id='page_1' title='image "/cluster/home/n/w/nwhite01/storage/ocr_20150623/11/uva.x000826576/095.png"; bbox 0 0 3826 6226; ppageno 0'>
   <div class='ocr_carea' id='block_1_1' title="bbox 414 255 514 312">
    <p class='ocr_par' dir='ltr' id='par_1_1' title="bbox 414 255 514 312">
     <span class='ocr_line' id='line_1_1' title="bbox 414 255 514 312; baseline -0.04 0"><span class='ocrx_word' id='word_1_1' title='bbox 414 255 514 312; x_wconf 75' lang='grc'><strong>175</strong></span> 
     </span>
    </p>
   </div>
   <div class='ocr_carea' id='block_1_2' title="bbox 1763 229 2291 293">
    <p class='ocr_par' dir='ltr' id='par_1_2' title="bbox 1763 229 2291 293">
     <span class='ocr_line' id='line_1_2' title="bbox 1763 229 2291 293; baseline -0.017 0"><span class='ocrx_word' id='word_1_2' title='bbox 1763 229 2291 293; x_wconf 75' lang='lat' dir='ltr'><strong>PROLEGOMENA.</strong></span> 
     </span>
    </p>
   </div>
   <div class='ocr_carea' id='block_1_3' title="bbox 3555 230 3663 286">
    <p class='ocr_par' dir='ltr' id='par_1_3' title="bbox 3555 230 3663 286">
     <span class='ocr_line' id='line_1_3' title="bbox 3555 230 3663 286; baseline -0.019 0"><span class='ocrx_word' id='word_1_3' title='bbox 3555 230 3663 286; x_wconf 69' lang='grc' dir='ltr'><strong><em>ΠΒ</em></strong></span> 
     </span>
    </p>
   </div>
   <div class='ocr_carea' id='block_1_4' title="bbox 414 330 2025 443">
    <p class='ocr_par' dir='ltr' id='par_1_4' title="bbox 414 343 2025 443">
     <span class='ocr_line' id='line_1_4' title="bbox 414 343 2025 443; baseline -0.016 -13"><span class='ocrx_word' id='word_1_4' title='bbox 414 374 506 443; x_wconf 92' lang='lat' dir='ltr'><strong>qui</strong></span> <span class='ocrx_word' id='word_1_5' title='bbox 532 369 849 427; x_wconf 88' lang='lat' dir='ltr'><strong>celebriores</strong></span> <span class='ocrx_word' id='word_1_6' title='bbox 878 365 1046 425; x_wconf 87' lang='lat' dir='ltr'><strong>fuere.</strong></span> <span class='ocrx_word' id='word_1_7' title='bbox 1075 361 1317 432; x_wconf 80' lang='lat' dir='ltr'><strong>contigit,</strong></span> <span class='ocrx_word' id='word_1_8' title='bbox 1347 367 1405 414; x_wconf 89' lang='grc' dir='ltr'><strong>ιιι</strong></span> <span class='ocrx_word' id='word_1_9' title='bbox 1425 358 1545 414; x_wconf 86' lang='lat' dir='ltr'><strong>aliis</strong></span> <span class='ocrx_word' id='word_1_10' title='bbox 1573 346 1781 426; x_wconf 71' lang='lat' dir='ltr'><strong>quoq‘ue</strong></span> <span class='ocrx_word' id='word_1_11' title='bbox 1810 356 1863 408; x_wconf 93' lang='lat' dir='ltr'><strong>in</strong></span> <span class='ocrx_word' id='word_1_12' title='bbox 1894 368 1983 407; x_wconf 64' lang='lat' dir='ltr'><strong>ur»</strong></span> <span class='ocrx_word' id='word_1_13' title='bbox 2010 343 2025 413; x_wconf 57' lang='grc' dir='ltr'><strong><em>λ</em></strong></span> 
     </span>
    </p>
   </div>
   <div class='ocr_carea' id='block_1_5' title="bbox 2132 330 3663 443">
    <p class='ocr_par' dir='ltr' id='par_1_5' title="bbox 2132 341 3663 414">
     <span class='ocr_line' id='line_1_5' title="bbox 2132 341 3663 414; baseline -0.003 -14"><span class='ocrx_word' id='word_1_14' title='bbox 2132 362 2138 400; x_wconf 86' lang='lat'><strong>‘.</strong></span> <span class='ocrx_word' id='word_1_15' title='bbox 2183 343 2420 401; x_wconf 82' lang='lat' dir='ltr'><strong>Lotharii</strong></span> <span class='ocrx_word' id='word_1_16' title='bbox 2471 343 2830 414; x_wconf 84' lang='lat' dir='ltr'><strong>Augustorum</strong></span> <span class='ocrx_word' id='word_1_17' title='bbox 2882 350 2937 398; x_wconf 90' lang='lat' dir='ltr'><strong>et</strong></span> <span class='ocrx_word' id='word_1_18' title='bbox 2982 341 3349 412; x_wconf 82' lang='lat' dir='ltr'><strong>Ermingardis</strong></span> <span class='ocrx_word' id='word_1_19' title='bbox 3392 342 3663 413; x_wconf 73' lang='lat' dir='ltr'><strong>Augttsm&#39;,</strong></span> 
     </span>
    </p>
   </div>
   <div class='ocr_carea' id='block_1_6' title="bbox 415 447 1983 531">
    <p class='ocr_par' dir='ltr' id='par_1_6' title="bbox 415 447 1983 531">
     <span class='ocr_line' id='line_1_6' title="bbox 415 447 1983 531; baseline -0.017 -9"><span class='ocrx_word' id='word_1_20' title='bbox 415 467 569 522; x_wconf 89' lang='lat' dir='ltr'><strong>bibus</strong></span> <span class='ocrx_word' id='word_1_21' title='bbox 610 472 768 531; x_wconf 88' lang='lat' dir='ltr'><strong>atque</strong></span> <span class='ocrx_word' id='word_1_22' title='bbox 798 455 1082 529; x_wconf 81' lang='lat' dir='ltr'><strong>provinciis</strong></span> <span class='ocrx_word' id='word_1_23' title='bbox 1121 454 1446 510; x_wconf 75' lang='lat' dir='ltr'><strong>colerentur.</strong></span> <span class='ocrx_word' id='word_1_24' title='bbox 1486 449 1561 505; x_wconf 86' lang='lat' dir='ltr'><strong>Nc</strong></span> <span class='ocrx_word' id='word_1_25' title='bbox 1604 447 1829 516; x_wconf 88' lang='lat' dir='ltr'><strong>cuipiam</strong></span> <span class='ocrx_word' id='word_1_26' title='bbox 1862 460 1983 498; x_wconf 85' lang='lat' dir='ltr'><strong>san-</strong></span> 
     </span>
    </p>
   </div>
   <div class='ocr_carea' id='block_1_7' title="bbox 411 534 1985 621">
    <p class='ocr_par' dir='ltr' id='par_1_7' title="bbox 411 534 1985 621">
     <span class='ocr_line' id='line_1_7' title="bbox 411 534 1985 621; baseline -0.015 -10"><span class='ocrx_word' id='word_1_27' title='bbox 411 568 620 613; x_wconf 89' lang='lat' dir='ltr'><strong>ctorum</strong></span> <span class='ocrx_word' id='word_1_28' title='bbox 651 569 712 607; x_wconf 83' lang='lat' dir='ltr'><strong>ex</strong></span> <span class='ocrx_word' id='word_1_29' title='bbox 740 548 1139 621; x_wconf 73' lang='lat' dir='ltr'><strong>comparatione</strong></span> <span class='ocrx_word' id='word_1_30' title='bbox 1166 545 1355 615; x_wconf 90' lang='lat' dir='ltr'><strong>injuria</strong></span> <span class='ocrx_word' id='word_1_31' title='bbox 1386 543 1494 606; x_wconf 81' lang='lat' dir='ltr'><strong>ﬁat,</strong></span> <span class='ocrx_word' id='word_1_32' title='bbox 1519 541 1787 596; x_wconf 89' lang='lat' dir='ltr'><strong>neminem</strong></span> <span class='ocrx_word' id='word_1_33' title='bbox 1816 534 1985 591; x_wconf 85' lang='lat' dir='ltr'><strong>nomi-</strong></span> 
     </span>
    </p>
   </div>
   <div class='ocr_carea' id='block_1_8' title="bbox 414 628 1984 715">
    <p class='ocr_par' dir='ltr' id='par_1_8' title="bbox 414 628 1984 715">
     <span class='ocr_line' id='line_1_8' title="bbox 414 628 1984 715; baseline -0.016 -10"><span class='ocrx_word' id='word_1_34' title='bbox 414 656 723 705; x_wconf 89' lang='lat' dir='ltr'><strong>namns:at</strong></span> <span class='ocrx_word' id='word_1_35' title='bbox 750 643 889 715; x_wconf 91' lang='lat' dir='ltr'><strong>quod</strong></span> <span class='ocrx_word' id='word_1_36' title='bbox 936 639 1350 703; x_wconf 85' lang='lat' dir='ltr'><strong>affirmavimus,</strong></span> <span class='ocrx_word' id='word_1_37' title='bbox 1394 632 1763 703; x_wconf 87' lang='lat' dir='ltr'><strong>antiquitatum</strong></span> <span class='ocrx_word' id='word_1_38' title='bbox 1806 628 1984 685; x_wconf 84' lang='lat' dir='ltr'><strong>eccle-</strong></span> 
     </span>
    </p>
   </div>
   <div class='ocr_carea' id='block_1_9' title="bbox 415 722 1989 808">
    <p class='ocr_par' dir='ltr' id='par_1_9' title="bbox 415 722 1989 808">
     <span class='ocr_line' id='line_1_9' title="bbox 415 722 1989 808; baseline -0.015 -10"><span class='ocrx_word' id='word_1_39' title='bbox 415 744 745 799; x_wconf 84' lang='lat' dir='ltr'><strong>siasticarum</strong></span> <span class='ocrx_word' id='word_1_40' title='bbox 775 736 962 808; x_wconf 91' lang='lat' dir='ltr'><strong>peritis</strong></span> <span class='ocrx_word' id='word_1_41' title='bbox 992 731 1484 804; x_wconf 78' lang='lat' dir='ltr'><strong>exploratissimum</strong></span> <span class='ocrx_word' id='word_1_42' title='bbox 1517 734 1618 782; x_wconf 88' lang='lat' dir='ltr'><strong>est.</strong></span> <span class='ocrx_word' id='word_1_43' title='bbox 1648 722 1783 779; x_wconf 91' lang='lat' dir='ltr'><strong>lllud</strong></span> <span class='ocrx_word' id='word_1_44' title='bbox 1825 734 1989 776; x_wconf 90' lang='lat' dir='ltr'><strong>unum</strong></span> 
     </span>
    </p>
   </div>
   <div class='ocr_carea' id='block_1_10' title="bbox 415 811 1990 892">
    <p class='ocr_par' dir='ltr' id='par_1_10' title="bbox 415 811 1990 892">
     <span class='ocr_line' id='line_1_10' title="bbox 415 811 1990 892; baseline -0.013 -4"><span class='ocrx_word' id='word_1_45' title='bbox 415 838 469 888; x_wconf 90' lang='lat' dir='ltr'><strong>in</strong></span> <span class='ocrx_word' id='word_1_46' title='bbox 499 848 609 888; x_wconf 90' lang='lat' dir='ltr'><strong>rem</strong></span> <span class='ocrx_word' id='word_1_47' title='bbox 640 838 871 885; x_wconf 86' lang='lat' dir='ltr'><strong>nostram</strong></span> <span class='ocrx_word' id='word_1_48' title='bbox 902 825 1102 880; x_wconf 85' lang='lat' dir='ltr'><strong>nemini</strong></span> <span class='ocrx_word' id='word_1_49' title='bbox 1132 821 1447 892; x_wconf 71' lang='lat' dir='ltr'><strong>iniuriosum</strong></span> <span class='ocrx_word' id='word_1_50' title='bbox 1477 815 1804 873; x_wconf 87' lang='lat' dir='ltr'><strong>constituere</strong></span> <span class='ocrx_word' id='word_1_51' title='bbox 1830 811 1990 882; x_wconf 84' lang='lat' dir='ltr'><strong>hujus</strong></span> 
     </span>
    </p>
   </div>
   <div class='ocr_carea' id='block_1_11' title="bbox 419 905 1991 993">
    <p class='ocr_par' dir='ltr' id='par_1_11' title="bbox 419 905 1991 993">
     <span class='ocr_line' id='line_1_11' title="bbox 419 905 1991 993; baseline -0.016 -10"><span class='ocrx_word' id='word_1_52' title='bbox 419 937 503 983; x_wconf 90' lang='lat' dir='ltr'><strong>est</strong></span> <span class='ocrx_word' id='word_1_53' title='bbox 530 924 745 993; x_wconf 77' lang='lat' dir='ltr'><strong>capitis,</strong></span> <span class='ocrx_word' id='word_1_54' title='bbox 769 921 826 978; x_wconf 98' lang='grc'><strong>8.</strong></span> <span class='ocrx_word' id='word_1_55' title='bbox 848 920 1120 974; x_wconf 86' lang='lat' dir='ltr'><strong>Zenonem</strong></span> <span class='ocrx_word' id='word_1_56' title='bbox 1148 919 1285 970; x_wconf 90' lang='lat' dir='ltr'><strong>inter</strong></span> <span class='ocrx_word' id='word_1_57' title='bbox 1302 914 1421 969; x_wconf 87' lang='lat' dir='ltr'><strong>illos</strong></span> <span class='ocrx_word' id='word_1_58' title='bbox 1448 911 1632 975; x_wconf 85' lang='lat' dir='ltr'><strong>fuisse,</strong></span> <span class='ocrx_word' id='word_1_59' title='bbox 1656 922 1790 979; x_wconf 92' lang='lat' dir='ltr'><strong>quos</strong></span> <span class='ocrx_word' id='word_1_60' title='bbox 1815 905 1991 961; x_wconf 88' lang='lat' dir='ltr'><strong>omni-</strong></span> 
     </span>
    </p>
   </div>
   <div class='ocr_carea' id='block_1_12' title="bbox 419 997 1991 1090">
    <p class='ocr_par' dir='ltr' id='par_1_12' title="bbox 419 997 1991 1090">
     <span class='ocr_line' id='line_1_12' title="bbox 419 997 1991 1090; baseline -0.015 -15"><span class='ocrx_word' id='word_1_61' title='bbox 419 997 518 1075; x_wconf 83' lang='lat' dir='ltr'><strong>bus</strong></span> <span class='ocrx_word' id='word_1_62' title='bbox 547 1016 800 1090; x_wconf 64' lang='lat' dir='ltr'><strong>praecipui</strong></span> <span class='ocrx_word' id='word_1_63' title='bbox 842 1014 1019 1069; x_wconf 87' lang='lat' dir='ltr'><strong>cultus</strong></span> <span class='ocrx_word' id='word_1_64' title='bbox 1062 1006 1379 1065; x_wconf 83' lang='lat' dir='ltr'><strong>testimoniis</strong></span> <span class='ocrx_word' id='word_1_65' title='bbox 1409 1002 1695 1072; x_wconf 76' lang='lat' dir='ltr'><strong>antiquitas</strong></span> <span class='ocrx_word' id='word_1_66' title='bbox 1727 1001 1882 1068; x_wconf 81' lang='lat' dir='ltr'><strong>longe</strong></span> <span class='ocrx_word' id='word_1_67' title='bbox 1909 997 1991 1052; x_wconf 87' lang='lat' dir='ltr'><strong>la-</strong></span> 
     </span>
    </p>
   </div>
   <div class='ocr_carea' id='block_1_13' title="bbox 424 1091 1991 1184">
    <p class='ocr_par' dir='ltr' id='par_1_13' title="bbox 424 1091 1991 1184">
     <span class='ocr_line' id='line_1_13' title="bbox 424 1091 1991 1184; baseline -0.017 -16"><span class='ocrx_word' id='word_1_68' title='bbox 424 1124 577 1183; x_wconf 83' lang='lat' dir='ltr'><strong>teque</strong></span> <span class='ocrx_word' id='word_1_69' title='bbox 610 1120 891 1184; x_wconf 71' lang='lat' dir='ltr'><strong>prosecuta</strong></span> <span class='ocrx_word' id='word_1_70' title='bbox 917 1102 1117 1179; x_wconf 62' lang='lat' dir='ltr'><strong>[cxuvj</strong></span> <span class='ocrx_word' id='word_1_71' title='bbox 1130 1113 1245 1159; x_wconf 87' lang='lat' dir='ltr'><strong>est:</strong></span> <span class='ocrx_word' id='word_1_72' title='bbox 1276 1099 1413 1170; x_wconf 80' lang='lat' dir='ltr'><strong>quod</strong></span> <span class='ocrx_word' id='word_1_73' title='bbox 1433 1114 1495 1154; x_wconf 92' lang='lat' dir='ltr'><strong>eo</strong></span> <span class='ocrx_word' id='word_1_74' title='bbox 1519 1096 1771 1166; x_wconf 76' lang='lat' dir='ltr'><strong>majorem</strong></span> <span class='ocrx_word' id='word_1_75' title='bbox 1794 1093 1911 1162; x_wconf 76' lang='lat' dir='ltr'><strong>ejus</strong></span> <span class='ocrx_word' id='word_1_76' title='bbox 1940 1091 1991 1144; x_wconf 92' lang='lat' dir='ltr'><strong>in</strong></span> 
     </span>
    </p>
   </div>
   <div class='ocr_carea' id='block_1_14' title="bbox 423 1182 1993 1277">
    <p class='ocr_par' dir='ltr' id='par_1_14' title="bbox 423 1182 1993 1277">
     <span class='ocr_line' id='line_1_14' title="bbox 423 1182 1993 1277; baseline -0.018 -16"><span class='ocrx_word' id='word_1_77' title='bbox 423 1182 645 1277; x_wconf 76' lang='lat' dir='ltr'><strong>gloriam</strong></span> <span class='ocrx_word' id='word_1_78' title='bbox 668 1202 831 1266; x_wconf 82' lang='lat' dir='ltr'><strong>cedit,</strong></span> <span class='ocrx_word' id='word_1_79' title='bbox 874 1200 917 1253; x_wconf 89' lang='lat' dir='ltr'><strong>si</strong></span> <span class='ocrx_word' id='word_1_80' title='bbox 944 1198 1219 1253; x_wconf 87' lang='lat' dir='ltr'><strong>coofessor</strong></span> <span class='ocrx_word' id='word_1_81' title='bbox 1241 1202 1467 1252; x_wconf 85' lang='lat' dir='ltr'><strong>tantum.</strong></span> <span class='ocrx_word' id='word_1_82' title='bbox 1516 1204 1618 1243; x_wconf 92' lang='lat' dir='ltr'><strong>non</strong></span> <span class='ocrx_word' id='word_1_83' title='bbox 1646 1190 1847 1256; x_wconf 80' lang='lat' dir='ltr'><strong>martyr</strong></span> <span class='ocrx_word' id='word_1_84' title='bbox 1875 1182 1993 1247; x_wconf 84' lang='lat' dir='ltr'><strong>fuit,</strong></span> 
     </span>
    </p>
   </div>
   <div class='ocr_carea' id='block_1_15' title="bbox 418 1278 1997 1357">
    <p class='ocr_par' dir='ltr' id='par_1_15' title="bbox 418 1278 1997 1357">
     <span class='ocr_line' id='line_1_15' title="bbox 418 1278 1997 1357; baseline -0.02 0"><span class='ocrx_word' id='word_1_85' title='bbox 418 1292 543 1357; x_wconf 75' lang='lat' dir='ltr'><strong>eum</strong></span> <span class='ocrx_word' id='word_1_86' title='bbox 574 1299 656 1351; x_wconf 79' lang='lat' dir='ltr'><strong>vix</strong></span> <span class='ocrx_word' id='word_1_87' title='bbox 683 1296 772 1350; x_wconf 89' lang='lat' dir='ltr'><strong>ulli</strong></span> <span class='ocrx_word' id='word_1_88' title='bbox 802 1278 1115 1353; x_wconf 66' lang='lat' dir='ltr'><strong>confessori,</strong></span> <span class='ocrx_word' id='word_1_89' title='bbox 1148 1287 1241 1342; x_wconf 89' lang='lat' dir='ltr'><strong>sed</strong></span> <span class='ocrx_word' id='word_1_90' title='bbox 1285 1286 1453 1339; x_wconf 90' lang='lat' dir='ltr'><strong>solum</strong></span> <span class='ocrx_word' id='word_1_91' title='bbox 1484 1280 1755 1336; x_wconf 85' lang='lat' dir='ltr'><strong>nonnullis</strong></span> <span class='ocrx_word' id='word_1_92' title='bbox 1798 1284 1997 1345; x_wconf 88' lang='lat' dir='ltr'><strong>marty-</strong></span> 
     </span>
    </p>
   </div>
   <div class='ocr_carea' id='block_1_16' title="bbox 422 1365 1998 1451">
    <p class='ocr_par' dir='ltr' id='par_1_16' title="bbox 422 1365 1998 1451">
     <span class='ocr_line' id='line_1_16' title="bbox 422 1365 1998 1451; baseline -0.021 -2"><span class='ocrx_word' id='word_1_93' title='bbox 422 1394 573 1449; x_wconf 91' lang='lat' dir='ltr'><strong>ribus</strong></span> <span class='ocrx_word' id='word_1_94' title='bbox 616 1384 1055 1451; x_wconf 58' lang='lat' dir='ltr'><strong>fere‘contigerit,</strong></span> <span class='ocrx_word' id='word_1_95' title='bbox 1086 1388 1143 1434; x_wconf 91' lang='lat' dir='ltr'><strong>ut</strong></span> <span class='ocrx_word' id='word_1_96' title='bbox 1180 1376 1412 1448; x_wconf 88' lang='lat' dir='ltr'><strong>antiquis</strong></span> <span class='ocrx_word' id='word_1_97' title='bbox 1456 1370 1784 1442; x_wconf 90' lang='lat' dir='ltr'><strong>temporibus</strong></span> <span class='ocrx_word' id='word_1_98' title='bbox 1822 1365 1998 1421; x_wconf 89' lang='lat' dir='ltr'><strong>cultus</strong></span> 
     </span>
    </p>
   </div>
   <div class='ocr_carea' id='block_1_17' title="bbox 425 1460 1994 1551">
    <p class='ocr_par' dir='ltr' id='par_1_17' title="bbox 425 1460 1994 1551">
     <span class='ocr_line' id='line_1_17' title="bbox 425 1460 1994 1551; baseline -0.02 -12"><span class='ocrx_word' id='word_1_99' title='bbox 425 1493 577 1539; x_wconf 77' lang='lat' dir='ltr'><strong>extra</strong></span> <span class='ocrx_word' id='word_1_100' title='bbox 608 1477 879 1551; x_wconf 91' lang='lat' dir='ltr'><strong>proprium</strong></span> <span class='ocrx_word' id='word_1_101' title='bbox 927 1475 1098 1529; x_wconf 88' lang='lat' dir='ltr'><strong>solum</strong></span> <span class='ocrx_word' id='word_1_102' title='bbox 1144 1472 1362 1526; x_wconf 83' lang='lat' dir='ltr'><strong>latiores</strong></span> <span class='ocrx_word' id='word_1_103' title='bbox 1404 1467 1601 1522; x_wconf 88' lang='lat' dir='ltr'><strong>limites</strong></span> <span class='ocrx_word' id='word_1_104' title='bbox 1656 1460 1994 1532; x_wconf 89' lang='lat' dir='ltr'><strong>produceret.</strong></span> 
     </span>
    </p>
   </div>
   <div class='ocr_carea' id='block_1_18' title="bbox 432 1555 1997 1636">
    <p class='ocr_par' dir='ltr' id='par_1_18' title="bbox 432 1555 1997 1636">
     <span class='ocr_line' id='line_1_18' title="bbox 432 1555 1997 1636; baseline -0.019 -3"><span class='ocrx_word' id='word_1_105' title='bbox 432 1579 577 1633; x_wconf 85' lang='lat' dir='ltr'><strong>Inter</strong></span> <span class='ocrx_word' id='word_1_106' title='bbox 625 1574 800 1630; x_wconf 90' lang='lat' dir='ltr'><strong>cultus</strong></span> <span class='ocrx_word' id='word_1_107' title='bbox 832 1568 1129 1627; x_wconf 89' lang='lat' dir='ltr'><strong>testimonia</strong></span> <span class='ocrx_word' id='word_1_108' title='bbox 1154 1580 1273 1636; x_wconf 69' lang='lat' dir='ltr'><strong>quae</strong></span> <span class='ocrx_word' id='word_1_109' title='bbox 1303 1563 1452 1633; x_wconf 88' lang='lat' dir='ltr'><strong>plura</strong></span> <span class='ocrx_word' id='word_1_110' title='bbox 1483 1555 1751 1615; x_wconf 87' lang='lat' dir='ltr'><strong>recenseri</strong></span> <span class='ocrx_word' id='word_1_111' title='bbox 1777 1558 1997 1622; x_wconf 88' lang='lat' dir='ltr'><strong>queunt,</strong></span> 
     </span>
    </p>
   </div>
   <div class='ocr_carea' id='block_1_19' title="bbox 2087 434 3671 523">
    <p class='ocr_par' dir='ltr' id='par_1_19' title="bbox 2087 434 3671 523">
     <span class='ocr_line' id='line_1_19' title="bbox 2087 434 3671 523; baseline 0 -34"><span class='ocrx_word' id='word_1_112' title='bbox 2087 453 2245 509; x_wconf 87' lang='lat' dir='ltr'><strong>quem</strong></span> <span class='ocrx_word' id='word_1_113' title='bbox 2274 436 2441 492; x_wconf 90' lang='lat' dir='ltr'><strong>edidit</strong></span> <span class='ocrx_word' id='word_1_114' title='bbox 2470 435 2787 523; x_wconf 55' lang='lat' dir='ltr'><strong>Erartciscus</strong></span> <span class='ocrx_word' id='word_1_115' title='bbox 2812 434 3159 493; x_wconf 86' lang='lat' dir='ltr'><strong>Blancbinius</strong></span> <span class='ocrx_word' id='word_1_116' title='bbox 3188 435 3241 488; x_wconf 92' lang='lat' dir='ltr'><strong>in</strong></span> <span class='ocrx_word' id='word_1_117' title='bbox 3272 434 3671 505; x_wconf 84' lang='lat' dir='ltr'><strong>Prolegomenis</strong></span> 
     </span>
    </p>
   </div>
   <div class='ocr_carea' id='block_1_20' title="bbox 2088 528 3669 600">
    <p class='ocr_par' dir='ltr' id='par_1_20' title="bbox 2088 528 3669 600">
     <span class='ocr_line' id='line_1_20' title="bbox 2088 528 3669 600; baseline -0.004 -13"><span class='ocrx_word' id='word_1_118' title='bbox 2088 532 2153 587; x_wconf 90' lang='lat' dir='ltr'><strong>ad</strong></span> <span class='ocrx_word' id='word_1_119' title='bbox 2202 532 2565 597; x_wconf 86' lang='lat' dir='ltr'><strong>Anastasium,</strong></span> <span class='ocrx_word' id='word_1_120' title='bbox 2610 538 2739 585; x_wconf 91' lang='lat' dir='ltr'><strong>tom.</strong></span> <span class='ocrx_word' id='word_1_121' title='bbox 2773 545 2862 595; x_wconf 86' lang='grc' dir='ltr'><strong>ιιι,</strong></span> <span class='ocrx_word' id='word_1_122' title='bbox 2910 544 3029 600; x_wconf 88' lang='lat' dir='ltr'><strong>pag.</strong></span> <span class='ocrx_word' id='word_1_123' title='bbox 3068 529 3153 591; x_wconf 77' lang='grc'><strong>51,</strong></span> <span class='ocrx_word' id='word_1_124' title='bbox 3207 528 3323 583; x_wconf 61' lang='lat' dir='ltr'><strong>haec</strong></span> <span class='ocrx_word' id='word_1_125' title='bbox 3375 529 3669 600; x_wconf 85' lang='lat' dir='ltr'><strong>leguntur:</strong></span> 
     </span>
    </p>
   </div>
   <div class='ocr_carea' id='block_1_21' title="bbox 2091 620 3673 690">
    <p class='ocr_par' dir='ltr' id='par_1_21' title="bbox 2091 620 3673 690">
     <span class='ocr_line' id='line_1_21' title="bbox 2091 620 3673 690; baseline -0.003 -12"><span class='ocrx_word' id='word_1_126' title='bbox 2091 624 2321 690; x_wconf 73' lang='lat' dir='ltr'><strong>Exaudi,</strong></span> <span class='ocrx_word' id='word_1_127' title='bbox 2353 623 2617 678; x_wconf 76' lang='lat' dir='ltr'><strong>Christe...</strong></span> <span class='ocrx_word' id='word_1_128' title='bbox 2650 630 2825 676; x_wconf 84' lang='lat' dir='ltr'><strong>nostra</strong></span> <span class='ocrx_word' id='word_1_129' title='bbox 2874 622 2955 687; x_wconf 87' lang='lat' dir='ltr'><strong>ill,</strong></span> <span class='ocrx_word' id='word_1_130' title='bbox 3002 638 3033 675; x_wconf 92' lang='lat' dir='ltr'><strong>a</strong></span> <span class='ocrx_word' id='word_1_131' title='bbox 3080 621 3183 675; x_wconf 86' lang='lat' dir='ltr'><strong>Deo</strong></span> <span class='ocrx_word' id='word_1_132' title='bbox 3224 623 3380 675; x_wconf 85' lang='lat' dir='ltr'><strong>electo</strong></span> <span class='ocrx_word' id='word_1_133' title='bbox 3426 620 3673 690; x_wconf 69' lang='lat' dir='ltr'><strong>Ponti/ite</strong></span> 
     </span>
    </p>
   </div>
   <div class='ocr_carea' id='block_1_22' title="bbox 2102 706 3673 787">
    <p class='ocr_par' dir='ltr' id='par_1_22' title="bbox 2102 706 3673 787">
     <span class='ocr_line' id='line_1_22' title="bbox 2102 706 3673 787; baseline -0.004 -13"><span class='ocrx_word' id='word_1_134' title='bbox 2102 720 2235 775; x_wconf 85' lang='lat' dir='ltr'><strong>Vita.</strong></span> <span class='ocrx_word' id='word_1_135' title='bbox 2264 718 2379 774; x_wconf 82' lang='lat' dir='ltr'><strong>Ill.</strong></span> <span class='ocrx_word' id='word_1_136' title='bbox 2422 717 2486 775; x_wconf 90' lang='lat' dir='ltr'><strong>S.</strong></span> <span class='ocrx_word' id='word_1_137' title='bbox 2536 716 2728 773; x_wconf 86' lang='lat' dir='ltr'><strong>Firme.</strong></span> <span class='ocrx_word' id='word_1_138' title='bbox 2763 715 3116 787; x_wconf 75' lang='lat' dir='ltr'><strong>Respondetur</strong></span> <span class='ocrx_word' id='word_1_139' title='bbox 3139 731 3157 768; x_wconf 91' lang='lat'><strong><em>:</em></strong></span> <span class='ocrx_word' id='word_1_140' title='bbox 3186 712 3263 768; x_wconf 86' lang='lat' dir='ltr'><strong>Tu</strong></span> <span class='ocrx_word' id='word_1_141' title='bbox 3288 714 3434 768; x_wconf 84' lang='lat' dir='ltr'><strong>illum</strong></span> <span class='ocrx_word' id='word_1_142' title='bbox 3464 706 3673 785; x_wconf 62' lang='lat' dir='ltr'><strong>adiuva.</strong></span> 
     </span>
    </p>
   </div>
   <div class='ocr_carea' id='block_1_23' title="bbox 2096 806 3681 883">
    <p class='ocr_par' dir='ltr' id='par_1_23' title="bbox 2096 806 3681 883">
     <span class='ocr_line' id='line_1_23' title="bbox 2096 806 3681 883; baseline -0.006 -14"><span class='ocrx_word' id='word_1_143' title='bbox 2096 813 2429 869; x_wconf 86' lang='lat' dir='ltr'><strong>S.-Procule.</strong></span> <span class='ocrx_word' id='word_1_144' title='bbox 2484 811 2837 883; x_wconf 73' lang='lat' dir='ltr'><strong>Respondetur</strong></span> <span class='ocrx_word' id='word_1_145' title='bbox 2867 826 2885 863; x_wconf 90' lang='lat'><strong><em>:</em></strong></span> <span class='ocrx_word' id='word_1_146' title='bbox 2934 807 3011 862; x_wconf 85' lang='lat' dir='ltr'><strong>Tu</strong></span> <span class='ocrx_word' id='word_1_147' title='bbox 3055 807 3202 861; x_wconf 85' lang='lat' dir='ltr'><strong>illum</strong></span> <span class='ocrx_word' id='word_1_148' title='bbox 3244 808 3453 878; x_wconf 84' lang='lat' dir='ltr'><strong>adjuva.</strong></span> <span class='ocrx_word' id='word_1_149' title='bbox 3487 806 3681 863; x_wconf 81' lang='lat' dir='ltr'><strong>Sancte</strong></span> 
     </span>
    </p>
   </div>
   <div class='ocr_carea' id='block_1_24' title="bbox 2095 899 3683 977">
    <p class='ocr_par' dir='ltr' id='par_1_24' title="bbox 2095 899 3683 977">
     <span class='ocr_line' id='line_1_24' title="bbox 2095 899 3683 977; baseline -0.004 -17"><span class='ocrx_word' id='word_1_150' title='bbox 2095 905 2251 960; x_wconf 89' lang='lat' dir='ltr'><strong>Zeno.</strong></span> <span class='ocrx_word' id='word_1_151' title='bbox 2288 904 2363 959; x_wconf 89' lang='lat' dir='ltr'><strong>Tu</strong></span> <span class='ocrx_word' id='word_1_152' title='bbox 2395 904 2546 959; x_wconf 88' lang='lat' dir='ltr'><strong>illum</strong></span> <span class='ocrx_word' id='word_1_153' title='bbox 2587 903 2799 975; x_wconf 86' lang='lat' dir='ltr'><strong>adjuva.</strong></span> <span class='ocrx_word' id='word_1_154' title='bbox 2836 900 2987 956; x_wconf 86' lang='lat' dir='ltr'><strong>Hunc</strong></span> <span class='ocrx_word' id='word_1_155' title='bbox 3032 899 3374 977; x_wconf 85' lang='lat' dir='ltr'><strong>Veronenses</strong></span> <span class='ocrx_word' id='word_1_156' title='bbox 3421 900 3542 955; x_wconf 90' lang='lat' dir='ltr'><strong>olim</strong></span> <span class='ocrx_word' id='word_1_157' title='bbox 3585 915 3683 972; x_wconf 88' lang='lat' dir='ltr'><strong>pa-</strong></span> 
     </span>
    </p>
   </div>
   <div class='ocr_carea' id='block_1_25' title="bbox 2096 981 3683 1071">
    <p class='ocr_par' dir='ltr' id='par_1_25' title="bbox 2096 981 3683 1071">
     <span class='ocr_line' id='line_1_25' title="bbox 2096 981 3683 1071; baseline -0.003 -17"><span class='ocrx_word' id='word_1_158' title='bbox 2096 1009 2308 1054; x_wconf 90' lang='lat' dir='ltr'><strong>tronum</strong></span> <span class='ocrx_word' id='word_1_159' title='bbox 2360 997 2464 1052; x_wconf 87' lang='lat' dir='ltr'><strong>sibi</strong></span> <span class='ocrx_word' id='word_1_160' title='bbox 2493 996 2785 1051; x_wconf 81' lang='lat' dir='ltr'><strong>maximum</strong></span> <span class='ocrx_word' id='word_1_161' title='bbox 2829 995 3149 1071; x_wconf 34' lang='lat' dir='ltr'><strong>elegerunt,‘</strong></span> <span class='ocrx_word' id='word_1_162' title='bbox 3176 981 3318 1049; x_wconf 84' lang='lat' dir='ltr'><strong>unde</strong></span> <span class='ocrx_word' id='word_1_163' title='bbox 3359 1009 3389 1048; x_wconf 85' lang='lat' dir='ltr'><strong>a</strong></span> <span class='ocrx_word' id='word_1_164' title='bbox 3428 986 3683 1049; x_wconf 80' lang='lat' dir='ltr'><strong>Ratberio</strong></span> 
     </span>
    </p>
   </div>
   <div class='ocr_carea' id='block_1_26' title="bbox 2096 1086 3683 1162">
    <p class='ocr_par' dir='ltr' id='par_1_26' title="bbox 2096 1086 3683 1162">
     <span class='ocr_line' id='line_1_26' title="bbox 2096 1086 3683 1162; baseline -0.004 -15"><span class='ocrx_word' id='word_1_165' title='bbox 2096 1092 2350 1162; x_wconf 91' lang='lat' dir='ltr'><strong>episcopo</strong></span> <span class='ocrx_word' id='word_1_166' title='bbox 2397 1092 2450 1146; x_wconf 92' lang='lat' dir='ltr'><strong>in</strong></span> <span class='ocrx_word' id='word_1_167' title='bbox 2483 1090 2830 1161; x_wconf 84' lang='lat' dir='ltr'><strong>Apologetico</strong></span> <span class='ocrx_word' id='word_1_168' title='bbox 2864 1104 2982 1158; x_wconf 83' lang='lat' dir='ltr'><strong>pag.</strong></span> <span class='ocrx_word' id='word_1_169' title='bbox 3037 1088 3163 1153; x_wconf 76' lang='lat'><strong>566,</strong></span> <span class='ocrx_word' id='word_1_170' title='bbox 3198 1096 3329 1143; x_wconf 89' lang='lat' dir='ltr'><strong>tom.</strong></span> <span class='ocrx_word' id='word_1_171' title='bbox 3364 1103 3382 1141; x_wconf 89' lang='grc' dir='ltr'><strong>ι</strong></span> <span class='ocrx_word' id='word_1_172' title='bbox 3413 1086 3683 1157; x_wconf 84' lang='lat' dir='ltr'><strong>Spicilegii</strong></span> 
     </span>
    </p>
   </div>
   <div class='ocr_carea' id='block_1_27' title="bbox 2098 1172 3684 1255">
    <p class='ocr_par' dir='ltr' id='par_1_27' title="bbox 2098 1172 3684 1255">
     <span class='ocr_line' id='line_1_27' title="bbox 2098 1172 3684 1255; baseline -0.004 -15"><span class='ocrx_word' id='word_1_173' title='bbox 2098 1184 2405 1249; x_wconf 81' lang='lat' dir='ltr'><strong>Aclteriani,</strong></span> <span class='ocrx_word' id='word_1_174' title='bbox 2437 1172 2709 1255; x_wconf 84' lang='lat' dir='ltr'><strong>peculiaris</strong></span> <span class='ocrx_word' id='word_1_175' title='bbox 2751 1191 2920 1237; x_wconf 79' lang='lat' dir='ltr'><strong>noster</strong></span> <span class='ocrx_word' id='word_1_176' title='bbox 2946 1190 3228 1252; x_wconf 72' lang='lat' dir='ltr'><strong>patronus;</strong></span> <span class='ocrx_word' id='word_1_177' title='bbox 3271 1190 3325 1235; x_wconf 88' lang='lat' dir='ltr'><strong>et</strong></span> <span class='ocrx_word' id='word_1_178' title='bbox 3352 1178 3407 1234; x_wconf 94' lang='lat' dir='ltr'><strong>in</strong></span> <span class='ocrx_word' id='word_1_179' title='bbox 3433 1179 3684 1249; x_wconf 67' lang='lat' dir='ltr'><strong>synodica</strong></span> 
     </span>
    </p>
   </div>
   <div class='ocr_carea' id='block_1_28' title="bbox 2099 1275 3689 1350">
    <p class='ocr_par' dir='ltr' id='par_1_28' title="bbox 2099 1275 3689 1350">
     <span class='ocr_line' id='line_1_28' title="bbox 2099 1275 3689 1350; baseline -0.004 -16"><span class='ocrx_word' id='word_1_180' title='bbox 2099 1278 2163 1334; x_wconf 90' lang='lat' dir='ltr'><strong>ad</strong></span> <span class='ocrx_word' id='word_1_181' title='bbox 2194 1280 2538 1350; x_wconf 82' lang='lat' dir='ltr'><strong>presbyteros</strong></span> <span class='ocrx_word' id='word_1_182' title='bbox 2564 1291 2685 1347; x_wconf 80' lang='lat' dir='ltr'><strong>pag.</strong></span> <span class='ocrx_word' id='word_1_183' title='bbox 2727 1276 2855 1340; x_wconf 72' lang='lat'><strong>577,</strong></span> <span class='ocrx_word' id='word_1_184' title='bbox 2888 1275 3125 1341; x_wconf 78' lang='lat' dir='ltr'><strong>specialis</strong></span> <span class='ocrx_word' id='word_1_185' title='bbox 3148 1284 3317 1328; x_wconf 78' lang='lat' dir='ltr'><strong>noster</strong></span> <span class='ocrx_word' id='word_1_186' title='bbox 3342 1276 3517 1331; x_wconf 84' lang='lat' dir='ltr'><strong>doctor</strong></span> <span class='ocrx_word' id='word_1_187' title='bbox 3535 1283 3689 1344; x_wconf 69' lang='lat' dir='ltr'><strong>atque</strong></span> 
     </span>
    </p>
   </div>
   <div class='ocr_carea' id='block_1_29' title="bbox 2100 1366 3683 1443">
    <p class='ocr_par' dir='ltr' id='par_1_29' title="bbox 2100 1366 3683 1443">
     <span class='ocr_line' id='line_1_29' title="bbox 2100 1366 3683 1443; baseline -0.005 -17"><span class='ocrx_word' id='word_1_188' title='bbox 2100 1372 2332 1443; x_wconf 81' lang='lat' dir='ltr'><strong>provisor</strong></span> <span class='ocrx_word' id='word_1_189' title='bbox 2359 1380 2598 1425; x_wconf 86' lang='lat' dir='ltr'><strong>vocatur.</strong></span> <span class='ocrx_word' id='word_1_190' title='bbox 2628 1368 2856 1424; x_wconf 75' lang='lat' dir='ltr'><strong>Civitatis</strong></span> <span class='ocrx_word' id='word_1_191' title='bbox 2898 1366 3111 1422; x_wconf 73' lang='lat' dir='ltr'><strong>Verona:</strong></span> <span class='ocrx_word' id='word_1_192' title='bbox 3137 1368 3381 1438; x_wconf 75' lang='lat' dir='ltr'><strong>patronus</strong></span> <span class='ocrx_word' id='word_1_193' title='bbox 3403 1378 3547 1436; x_wconf 85' lang='lat' dir='ltr'><strong>atque</strong></span> <span class='ocrx_word' id='word_1_194' title='bbox 3583 1384 3683 1438; x_wconf 85' lang='lat' dir='ltr'><strong>gn-</strong></span> 
     </span>
    </p>
   </div>
   <div class='ocr_carea' id='block_1_30' title="bbox 2102 1463 3687 1535">
    <p class='ocr_par' dir='ltr' id='par_1_30' title="bbox 2102 1463 3687 1535">
     <span class='ocr_line' id='line_1_30' title="bbox 2102 1463 3687 1535; baseline -0.001 -16"><span class='ocrx_word' id='word_1_195' title='bbox 2102 1467 2335 1520; x_wconf 87' lang='lat' dir='ltr'><strong>bernator</strong></span> <span class='ocrx_word' id='word_1_196' title='bbox 2365 1465 2614 1521; x_wconf 86' lang='lat' dir='ltr'><strong>similiter</strong></span> <span class='ocrx_word' id='word_1_197' title='bbox 2642 1464 2839 1519; x_wconf 91' lang='lat' dir='ltr'><strong>dicitur</strong></span> <span class='ocrx_word' id='word_1_198' title='bbox 2868 1464 2918 1518; x_wconf 93' lang='lat' dir='ltr'><strong>in</strong></span> <span class='ocrx_word' id='word_1_199' title='bbox 2949 1463 3179 1519; x_wconf 85' lang='lat' dir='ltr'><strong>Othonis</strong></span> <span class='ocrx_word' id='word_1_200' title='bbox 3213 1464 3553 1533; x_wconf 85' lang='lat' dir='ltr'><strong>imperatoris</strong></span> <span class='ocrx_word' id='word_1_201' title='bbox 3573 1464 3687 1535; x_wconf 87' lang='lat' dir='ltr'><strong>pri-</strong></span> 
     </span>
    </p>
   </div>
   <div class='ocr_carea' id='block_1_31' title="bbox 2101 1553 3685 1629">
    <p class='ocr_par' dir='ltr' id='par_1_31' title="bbox 2101 1553 3685 1629">
     <span class='ocr_line' id='line_1_31' title="bbox 2101 1553 3685 1629; baseline -0.001 -19"><span class='ocrx_word' id='word_1_202' title='bbox 2101 1556 2314 1626; x_wconf 82' lang='lat' dir='ltr'><strong>vilegio,</strong></span> <span class='ocrx_word' id='word_1_203' title='bbox 2348 1572 2435 1612; x_wconf 83' lang='lat' dir='ltr'><strong>an.</strong></span> <span class='ocrx_word' id='word_1_204' title='bbox 2469 1556 2594 1629; x_wconf 74' lang='lat'><strong>988.</strong></span> <span class='ocrx_word' id='word_1_205' title='bbox 2625 1555 2763 1623; x_wconf 85' lang='lat' dir='ltr'><strong>apud</strong></span> <span class='ocrx_word' id='word_1_206' title='bbox 2794 1554 3097 1626; x_wconf 82' lang='lat' dir='ltr'><strong>Ugltellium</strong></span> <span class='ocrx_word' id='word_1_207' title='bbox 3142 1571 3259 1625; x_wconf 88' lang='lat' dir='ltr'><strong>pag.</strong></span> <span class='ocrx_word' id='word_1_208' title='bbox 3289 1553 3417 1619; x_wconf 66' lang='grc'><strong>745,</strong></span> <span class='ocrx_word' id='word_1_209' title='bbox 3450 1554 3525 1609; x_wconf 85' lang='lat' dir='ltr'><strong>uti</strong></span> <span class='ocrx_word' id='word_1_210' title='bbox 3549 1563 3605 1608; x_wconf 88' lang='lat' dir='ltr'><strong>et</strong></span> <span class='ocrx_word' id='word_1_211' title='bbox 3634 1556 3685 1610; x_wconf 84' lang='lat' dir='ltr'><strong>in</strong></span> 
     </span>
    </p>
   </div>
   <div class='ocr_carea' id='block_1_32' title="bbox 426 1645 3740 1744">
    <p class='ocr_par' dir='ltr' id='par_1_32' title="bbox 426 1645 3740 1744">
     <span class='ocr_line' id='line_1_32' title="bbox 426 1645 3740 1744; baseline -0.008 -16"><span class='ocrx_word' id='word_1_212' title='bbox 426 1669 816 1744; x_wconf 71' lang='lat' dir='ltr'><strong>bmcprtecipua</strong></span> <span class='ocrx_word' id='word_1_213' title='bbox 832 1674 973 1721; x_wconf 86' lang='lat' dir='ltr'><strong>sunt:</strong></span> <span class='ocrx_word' id='word_1_214' title='bbox 1000 1653 1602 1719; x_wconf 85' lang='lat' dir='ltr'><strong>ecclesiarnminSancti</strong></span> <span class='ocrx_word' id='word_1_215' title='bbox 1624 1648 1840 1706; x_wconf 89' lang='lat' dir='ltr'><strong>nomine</strong></span> <span class='ocrx_word' id='word_1_216' title='bbox 1856 1645 2004 1744; x_wconf 66' lang='lat' dir='ltr'><strong>dedi-</strong></span> <span class='ocrx_word' id='word_1_217' title='bbox 2102 1647 2210 1701; x_wconf 92' lang='lat' dir='ltr'><strong>alio</strong></span> <span class='ocrx_word' id='word_1_218' title='bbox 2237 1662 2326 1701; x_wconf 89' lang='lat' dir='ltr'><strong>an.</strong></span> <span class='ocrx_word' id='word_1_219' title='bbox 2360 1645 2483 1711; x_wconf 88' lang='lat'><strong>996,</strong></span> <span class='ocrx_word' id='word_1_220' title='bbox 2520 1661 2641 1717; x_wconf 83' lang='lat' dir='ltr'><strong>pag.</strong></span> <span class='ocrx_word' id='word_1_221' title='bbox 2673 1645 2799 1714; x_wconf 70' lang='lat'><strong>749,</strong></span> <span class='ocrx_word' id='word_1_222' title='bbox 2832 1646 2884 1701; x_wconf 91' lang='lat' dir='ltr'><strong>in</strong></span> <span class='ocrx_word' id='word_1_223' title='bbox 2917 1647 3110 1717; x_wconf 83' lang='lat' dir='ltr'><strong>quibus</strong></span> <span class='ocrx_word' id='word_1_224' title='bbox 3137 1649 3380 1717; x_wconf 87' lang='lat' dir='ltr'><strong>utrisque</strong></span> <span class='ocrx_word' id='word_1_225' title='bbox 3414 1646 3687 1702; x_wconf 86' lang='lat' dir='ltr'><strong>Veroncn-</strong></span> <span class='ocrx_word' id='word_1_226' title='bbox 3730 1680 3740 1689; x_wconf 90' lang='lat'><strong>-</strong></span> 
     </span>
    </p>
   </div>
   <div class='ocr_carea' id='block_1_33' title="bbox 424 1726 3799 1831">
    <p class='ocr_par' dir='ltr' id='par_1_33' title="bbox 424 1726 3799 1831">
     <span class='ocr_line' id='line_1_33' title="bbox 424 1726 3799 1831; baseline -0.009 -8"><span class='ocrx_word' id='word_1_227' title='bbox 424 1726 783 1831; x_wconf 54' lang='lat' dir='ltr'><strong>catio:.oflicia</strong></span> <span class='ocrx_word' id='word_1_228' title='bbox 825 1774 887 1814; x_wconf 91' lang='lat' dir='ltr'><strong>ac</strong></span> <span class='ocrx_word' id='word_1_229' title='bbox 914 1757 1089 1813; x_wconf 74' lang='lat' dir='ltr'><strong>missa:</strong></span> <span class='ocrx_word' id='word_1_230' title='bbox 1118 1753 1369 1825; x_wconf 64' lang='lat' dir='ltr'><strong>propriis,</strong></span> <span class='ocrx_word' id='word_1_231' title='bbox 1404 1748 1521 1818; x_wconf 87' lang='lat' dir='ltr'><strong>ejus</strong></span> <span class='ocrx_word' id='word_1_232' title='bbox 1563 1760 1759 1801; x_wconf 87' lang='lat' dir='ltr'><strong>nomen</strong></span> <span class='ocrx_word' id='word_1_233' title='bbox 1810 1741 1862 1795; x_wconf 92' lang='lat' dir='ltr'><strong>in</strong></span> <span class='ocrx_word' id='word_1_234' title='bbox 1904 1738 2003 1794; x_wconf 85' lang='lat' dir='ltr'><strong>Ca-</strong></span> <span class='ocrx_word' id='word_1_235' title='bbox 2032 1741 2079 1800; x_wconf 90' lang='lat' dir='ltr'><strong>B</strong></span> <span class='ocrx_word' id='word_1_236' title='bbox 2106 1741 2179 1794; x_wconf 90' lang='lat' dir='ltr'><strong>sis</strong></span> <span class='ocrx_word' id='word_1_237' title='bbox 2233 1741 2517 1809; x_wconf 77' lang='lat' dir='ltr'><strong>episcopus</strong></span> <span class='ocrx_word' id='word_1_238' title='bbox 2550 1739 2786 1794; x_wconf 87' lang='lat' dir='ltr'><strong>Vicarius</strong></span> <span class='ocrx_word' id='word_1_239' title='bbox 2817 1738 2877 1795; x_wconf 91' lang='lat' dir='ltr'><strong>S.</strong></span> <span class='ocrx_word' id='word_1_240' title='bbox 2905 1739 3128 1794; x_wconf 85' lang='lat' dir='ltr'><strong>Zenonis</strong></span> <span class='ocrx_word' id='word_1_241' title='bbox 3154 1740 3382 1796; x_wconf 87' lang='lat' dir='ltr'><strong>honoris</strong></span> <span class='ocrx_word' id='word_1_242' title='bbox 3408 1755 3562 1796; x_wconf 79' lang='lat' dir='ltr'><strong>causa</strong></span> <span class='ocrx_word' id='word_1_243' title='bbox 3594 1756 3695 1795; x_wconf 88' lang='lat' dir='ltr'><strong>no-</strong></span> 
     </span>
    </p>
   </div>
   <div class='ocr_carea' id='block_1_34' title="bbox 422 1832 3695 1915">
    <p class='ocr_par' dir='ltr' id='par_1_34' title="bbox 422 1832 3695 1915">
     <span class='ocr_line' id='line_1_34' title="bbox 422 1832 3695 1915; baseline -0.009 0"><span class='ocrx_word' id='word_1_244' title='bbox 422 1862 619 1915; x_wconf 90' lang='lat' dir='ltr'><strong>nonem</strong></span> <span class='ocrx_word' id='word_1_245' title='bbox 647 1870 710 1909; x_wconf 87' lang='lat' dir='ltr'><strong>ac</strong></span> <span class='ocrx_word' id='word_1_246' title='bbox 736 1853 945 1908; x_wconf 88' lang='lat' dir='ltr'><strong>litanias</strong></span> <span class='ocrx_word' id='word_1_247' title='bbox 975 1848 1255 1904; x_wconf 90' lang='lat' dir='ltr'><strong>insertum.</strong></span> <span class='ocrx_word' id='word_1_248' title='bbox 1284 1851 1338 1899; x_wconf 88' lang='lat' dir='ltr'><strong>et</strong></span> <span class='ocrx_word' id='word_1_249' title='bbox 1373 1840 1422 1897; x_wconf 90' lang='lat' dir='ltr'><strong>id</strong></span> <span class='ocrx_word' id='word_1_250' title='bbox 1449 1834 1790 1911; x_wconf 72' lang='lat' dir='ltr'><strong>generis‘alia</strong></span> <span class='ocrx_word' id='word_1_251' title='bbox 1832 1851 1844 1885; x_wconf 88' lang='lat'>:</span> <span class='ocrx_word' id='word_1_252' title='bbox 1887 1844 2005 1899; x_wconf 72' lang='lat' dir='ltr'><strong>quae</strong></span> <span class='ocrx_word' id='word_1_253' title='bbox 2106 1835 2358 1890; x_wconf 86' lang='lat' dir='ltr'><strong>minatur.</strong></span> <span class='ocrx_word' id='word_1_254' title='bbox 2416 1833 2469 1888; x_wconf 83' lang='grc' dir='ltr'><strong>ιιι</strong></span> <span class='ocrx_word' id='word_1_255' title='bbox 2503 1835 2766 1903; x_wconf 65' lang='lat' dir='ltr'><strong>prooemio</strong></span> <span class='ocrx_word' id='word_1_256' title='bbox 2806 1844 3124 1888; x_wconf 73' lang='lat' dir='ltr'><strong>statutos-um</strong></span> <span class='ocrx_word' id='word_1_257' title='bbox 3175 1832 3554 1890; x_wconf 87' lang='lat' dir='ltr'><strong>Veronensium</strong></span> <span class='ocrx_word' id='word_1_258' title='bbox 3602 1851 3695 1902; x_wconf 80' lang='lat' dir='ltr'><strong>pa-</strong></span> 
     </span>
    </p>
   </div>
   <div class='ocr_carea' id='block_1_35' title="bbox 422 1925 2005 2009">
    <p class='ocr_par' dir='ltr' id='par_1_35' title="bbox 422 1925 2005 2009">
     <span class='ocr_line' id='line_1_35' title="bbox 422 1925 2005 2009; baseline -0.02 -2"><span class='ocrx_word' id='word_1_259' title='bbox 422 1955 467 2009; x_wconf 90' lang='lat' dir='ltr'><strong>si</strong></span> <span class='ocrx_word' id='word_1_260' title='bbox 493 1952 559 2008; x_wconf 90' lang='lat' dir='ltr'><strong>de</strong></span> <span class='ocrx_word' id='word_1_261' title='bbox 609 1948 823 2003; x_wconf 81' lang='lat' dir='ltr'><strong>Zenone</strong></span> <span class='ocrx_word' id='word_1_262' title='bbox 874 1950 1056 1998; x_wconf 89' lang='lat' dir='ltr'><strong>nostro</strong></span> <span class='ocrx_word' id='word_1_263' title='bbox 1104 1938 1281 1995; x_wconf 89' lang='lat' dir='ltr'><strong>omnia</strong></span> <span class='ocrx_word' id='word_1_264' title='bbox 1323 1935 1432 2006; x_wconf 89' lang='lat' dir='ltr'><strong>jam</strong></span> <span class='ocrx_word' id='word_1_265' title='bbox 1484 1931 1609 1987; x_wconf 90' lang='lat' dir='ltr'><strong>inde</strong></span> <span class='ocrx_word' id='word_1_266' title='bbox 1653 1928 1721 1983; x_wconf 89' lang='lat' dir='ltr'><strong>ab</strong></span> <span class='ocrx_word' id='word_1_267' title='bbox 1772 1925 2005 1993; x_wconf 76' lang='lat' dir='ltr'><strong>antiquis</strong></span> 
     </span>
    </p>
   </div>
   <div class='ocr_carea' id='block_1_36' title="bbox 426 2026 2005 2116">
    <p class='ocr_par' dir='ltr' id='par_1_36' title="bbox 426 2026 2005 2116">
     <span class='ocr_line' id='line_1_36' title="bbox 426 2026 2005 2116; baseline -0.022 -13"><span class='ocrx_word' id='word_1_268' title='bbox 426 2043 755 2116; x_wconf 87' lang='lat' dir='ltr'><strong>temporibus</strong></span> <span class='ocrx_word' id='word_1_269' title='bbox 783 2048 839 2094; x_wconf 86' lang='lat' dir='ltr'><strong>et</strong></span> <span class='ocrx_word' id='word_1_270' title='bbox 861 2036 1089 2094; x_wconf 66' lang='lat' dir='ltr'><strong>Veronae</strong></span> <span class='ocrx_word' id='word_1_271' title='bbox 1140 2041 1193 2087; x_wconf 89' lang='lat' dir='ltr'><strong>et</strong></span> <span class='ocrx_word' id='word_1_272' title='bbox 1243 2030 1369 2084; x_wconf 86' lang='lat' dir='ltr'><strong>alibi</strong></span> <span class='ocrx_word' id='word_1_273' title='bbox 1417 2026 1678 2082; x_wconf 85' lang='lat' dir='ltr'><strong>latissime</strong></span> <span class='ocrx_word' id='word_1_274' title='bbox 1718 2026 2005 2092; x_wconf 83' lang='lat' dir='ltr'><strong>prapagata</strong></span> 
     </span>
    </p>
   </div>
   <div class='ocr_carea' id='block_1_37' title="bbox 395 2112 2003 2199">
    <p class='ocr_par' dir='ltr' id='par_1_37' title="bbox 395 2112 2003 2199">
     <span class='ocr_line' id='line_1_37' title="bbox 395 2112 2003 2199; baseline -0.017 -8"><span class='ocrx_word' id='word_1_275' title='bbox 395 2146 399 2152; x_wconf 93' lang='lat'>&#39;</span> <span class='ocrx_word' id='word_1_276' title='bbox 425 2112 700 2192; x_wconf 83' lang='lat' dir='ltr'><strong>nonnullis</strong></span> <span class='ocrx_word' id='word_1_277' title='bbox 753 2132 980 2199; x_wconf 87' lang='lat' dir='ltr'><strong>antiquis</strong></span> <span class='ocrx_word' id='word_1_278' title='bbox 1004 2137 1058 2183; x_wconf 89' lang='lat' dir='ltr'><strong>et</strong></span> <span class='ocrx_word' id='word_1_279' title='bbox 1083 2127 1243 2181; x_wconf 88' lang='lat' dir='ltr'><strong>certis</strong></span> <span class='ocrx_word' id='word_1_280' title='bbox 1267 2120 1601 2176; x_wconf 87' lang='lat' dir='ltr'><strong>documentis</strong></span> <span class='ocrx_word' id='word_1_281' title='bbox 1626 2112 2003 2175; x_wconf 88' lang='lat' dir='ltr'><strong>statuerimus;</strong></span> 
     </span>
    </p>
   </div>
   <div class='ocr_carea' id='block_1_38' title="bbox 428 2207 2001 2282">
    <p class='ocr_par' dir='ltr' id='par_1_38' title="bbox 428 2207 2001 2282">
     <span class='ocr_line' id='line_1_38' title="bbox 428 2207 2001 2282; baseline -0.019 0"><span class='ocrx_word' id='word_1_282' title='bbox 428 2228 494 2282; x_wconf 87' lang='lat' dir='ltr'><strong>ad</strong></span> <span class='ocrx_word' id='word_1_283' title='bbox 523 2225 721 2280; x_wconf 91' lang='lat' dir='ltr'><strong>cultum</strong></span> <span class='ocrx_word' id='word_1_284' title='bbox 752 2231 808 2278; x_wconf 91' lang='lat' dir='ltr'><strong>et</strong></span> <span class='ocrx_word' id='word_1_285' title='bbox 828 2220 1163 2275; x_wconf 89' lang='lat' dir='ltr'><strong>sanctitatem</strong></span> <span class='ocrx_word' id='word_1_286' title='bbox 1188 2213 1303 2282; x_wconf 89' lang='lat' dir='ltr'><strong>ejus</strong></span> <span class='ocrx_word' id='word_1_287' title='bbox 1336 2211 1595 2278; x_wconf 74' lang='lat' dir='ltr'><strong>insignem</strong></span> <span class='ocrx_word' id='word_1_288' title='bbox 1623 2207 2001 2260; x_wconf 83' lang='lat' dir='ltr'><strong>demonstran-</strong></span> 
     </span>
    </p>
   </div>
   <div class='ocr_carea' id='block_1_39' title="bbox 369 2293 2008 2378">
    <p class='ocr_par' dir='ltr' id='par_1_39' title="bbox 369 2293 2008 2378">
     <span class='ocr_line' id='line_1_39' title="bbox 369 2293 2008 2378; baseline -0.021 1"><span class='ocrx_word' id='word_1_289' title='bbox 369 2351 374 2355; x_wconf 90' lang='lat'><strong><em>-</em></strong></span> <span class='ocrx_word' id='word_1_290' title='bbox 430 2323 552 2378; x_wconf 91' lang='lat' dir='ltr'><strong>dam</strong></span> <span class='ocrx_word' id='word_1_291' title='bbox 582 2317 713 2374; x_wconf 88' lang='lat' dir='ltr'><strong>nihil</strong></span> <span class='ocrx_word' id='word_1_292' title='bbox 738 2312 1146 2371; x_wconf 70' lang='lat' dir='ltr'><strong>desiderabitur.</strong></span> <span class='ocrx_word' id='word_1_293' title='bbox 1168 2308 1241 2362; x_wconf 89' lang='lat' dir='ltr'><strong>De</strong></span> <span class='ocrx_word' id='word_1_294' title='bbox 1270 2303 1387 2375; x_wconf 90' lang='lat' dir='ltr'><strong>ejus</strong></span> <span class='ocrx_word' id='word_1_295' title='bbox 1413 2300 1555 2357; x_wconf 90' lang='lat' dir='ltr'><strong>cultu</strong></span> <span class='ocrx_word' id='word_1_296' title='bbox 1579 2297 1720 2370; x_wconf 87' lang='lat' dir='ltr'><strong>apud</strong></span> <span class='ocrx_word' id='word_1_297' title='bbox 1744 2293 2008 2350; x_wconf 81' lang='lat' dir='ltr'><strong>Veronam</strong></span> 
     </span>
    </p>
   </div>
   <div class='ocr_carea' id='block_1_40' title="bbox 432 2412 1358 2487">
    <p class='ocr_par' dir='ltr' id='par_1_40' title="bbox 432 2412 1358 2487">
     <span class='ocr_line' id='line_1_40' title="bbox 432 2412 1358 2487; baseline -0.015 -15"><span class='ocrx_word' id='word_1_298' title='bbox 432 2417 660 2487; x_wconf 90' lang='lat' dir='ltr'><strong>primum</strong></span> <span class='ocrx_word' id='word_1_299' title='bbox 692 2412 947 2467; x_wconf 87' lang='lat' dir='ltr'><strong>dicamus.</strong></span> <span class='ocrx_word' id='word_1_300' title='bbox 1294 2472 1297 2475; x_wconf 95' lang='lat'><em>_</em></span> <span class='ocrx_word' id='word_1_301' title='bbox 1355 2463 1358 2466; x_wconf 54' lang='grc'>,</span> 
     </span>
    </p>
   </div>
   <div class='ocr_carea' id='block_1_41' title="bbox 505 2477 2010 2573">
    <p class='ocr_par' dir='ltr' id='par_1_41' title="bbox 505 2477 2010 2573">
     <span class='ocr_line' id='line_1_41' title="bbox 505 2477 2010 2573; baseline -0.023 -10"><span class='ocrx_word' id='word_1_302' title='bbox 505 2509 681 2563; x_wconf 73' lang='lat' dir='ltr'><strong>Multre</strong></span> <span class='ocrx_word' id='word_1_303' title='bbox 736 2493 1265 2573; x_wconf 65' lang='lat' dir='ltr'><strong>inprimisecclesiac</strong></span> <span class='ocrx_word' id='word_1_304' title='bbox 1312 2498 1422 2544; x_wconf 90' lang='lat' dir='ltr'><strong>tum</strong></span> <span class='ocrx_word' id='word_1_305' title='bbox 1470 2486 1523 2541; x_wconf 94' lang='lat' dir='ltr'><strong>in</strong></span> <span class='ocrx_word' id='word_1_306' title='bbox 1575 2482 1704 2539; x_wconf 90' lang='lat' dir='ltr'><strong>urbe</strong></span> <span class='ocrx_word' id='word_1_307' title='bbox 1733 2522 1748 2547; x_wconf 95' lang='lat'><strong>,</strong></span> <span class='ocrx_word' id='word_1_308' title='bbox 1799 2489 1909 2534; x_wconf 88' lang='lat' dir='ltr'><strong>ttun</strong></span> <span class='ocrx_word' id='word_1_309' title='bbox 1956 2477 2010 2530; x_wconf 93' lang='lat' dir='ltr'><strong>in</strong></span> 
     </span>
    </p>
   </div>
   <div class='ocr_carea' id='block_1_42' title="bbox 432 2579 2010 2659">
    <p class='ocr_par' dir='ltr' id='par_1_42' title="bbox 432 2579 2010 2659">
     <span class='ocr_line' id='line_1_42' title="bbox 432 2579 2010 2659; baseline -0.025 0"><span class='ocrx_word' id='word_1_310' title='bbox 432 2599 652 2659; x_wconf 74' lang='lat' dir='ltr'><strong>ditecesi</strong></span> <span class='ocrx_word' id='word_1_311' title='bbox 696 2590 993 2652; x_wconf 89' lang='lat' dir='ltr'><strong>Veronensi</strong></span> <span class='ocrx_word' id='word_1_312' title='bbox 1040 2588 1099 2645; x_wconf 91' lang='lat' dir='ltr'><strong>S.</strong></span> <span class='ocrx_word' id='word_1_313' title='bbox 1145 2583 1373 2640; x_wconf 79' lang='lat' dir='ltr'><strong>Zenonis</strong></span> <span class='ocrx_word' id='word_1_314' title='bbox 1403 2579 1552 2633; x_wconf 91' lang='lat' dir='ltr'><strong>titulo</strong></span> <span class='ocrx_word' id='word_1_315' title='bbox 1602 2580 2010 2641; x_wconf 89' lang='lat' dir='ltr'><strong>nuncupantur,</strong></span> 
     </span>
    </p>
   </div>
   <div class='ocr_carea' id='block_1_43' title="bbox 435 2666 2014 2765">
    <p class='ocr_par' dir='ltr' id='par_1_43' title="bbox 435 2666 2014 2765">
     <span class='ocr_line' id='line_1_43' title="bbox 435 2666 2014 2765; baseline -0.023 -16"><span class='ocrx_word' id='word_1_316' title='bbox 435 2708 567 2765; x_wconf 78' lang='lat' dir='ltr'><strong>quas</strong></span> <span class='ocrx_word' id='word_1_317' title='bbox 596 2699 895 2743; x_wconf 85' lang='lat' dir='ltr'><strong>numerare</strong></span> <span class='ocrx_word' id='word_1_318' title='bbox 936 2681 1093 2735; x_wconf 89' lang='lat' dir='ltr'><strong>nimis</strong></span> <span class='ocrx_word' id='word_1_319' title='bbox 1125 2683 1270 2732; x_wconf 87' lang='lat' dir='ltr'><strong>esset</strong></span> <span class='ocrx_word' id='word_1_320' title='bbox 1308 2674 1545 2740; x_wconf 87' lang='lat' dir='ltr'><strong>longum.</strong></span> <span class='ocrx_word' id='word_1_321' title='bbox 1601 2666 1864 2765; x_wconf 56' lang='lat' dir='ltr'><strong>Praeterea</strong></span> <span class='ocrx_word' id='word_1_322' title='bbox 1906 2669 2014 2713; x_wconf 84' lang='lat' dir='ltr'><strong>tres</strong></span> 
     </span>
    </p>
   </div>
   <div class='ocr_carea' id='block_1_44' title="bbox 436 2754 2017 2856">
    <p class='ocr_par' dir='ltr' id='par_1_44' title="bbox 436 2754 2017 2856">
     <span class='ocr_line' id='line_1_44' title="bbox 436 2754 2017 2856; baseline -0.023 -17"><span class='ocrx_word' id='word_1_323' title='bbox 436 2754 556 2839; x_wconf 64' lang='lat' dir='ltr'><strong>festi</strong></span> <span class='ocrx_word' id='word_1_324' title='bbox 586 2780 702 2834; x_wconf 90' lang='lat' dir='ltr'><strong>dies</strong></span> <span class='ocrx_word' id='word_1_325' title='bbox 722 2778 777 2831; x_wconf 92' lang='lat' dir='ltr'><strong>in</strong></span> <span class='ocrx_word' id='word_1_326' title='bbox 805 2771 1043 2845; x_wconf 88' lang='lat' dir='ltr'><strong>ejusdem</strong></span> <span class='ocrx_word' id='word_1_327' title='bbox 1072 2758 1608 2856; x_wconf 37' lang='lat' dir='ltr'><strong>Sancthmcmoriam</strong></span> <span class='ocrx_word' id='word_1_328' title='bbox 1642 2754 1881 2810; x_wconf 89' lang='lat' dir='ltr'><strong>celebres</strong></span> <span class='ocrx_word' id='word_1_329' title='bbox 1922 2765 2017 2819; x_wconf 71' lang='lat' dir='ltr'><strong>per</strong></span> 
     </span>
    </p>
   </div>
   <div class='ocr_carea' id='block_1_45' title="bbox 438 2852 2018 2947">
    <p class='ocr_par' dir='ltr' id='par_1_45' title="bbox 438 2852 2018 2947">
     <span class='ocr_line' id='line_1_45' title="bbox 438 2852 2018 2947; baseline -0.022 -17"><span class='ocrx_word' id='word_1_330' title='bbox 438 2876 592 2947; x_wconf 86' lang='lat' dir='ltr'><strong>plura</strong></span> <span class='ocrx_word' id='word_1_331' title='bbox 620 2869 812 2925; x_wconf 62' lang='lat' dir='ltr'><strong>siccula</strong></span> <span class='ocrx_word' id='word_1_332' title='bbox 842 2866 904 2920; x_wconf 90' lang='lat' dir='ltr'><strong>in</strong></span> <span class='ocrx_word' id='word_1_333' title='bbox 925 2859 1156 2931; x_wconf 87' lang='lat' dir='ltr'><strong>antiquis</strong></span> <span class='ocrx_word' id='word_1_334' title='bbox 1179 2852 1541 2912; x_wconf 80' lang='lat' dir='ltr'><strong>monumentis</strong></span> <span class='ocrx_word' id='word_1_335' title='bbox 1570 2858 1843 2905; x_wconf 87' lang='lat' dir='ltr'><strong>notantur.</strong></span> <span class='ocrx_word' id='word_1_336' title='bbox 1885 2855 2018 2912; x_wconf 88' lang='lat' dir='ltr'><strong>quos</strong></span> 
     </span>
    </p>
   </div>
   <div class='ocr_carea' id='block_1_46' title="bbox 442 2937 2015 3023">
    <p class='ocr_par' dir='ltr' id='par_1_46' title="bbox 442 2937 2015 3023">
     <span class='ocr_line' id='line_1_46' title="bbox 442 2937 2015 3023; baseline -0.022 -1"><span class='ocrx_word' id='word_1_337' title='bbox 442 2937 669 3023; x_wconf 72' lang='lat' dir='ltr'><strong>solemni</strong></span> <span class='ocrx_word' id='word_1_338' title='bbox 696 2964 799 3018; x_wconf 90' lang='lat' dir='ltr'><strong>ritu</strong></span> <span class='ocrx_word' id='word_1_339' title='bbox 826 2956 1152 3016; x_wconf 80' lang='lat' dir='ltr'><strong>Veronensis</strong></span> <span class='ocrx_word' id='word_1_340' title='bbox 1196 2950 1432 3006; x_wconf 85' lang='lat' dir='ltr'><strong>Ecclesia</strong></span> <span class='ocrx_word' id='word_1_341' title='bbox 1460 2943 1745 3016; x_wconf 88' lang='lat' dir='ltr'><strong>quotannis</strong></span> <span class='ocrx_word' id='word_1_342' title='bbox 1774 2937 1976 3010; x_wconf 78' lang='lat' dir='ltr'><strong>peregit</strong></span> <span class='ocrx_word' id='word_1_343' title='bbox 2002 2952 2015 2988; x_wconf 91' lang='lat'>:</span> 
     </span>
    </p>
   </div>
   <div class='ocr_carea' id='block_1_47' title="bbox 441 3030 2017 3131">
    <p class='ocr_par' dir='ltr' id='par_1_47' title="bbox 441 3030 2017 3131">
     <span class='ocr_line' id='line_1_47' title="bbox 441 3030 2017 3131; baseline -0.022 -15"><span class='ocrx_word' id='word_1_344' title='bbox 441 3058 615 3131; x_wconf 85' lang='lat' dir='ltr'><strong>pridie</strong></span> <span class='ocrx_word' id='word_1_345' title='bbox 636 3055 761 3110; x_wconf 85' lang='lat' dir='ltr'><strong>ldus</strong></span> <span class='ocrx_word' id='word_1_346' title='bbox 787 3050 982 3123; x_wconf 81' lang='lat' dir='ltr'><strong>Aprilis</strong></span> <span class='ocrx_word' id='word_1_347' title='bbox 1004 3045 1252 3117; x_wconf 75' lang='lat' dir='ltr'><strong>depositio</strong></span> <span class='ocrx_word' id='word_1_348' title='bbox 1276 3042 1337 3097; x_wconf 87' lang='lat' dir='ltr'><strong>S.</strong></span> <span class='ocrx_word' id='word_1_349' title='bbox 1371 3039 1614 3101; x_wconf 89' lang='lat' dir='ltr'><strong>Zenonis,</strong></span> <span class='ocrx_word' id='word_1_350' title='bbox 1640 3051 1715 3089; x_wconf 78' lang='lat' dir='ltr'><strong>xu</strong></span> <span class='ocrx_word' id='word_1_351' title='bbox 1732 3032 1848 3088; x_wconf 81' lang='lat' dir='ltr'><strong>Cal.</strong></span> <span class='ocrx_word' id='word_1_352' title='bbox 1874 3030 2017 3085; x_wconf 83' lang='lat' dir='ltr'><strong>Junii</strong></span> 
     </span>
    </p>
   </div>
   <div class='ocr_carea' id='block_1_48' title="bbox 2108 1924 3692 1996">
    <p class='ocr_par' dir='ltr' id='par_1_48' title="bbox 2108 1924 3692 1996">
     <span class='ocr_line' id='line_1_48' title="bbox 2108 1924 3692 1996; baseline -0.001 -17"><span class='ocrx_word' id='word_1_353' title='bbox 2108 1926 2263 1989; x_wconf 87' lang='lat' dir='ltr'><strong>troni,</strong></span> <span class='ocrx_word' id='word_1_354' title='bbox 2294 1925 2592 1996; x_wconf 84' lang='lat' dir='ltr'><strong>protectoris</strong></span> <span class='ocrx_word' id='word_1_355' title='bbox 2624 1936 2677 1979; x_wconf 87' lang='lat' dir='ltr'><strong>et</strong></span> <span class='ocrx_word' id='word_1_356' title='bbox 2705 1924 2989 1991; x_wconf 81' lang='lat' dir='ltr'><strong>defensoris</strong></span> <span class='ocrx_word' id='word_1_357' title='bbox 3021 1924 3327 1979; x_wconf 89' lang='lat' dir='ltr'><strong>nominibus</strong></span> <span class='ocrx_word' id='word_1_358' title='bbox 3358 1925 3692 1994; x_wconf 86' lang='lat' dir='ltr'><strong>appellatur;</strong></span> 
     </span>
    </p>
   </div>
   <div class='ocr_carea' id='block_1_49' title="bbox 2109 2018 3694 2090">
    <p class='ocr_par' dir='ltr' id='par_1_49' title="bbox 2109 2018 3694 2090">
     <span class='ocr_line' id='line_1_49' title="bbox 2109 2018 3694 2090; baseline 0.003 -19"><span class='ocrx_word' id='word_1_359' title='bbox 2109 2032 2437 2090; x_wconf 85' lang='lat' dir='ltr'><strong>magnusque</strong></span> <span class='ocrx_word' id='word_1_360' title='bbox 2464 2018 2637 2085; x_wconf 80' lang='lat' dir='ltr'><strong>eidem</strong></span> <span class='ocrx_word' id='word_1_361' title='bbox 2666 2018 2844 2072; x_wconf 91' lang='lat' dir='ltr'><strong>cultus</strong></span> <span class='ocrx_word' id='word_1_362' title='bbox 2867 2018 3070 2088; x_wconf 83' lang='lat' dir='ltr'><strong>aliquot</strong></span> <span class='ocrx_word' id='word_1_363' title='bbox 3088 2019 3137 2072; x_wconf 90' lang='lat' dir='ltr'><strong>in</strong></span> <span class='ocrx_word' id='word_1_364' title='bbox 3162 2018 3429 2089; x_wconf 87' lang='lat' dir='ltr'><strong>capitibus</strong></span> <span class='ocrx_word' id='word_1_365' title='bbox 3454 2019 3694 2089; x_wconf 86' lang='lat' dir='ltr'><strong>ejusdem</strong></span> 
     </span>
    </p>
   </div>
   <div class='ocr_carea' id='block_1_50' title="bbox 2109 2111 3695 2183">
    <p class='ocr_par' dir='ltr' id='par_1_50' title="bbox 2109 2111 3695 2183">
     <span class='ocr_line' id='line_1_50' title="bbox 2109 2111 3695 2183; baseline -0.001 -15"><span class='ocrx_word' id='word_1_366' title='bbox 2109 2112 2304 2168; x_wconf 72' lang='lat' dir='ltr'><strong>Statuti</strong></span> <span class='ocrx_word' id='word_1_367' title='bbox 2333 2111 2560 2182; x_wconf 87' lang='lat' dir='ltr'><strong>aliisque</strong></span> <span class='ocrx_word' id='word_1_368' title='bbox 2593 2113 2644 2166; x_wconf 92' lang='lat' dir='ltr'><strong>in</strong></span> <span class='ocrx_word' id='word_1_369' title='bbox 2670 2111 2920 2181; x_wconf 86' lang='lat' dir='ltr'><strong>partibus,</strong></span> <span class='ocrx_word' id='word_1_370' title='bbox 2958 2112 3033 2171; x_wconf 87' lang='lat' dir='ltr'><strong>uti</strong></span> <span class='ocrx_word' id='word_1_371' title='bbox 3068 2123 3279 2178; x_wconf 87' lang='lat' dir='ltr'><strong>vocant,</strong></span> <span class='ocrx_word' id='word_1_372' title='bbox 3310 2129 3443 2183; x_wconf 88' lang='lat' dir='ltr'><strong>quas</strong></span> <span class='ocrx_word' id='word_1_373' title='bbox 3471 2114 3521 2168; x_wconf 90' lang='lat' dir='ltr'><strong>in</strong></span> <span class='ocrx_word' id='word_1_374' title='bbox 3550 2112 3695 2169; x_wconf 82' lang='lat' dir='ltr'><strong>Civi-</strong></span> 
     </span>
    </p>
   </div>
   <div class='ocr_carea' id='block_1_51' title="bbox 2108 2205 3693 2277">
    <p class='ocr_par' dir='ltr' id='par_1_51' title="bbox 2108 2205 3693 2277">
     <span class='ocr_line' id='line_1_51' title="bbox 2108 2205 3693 2277; baseline -0.001 -17"><span class='ocrx_word' id='word_1_375' title='bbox 2108 2208 2229 2261; x_wconf 89' lang='lat' dir='ltr'><strong>tatis</strong></span> <span class='ocrx_word' id='word_1_376' title='bbox 2268 2206 2586 2261; x_wconf 90' lang='lat' dir='ltr'><strong>caocellaria</strong></span> <span class='ocrx_word' id='word_1_377' title='bbox 2622 2206 2806 2261; x_wconf 84' lang='lat' dir='ltr'><strong>videre</strong></span> <span class='ocrx_word' id='word_1_378' title='bbox 2838 2207 2984 2269; x_wconf 88' lang='lat' dir='ltr'><strong>licet,</strong></span> <span class='ocrx_word' id='word_1_379' title='bbox 3037 2205 3288 2261; x_wconf 89' lang='lat' dir='ltr'><strong>decretus</strong></span> <span class='ocrx_word' id='word_1_380' title='bbox 3334 2212 3551 2277; x_wconf 82' lang='lat' dir='ltr'><strong>semper</strong></span> <span class='ocrx_word' id='word_1_381' title='bbox 3576 2207 3693 2260; x_wconf 83' lang='lat' dir='ltr'><strong>fuit.</strong></span> 
     </span>
    </p>
   </div>
   <div class='ocr_carea' id='block_1_52' title="bbox 2111 2298 3698 2368">
    <p class='ocr_par' dir='ltr' id='par_1_52' title="bbox 2111 2298 3698 2368">
     <span class='ocr_line' id='line_1_52' title="bbox 2111 2298 3698 2368; baseline 0 -15"><span class='ocrx_word' id='word_1_382' title='bbox 2111 2300 2346 2354; x_wconf 87' lang='lat' dir='ltr'><strong>Tandem</strong></span> <span class='ocrx_word' id='word_1_383' title='bbox 2382 2300 2707 2368; x_wconf 64' lang='lat' dir='ltr'><strong>praecipuum</strong></span> <span class='ocrx_word' id='word_1_384' title='bbox 2729 2298 3058 2353; x_wconf 83' lang='lat' dir='ltr'><strong>Veronensis</strong></span> <span class='ocrx_word' id='word_1_385' title='bbox 3087 2300 3347 2355; x_wconf 67' lang='lat' dir='ltr'><strong>Ecclesia:</strong></span> <span class='ocrx_word' id='word_1_386' title='bbox 3376 2300 3536 2354; x_wconf 87' lang='lat' dir='ltr'><strong>ritum</strong></span> <span class='ocrx_word' id='word_1_387' title='bbox 3558 2314 3698 2353; x_wconf 86' lang='lat' dir='ltr'><strong>nunc</strong></span> 
     </span>
    </p>
   </div>
   <div class='ocr_carea' id='block_1_53' title="bbox 2112 2389 3698 2459">
    <p class='ocr_par' dir='ltr' id='par_1_53' title="bbox 2112 2389 3698 2459">
     <span class='ocr_line' id='line_1_53' title="bbox 2112 2389 3698 2459; baseline -0.001 -15"><span class='ocrx_word' id='word_1_388' title='bbox 2112 2404 2327 2459; x_wconf 62' lang='lat' dir='ltr'><strong>quospte</strong></span> <span class='ocrx_word' id='word_1_389' title='bbox 2356 2390 2625 2458; x_wconf 80' lang='lat' dir='ltr'><strong>vigentem</strong></span> <span class='ocrx_word' id='word_1_390' title='bbox 2659 2401 2849 2444; x_wconf 87' lang='lat' dir='ltr'><strong>notare</strong></span> <span class='ocrx_word' id='word_1_391' title='bbox 2888 2390 3035 2449; x_wconf 85' lang='lat' dir='ltr'><strong>libet,</strong></span> <span class='ocrx_word' id='word_1_392' title='bbox 3086 2389 3342 2443; x_wconf 88' lang='lat' dir='ltr'><strong>nimirum</strong></span> <span class='ocrx_word' id='word_1_393' title='bbox 3386 2390 3443 2443; x_wconf 91' lang='grc'><strong>8.</strong></span> <span class='ocrx_word' id='word_1_394' title='bbox 3472 2390 3698 2445; x_wconf 91' lang='lat' dir='ltr'><strong>Zenonis</strong></span> 
     </span>
    </p>
   </div>
   <div class='ocr_carea' id='block_1_54' title="bbox 2113 2473 3702 2544">
    <p class='ocr_par' dir='ltr' id='par_1_54' title="bbox 2113 2473 3702 2544">
     <span class='ocr_line' id='line_1_54' title="bbox 2113 2473 3702 2544; baseline 0 -7"><span class='ocrx_word' id='word_1_395' title='bbox 2113 2478 2683 2537; x_wconf 87' lang='lat' dir='ltr'><strong>commemorationem</strong></span> <span class='ocrx_word' id='word_1_396' title='bbox 2726 2473 2849 2536; x_wconf 81' lang='lat' dir='ltr'><strong>fieri</strong></span> <span class='ocrx_word' id='word_1_397' title='bbox 2882 2496 2910 2535; x_wconf 87' lang='lat' dir='ltr'><strong>a</strong></span> <span class='ocrx_word' id='word_1_398' title='bbox 2938 2479 3165 2537; x_wconf 89' lang='lat' dir='ltr'><strong>Clericis</strong></span> <span class='ocrx_word' id='word_1_399' title='bbox 3194 2482 3562 2544; x_wconf 70' lang='lat' dir='ltr'><strong>srecularibus,</strong></span> <span class='ocrx_word' id='word_1_400' title='bbox 3593 2493 3647 2538; x_wconf 86' lang='lat' dir='ltr'><strong>et</strong></span> <span class='ocrx_word' id='word_1_401' title='bbox 3672 2498 3702 2537; x_wconf 88' lang='lat' dir='ltr'><strong>a</strong></span> 
     </span>
    </p>
   </div>
   <div class='ocr_carea' id='block_1_55' title="bbox 2117 2576 3699 2649">
    <p class='ocr_par' dir='ltr' id='par_1_55' title="bbox 2117 2576 3699 2649">
     <span class='ocr_line' id='line_1_55' title="bbox 2117 2576 3699 2649; baseline -0.001 -17"><span class='ocrx_word' id='word_1_402' title='bbox 2117 2578 2473 2647; x_wconf 80' lang='lat' dir='ltr'><strong>Regularibus</strong></span> <span class='ocrx_word' id='word_1_403' title='bbox 2502 2578 2781 2648; x_wconf 68' lang='lat' dir='ltr'><strong>utriusque</strong></span> <span class='ocrx_word' id='word_1_404' title='bbox 2808 2592 2968 2632; x_wconf 86' lang='lat' dir='ltr'><strong>sexus</strong></span> <span class='ocrx_word' id='word_1_405' title='bbox 2987 2576 3037 2630; x_wconf 94' lang='lat' dir='ltr'><strong>in</strong></span> <span class='ocrx_word' id='word_1_406' title='bbox 3060 2576 3334 2632; x_wconf 82' lang='lat' dir='ltr'><strong>Matutinis</strong></span> <span class='ocrx_word' id='word_1_407' title='bbox 3355 2586 3410 2632; x_wconf 81' lang='lat' dir='ltr'><strong>et</strong></span> <span class='ocrx_word' id='word_1_408' title='bbox 3432 2577 3699 2649; x_wconf 86' lang='lat' dir='ltr'><strong>Vesperis,</strong></span> 
     </span>
    </p>
   </div>
   <div class='ocr_carea' id='block_1_56' title="bbox 2117 2668 3719 2740">
    <p class='ocr_par' dir='ltr' id='par_1_56' title="bbox 2117 2668 3719 2740">
     <span class='ocr_line' id='line_1_56' title="bbox 2117 2668 3719 2740; baseline -0.003 -16"><span class='ocrx_word' id='word_1_409' title='bbox 2117 2686 2235 2725; x_wconf 89' lang='lat' dir='ltr'><strong>cum</strong></span> <span class='ocrx_word' id='word_1_410' title='bbox 2260 2670 2511 2740; x_wconf 73' lang='lat' dir='ltr'><strong>suffragia</strong></span> <span class='ocrx_word' id='word_1_411' title='bbox 2539 2669 2855 2731; x_wconf 68' lang='lat' dir='ltr'><strong>recitantur,</strong></span> <span class='ocrx_word' id='word_1_412' title='bbox 2890 2683 2988 2724; x_wconf 88' lang='lat' dir='ltr'><strong>nec</strong></span> <span class='ocrx_word' id='word_1_413' title='bbox 3017 2683 3121 2721; x_wconf 92' lang='lat' dir='ltr'><strong>non</strong></span> <span class='ocrx_word' id='word_1_414' title='bbox 3152 2669 3203 2722; x_wconf 89' lang='lat' dir='ltr'><strong>in</strong></span> <span class='ocrx_word' id='word_1_415' title='bbox 3236 2668 3471 2725; x_wconf 84' lang='lat' dir='ltr'><strong>Collecta</strong></span> <span class='ocrx_word' id='word_1_416' title='bbox 3500 2670 3542 2724; x_wconf 77' lang='grc' dir='ltr'><em>Α</em></span> <span class='ocrx_word' id='word_1_417' title='bbox 3580 2686 3719 2723; x_wconf 83' lang='lat' dir='ltr'><strong>cun-.</strong></span> 
     </span>
    </p>
   </div>
   <div class='ocr_carea' id='block_1_57' title="bbox 2118 2756 3703 2830">
    <p class='ocr_par' dir='ltr' id='par_1_57' title="bbox 2118 2756 3703 2830">
     <span class='ocr_line' id='line_1_57' title="bbox 2118 2756 3703 2830; baseline -0.001 -15"><span class='ocrx_word' id='word_1_418' title='bbox 2118 2762 2212 2815; x_wconf 84' lang='lat' dir='ltr'><strong>ctis</strong></span> <span class='ocrx_word' id='word_1_419' title='bbox 2243 2772 2361 2830; x_wconf 88' lang='lat' dir='ltr'><strong>post</strong></span> <span class='ocrx_word' id='word_1_420' title='bbox 2393 2756 2773 2829; x_wconf 74' lang='lat' dir='ltr'><strong>Apostolorum</strong></span> <span class='ocrx_word' id='word_1_421' title='bbox 2806 2758 2950 2814; x_wconf 86' lang='lat' dir='ltr'><strong>Petri</strong></span> <span class='ocrx_word' id='word_1_422' title='bbox 2980 2768 3034 2813; x_wconf 91' lang='lat' dir='ltr'><strong>et</strong></span> <span class='ocrx_word' id='word_1_423' title='bbox 3067 2759 3212 2813; x_wconf 86' lang='lat' dir='ltr'><strong>Pauli</strong></span> <span class='ocrx_word' id='word_1_424' title='bbox 3241 2763 3703 2817; x_wconf 84' lang='lat' dir='ltr'><strong>commemoratio-</strong></span> 
     </span>
    </p>
   </div>
   <div class='ocr_carea' id='block_1_58' title="bbox 2122 2851 3703 2923">
    <p class='ocr_par' dir='ltr' id='par_1_58' title="bbox 2122 2851 3703 2923">
     <span class='ocr_line' id='line_1_58' title="bbox 2122 2851 3703 2923; baseline -0.003 -14"><span class='ocrx_word' id='word_1_425' title='bbox 2122 2870 2287 2909; x_wconf 91' lang='lat' dir='ltr'><strong>nem:</strong></span> <span class='ocrx_word' id='word_1_426' title='bbox 2320 2854 2408 2923; x_wconf 90' lang='lat' dir='ltr'><strong>qui</strong></span> <span class='ocrx_word' id='word_1_427' title='bbox 2436 2853 2594 2907; x_wconf 63' lang='lat' dir='ltr'><strong>~ritus</strong></span> <span class='ocrx_word' id='word_1_428' title='bbox 2641 2861 2941 2922; x_wconf 54' lang='lat' dir='ltr'><strong>praeceptus</strong></span> <span class='ocrx_word' id='word_1_429' title='bbox 2978 2867 3009 2907; x_wconf 90' lang='lat' dir='ltr'><strong>a</strong></span> <span class='ocrx_word' id='word_1_430' title='bbox 3053 2851 3136 2907; x_wconf 86' lang='lat' dir='ltr'><strong>Jo.</strong></span> <span class='ocrx_word' id='word_1_431' title='bbox 3189 2851 3441 2907; x_wconf 74' lang='lat' dir='ltr'><strong>Mattliteo</strong></span> <span class='ocrx_word' id='word_1_432' title='bbox 3487 2852 3703 2908; x_wconf 82' lang='lat' dir='ltr'><strong>Giberto</strong></span> 
     </span>
    </p>
   </div>
   <div class='ocr_carea' id='block_1_59' title="bbox 2122 2942 3706 3018">
    <p class='ocr_par' dir='ltr' id='par_1_59' title="bbox 2122 2942 3706 3018">
     <span class='ocr_line' id='line_1_59' title="bbox 2122 2942 3706 3018; baseline -0.001 -20"><span class='ocrx_word' id='word_1_433' title='bbox 2122 2946 2377 3013; x_wconf 85' lang='lat' dir='ltr'><strong>episc0po</strong></span> <span class='ocrx_word' id='word_1_434' title='bbox 2427 2944 2479 2997; x_wconf 92' lang='lat' dir='ltr'><strong>in</strong></span> <span class='ocrx_word' id='word_1_435' title='bbox 2508 2942 3011 3006; x_wconf 83' lang='lat' dir='ltr'><strong>Constitutionibus,</strong></span> <span class='ocrx_word' id='word_1_436' title='bbox 3067 2944 3149 2997; x_wconf 92' lang='lat' dir='ltr'><strong>tit.</strong></span> <span class='ocrx_word' id='word_1_437' title='bbox 3175 2943 3232 3004; x_wconf 74' lang='lat'><strong>2.</strong></span> <span class='ocrx_word' id='word_1_438' title='bbox 3274 2959 3394 3018; x_wconf 82' lang='lat' dir='ltr'><strong>cap.</strong></span> <span class='ocrx_word' id='word_1_439' title='bbox 3427 2944 3479 3007; x_wconf 76' lang='lat'><strong>2,</strong></span> <span class='ocrx_word' id='word_1_440' title='bbox 3509 2943 3706 2999; x_wconf 89' lang='lat' dir='ltr'><strong>duobus</strong></span> 
     </span>
    </p>
   </div>
   <div class='ocr_carea' id='block_1_60' title="bbox 2124 3036 3705 3111">
    <p class='ocr_par' dir='ltr' id='par_1_60' title="bbox 2124 3036 3705 3111">
     <span class='ocr_line' id='line_1_60' title="bbox 2124 3036 3705 3111; baseline 0.001 -20"><span class='ocrx_word' id='word_1_441' title='bbox 2124 3038 2333 3091; x_wconf 70' lang='lat' dir='ltr'><strong>smeulis</strong></span> <span class='ocrx_word' id='word_1_442' title='bbox 2360 3047 2485 3093; x_wconf 90' lang='lat' dir='ltr'><strong>ante</strong></span> <span class='ocrx_word' id='word_1_443' title='bbox 2503 3047 2555 3091; x_wconf 91' lang='lat' dir='ltr'><strong>ct</strong></span> <span class='ocrx_word' id='word_1_444' title='bbox 2585 3052 2651 3093; x_wconf 92' lang='lat' dir='ltr'><strong>eo</strong></span> <span class='ocrx_word' id='word_1_445' title='bbox 2680 3038 2909 3106; x_wconf 90' lang='lat' dir='ltr'><strong>amplius</strong></span> <span class='ocrx_word' id='word_1_446' title='bbox 2934 3037 2987 3092; x_wconf 92' lang='lat' dir='ltr'><strong>in</strong></span> <span class='ocrx_word' id='word_1_447' title='bbox 3017 3037 3378 3111; x_wconf 85' lang='lat' dir='ltr'><strong>Synodalibus</strong></span> <span class='ocrx_word' id='word_1_448' title='bbox 3411 3054 3537 3094; x_wconf 91' lang='lat' dir='ltr'><strong>mss.</strong></span> <span class='ocrx_word' id='word_1_449' title='bbox 3560 3036 3705 3095; x_wconf 81' lang='lat' dir='ltr'><strong>The-</strong></span> 
     </span>
    </p>
   </div>
   <div class='ocr_carea' id='block_1_61' title="bbox 446 3118 3698 3221">
    <p class='ocr_par' dir='ltr' id='par_1_61' title="bbox 446 3118 3698 3221">
     <span class='ocr_line' id='line_1_61' title="bbox 446 3118 3698 3221; baseline -0.004 -27"><span class='ocrx_word' id='word_1_450' title='bbox 446 3118 686 3221; x_wconf 44' lang='lat' dir='ltr'><strong>éjusdem</strong></span> <span class='ocrx_word' id='word_1_451' title='bbox 719 3118 1008 3207; x_wconf 76' lang='lat' dir='ltr'><strong>translatio,</strong></span> <span class='ocrx_word' id='word_1_452' title='bbox 1058 3147 1114 3194; x_wconf 90' lang='lat' dir='ltr'><strong>et</strong></span> <span class='ocrx_word' id='word_1_453' title='bbox 1138 3154 1184 3191; x_wconf 88' lang='lat' dir='ltr'><strong>vt</strong></span> <span class='ocrx_word' id='word_1_454' title='bbox 1216 3136 1292 3190; x_wconf 93' lang='lat' dir='ltr'><strong>ld.</strong></span> <span class='ocrx_word' id='word_1_455' title='bbox 1330 3130 1637 3188; x_wconf 84' lang='lat' dir='ltr'><strong>Decembris</strong></span> <span class='ocrx_word' id='word_1_456' title='bbox 1666 3128 1721 3182; x_wconf 92' lang='lat' dir='ltr'><strong>in</strong></span> <span class='ocrx_word' id='word_1_457' title='bbox 1758 3123 2021 3221; x_wconf 74' lang='lat' dir='ltr'><strong>aliquibus</strong></span> <span class='ocrx_word' id='word_1_458' title='bbox 2048 3118 2091 3180; x_wconf 90' lang='lat' dir='ltr'><strong>C</strong></span> <span class='ocrx_word' id='word_1_459' title='bbox 2124 3129 2265 3185; x_wconf 75' lang='lat' dir='ltr'><strong>btldi</strong></span> <span class='ocrx_word' id='word_1_460' title='bbox 2304 3129 2541 3197; x_wconf 87' lang='lat' dir='ltr'><strong>episeopi</strong></span> <span class='ocrx_word' id='word_1_461' title='bbox 2583 3128 3056 3183; x_wconf 73' lang='lat' dir='ltr'><strong>constitutionibus</strong></span> <span class='ocrx_word' id='word_1_462' title='bbox 3094 3146 3123 3183; x_wconf 92' lang='lat' dir='ltr'><strong>a</strong></span> <span class='ocrx_word' id='word_1_463' title='bbox 3160 3131 3319 3186; x_wconf 85' lang='lat' dir='ltr'><strong>Petro</strong></span> <span class='ocrx_word' id='word_1_464' title='bbox 3349 3131 3621 3201; x_wconf 83' lang='lat' dir='ltr'><strong>Scaligero</strong></span> <span class='ocrx_word' id='word_1_465' title='bbox 3653 3130 3698 3182; x_wconf 93' lang='lat' dir='ltr'><strong>in</strong></span> 
     </span>
    </p>
   </div>
   <div class='ocr_carea' id='block_1_62' title="bbox 447 3214 2023 3299">
    <p class='ocr_par' dir='ltr' id='par_1_62' title="bbox 447 3214 2023 3299">
     <span class='ocr_line' id='line_1_62' title="bbox 447 3214 2023 3299; baseline -0.022 0"><span class='ocrx_word' id='word_1_466' title='bbox 447 3214 807 3299; x_wconf 79' lang='lat' dir='ltr'><strong>monumentis</strong></span> <span class='ocrx_word' id='word_1_467' title='bbox 841 3235 901 3289; x_wconf 92' lang='lat' dir='ltr'><strong>S.</strong></span> <span class='ocrx_word' id='word_1_468' title='bbox 926 3231 1146 3286; x_wconf 88' lang='lat' dir='ltr'><strong>Zenonis</strong></span> <span class='ocrx_word' id='word_1_469' title='bbox 1168 3226 1416 3281; x_wconf 85' lang='lat' dir='ltr'><strong>dedicatio</strong></span> <span class='ocrx_word' id='word_1_470' title='bbox 1435 3266 1449 3288; x_wconf 81' lang='grc'>,</span> <span class='ocrx_word' id='word_1_471' title='bbox 1477 3221 1561 3275; x_wconf 86' lang='lat' dir='ltr'><strong>vel</strong></span> <span class='ocrx_word' id='word_1_472' title='bbox 1607 3217 1935 3277; x_wconf 86' lang='lat' dir='ltr'><strong>consecratio,</strong></span> <span class='ocrx_word' id='word_1_473' title='bbox 1970 3214 2023 3265; x_wconf 92' lang='lat' dir='ltr'><strong>in</strong></span> 
     </span>
    </p>
   </div>
   <div class='ocr_carea' id='block_1_63' title="bbox 442 3305 2025 3407">
    <p class='ocr_par' dir='ltr' id='par_1_63' title="bbox 442 3305 2025 3407">
     <span class='ocr_line' id='line_1_63' title="bbox 442 3305 2025 3407; baseline -0.022 -16"><span class='ocrx_word' id='word_1_474' title='bbox 442 3336 713 3407; x_wconf 87' lang='lat' dir='ltr'><strong>plerisque</strong></span> <span class='ocrx_word' id='word_1_475' title='bbox 734 3336 908 3381; x_wconf 88' lang='lat' dir='ltr'><strong>autem</strong></span> <span class='ocrx_word' id='word_1_476' title='bbox 945 3322 1193 3378; x_wconf 84' lang='lat' dir='ltr'><strong>dedicatio</strong></span> <span class='ocrx_word' id='word_1_477' title='bbox 1226 3316 1446 3372; x_wconf 75' lang='lat' dir='ltr'><strong>basilica:</strong></span> <span class='ocrx_word' id='word_1_478' title='bbox 1476 3307 1545 3369; x_wconf 67' lang='lat' dir='ltr'><strong>S.’</strong></span> <span class='ocrx_word' id='word_1_479' title='bbox 1561 3309 1780 3365; x_wconf 85' lang='lat' dir='ltr'><strong>Zenonis</strong></span> <span class='ocrx_word' id='word_1_480' title='bbox 1810 3324 1827 3371; x_wconf 91' lang='lat'><strong><em>;</em></strong></span> <span class='ocrx_word' id='word_1_481' title='bbox 1852 3305 2025 3407; x_wconf 48' lang='lat' dir='ltr'><strong>innhac</strong></span> 
     </span>
    </p>
   </div>
   <div class='ocr_carea' id='block_1_64' title="bbox 448 3396 2027 3485">
    <p class='ocr_par' dir='ltr' id='par_1_64' title="bbox 448 3396 2027 3485">
     <span class='ocr_line' id='line_1_64' title="bbox 448 3396 2027 3485; baseline -0.021 -4"><span class='ocrx_word' id='word_1_482' title='bbox 448 3396 645 3481; x_wconf 69' lang='lat' dir='ltr'><strong>autem</strong></span> <span class='ocrx_word' id='word_1_483' title='bbox 682 3419 899 3475; x_wconf 86' lang='lat' dir='ltr'><strong>basilica</strong></span> <span class='ocrx_word' id='word_1_484' title='bbox 946 3422 1189 3485; x_wconf 89' lang='lat' dir='ltr'><strong>quartum</strong></span> <span class='ocrx_word' id='word_1_485' title='bbox 1234 3408 1428 3462; x_wconf 84' lang='lat' dir='ltr'><strong>festum</strong></span> <span class='ocrx_word' id='word_1_486' title='bbox 1477 3400 1817 3458; x_wconf 83' lang='lat' dir='ltr'><strong>ordinationis</strong></span> <span class='ocrx_word' id='word_1_487' title='bbox 1848 3396 2027 3464; x_wconf 81' lang='lat' dir='ltr'><strong>adjec-</strong></span> 
     </span>
    </p>
   </div>
   <div class='ocr_carea' id='block_1_65' title="bbox 451 3486 2033 3585">
    <p class='ocr_par' dir='ltr' id='par_1_65' title="bbox 451 3486 2033 3585">
     <span class='ocr_line' id='line_1_65' title="bbox 451 3486 2033 3585; baseline -0.023 -11"><span class='ocrx_word' id='word_1_488' title='bbox 451 3529 586 3578; x_wconf 89' lang='lat' dir='ltr'><strong>tum,</strong></span> <span class='ocrx_word' id='word_1_489' title='bbox 618 3512 759 3585; x_wconf 90' lang='lat' dir='ltr'><strong>quod</strong></span> <span class='ocrx_word' id='word_1_490' title='bbox 798 3521 939 3565; x_wconf 91' lang='lat' dir='ltr'><strong>nunc</strong></span> <span class='ocrx_word' id='word_1_491' title='bbox 967 3499 1319 3560; x_wconf 90' lang='lat' dir='ltr'><strong>dedicationis</strong></span> <span class='ocrx_word' id='word_1_492' title='bbox 1357 3496 1492 3551; x_wconf 86' lang='lat' dir='ltr'><strong>festo</strong></span> <span class='ocrx_word' id='word_1_493' title='bbox 1522 3493 1863 3565; x_wconf 61' lang='lat' dir='ltr'><strong>subroitatnm</strong></span> <span class='ocrx_word' id='word_1_494' title='bbox 1891 3486 2033 3541; x_wconf 88' lang='lat' dir='ltr'><strong>cele-</strong></span> 
     </span>
    </p>
   </div>
   <div class='ocr_carea' id='block_1_66' title="bbox 449 3581 2033 3677">
    <p class='ocr_par' dir='ltr' id='par_1_66' title="bbox 449 3581 2033 3677">
     <span class='ocr_line' id='line_1_66' title="bbox 449 3581 2033 3677; baseline -0.021 -10"><span class='ocrx_word' id='word_1_495' title='bbox 449 3581 657 3674; x_wconf 73' lang='lat' dir='ltr'><strong>bratur,</strong></span> <span class='ocrx_word' id='word_1_496' title='bbox 690 3620 791 3677; x_wconf 88' lang='lat' dir='ltr'><strong>qua</strong></span> <span class='ocrx_word' id='word_1_497' title='bbox 823 3602 891 3657; x_wconf 90' lang='lat' dir='ltr'><strong>de</strong></span> <span class='ocrx_word' id='word_1_498' title='bbox 914 3614 972 3655; x_wconf 90' lang='lat' dir='ltr'><strong>re</strong></span> <span class='ocrx_word' id='word_1_499' title='bbox 996 3596 1233 3669; x_wconf 90' lang='lat' dir='ltr'><strong>pluribus</strong></span> <span class='ocrx_word' id='word_1_500' title='bbox 1260 3591 1390 3646; x_wconf 88' lang='lat' dir='ltr'><strong>diss.</strong></span> <span class='ocrx_word' id='word_1_501' title='bbox 1420 3604 1458 3652; x_wconf 86' lang='lat' dir='ltr'><strong>t,</strong></span> <span class='ocrx_word' id='word_1_502' title='bbox 1482 3601 1601 3657; x_wconf 88' lang='lat' dir='ltr'><strong>cap.</strong></span> <span class='ocrx_word' id='word_1_503' title='bbox 1630 3585 1689 3649; x_wconf 78' lang='grc'>5,</span> <span class='ocrx_word' id='word_1_504' title='bbox 1721 3582 1748 3655; x_wconf 86' lang='lat'>§</span> <span class='ocrx_word' id='word_1_505' title='bbox 1780 3583 1832 3645; x_wconf 82' lang='lat'><strong>5,</strong></span> <span class='ocrx_word' id='word_1_506' title='bbox 1856 3590 1909 3636; x_wconf 90' lang='lat' dir='ltr'><strong>et</strong></span> <span class='ocrx_word' id='word_1_507' title='bbox 1934 3581 2033 3677; x_wconf 83' lang='lat' dir='ltr'><strong>ltac</strong></span> 
     </span>
    </p>
   </div>
   <div class='ocr_carea' id='block_1_67' title="bbox 449 3675 2030 3771">
    <p class='ocr_par' dir='ltr' id='par_1_67' title="bbox 449 3675 2030 3771">
     <span class='ocr_line' id='line_1_67' title="bbox 449 3675 2030 3771; baseline -0.02 -12"><span class='ocrx_word' id='word_1_508' title='bbox 449 3704 580 3760; x_wconf 89' lang='lat' dir='ltr'><strong>diss.</strong></span> <span class='ocrx_word' id='word_1_509' title='bbox 613 3675 730 3771; x_wconf 16' lang='lat' dir='ltr'><strong>capi.</strong></span> <span class='ocrx_word' id='word_1_510' title='bbox 760 3716 797 3758; x_wconf 91' lang='grc' dir='ltr'>ι.</span> <span class='ocrx_word' id='word_1_511' title='bbox 826 3694 933 3769; x_wconf 61' lang='grc' dir='ltr'><strong>ξε,</strong></span> <span class='ocrx_word' id='word_1_512' title='bbox 962 3693 1162 3756; x_wconf 65' lang='lat' dir='ltr'><strong>missae,</strong></span> <span class='ocrx_word' id='word_1_513' title='bbox 1190 3685 1392 3759; x_wconf 86' lang='lat' dir='ltr'><strong>hymni.</strong></span> <span class='ocrx_word' id='word_1_514' title='bbox 1422 3680 1751 3751; x_wconf 81' lang='lat' dir='ltr'><strong>antipbonvc,</strong></span> <span class='ocrx_word' id='word_1_515' title='bbox 1782 3675 2030 3731; x_wconf 89' lang='lat' dir='ltr'><strong>benedic-</strong></span> 
     </span>
    </p>
   </div>
   <div class='ocr_carea' id='block_1_68' title="bbox 452 3770 2034 3861">
    <p class='ocr_par' dir='ltr' id='par_1_68' title="bbox 452 3770 2034 3861">
     <span class='ocr_line' id='line_1_68' title="bbox 452 3770 2034 3861; baseline -0.02 -8"><span class='ocrx_word' id='word_1_516' title='bbox 452 3800 641 3861; x_wconf 90' lang='lat' dir='ltr'><strong>tiones,</strong></span> <span class='ocrx_word' id='word_1_517' title='bbox 676 3770 949 3861; x_wconf 74' lang='lat' dir='ltr'><strong>Suffragia,</strong></span> <span class='ocrx_word' id='word_1_518' title='bbox 982 3783 1430 3858; x_wconf 88' lang='lat' dir='ltr'><strong>responsoriaque</strong></span> <span class='ocrx_word' id='word_1_519' title='bbox 1461 3779 1708 3847; x_wconf 84' lang='lat' dir='ltr'><strong>leguntur</strong></span> <span class='ocrx_word' id='word_1_520' title='bbox 1734 3771 1949 3842; x_wconf 83' lang='lat' dir='ltr'><strong>prOpria</strong></span> <span class='ocrx_word' id='word_1_521' title='bbox 1981 3770 2034 3823; x_wconf 93' lang='lat' dir='ltr'><strong>in</strong></span> 
     </span>
    </p>
   </div>
   <div class='ocr_carea' id='block_1_69' title="bbox 456 3863 2035 3946">
    <p class='ocr_par' dir='ltr' id='par_1_69' title="bbox 456 3863 2035 3946">
     <span class='ocr_line' id='line_1_69' title="bbox 456 3863 2035 3946; baseline -0.018 -2"><span class='ocrx_word' id='word_1_522' title='bbox 456 3901 653 3946; x_wconf 76' lang='lat' dir='ltr'><strong>nosme</strong></span> <span class='ocrx_word' id='word_1_523' title='bbox 682 3883 937 3941; x_wconf 78' lang='lat' dir='ltr'><strong>Ecclesia:</strong></span> <span class='ocrx_word' id='word_1_524' title='bbox 966 3894 1095 3935; x_wconf 91' lang='lat' dir='ltr'><strong>mss.</strong></span> <span class='ocrx_word' id='word_1_525' title='bbox 1142 3875 1312 3941; x_wconf 77' lang='lat' dir='ltr'><strong>libris,</strong></span> <span class='ocrx_word' id='word_1_526' title='bbox 1348 3887 1466 3943; x_wconf 76' lang='lat' dir='ltr'><strong>quae</strong></span> <span class='ocrx_word' id='word_1_527' title='bbox 1508 3870 1648 3924; x_wconf 90' lang='lat' dir='ltr'><strong>inter</strong></span> <span class='ocrx_word' id='word_1_528' title='bbox 1689 3863 2035 3921; x_wconf 79' lang='lat' dir='ltr'><strong>monumenta</strong></span> 
     </span>
    </p>
   </div>
   <div class='ocr_carea' id='block_1_70' title="bbox 458 3953 2038 4034">
    <p class='ocr_par' dir='ltr' id='par_1_70' title="bbox 458 3953 2038 4034">
     <span class='ocr_line' id='line_1_70' title="bbox 458 3953 2038 4034; baseline -0.017 0"><span class='ocrx_word' id='word_1_529' title='bbox 458 3953 686 4034; x_wconf 72' lang='lat' dir='ltr'><strong>inierius</strong></span> <span class='ocrx_word' id='word_1_530' title='bbox 712 3973 1102 4030; x_wconf 89' lang='lat' dir='ltr'><strong>describentur.</strong></span> <span class='ocrx_word' id='word_1_531' title='bbox 1138 3967 1194 4023; x_wconf 88' lang='lat' dir='ltr'><strong>In</strong></span> <span class='ocrx_word' id='word_1_532' title='bbox 1235 3960 1677 4021; x_wconf 83' lang='lat' dir='ltr'><strong>Sacramentariis</strong></span> <span class='ocrx_word' id='word_1_533' title='bbox 1722 3967 1897 4012; x_wconf 89' lang='lat' dir='ltr'><strong>autem</strong></span> <span class='ocrx_word' id='word_1_534' title='bbox 1941 3954 2038 4009; x_wconf 86' lang='lat' dir='ltr'><strong>tri-</strong></span> 
     </span>
    </p>
   </div>
   <div class='ocr_carea' id='block_1_71' title="bbox 460 4048 2042 4128">
    <p class='ocr_par' dir='ltr' id='par_1_71' title="bbox 460 4048 2042 4128">
     <span class='ocr_line' id='line_1_71' title="bbox 460 4048 2042 4128; baseline -0.018 1"><span class='ocrx_word' id='word_1_535' title='bbox 460 4073 563 4128; x_wconf 87' lang='lat' dir='ltr'><strong>bus</strong></span> <span class='ocrx_word' id='word_1_536' title='bbox 590 4087 619 4126; x_wconf 71' lang='grc' dir='ltr'><strong>κ</strong></span> <span class='ocrx_word' id='word_1_537' title='bbox 646 4067 826 4124; x_wconf 73' lang='lat' dir='ltr'><strong>stcculi</strong></span> <span class='ocrx_word' id='word_1_538' title='bbox 859 4066 1023 4119; x_wconf 89' lang='lat' dir='ltr'><strong>missa</strong></span> <span class='ocrx_word' id='word_1_539' title='bbox 1060 4063 1118 4118; x_wconf 92' lang='grc'><strong>8.</strong></span> <span class='ocrx_word' id='word_1_540' title='bbox 1154 4059 1389 4116; x_wconf 90' lang='lat' dir='ltr'><strong>Zenonis</strong></span> <span class='ocrx_word' id='word_1_541' title='bbox 1427 4057 1635 4128; x_wconf 85' lang='lat' dir='ltr'><strong>propria</strong></span> <span class='ocrx_word' id='word_1_542' title='bbox 1664 4068 1783 4108; x_wconf 91' lang='lat' dir='ltr'><strong>cum</strong></span> <span class='ocrx_word' id='word_1_543' title='bbox 1826 4048 2042 4121; x_wconf 88' lang='lat' dir='ltr'><strong>propria</strong></span> 
     </span>
    </p>
   </div>
   <div class='ocr_carea' id='block_1_72' title="bbox 462 4153 2042 4231">
    <p class='ocr_par' dir='ltr' id='par_1_72' title="bbox 462 4153 2042 4231">
     <span class='ocr_line' id='line_1_72' title="bbox 462 4153 2042 4231; baseline -0.016 -10"><span class='ocrx_word' id='word_1_544' title='bbox 462 4167 592 4221; x_wconf 89' lang='lat' dir='ltr'><strong>item</strong></span> <span class='ocrx_word' id='word_1_545' title='bbox 638 4159 807 4231; x_wconf 90' lang='lat' dir='ltr'><strong>ipsius</strong></span> <span class='ocrx_word' id='word_1_546' title='bbox 857 4155 1172 4228; x_wconf 62' lang='lat' dir='ltr'><strong>praefatione</strong></span> <span class='ocrx_word' id='word_1_547' title='bbox 1222 4153 1549 4231; x_wconf 68' lang='lat' dir='ltr'><strong>continetur,</strong></span> <span class='ocrx_word' id='word_1_548' title='bbox 1602 4161 1829 4216; x_wconf 87' lang='lat' dir='ltr'><strong>quorum</strong></span> <span class='ocrx_word' id='word_1_549' title='bbox 1878 4157 2042 4198; x_wconf 90' lang='lat' dir='ltr'><strong>unum</strong></span> 
     </span>
    </p>
   </div>
   <div class='ocr_carea' id='block_1_73' title="bbox 468 4210 2043 4323">
    <p class='ocr_par' dir='ltr' id='par_1_73' title="bbox 468 4210 2043 4323">
     <span class='ocr_line' id='line_1_73' title="bbox 468 4210 2043 4323; baseline -0.015 -12"><span class='ocrx_word' id='word_1_550' title='bbox 468 4256 614 4323; x_wconf 78' lang='lat' dir='ltr'><strong>Rege</strong></span> <span class='ocrx_word' id='word_1_551' title='bbox 641 4210 950 4306; x_wconf 40' lang='lat' dir='ltr'><strong>6tlionetet</strong></span> <span class='ocrx_word' id='word_1_552' title='bbox 973 4243 1254 4313; x_wconf 84' lang='lat' dir='ltr'><strong>Wolfango</strong></span> <span class='ocrx_word' id='word_1_553' title='bbox 1282 4210 1535 4313; x_wconf 60' lang='lat' dir='ltr'><strong>episcopo</strong></span> <span class='ocrx_word' id='word_1_554' title='bbox 1583 4238 1863 4308; x_wconf 89' lang='lat' dir='ltr'><strong>scripturn,</strong></span> <span class='ocrx_word' id='word_1_555' title='bbox 1913 4235 2043 4289; x_wconf 90' lang='lat' dir='ltr'><strong>mis-</strong></span> 
     </span>
    </p>
   </div>
   <div class='ocr_carea' id='block_1_74' title="bbox 465 4328 2048 4406">
    <p class='ocr_par' dir='ltr' id='par_1_74' title="bbox 465 4328 2048 4406">
     <span class='ocr_line' id='line_1_74' title="bbox 465 4328 2048 4406; baseline -0.015 -3"><span class='ocrx_word' id='word_1_556' title='bbox 465 4360 581 4404; x_wconf 87' lang='lat' dir='ltr'><strong>sam</strong></span> <span class='ocrx_word' id='word_1_557' title='bbox 611 4343 668 4399; x_wconf 84' lang='grc'><strong>8.</strong></span> <span class='ocrx_word' id='word_1_558' title='bbox 703 4337 937 4396; x_wconf 88' lang='lat' dir='ltr'><strong>Zenonis</strong></span> <span class='ocrx_word' id='word_1_559' title='bbox 959 4335 1129 4406; x_wconf 91' lang='lat' dir='ltr'><strong>primo</strong></span> <span class='ocrx_word' id='word_1_560' title='bbox 1156 4334 1270 4389; x_wconf 90' lang='lat' dir='ltr'><strong>loco</strong></span> <span class='ocrx_word' id='word_1_561' title='bbox 1299 4335 1524 4403; x_wconf 87' lang='lat' dir='ltr'><strong>positam</strong></span> <span class='ocrx_word' id='word_1_562' title='bbox 1553 4331 1731 4385; x_wconf 90' lang='lat' dir='ltr'><strong>aureis</strong></span> <span class='ocrx_word' id='word_1_563' title='bbox 1770 4328 2048 4383; x_wconf 78' lang='lat' dir='ltr'><strong>characte-</strong></span> 
     </span>
    </p>
   </div>
   <div class='ocr_carea' id='block_1_75' title="bbox 470 4419 2048 4499">
    <p class='ocr_par' dir='ltr' id='par_1_75' title="bbox 470 4419 2048 4499">
     <span class='ocr_line' id='line_1_75' title="bbox 470 4419 2048 4499; baseline -0.015 -5"><span class='ocrx_word' id='word_1_564' title='bbox 470 4440 616 4494; x_wconf 85' lang='lat' dir='ltr'><strong>ribus</strong></span> <span class='ocrx_word' id='word_1_565' title='bbox 664 4430 985 4499; x_wconf 87' lang='lat' dir='ltr'><strong>descriptam</strong></span> <span class='ocrx_word' id='word_1_566' title='bbox 1036 4426 1265 4494; x_wconf 59' lang='lat' dir='ltr'><strong>praefert.</strong></span> <span class='ocrx_word' id='word_1_567' title='bbox 1312 4421 1547 4477; x_wconf 88' lang='lat' dir='ltr'><strong>Zenonis</strong></span> <span class='ocrx_word' id='word_1_568' title='bbox 1597 4435 1791 4476; x_wconf 92' lang='lat' dir='ltr'><strong>nomen</strong></span> <span class='ocrx_word' id='word_1_569' title='bbox 1844 4419 2048 4474; x_wconf 89' lang='lat' dir='ltr'><strong>Canoni</strong></span> 
     </span>
    </p>
   </div>
   <div class='ocr_carea' id='block_1_76' title="bbox 2126 3218 3706 3292">
    <p class='ocr_par' dir='ltr' id='par_1_76' title="bbox 2126 3218 3706 3292">
     <span class='ocr_line' id='line_1_76' title="bbox 2126 3218 3706 3292; baseline 0.001 -20"><span class='ocrx_word' id='word_1_570' title='bbox 2126 3220 2227 3273; x_wconf 89' lang='lat' dir='ltr'><strong>alia</strong></span> <span class='ocrx_word' id='word_1_571' title='bbox 2255 3218 2477 3289; x_wconf 83' lang='lat' dir='ltr'><strong>Synodo</strong></span> <span class='ocrx_word' id='word_1_572' title='bbox 2520 3218 2851 3273; x_wconf 84' lang='lat' dir='ltr'><strong>confirmatis</strong></span> <span class='ocrx_word' id='word_1_573' title='bbox 2894 3222 3241 3290; x_wconf 67' lang='lat' dir='ltr'><strong>praescriptus</strong></span> <span class='ocrx_word' id='word_1_574' title='bbox 3278 3222 3504 3292; x_wconf 86' lang='lat' dir='ltr'><strong>legitur,</strong></span> <span class='ocrx_word' id='word_1_575' title='bbox 3548 3230 3604 3276; x_wconf 92' lang='lat' dir='ltr'><strong>ut</strong></span> <span class='ocrx_word' id='word_1_576' title='bbox 3644 3234 3706 3276; x_wconf 81' lang='lat' dir='ltr'><strong>ex</strong></span> 
     </span>
    </p>
   </div>
   <div class='ocr_carea' id='block_1_77' title="bbox 2128 3309 3708 3380">
    <p class='ocr_par' dir='ltr' id='par_1_77' title="bbox 2128 3309 3708 3380">
     <span class='ocr_line' id='line_1_77' title="bbox 2128 3309 3708 3380; baseline 0.004 -16"><span class='ocrx_word' id='word_1_577' title='bbox 2128 3309 2491 3364; x_wconf 72' lang='lat' dir='ltr'><strong>monumentis</strong></span> <span class='ocrx_word' id='word_1_578' title='bbox 2510 3309 2859 3379; x_wconf 81' lang='lat' dir='ltr'><strong>subjiciendis</strong></span> <span class='ocrx_word' id='word_1_579' title='bbox 2880 3312 3104 3380; x_wconf 88' lang='lat' dir='ltr'><strong>patebit.</strong></span> <span class='ocrx_word' id='word_1_580' title='bbox 3135 3312 3209 3367; x_wconf 75' lang='lat' dir='ltr'><strong>Ex</strong></span> <span class='ocrx_word' id='word_1_581' title='bbox 3238 3313 3323 3367; x_wconf 87' lang='lat' dir='ltr'><strong>bis</strong></span> <span class='ocrx_word' id='word_1_582' title='bbox 3350 3316 3500 3379; x_wconf 83' lang='lat' dir='ltr'><strong>satis,</strong></span> <span class='ocrx_word' id='word_1_583' title='bbox 3526 3324 3581 3370; x_wconf 88' lang='lat' dir='ltr'><strong>ut</strong></span> <span class='ocrx_word' id='word_1_584' title='bbox 3600 3330 3708 3370; x_wconf 81' lang='lat' dir='ltr'><strong>crc-</strong></span> 
     </span>
    </p>
   </div>
   <div class='ocr_carea' id='block_1_78' title="bbox 2130 3399 3799 3475">
    <p class='ocr_par' dir='ltr' id='par_1_78' title="bbox 2130 3399 3799 3475">
     <span class='ocr_line' id='line_1_78' title="bbox 2130 3399 3799 3475; baseline 0.001 -22"><span class='ocrx_word' id='word_1_585' title='bbox 2130 3399 2327 3466; x_wconf 88' lang='lat' dir='ltr'><strong>dimns,</strong></span> <span class='ocrx_word' id='word_1_586' title='bbox 2357 3400 2532 3470; x_wconf 78' lang='lat' dir='ltr'><strong>colligi</strong></span> <span class='ocrx_word' id='word_1_587' title='bbox 2560 3408 2752 3468; x_wconf 83' lang='lat' dir='ltr'><strong>potest,</strong></span> <span class='ocrx_word' id='word_1_588' title='bbox 2775 3413 2973 3470; x_wconf 89' lang='lat' dir='ltr'><strong>quanto</strong></span> <span class='ocrx_word' id='word_1_589' title='bbox 2998 3403 3049 3456; x_wconf 93' lang='lat' dir='ltr'><strong>in</strong></span> <span class='ocrx_word' id='word_1_590' title='bbox 3083 3403 3291 3459; x_wconf 85' lang='lat' dir='ltr'><strong>honore</strong></span> <span class='ocrx_word' id='word_1_591' title='bbox 3318 3404 3374 3460; x_wconf 92' lang='grc'><strong>8.</strong></span> <span class='ocrx_word' id='word_1_592' title='bbox 3410 3406 3550 3461; x_wconf 87' lang='lat' dir='ltr'><strong>Zeno</strong></span> <span class='ocrx_word' id='word_1_593' title='bbox 3571 3404 3703 3475; x_wconf 89' lang='lat' dir='ltr'><strong>apud</strong></span> <span class='ocrx_word' id='word_1_594' title='bbox 3798 3399 3799 3455; x_wconf 65' lang='grc' dir='ltr'><strong>ι</strong></span> 
     </span>
    </p>
   </div>
   <div class='ocr_carea' id='block_1_79' title="bbox 2130 3491 3799 3568">
    <p class='ocr_par' dir='ltr' id='par_1_79' title="bbox 2130 3491 3799 3568">
     <span class='ocr_line' id='line_1_79' title="bbox 2130 3491 3799 3568; baseline 0.005 -23"><span class='ocrx_word' id='word_1_595' title='bbox 2130 3492 2470 3563; x_wconf 87' lang='lat' dir='ltr'><strong>Veronenses</strong></span> <span class='ocrx_word' id='word_1_596' title='bbox 2511 3495 2637 3547; x_wconf 92' lang='lat' dir='ltr'><strong>olim</strong></span> <span class='ocrx_word' id='word_1_597' title='bbox 2681 3492 2872 3560; x_wconf 82' lang='lat' dir='ltr'><strong>fuerit;</strong></span> <span class='ocrx_word' id='word_1_598' title='bbox 2925 3496 3286 3568; x_wconf 85' lang='lat' dir='ltr'><strong>eamdemque</strong></span> <span class='ocrx_word' id='word_1_599' title='bbox 3313 3500 3517 3554; x_wconf 88' lang='lat' dir='ltr'><strong>cultum</strong></span> <span class='ocrx_word' id='word_1_600' title='bbox 3570 3491 3703 3555; x_wconf 76' lang='lat' dir='ltr'><strong>nunc</strong></span> <span class='ocrx_word' id='word_1_601' title='bbox 3798 3498 3799 3568; x_wconf 49' lang='grc' dir='ltr'><strong>ᾖ</strong></span> 
     </span>
    </p>
   </div>
   <div class='ocr_carea' id='block_1_80' title="bbox 2091 3584 3713 3657">
    <p class='ocr_par' dir='ltr' id='par_1_80' title="bbox 2091 3584 3713 3657">
     <span class='ocr_line' id='line_1_80' title="bbox 2091 3584 3713 3657; baseline 0.006 -21"><span class='ocrx_word' id='word_1_602' title='bbox 2091 3623 2114 3643; x_wconf 72' lang='lat'><strong><em>,</em></strong></span> <span class='ocrx_word' id='word_1_603' title='bbox 2133 3597 2345 3655; x_wconf 88' lang='lat' dir='ltr'><strong>quoque</strong></span> <span class='ocrx_word' id='word_1_604' title='bbox 2369 3584 2528 3639; x_wconf 74' lang='lat' dir='ltr'><strong>iidem</strong></span> <span class='ocrx_word' id='word_1_605' title='bbox 2553 3584 2917 3648; x_wconf 85' lang='lat' dir='ltr'><strong>confoventes,</strong></span> <span class='ocrx_word' id='word_1_606' title='bbox 2947 3589 3321 3657; x_wconf 71' lang='lat' dir='ltr'><strong>processiones</strong></span> <span class='ocrx_word' id='word_1_607' title='bbox 3348 3606 3467 3646; x_wconf 90' lang='lat' dir='ltr'><strong>cum</strong></span> <span class='ocrx_word' id='word_1_608' title='bbox 3494 3592 3713 3647; x_wconf 61' lang='lat' dir='ltr'><strong>oblatio.</strong></span> 
     </span>
    </p>
   </div>
   <div class='ocr_carea' id='block_1_81' title="bbox 2136 3675 3707 3755">
    <p class='ocr_par' dir='ltr' id='par_1_81' title="bbox 2136 3675 3707 3755">
     <span class='ocr_line' id='line_1_81' title="bbox 2136 3675 3707 3755; baseline 0.004 -24"><span class='ocrx_word' id='word_1_609' title='bbox 2136 3677 2296 3731; x_wconf 89' lang='lat' dir='ltr'><strong>nibus</strong></span> <span class='ocrx_word' id='word_1_610' title='bbox 2339 3676 2405 3730; x_wconf 91' lang='lat' dir='ltr'><strong>ad</strong></span> <span class='ocrx_word' id='word_1_611' title='bbox 2436 3675 2616 3749; x_wconf 75' lang='lat' dir='ltr'><strong>[cxu]</strong></span> <span class='ocrx_word' id='word_1_612' title='bbox 2648 3678 2765 3747; x_wconf 90' lang='lat' dir='ltr'><strong>ejus</strong></span> <span class='ocrx_word' id='word_1_613' title='bbox 2817 3679 3116 3747; x_wconf 88' lang='lat' dir='ltr'><strong>basilicam,</strong></span> <span class='ocrx_word' id='word_1_614' title='bbox 3170 3683 3258 3738; x_wconf 89' lang='lat' dir='ltr'><strong>ubi</strong></span> <span class='ocrx_word' id='word_1_615' title='bbox 3281 3695 3490 3739; x_wconf 84' lang='lat' dir='ltr'><strong>sacrum</strong></span> <span class='ocrx_word' id='word_1_616' title='bbox 3522 3699 3707 3755; x_wconf 88' lang='lat' dir='ltr'><strong>corpus</strong></span> 
     </span>
    </p>
   </div>
   <div class='ocr_carea' id='block_1_82' title="bbox 2137 3768 3708 3843">
    <p class='ocr_par' dir='ltr' id='par_1_82' title="bbox 2137 3768 3708 3843">
     <span class='ocr_line' id='line_1_82' title="bbox 2137 3768 3708 3843; baseline 0.006 -23"><span class='ocrx_word' id='word_1_617' title='bbox 2137 3768 2386 3840; x_wconf 85' lang='lat' dir='ltr'><strong>quiescit,</strong></span> <span class='ocrx_word' id='word_1_618' title='bbox 2412 3772 2563 3824; x_wconf 75' lang='lat' dir='ltr'><strong>statis</strong></span> <span class='ocrx_word' id='word_1_619' title='bbox 2588 3770 2780 3826; x_wconf 88' lang='lat' dir='ltr'><strong>diebus</strong></span> <span class='ocrx_word' id='word_1_620' title='bbox 2823 3770 3045 3839; x_wconf 87' lang='lat' dir='ltr'><strong>faciunt,</strong></span> <span class='ocrx_word' id='word_1_621' title='bbox 3087 3789 3149 3829; x_wconf 89' lang='lat' dir='ltr'><strong>ac</strong></span> <span class='ocrx_word' id='word_1_622' title='bbox 3176 3775 3485 3843; x_wconf 87' lang='lat' dir='ltr'><strong>idemtidem</strong></span> <span class='ocrx_word' id='word_1_623' title='bbox 3508 3793 3574 3834; x_wconf 89' lang='lat' dir='ltr'><strong>eo</strong></span> <span class='ocrx_word' id='word_1_624' title='bbox 3605 3783 3708 3832; x_wconf 80' lang='lat' dir='ltr'><strong>tota</strong></span> 
     </span>
    </p>
   </div>
   <div class='ocr_carea' id='block_1_83' title="bbox 2138 3847 3714 3942">
    <p class='ocr_par' dir='ltr' id='par_1_83' title="bbox 2138 3847 3714 3942">
     <span class='ocr_line' id='line_1_83' title="bbox 2138 3847 3714 3942; baseline 0.004 -25"><span class='ocrx_word' id='word_1_625' title='bbox 2138 3862 2323 3917; x_wconf 83' lang='lat' dir='ltr'><strong>civitas</strong></span> <span class='ocrx_word' id='word_1_626' title='bbox 2350 3878 2538 3933; x_wconf 85' lang='lat' dir='ltr'><strong>magna</strong></span> <span class='ocrx_word' id='word_1_627' title='bbox 2582 3870 2703 3919; x_wconf 88' lang='lat' dir='ltr'><strong>cum</strong></span> <span class='ocrx_word' id='word_1_628' title='bbox 2729 3864 3025 3937; x_wconf 80' lang='lat' dir='ltr'><strong>frequentia</strong></span> <span class='ocrx_word' id='word_1_629' title='bbox 3053 3868 3297 3937; x_wconf 87' lang='lat' dir='ltr'><strong>confluit,</strong></span> <span class='ocrx_word' id='word_1_630' title='bbox 3334 3880 3392 3925; x_wconf 89' lang='lat' dir='ltr'><strong>ut</strong></span> <span class='ocrx_word' id='word_1_631' title='bbox 3419 3872 3593 3942; x_wconf 81' lang='lat' dir='ltr'><strong>magni</strong></span> <span class='ocrx_word' id='word_1_632' title='bbox 3632 3847 3714 3941; x_wconf 62' lang='lat' dir='ltr'><strong>pii.</strong></span> 
     </span>
    </p>
   </div>
   <div class='ocr_carea' id='block_1_84' title="bbox 2143 3954 3711 4035">
    <p class='ocr_par' dir='ltr' id='par_1_84' title="bbox 2143 3954 3711 4035">
     <span class='ocr_line' id='line_1_84' title="bbox 2143 3954 3711 4035; baseline 0.004 -27"><span class='ocrx_word' id='word_1_633' title='bbox 2143 3954 2281 4009; x_wconf 89' lang='lat' dir='ltr'><strong>troni</strong></span> <span class='ocrx_word' id='word_1_634' title='bbox 2306 3969 2460 4024; x_wconf 89' lang='lat' dir='ltr'><strong>opem</strong></span> <span class='ocrx_word' id='word_1_635' title='bbox 2487 3956 2590 4011; x_wconf 90' lang='lat' dir='ltr'><strong>sibi</strong></span> <span class='ocrx_word' id='word_1_636' title='bbox 2618 3957 2670 4011; x_wconf 92' lang='lat' dir='ltr'><strong>in</strong></span> <span class='ocrx_word' id='word_1_637' title='bbox 2691 3958 3017 4027; x_wconf 81' lang='lat' dir='ltr'><strong>egestatibus</strong></span> <span class='ocrx_word' id='word_1_638' title='bbox 3043 3961 3185 4029; x_wconf 89' lang='lat' dir='ltr'><strong>apud</strong></span> <span class='ocrx_word' id='word_1_639' title='bbox 3205 3961 3374 4017; x_wconf 91' lang='lat' dir='ltr'><strong>Deum</strong></span> <span class='ocrx_word' id='word_1_640' title='bbox 3400 3962 3711 4035; x_wconf 88' lang='lat' dir='ltr'><strong>interponat.</strong></span> 
     </span>
    </p>
   </div>
   <div class='ocr_carea' id='block_1_85' title="bbox 2148 4089 3717 4165">
    <p class='ocr_par' dir='ltr' id='par_1_85' title="bbox 2148 4089 3717 4165">
     <span class='ocr_line' id='line_1_85' title="bbox 2148 4089 3717 4165; baseline 0.007 -21"><span class='ocrx_word' id='word_1_641' title='bbox 2148 4091 2175 4163; x_wconf 59' lang='grc' dir='ltr'>ᾗ</span> <span class='ocrx_word' id='word_1_642' title='bbox 2204 4090 2265 4145; x_wconf 95' lang='lat' dir='ltr'><strong>ll.</strong></span> <span class='ocrx_word' id='word_1_643' title='bbox 2285 4089 2546 4145; x_wconf 84' lang='lat' dir='ltr'><strong>—Cnltus</strong></span> <span class='ocrx_word' id='word_1_644' title='bbox 2578 4091 2638 4146; x_wconf 89' lang='lat' dir='ltr'><strong>S.</strong></span> <span class='ocrx_word' id='word_1_645' title='bbox 2662 4090 2885 4146; x_wconf 88' lang='lat' dir='ltr'><strong>Zenonis</strong></span> <span class='ocrx_word' id='word_1_646' title='bbox 2912 4111 3065 4165; x_wconf 88' lang='lat' dir='ltr'><strong>quam</strong></span> <span class='ocrx_word' id='word_1_647' title='bbox 3090 4097 3192 4151; x_wconf 85' lang='lat' dir='ltr'><strong>late</strong></span> <span class='ocrx_word' id='word_1_648' title='bbox 3216 4099 3269 4153; x_wconf 86' lang='lat' dir='ltr'><strong>in</strong></span> <span class='ocrx_word' id='word_1_649' title='bbox 3300 4097 3414 4152; x_wconf 85' lang='lat' dir='ltr'><strong>aliis</strong></span> <span class='ocrx_word' id='word_1_650' title='bbox 3438 4096 3605 4157; x_wconf 68' lang='lat' dir='ltr'><strong>Italia</strong></span> <span class='ocrx_word' id='word_1_651' title='bbox 3627 4100 3717 4155; x_wconf 79' lang='lat' dir='ltr'><strong>Ec-</strong></span> 
     </span>
    </p>
   </div>
   <div class='ocr_carea' id='block_1_86' title="bbox 2632 4184 3247 4259">
    <p class='ocr_par' dir='ltr' id='par_1_86' title="bbox 2632 4184 3247 4259">
     <span class='ocr_line' id='line_1_86' title="bbox 2632 4184 3247 4259; baseline 0.011 -22"><span class='ocrx_word' id='word_1_652' title='bbox 2632 4184 2801 4239; x_wconf 86' lang='lat' dir='ltr'><strong>clesiis</strong></span> <span class='ocrx_word' id='word_1_653' title='bbox 2828 4199 3139 4259; x_wconf 83' lang='lat' dir='ltr'><strong>propagatus</strong></span> <span class='ocrx_word' id='word_1_654' title='bbox 3160 4191 3247 4245; x_wconf 87' lang='lat' dir='ltr'><strong>sit.</strong></span> 
     </span>
    </p>
   </div>
   <div class='ocr_carea' id='block_1_87' title="bbox 2220 4321 3711 4402">
    <p class='ocr_par' dir='ltr' id='par_1_87' title="bbox 2220 4321 3711 4402">
     <span class='ocr_line' id='line_1_87' title="bbox 2220 4321 3711 4402; baseline 0.004 -25"><span class='ocrx_word' id='word_1_655' title='bbox 2220 4322 2289 4377; x_wconf 83' lang='lat' dir='ltr'><strong>At</strong></span> <span class='ocrx_word' id='word_1_656' title='bbox 2312 4336 2416 4377; x_wconf 92' lang='lat' dir='ltr'><strong>non</strong></span> <span class='ocrx_word' id='word_1_657' title='bbox 2437 4322 2660 4378; x_wconf 78' lang='lat' dir='ltr'><strong>Verona:</strong></span> <span class='ocrx_word' id='word_1_658' title='bbox 2679 4321 2873 4389; x_wconf 91' lang='lat' dir='ltr'><strong>solum,</strong></span> <span class='ocrx_word' id='word_1_659' title='bbox 2899 4322 2967 4379; x_wconf 90' lang='lat' dir='ltr'><strong>de</strong></span> <span class='ocrx_word' id='word_1_660' title='bbox 2991 4339 3094 4395; x_wconf 91' lang='lat' dir='ltr'><strong>qua</strong></span> <span class='ocrx_word' id='word_1_661' title='bbox 3113 4325 3272 4383; x_wconf 86' lang='lat' dir='ltr'><strong>rebus</strong></span> <span class='ocrx_word' id='word_1_662' title='bbox 3290 4329 3547 4397; x_wconf 80' lang='lat' dir='ltr'><strong>praeclare</strong></span> <span class='ocrx_word' id='word_1_663' title='bbox 3562 4329 3711 4402; x_wconf 79' lang='lat' dir='ltr'><strong>gesus</strong></span> 
     </span>
    </p>
   </div>
   <div class='ocr_carea' id='block_1_88' title="bbox 2153 4413 3720 4493">
    <p class='ocr_par' dir='ltr' id='par_1_88' title="bbox 2153 4413 3720 4493">
     <span class='ocr_line' id='line_1_88' title="bbox 2153 4413 3720 4493; baseline 0.006 -24"><span class='ocrx_word' id='word_1_664' title='bbox 2153 4413 2674 4470; x_wconf 87' lang='lat' dir='ltr'><strong>benemeritissimns</strong></span> <span class='ocrx_word' id='word_1_665' title='bbox 2703 4413 2822 4481; x_wconf 84' lang='lat' dir='ltr'><strong>fuit,</strong></span> <span class='ocrx_word' id='word_1_666' title='bbox 2842 4418 3111 4489; x_wconf 67' lang='lat' dir='ltr'><strong>prmeipuo</strong></span> <span class='ocrx_word' id='word_1_667' title='bbox 3130 4419 3274 4475; x_wconf 92' lang='lat' dir='ltr'><strong>cultu</strong></span> <span class='ocrx_word' id='word_1_668' title='bbox 3293 4421 3349 4478; x_wconf 91' lang='grc'><strong>8.</strong></span> <span class='ocrx_word' id='word_1_669' title='bbox 3383 4421 3529 4478; x_wconf 88' lang='lat' dir='ltr'><strong>Zeno</strong></span> <span class='ocrx_word' id='word_1_670' title='bbox 3556 4422 3720 4493; x_wconf 74' lang='lat' dir='ltr'><strong>prose-</strong></span> 
     </span>
    </p>
   </div>
   <div class='ocr_carea' id='block_1_89' title="bbox 471 4503 3717 4604">
    <p class='ocr_par' dir='ltr' id='par_1_89' title="bbox 471 4503 3717 4604">
     <span class='ocr_line' id='line_1_89' title="bbox 471 4503 3717 4604; baseline -0.004 -20"><span class='ocrx_word' id='word_1_671' title='bbox 471 4533 614 4604; x_wconf 82' lang='lat' dir='ltr'><strong>inter</strong></span> <span class='ocrx_word' id='word_1_672' title='bbox 651 4523 988 4581; x_wconf 74' lang='lat' dir='ltr'><strong>confess-ores</strong></span> <span class='ocrx_word' id='word_1_673' title='bbox 1034 4517 1292 4571; x_wconf 89' lang='lat' dir='ltr'><strong>insertum</strong></span> <span class='ocrx_word' id='word_1_674' title='bbox 1332 4520 1557 4583; x_wconf 87' lang='lat' dir='ltr'><strong>quatuor</strong></span> <span class='ocrx_word' id='word_1_675' title='bbox 1584 4511 2050 4567; x_wconf 85' lang='lat' dir='ltr'><strong>Sacramentorum</strong></span> <span class='ocrx_word' id='word_1_676' title='bbox 2081 4509 2132 4569; x_wconf 93' lang='lat' dir='ltr'><strong>D</strong></span> <span class='ocrx_word' id='word_1_677' title='bbox 2156 4520 2313 4563; x_wconf 90' lang='lat' dir='ltr'><strong>cutus</strong></span> <span class='ocrx_word' id='word_1_678' title='bbox 2340 4515 2443 4573; x_wconf 59' lang='lat' dir='ltr'><strong>est,</strong></span> <span class='ocrx_word' id='word_1_679' title='bbox 2464 4508 2557 4563; x_wconf 79' lang='lat' dir='ltr'><strong>sed</strong></span> <span class='ocrx_word' id='word_1_680' title='bbox 2586 4510 2722 4577; x_wconf 87' lang='lat' dir='ltr'><strong>apud</strong></span> <span class='ocrx_word' id='word_1_681' title='bbox 2746 4510 2879 4564; x_wconf 88' lang='lat' dir='ltr'><strong>alias</strong></span> <span class='ocrx_word' id='word_1_682' title='bbox 2907 4526 3011 4566; x_wconf 90' lang='lat' dir='ltr'><strong>non</strong></span> <span class='ocrx_word' id='word_1_683' title='bbox 3038 4523 3143 4567; x_wconf 89' lang='lat' dir='ltr'><strong>tam</strong></span> <span class='ocrx_word' id='word_1_684' title='bbox 3172 4503 3447 4585; x_wconf 78' lang='lat' dir='ltr'><strong>llnitimas,‘</strong></span> <span class='ocrx_word' id='word_1_685' title='bbox 3471 4533 3625 4589; x_wconf 87' lang='lat' dir='ltr'><strong>quam</strong></span> <span class='ocrx_word' id='word_1_686' title='bbox 3646 4532 3717 4571; x_wconf 85' lang='lat' dir='ltr'><strong>re-</strong></span> 
     </span>
    </p>
   </div>
   <div class='ocr_carea' id='block_1_90' title="bbox 472 4604 2050 4681">
    <p class='ocr_par' dir='ltr' id='par_1_90' title="bbox 472 4604 2050 4681">
     <span class='ocr_line' id='line_1_90' title="bbox 472 4604 2050 4681; baseline -0.012 -5"><span class='ocrx_word' id='word_1_687' title='bbox 472 4625 595 4680; x_wconf 85' lang='lat' dir='ltr'><strong>libri</strong></span> <span class='ocrx_word' id='word_1_688' title='bbox 642 4618 916 4680; x_wconf 71' lang='lat' dir='ltr'><strong>exhibent,</strong></span> <span class='ocrx_word' id='word_1_689' title='bbox 956 4625 1180 4681; x_wconf 87' lang='lat' dir='ltr'><strong>quorum</strong></span> <span class='ocrx_word' id='word_1_690' title='bbox 1212 4607 1534 4662; x_wconf 91' lang='lat' dir='ltr'><strong>mentionem</strong></span> <span class='ocrx_word' id='word_1_691' title='bbox 1567 4604 1787 4659; x_wconf 79' lang='lat' dir='ltr'><strong>fecimus</strong></span> <span class='ocrx_word' id='word_1_692' title='bbox 1827 4618 1945 4673; x_wconf 91' lang='lat' dir='ltr'><strong>cap.</strong></span> <span class='ocrx_word' id='word_1_693' title='bbox 1993 4604 2050 4669; x_wconf 70' lang='lat'><strong>2,</strong></span> 
     </span>
    </p>
   </div>
   <div class='ocr_carea' id='block_1_91' title="bbox 477 4693 2055 4790">
    <p class='ocr_par' dir='ltr' id='par_1_91' title="bbox 477 4693 2055 4790">
     <span class='ocr_line' id='line_1_91' title="bbox 477 4693 2055 4790; baseline -0.015 -19"><span class='ocrx_word' id='word_1_694' title='bbox 477 4716 506 4790; x_wconf 60' lang='grc' dir='ltr'>ᾗ</span> <span class='ocrx_word' id='word_1_695' title='bbox 533 4715 589 4779; x_wconf 70' lang='grc'><strong>2,</strong></span> <span class='ocrx_word' id='word_1_696' title='bbox 621 4722 675 4768; x_wconf 92' lang='lat' dir='ltr'><strong>et</strong></span> <span class='ocrx_word' id='word_1_697' title='bbox 704 4722 811 4764; x_wconf 90' lang='lat' dir='ltr'><strong>tres</strong></span> <span class='ocrx_word' id='word_1_698' title='bbox 836 4721 899 4762; x_wconf 76' lang='lat' dir='ltr'><strong>ex</strong></span> <span class='ocrx_word' id='word_1_699' title='bbox 932 4704 1015 4759; x_wconf 79' lang='lat' dir='ltr'><strong>liis</strong></span> <span class='ocrx_word' id='word_1_700' title='bbox 1045 4700 1383 4769; x_wconf 88' lang='lat' dir='ltr'><strong>Capitulares</strong></span> <span class='ocrx_word' id='word_1_701' title='bbox 1405 4711 1508 4750; x_wconf 94' lang='lat' dir='ltr'><strong>non</strong></span> <span class='ocrx_word' id='word_1_702' title='bbox 1541 4706 1645 4749; x_wconf 90' lang='lat' dir='ltr'><strong>tam</strong></span> <span class='ocrx_word' id='word_1_703' title='bbox 1674 4695 1728 4748; x_wconf 91' lang='lat' dir='ltr'><strong>in</strong></span> <span class='ocrx_word' id='word_1_704' title='bbox 1760 4693 2055 4748; x_wconf 86' lang='lat' dir='ltr'><strong>Communi-</strong></span> 
     </span>
    </p>
   </div>
   <div class='ocr_carea' id='block_1_92' title="bbox 475 4788 2067 4876">
    <p class='ocr_par' dir='ltr' id='par_1_92' title="bbox 475 4788 2067 4876">
     <span class='ocr_line' id='line_1_92' title="bbox 475 4788 2067 4876; baseline -0.016 -10"><span class='ocrx_word' id='word_1_705' title='bbox 475 4788 667 4871; x_wconf 77' lang='lat' dir='ltr'><strong>eantes,</strong></span> <span class='ocrx_word' id='word_1_706' title='bbox 696 4817 854 4876; x_wconf 86' lang='lat' dir='ltr'><strong>quam</strong></span> <span class='ocrx_word' id='word_1_707' title='bbox 886 4808 1005 4866; x_wconf 90' lang='lat' dir='ltr'><strong>post</strong></span> <span class='ocrx_word' id='word_1_708' title='bbox 1032 4796 1325 4850; x_wconf 89' lang='lat' dir='ltr'><strong>orationem</strong></span> <span class='ocrx_word' id='word_1_709' title='bbox 1354 4789 1677 4853; x_wconf 80' lang='lat' dir='ltr'><strong>Dominicam</strong></span> <span class='ocrx_word' id='word_1_710' title='bbox 1701 4788 1943 4842; x_wconf 91' lang='lat' dir='ltr'><strong>eumdem</strong></span> <span class='ocrx_word' id='word_1_711' title='bbox 1980 4789 2067 4871; x_wconf 27' lang='lat' dir='ltr'><strong>in-l</strong></span> 
     </span>
    </p>
   </div>
   <div class='ocr_carea' id='block_1_93' title="bbox 479 4880 2057 4960">
    <p class='ocr_par' dir='ltr' id='par_1_93' title="bbox 479 4880 2057 4960">
     <span class='ocr_line' id='line_1_93' title="bbox 479 4880 2057 4960; baseline -0.017 0"><span class='ocrx_word' id='word_1_712' title='bbox 479 4904 674 4960; x_wconf 79' lang='lat' dir='ltr'><strong>vocant</strong></span> <span class='ocrx_word' id='word_1_713' title='bbox 701 4898 777 4953; x_wconf 91' lang='lat' dir='ltr'><strong>sic</strong></span> <span class='ocrx_word' id='word_1_714' title='bbox 804 4914 815 4949; x_wconf 91' lang='lat'>:</span> <span class='ocrx_word' id='word_1_715' title='bbox 847 4892 1028 4948; x_wconf 87' lang='lat' dir='ltr'><strong>Libera</strong></span> <span class='ocrx_word' id='word_1_716' title='bbox 1075 4904 1187 4951; x_wconf 87' lang='lat' dir='ltr'><strong>nos,</strong></span> <span class='ocrx_word' id='word_1_717' title='bbox 1219 4885 1523 4956; x_wconf 80' lang='lat' dir='ltr'><strong>qutesumus,</strong></span> <span class='ocrx_word' id='word_1_718' title='bbox 1571 4880 1808 4944; x_wconf 88' lang='lat' dir='ltr'><strong>Domine,</strong></span> <span class='ocrx_word' id='word_1_719' title='bbox 1839 4894 1941 4934; x_wconf 92' lang='lat' dir='ltr'><strong>etc.</strong></span> <span class='ocrx_word' id='word_1_720' title='bbox 1966 4922 1980 4945; x_wconf 92' lang='lat'><strong>,</strong></span> <span class='ocrx_word' id='word_1_721' title='bbox 2012 4891 2057 4934; x_wconf 91' lang='lat' dir='ltr'><strong>et</strong></span> 
     </span>
    </p>
   </div>
   <div class='ocr_carea' id='block_1_94' title="bbox 484 4971 2059 5057">
    <p class='ocr_par' dir='ltr' id='par_1_94' title="bbox 484 4971 2059 5057">
     <span class='ocr_line' id='line_1_94' title="bbox 484 4971 2059 5057; baseline -0.017 -8"><span class='ocrx_word' id='word_1_722' title='bbox 484 4993 688 5049; x_wconf 85' lang='lat' dir='ltr'><strong>Sanctis</strong></span> <span class='ocrx_word' id='word_1_723' title='bbox 716 4986 961 5057; x_wconf 84' lang='lat' dir='ltr'><strong>apostolis</strong></span> <span class='ocrx_word' id='word_1_724' title='bbox 993 4982 1090 5036; x_wconf 84' lang='lat' dir='ltr'><strong>tuis</strong></span> <span class='ocrx_word' id='word_1_725' title='bbox 1118 4978 1271 5033; x_wconf 81' lang='lat' dir='ltr'><strong>Petro</strong></span> <span class='ocrx_word' id='word_1_726' title='bbox 1310 4987 1355 5031; x_wconf 83' lang='lat' dir='ltr'><strong>et</strong></span> <span class='ocrx_word' id='word_1_727' title='bbox 1392 4974 1557 5026; x_wconf 84' lang='lat' dir='ltr'><strong>Paulo</strong></span> <span class='ocrx_word' id='word_1_728' title='bbox 1586 4983 1730 5039; x_wconf 86' lang='lat' dir='ltr'><strong>atque</strong></span> <span class='ocrx_word' id='word_1_729' title='bbox 1758 4971 1981 5033; x_wconf 82' lang='lat' dir='ltr'><strong>Andrea,</strong></span> <span class='ocrx_word' id='word_1_730' title='bbox 2015 4980 2059 5024; x_wconf 92' lang='lat' dir='ltr'><strong>et</strong></span> 
     </span>
    </p>
   </div>
   <div class='ocr_carea' id='block_1_95' title="bbox 483 5060 2059 5149">
    <p class='ocr_par' dir='ltr' id='par_1_95' title="bbox 483 5060 2059 5149">
     <span class='ocr_line' id='line_1_95' title="bbox 483 5060 2059 5149; baseline -0.015 -11"><span class='ocrx_word' id='word_1_731' title='bbox 483 5082 650 5136; x_wconf 83' lang='lat' dir='ltr'><strong>Beatis</strong></span> <span class='ocrx_word' id='word_1_732' title='bbox 696 5074 1065 5149; x_wconf 80' lang='lat' dir='ltr'><strong>confessoribus</strong></span> <span class='ocrx_word' id='word_1_733' title='bbox 1114 5070 1211 5123; x_wconf 87' lang='lat' dir='ltr'><strong>tuis</strong></span> <span class='ocrx_word' id='word_1_734' title='bbox 1244 5065 1489 5129; x_wconf 84' lang='lat' dir='ltr'><strong>Martino,</strong></span> <span class='ocrx_word' id='word_1_735' title='bbox 1542 5061 1762 5117; x_wconf 84' lang='lat' dir='ltr'><strong>Proculo</strong></span> <span class='ocrx_word' id='word_1_736' title='bbox 1787 5104 1799 5125; x_wconf 87' lang='lat'><strong>,</strong></span> <span class='ocrx_word' id='word_1_737' title='bbox 1831 5060 2059 5125; x_wconf 86' lang='lat' dir='ltr'><strong>Zenone,</strong></span> 
     </span>
    </p>
   </div>
   <div class='ocr_carea' id='block_1_96' title="bbox 484 5152 2061 5244">
    <p class='ocr_par' dir='ltr' id='par_1_96' title="bbox 484 5152 2061 5244">
     <span class='ocr_line' id='line_1_96' title="bbox 484 5152 2061 5244; baseline -0.015 -17"><span class='ocrx_word' id='word_1_738' title='bbox 484 5182 630 5244; x_wconf 86' lang='lat' dir='ltr'><strong>atque</strong></span> <span class='ocrx_word' id='word_1_739' title='bbox 660 5171 926 5224; x_wconf 87' lang='lat' dir='ltr'><strong>Benedicto</strong></span> <span class='ocrx_word' id='word_1_740' title='bbox 956 5181 1069 5220; x_wconf 87' lang='lat' dir='ltr'><strong>cum</strong></span> <span class='ocrx_word' id='word_1_741' title='bbox 1116 5158 1345 5216; x_wconf 83' lang='lat' dir='ltr'><strong>omnibus</strong></span> <span class='ocrx_word' id='word_1_742' title='bbox 1392 5156 1597 5218; x_wconf 86' lang='lat' dir='ltr'><strong>sanctis,</strong></span> <span class='ocrx_word' id='word_1_743' title='bbox 1641 5165 1744 5209; x_wconf 91' lang='lat' dir='ltr'><strong>etc.</strong></span> <span class='ocrx_word' id='word_1_744' title='bbox 1772 5153 1826 5207; x_wconf 86' lang='lat' dir='ltr'><strong>In</strong></span> <span class='ocrx_word' id='word_1_745' title='bbox 1864 5152 2061 5205; x_wconf 88' lang='lat' dir='ltr'><strong>litaniis</strong></span> 
     </span>
    </p>
   </div>
   <div class='ocr_carea' id='block_1_97' title="bbox 485 5246 2061 5335">
    <p class='ocr_par' dir='ltr' id='par_1_97' title="bbox 485 5246 2061 5335">
     <span class='ocr_line' id='line_1_97' title="bbox 485 5246 2061 5335; baseline -0.016 -13"><span class='ocrx_word' id='word_1_746' title='bbox 485 5281 717 5335; x_wconf 80' lang='lat' dir='ltr'><strong>quoque,</strong></span> <span class='ocrx_word' id='word_1_747' title='bbox 748 5278 877 5334; x_wconf 80' lang='lat' dir='ltr'><strong>quas</strong></span> <span class='ocrx_word' id='word_1_748' title='bbox 906 5252 1111 5328; x_wconf 80' lang='lat' dir='ltr'><strong>aliquot</strong></span> <span class='ocrx_word' id='word_1_749' title='bbox 1156 5256 1206 5309; x_wconf 90' lang='lat' dir='ltr'><strong>in</strong></span> <span class='ocrx_word' id='word_1_750' title='bbox 1236 5267 1365 5307; x_wconf 88' lang='lat' dir='ltr'><strong>mss.</strong></span> <span class='ocrx_word' id='word_1_751' title='bbox 1401 5265 1493 5311; x_wconf 78' lang='lat' dir='ltr'><strong>xui</strong></span> <span class='ocrx_word' id='word_1_752' title='bbox 1528 5256 1582 5303; x_wconf 92' lang='lat' dir='ltr'><strong>et</strong></span> <span class='ocrx_word' id='word_1_753' title='bbox 1609 5262 1699 5302; x_wconf 76' lang='lat' dir='ltr'><strong>xw</strong></span> <span class='ocrx_word' id='word_1_754' title='bbox 1732 5246 1913 5302; x_wconf 72' lang='lat' dir='ltr'><strong>saeculi</strong></span> <span class='ocrx_word' id='word_1_755' title='bbox 1952 5255 2061 5299; x_wconf 90' lang='lat' dir='ltr'><strong>tum</strong></span> 
     </span>
    </p>
   </div>
   <div class='ocr_carea' id='block_1_98' title="bbox 488 5338 2066 5421">
    <p class='ocr_par' dir='ltr' id='par_1_98' title="bbox 488 5338 2066 5421">
     <span class='ocr_line' id='line_1_98' title="bbox 488 5338 2066 5421; baseline -0.011 -12"><span class='ocrx_word' id='word_1_756' title='bbox 488 5358 542 5409; x_wconf 94' lang='lat' dir='ltr'><strong>in</strong></span> <span class='ocrx_word' id='word_1_757' title='bbox 586 5356 910 5411; x_wconf 85' lang='lat' dir='ltr'><strong>Bibliotheca</strong></span> <span class='ocrx_word' id='word_1_758' title='bbox 950 5349 1181 5421; x_wconf 88' lang='lat' dir='ltr'><strong>Capituli</strong></span> <span class='ocrx_word' id='word_1_759' title='bbox 1220 5342 1561 5408; x_wconf 83' lang='lat' dir='ltr'><strong>Veronensis,</strong></span> <span class='ocrx_word' id='word_1_760' title='bbox 1599 5351 1708 5395; x_wconf 91' lang='lat' dir='ltr'><strong>tum</strong></span> <span class='ocrx_word' id='word_1_761' title='bbox 1761 5340 1887 5394; x_wconf 90' lang='lat' dir='ltr'><strong>alibi</strong></span> <span class='ocrx_word' id='word_1_762' title='bbox 1936 5338 2066 5409; x_wconf 85' lang='lat' dir='ltr'><strong>legi-</strong></span> 
     </span>
    </p>
   </div>
   <div class='ocr_carea' id='block_1_99' title="bbox 493 5431 2067 5512">
    <p class='ocr_par' dir='ltr' id='par_1_99' title="bbox 493 5431 2067 5512">
     <span class='ocr_line' id='line_1_99' title="bbox 493 5431 2067 5512; baseline -0.009 -13"><span class='ocrx_word' id='word_1_763' title='bbox 493 5462 632 5512; x_wconf 89' lang='lat' dir='ltr'><strong>mus,</strong></span> <span class='ocrx_word' id='word_1_764' title='bbox 691 5462 895 5499; x_wconf 88' lang='lat' dir='ltr'><strong>necnon</strong></span> <span class='ocrx_word' id='word_1_765' title='bbox 945 5446 997 5497; x_wconf 93' lang='lat' dir='ltr'><strong>in</strong></span> <span class='ocrx_word' id='word_1_766' title='bbox 1027 5438 1340 5511; x_wconf 90' lang='lat' dir='ltr'><strong>quibusdam</strong></span> <span class='ocrx_word' id='word_1_767' title='bbox 1372 5433 1701 5491; x_wconf 89' lang='lat' dir='ltr'><strong>orationibus</strong></span> <span class='ocrx_word' id='word_1_768' title='bbox 1727 5448 1789 5487; x_wconf 88' lang='lat' dir='ltr'><strong>ac</strong></span> <span class='ocrx_word' id='word_1_769' title='bbox 1818 5431 2067 5486; x_wconf 80' lang='lat' dir='ltr'><strong>benedic-</strong></span> 
     </span>
    </p>
   </div>
   <div class='ocr_carea' id='block_1_100' title="bbox 492 5524 2066 5604">
    <p class='ocr_par' dir='ltr' id='par_1_100' title="bbox 492 5524 2066 5604">
     <span class='ocr_line' id='line_1_100' title="bbox 492 5524 2066 5604; baseline -0.008 -15"><span class='ocrx_word' id='word_1_770' title='bbox 492 5536 741 5599; x_wconf 89' lang='lat' dir='ltr'><strong>tionibus,</strong></span> <span class='ocrx_word' id='word_1_771' title='bbox 773 5551 891 5604; x_wconf 69' lang='lat' dir='ltr'><strong>qua:</strong></span> <span class='ocrx_word' id='word_1_772' title='bbox 933 5532 1123 5588; x_wconf 85' lang='lat' dir='ltr'><strong>iisdem</strong></span> <span class='ocrx_word' id='word_1_773' title='bbox 1169 5532 1219 5584; x_wconf 91' lang='lat' dir='ltr'><strong>in</strong></span> <span class='ocrx_word' id='word_1_774' title='bbox 1263 5544 1392 5583; x_wconf 90' lang='lat' dir='ltr'><strong>mss.</strong></span> <span class='ocrx_word' id='word_1_775' title='bbox 1426 5526 1786 5583; x_wconf 82' lang='lat' dir='ltr'><strong>continentur.</strong></span> <span class='ocrx_word' id='word_1_776' title='bbox 1822 5525 1879 5579; x_wconf 93' lang='grc'><strong>8.</strong></span> <span class='ocrx_word' id='word_1_777' title='bbox 1922 5524 2066 5577; x_wconf 89' lang='lat' dir='ltr'><strong>Zeno</strong></span> 
     </span>
    </p>
   </div>
   <div class='ocr_carea' id='block_1_101' title="bbox 496 5615 2067 5681">
    <p class='ocr_par' dir='ltr' id='par_1_101' title="bbox 496 5615 2067 5681">
     <span class='ocr_line' id='line_1_101' title="bbox 496 5615 2067 5681; baseline -0.006 -2"><span class='ocrx_word' id='word_1_778' title='bbox 496 5626 630 5681; x_wconf 90' lang='lat' dir='ltr'><strong>inter</strong></span> <span class='ocrx_word' id='word_1_779' title='bbox 656 5635 877 5681; x_wconf 80' lang='lat' dir='ltr'><strong>caeteros</strong></span> <span class='ocrx_word' id='word_1_780' title='bbox 905 5633 1119 5679; x_wconf 89' lang='lat' dir='ltr'><strong>sanctos</strong></span> <span class='ocrx_word' id='word_1_781' title='bbox 1145 5620 1483 5676; x_wconf 86' lang='lat' dir='ltr'><strong>confessores</strong></span> <span class='ocrx_word' id='word_1_782' title='bbox 1514 5618 1809 5671; x_wconf 89' lang='lat' dir='ltr'><strong>invocatur.</strong></span> <span class='ocrx_word' id='word_1_783' title='bbox 1856 5616 1910 5671; x_wconf 91' lang='lat' dir='ltr'><strong>ln</strong></span> <span class='ocrx_word' id='word_1_784' title='bbox 1956 5615 2067 5669; x_wconf 82' lang='lat' dir='ltr'><strong>Ro-</strong></span> 
     </span>
    </p>
   </div>
   <div class='ocr_carea' id='block_1_102' title="bbox 498 5705 2068 5783">
    <p class='ocr_par' dir='ltr' id='par_1_102' title="bbox 498 5705 2068 5783">
     <span class='ocr_line' id='line_1_102' title="bbox 498 5705 2068 5783; baseline -0.006 -13"><span class='ocrx_word' id='word_1_785' title='bbox 498 5733 651 5772; x_wconf 87' lang='lat' dir='ltr'><strong>mano</strong></span> <span class='ocrx_word' id='word_1_786' title='bbox 680 5716 877 5773; x_wconf 85' lang='lat' dir='ltr'><strong>Ordine</strong></span> <span class='ocrx_word' id='word_1_787' title='bbox 904 5711 1193 5783; x_wconf 88' lang='lat' dir='ltr'><strong>Capitulari</strong></span> <span class='ocrx_word' id='word_1_788' title='bbox 1222 5711 1419 5780; x_wconf 87' lang='lat' dir='ltr'><strong>scripto</strong></span> <span class='ocrx_word' id='word_1_789' title='bbox 1452 5708 1780 5776; x_wconf 87' lang='lat' dir='ltr'><strong>temporibus</strong></span> <span class='ocrx_word' id='word_1_790' title='bbox 1809 5705 2068 5762; x_wconf 83' lang='lat' dir='ltr'><strong>Ludovici</strong></span> 
     </span>
    </p>
   </div>
   <div class='ocr_carea' id='block_1_103' title="bbox 2160 4600 3718 4679">
    <p class='ocr_par' dir='ltr' id='par_1_103' title="bbox 2160 4600 3718 4679">
     <span class='ocr_line' id='line_1_103' title="bbox 2160 4600 3718 4679; baseline 0.006 -25"><span class='ocrx_word' id='word_1_791' title='bbox 2160 4607 2332 4654; x_wconf 87' lang='lat' dir='ltr'><strong>motas</strong></span> <span class='ocrx_word' id='word_1_792' title='bbox 2357 4600 2519 4655; x_wconf 83' lang='lat' dir='ltr'><strong>etiam</strong></span> <span class='ocrx_word' id='word_1_793' title='bbox 2548 4601 2790 4657; x_wconf 87' lang='lat' dir='ltr'><strong>civttates</strong></span> <span class='ocrx_word' id='word_1_794' title='bbox 2816 4612 2977 4674; x_wconf 83' lang='lat' dir='ltr'><strong>atque</strong></span> <span class='ocrx_word' id='word_1_795' title='bbox 3010 4609 3314 4676; x_wconf 87' lang='lat' dir='ltr'><strong>provincias</strong></span> <span class='ocrx_word' id='word_1_796' title='bbox 3340 4650 3355 4674; x_wconf 96' lang='lat'><strong>,</strong></span> <span class='ocrx_word' id='word_1_797' title='bbox 3384 4610 3495 4679; x_wconf 83' lang='lat' dir='ltr'><strong>jam</strong></span> <span class='ocrx_word' id='word_1_798' title='bbox 3524 4612 3640 4667; x_wconf 91' lang='lat' dir='ltr'><strong>inde</strong></span> <span class='ocrx_word' id='word_1_799' title='bbox 3664 4610 3718 4664; x_wconf 90' lang='lat' dir='ltr'><strong>ab</strong></span> 
     </span>
    </p>
   </div>
   <div class='ocr_carea' id='block_1_104' title="bbox 2160 4692 3719 4781">
    <p class='ocr_par' dir='ltr' id='par_1_104' title="bbox 2160 4692 3719 4781">
     <span class='ocr_line' id='line_1_104' title="bbox 2160 4692 3719 4781; baseline 0.006 -33"><span class='ocrx_word' id='word_1_800' title='bbox 2160 4697 2394 4766; x_wconf 89' lang='lat' dir='ltr'><strong>antiquis</strong></span> <span class='ocrx_word' id='word_1_801' title='bbox 2446 4692 2783 4781; x_wconf 70' lang='lat' dir='ltr'><strong>temporibus</strong></span> <span class='ocrx_word' id='word_1_802' title='bbox 2811 4700 3069 4771; x_wconf 87' lang='lat' dir='ltr'><strong>insignem</strong></span> <span class='ocrx_word' id='word_1_803' title='bbox 3118 4705 3318 4758; x_wconf 92' lang='lat' dir='ltr'><strong>cultum</strong></span> <span class='ocrx_word' id='word_1_804' title='bbox 3352 4715 3432 4761; x_wconf 85' lang='lat' dir='ltr'><strong>est</strong></span> <span class='ocrx_word' id='word_1_805' title='bbox 3482 4720 3719 4763; x_wconf 86' lang='lat' dir='ltr'><strong>consecu-</strong></span> 
     </span>
    </p>
   </div>
   <div class='ocr_carea' id='block_1_105' title="bbox 2163 4790 3720 4864">
    <p class='ocr_par' dir='ltr' id='par_1_105' title="bbox 2163 4790 3720 4864">
     <span class='ocr_line' id='line_1_105' title="bbox 2163 4790 3720 4864; baseline 0.007 -24"><span class='ocrx_word' id='word_1_806' title='bbox 2163 4796 2267 4851; x_wconf 82' lang='lat' dir='ltr'><strong>tus.</strong></span> <span class='ocrx_word' id='word_1_807' title='bbox 2291 4805 2394 4855; x_wconf 81' lang='lat' dir='ltr'><strong>quo</strong></span> <span class='ocrx_word' id='word_1_808' title='bbox 2422 4790 2486 4843; x_wconf 90' lang='lat' dir='ltr'><strong>ad</strong></span> <span class='ocrx_word' id='word_1_809' title='bbox 2516 4792 2812 4847; x_wconf 79' lang='lat' dir='ltr'><strong>sanctitatis</strong></span> <span class='ocrx_word' id='word_1_810' title='bbox 2836 4793 2952 4862; x_wconf 88' lang='lat' dir='ltr'><strong>ejus</strong></span> <span class='ocrx_word' id='word_1_811' title='bbox 2986 4796 3410 4864; x_wconf 83' lang='lat' dir='ltr'><strong>magnitudinem</strong></span> <span class='ocrx_word' id='word_1_812' title='bbox 3456 4798 3720 4853; x_wconf 84' lang='lat' dir='ltr'><strong>celebrita-</strong></span> 
     </span>
    </p>
   </div>
   <div class='ocr_carea' id='block_1_106' title="bbox 2166 4885 3720 4962">
    <p class='ocr_par' dir='ltr' id='par_1_106' title="bbox 2166 4885 3720 4962">
     <span class='ocr_line' id='line_1_106' title="bbox 2166 4885 3720 4962; baseline 0.006 -30"><span class='ocrx_word' id='word_1_813' title='bbox 2166 4888 2379 4950; x_wconf 79' lang='lat' dir='ltr'><strong>temqne</strong></span> <span class='ocrx_word' id='word_1_814' title='bbox 2422 4885 2885 4962; x_wconf 64' lang='grc' dir='ltr'>ουιιηιιιοὺτιιιιΙιιηι</span> <span class='ocrx_word' id='word_1_815' title='bbox 2920 4886 3049 4947; x_wconf 83' lang='lat' dir='ltr'><strong>nihil</strong></span> <span class='ocrx_word' id='word_1_816' title='bbox 3102 4888 3323 4955; x_wconf 89' lang='lat' dir='ltr'><strong>reperiri</strong></span> <span class='ocrx_word' id='word_1_817' title='bbox 3375 4899 3547 4959; x_wconf 83' lang='lat' dir='ltr'><strong>potest</strong></span> <span class='ocrx_word' id='word_1_818' title='bbox 3594 4891 3720 4945; x_wconf 82' lang='lat' dir='ltr'><strong>illus-</strong></span> 
     </span>
    </p>
   </div>
   <div class='ocr_carea' id='block_1_107' title="bbox 2168 4972 3721 5050">
    <p class='ocr_par' dir='ltr' id='par_1_107' title="bbox 2168 4972 3721 5050">
     <span class='ocr_line' id='line_1_107' title="bbox 2168 4972 3721 5050; baseline 0.007 -27"><span class='ocrx_word' id='word_1_819' title='bbox 2168 4972 2316 5026; x_wconf 88' lang='lat' dir='ltr'><strong>trius.</strong></span> <span class='ocrx_word' id='word_1_820' title='bbox 2349 4974 2481 5028; x_wconf 88' lang='lat' dir='ltr'><strong>Cum</strong></span> <span class='ocrx_word' id='word_1_821' title='bbox 2527 4976 2820 5030; x_wconf 83' lang='lat' dir='ltr'><strong>Coronatns</strong></span> <span class='ocrx_word' id='word_1_822' title='bbox 2843 4977 3090 5033; x_wconf 74' lang='lat' dir='ltr'><strong>Nomrius</strong></span> <span class='ocrx_word' id='word_1_823' title='bbox 3117 5020 3132 5043; x_wconf 84' lang='grc'><em>,</em></span> <span class='ocrx_word' id='word_1_824' title='bbox 3163 4979 3435 5050; x_wconf 77' lang='lat' dir='ltr'><strong>deseripto</strong></span> <span class='ocrx_word' id='word_1_825' title='bbox 3486 4982 3721 5037; x_wconf 80' lang='lat' dir='ltr'><strong>miraculo</strong></span> 
     </span>
    </p>
   </div>
   <div class='ocr_carea' id='block_1_108' title="bbox 2168 5061 3718 5137">
    <p class='ocr_par' dir='ltr' id='par_1_108' title="bbox 2168 5061 3718 5137">
     <span class='ocr_line' id='line_1_108' title="bbox 2168 5061 3718 5137; baseline 0.007 -22"><span class='ocrx_word' id='word_1_826' title='bbox 2168 5061 2595 5131; x_wconf 65' lang='lat' dir='ltr'><strong>Atltesis.cuju.~‘</strong></span> <span class='ocrx_word' id='word_1_827' title='bbox 2637 5068 2760 5120; x_wconf 87' lang='lat' dir='ltr'><strong>alibi</strong></span> <span class='ocrx_word' id='word_1_828' title='bbox 2816 5069 3140 5122; x_wconf 64' lang='lat' dir='ltr'><strong>mentionem</strong></span> <span class='ocrx_word' id='word_1_829' title='bbox 3194 5067 3421 5126; x_wconf 83' lang='lat' dir='ltr'><strong>fecimus</strong></span> <span class='ocrx_word' id='word_1_830' title='bbox 3450 5113 3465 5137; x_wconf 94' lang='lat'><strong>,</strong></span> <span class='ocrx_word' id='word_1_831' title='bbox 3508 5074 3718 5133; x_wconf 74' lang='lat' dir='ltr'><strong>scribat:</strong></span> 
     </span>
    </p>
   </div>
   <div class='ocr_carea' id='block_1_109' title="bbox 2176 5150 3723 5215">
    <p class='ocr_par' dir='ltr' id='par_1_109' title="bbox 2176 5150 3723 5215">
     <span class='ocr_line' id='line_1_109' title="bbox 2176 5150 3723 5215; baseline 0.004 -10"><span class='ocrx_word' id='word_1_832' title='bbox 2176 5150 2320 5205; x_wconf 81' lang='lat' dir='ltr'><strong>Unde</strong></span> <span class='ocrx_word' id='word_1_833' title='bbox 2345 5158 2554 5209; x_wconf 85' lang='lat' dir='ltr'><strong>accrevit</strong></span> <span class='ocrx_word' id='word_1_834' title='bbox 2584 5154 2836 5212; x_wconf 82' lang='lat' dir='ltr'><strong>veneratio</strong></span> <span class='ocrx_word' id='word_1_835' title='bbox 2878 5170 2923 5213; x_wconf 85' lang='lat' dir='ltr'><strong>et</strong></span> <span class='ocrx_word' id='word_1_836' title='bbox 2946 5160 3092 5213; x_wconf 86' lang='lat' dir='ltr'><strong>timor</strong></span> <span class='ocrx_word' id='word_1_837' title='bbox 3114 5160 3251 5213; x_wconf 87' lang='lat' dir='ltr'><strong>circa</strong></span> <span class='ocrx_word' id='word_1_838' title='bbox 3282 5158 3471 5215; x_wconf 83' lang='lat' dir='ltr'><strong>Christi</strong></span> <span class='ocrx_word' id='word_1_839' title='bbox 3513 5160 3723 5215; x_wconf 56' lang='lat' dir='ltr'><strong>sacerdov</strong></span> 
     </span>
    </p>
   </div>
   <div class='ocr_carea' id='block_1_110' title="bbox 2172 5247 3723 5324">
    <p class='ocr_par' dir='ltr' id='par_1_110' title="bbox 2172 5247 3723 5324">
     <span class='ocr_line' id='line_1_110' title="bbox 2172 5247 3723 5324; baseline 0.005 -28"><span class='ocrx_word' id='word_1_840' title='bbox 2172 5252 2302 5307; x_wconf 87' lang='lat' dir='ltr'><strong>tem;</strong></span> <span class='ocrx_word' id='word_1_841' title='bbox 2333 5255 2448 5309; x_wconf 90' lang='lat' dir='ltr'><strong>post</strong></span> <span class='ocrx_word' id='word_1_842' title='bbox 2475 5247 2522 5299; x_wconf 93' lang='lat' dir='ltr'><strong>id</strong></span> <span class='ocrx_word' id='word_1_843' title='bbox 2548 5251 2859 5306; x_wconf 90' lang='lat' dir='ltr'><strong>miraculum</strong></span> <span class='ocrx_word' id='word_1_844' title='bbox 2887 5252 3028 5323; x_wconf 88' lang='lat' dir='ltr'><strong>quod</strong></span> <span class='ocrx_word' id='word_1_845' title='bbox 3060 5270 3085 5305; x_wconf 73' lang='grc' dir='ltr'><strong>ιι</strong></span> <span class='ocrx_word' id='word_1_846' title='bbox 3130 5252 3187 5308; x_wconf 88' lang='grc'><strong>8.</strong></span> <span class='ocrx_word' id='word_1_847' title='bbox 3211 5253 3471 5324; x_wconf 84' lang='lat' dir='ltr'><strong>Gregorio</strong></span> <span class='ocrx_word' id='word_1_848' title='bbox 3498 5251 3723 5323; x_wconf 85' lang='lat' dir='ltr'><strong>pontifice</strong></span> 
     </span>
    </p>
   </div>
   <div class='ocr_carea' id='block_1_111' title="bbox 2175 5333 3723 5416">
    <p class='ocr_par' dir='ltr' id='par_1_111' title="bbox 2175 5333 3723 5416">
     <span class='ocr_line' id='line_1_111' title="bbox 2175 5333 3723 5416; baseline 0.011 -31"><span class='ocrx_word' id='word_1_849' title='bbox 2175 5334 2223 5386; x_wconf 95' lang='lat' dir='ltr'><strong>in</strong></span> <span class='ocrx_word' id='word_1_850' title='bbox 2258 5333 2479 5405; x_wconf 82' lang='lat' dir='ltr'><strong>dialogis</strong></span> <span class='ocrx_word' id='word_1_851' title='bbox 2508 5342 2894 5411; x_wconf 84' lang='lat' dir='ltr'><strong>pronmlgatum</strong></span> <span class='ocrx_word' id='word_1_852' title='bbox 2923 5346 3018 5399; x_wconf 86' lang='lat' dir='ltr'><strong>fuit</strong></span> <span class='ocrx_word' id='word_1_853' title='bbox 3043 5387 3056 5410; x_wconf 85' lang='lat'><strong>,</strong></span> <span class='ocrx_word' id='word_1_854' title='bbox 3088 5347 3289 5400; x_wconf 88' lang='lat' dir='ltr'><strong>cultum</strong></span> <span class='ocrx_word' id='word_1_855' title='bbox 3320 5346 3436 5416; x_wconf 89' lang='lat' dir='ltr'><strong>ejus</strong></span> <span class='ocrx_word' id='word_1_856' title='bbox 3468 5357 3614 5403; x_wconf 82' lang='lat' dir='ltr'><strong>extra</strong></span> <span class='ocrx_word' id='word_1_857' title='bbox 3642 5342 3723 5396; x_wconf 74' lang='lat' dir='ltr'><strong>VC-</strong></span> 
     </span>
    </p>
   </div>
   <div class='ocr_carea' id='block_1_112' title="bbox 2170 5434 3724 5507">
    <p class='ocr_par' dir='ltr' id='par_1_112' title="bbox 2170 5434 3724 5507">
     <span class='ocr_line' id='line_1_112' title="bbox 2170 5434 3724 5507; baseline 0.005 -29"><span class='ocrx_word' id='word_1_858' title='bbox 2170 5441 2354 5480; x_wconf 90' lang='lat' dir='ltr'><strong>ronam</strong></span> <span class='ocrx_word' id='word_1_859' title='bbox 2412 5436 2688 5501; x_wconf 82' lang='lat' dir='ltr'><strong>propagari</strong></span> <span class='ocrx_word' id='word_1_860' title='bbox 2722 5449 2952 5507; x_wconf 71' lang='lat' dir='ltr'><strong>emptum</strong></span> <span class='ocrx_word' id='word_1_861' title='bbox 3000 5438 3244 5493; x_wconf 90' lang='lat' dir='ltr'><strong>nonnulli</strong></span> <span class='ocrx_word' id='word_1_862' title='bbox 3294 5438 3523 5494; x_wconf 90' lang='lat' dir='ltr'><strong>fortasse</strong></span> <span class='ocrx_word' id='word_1_863' title='bbox 3568 5434 3724 5494; x_wconf 81' lang='lat' dir='ltr'><strong>existi-</strong></span> 
     </span>
    </p>
   </div>
   <div class='ocr_carea' id='block_1_113' title="bbox 2174 5519 3720 5598">
    <p class='ocr_par' dir='ltr' id='par_1_113' title="bbox 2174 5519 3720 5598">
     <span class='ocr_line' id='line_1_113' title="bbox 2174 5519 3720 5598; baseline 0.009 -26"><span class='ocrx_word' id='word_1_864' title='bbox 2174 5529 2337 5573; x_wconf 90' lang='lat' dir='ltr'><strong>ment.</strong></span> <span class='ocrx_word' id='word_1_865' title='bbox 2371 5519 2586 5576; x_wconf 82' lang='lat' dir='ltr'><strong>Pistorii</strong></span> <span class='ocrx_word' id='word_1_866' title='bbox 2639 5528 2687 5579; x_wconf 93' lang='lat' dir='ltr'><strong>in</strong></span> <span class='ocrx_word' id='word_1_867' title='bbox 2738 5526 2980 5583; x_wconf 85' lang='lat' dir='ltr'><strong>lletruria</strong></span> <span class='ocrx_word' id='word_1_868' title='bbox 3028 5530 3241 5598; x_wconf 89' lang='lat' dir='ltr'><strong>quidem</strong></span> <span class='ocrx_word' id='word_1_869' title='bbox 3286 5530 3609 5585; x_wconf 82' lang='lat' dir='ltr'><strong>catbedralis</strong></span> <span class='ocrx_word' id='word_1_870' title='bbox 3649 5538 3720 5579; x_wconf 71' lang='lat' dir='ltr'><strong>ec-</strong></span> 
     </span>
    </p>
   </div>
   <div class='ocr_carea' id='block_1_114' title="bbox 2171 5613 3722 5690">
    <p class='ocr_par' dir='ltr' id='par_1_114' title="bbox 2171 5613 3722 5690">
     <span class='ocr_line' id='line_1_114' title="bbox 2171 5613 3722 5690; baseline 0 -23"><span class='ocrx_word' id='word_1_871' title='bbox 2171 5613 2329 5668; x_wconf 85' lang='lat' dir='ltr'><strong>clesia</strong></span> <span class='ocrx_word' id='word_1_872' title='bbox 2360 5613 2420 5669; x_wconf 89' lang='lat' dir='ltr'><strong>S.</strong></span> <span class='ocrx_word' id='word_1_873' title='bbox 2449 5615 2683 5673; x_wconf 90' lang='lat' dir='ltr'><strong>Zenonis</strong></span> <span class='ocrx_word' id='word_1_874' title='bbox 2707 5622 2926 5675; x_wconf 90' lang='lat' dir='ltr'><strong>nomine</strong></span> <span class='ocrx_word' id='word_1_875' title='bbox 2956 5620 3197 5675; x_wconf 77' lang='lat' dir='ltr'><strong>dediCata</strong></span> <span class='ocrx_word' id='word_1_876' title='bbox 3214 5621 3449 5675; x_wconf 88' lang='lat' dir='ltr'><strong>traditur</strong></span> <span class='ocrx_word' id='word_1_877' title='bbox 3473 5624 3537 5677; x_wconf 87' lang='lat' dir='ltr'><strong>ab</strong></span> <span class='ocrx_word' id='word_1_878' title='bbox 3556 5614 3722 5690; x_wconf 69' lang='grc' dir='ltr'>υειιυιι</span> 
     </span>
    </p>
   </div>
   <div class='ocr_carea' id='block_1_115' title="bbox 2173 5706 3719 5779">
    <p class='ocr_par' dir='ltr' id='par_1_115' title="bbox 2173 5706 3719 5779">
     <span class='ocr_line' id='line_1_115' title="bbox 2173 5706 3719 5779; baseline 0.006 -18"><span class='ocrx_word' id='word_1_879' title='bbox 2173 5706 2243 5762; x_wconf 90' lang='lat' dir='ltr'><strong>lio</strong></span> <span class='ocrx_word' id='word_1_880' title='bbox 2276 5716 2394 5775; x_wconf 85' lang='lat' dir='ltr'><strong>post</strong></span> <span class='ocrx_word' id='word_1_881' title='bbox 2434 5723 2520 5762; x_wconf 86' lang='lat' dir='ltr'><strong>an.</strong></span> <span class='ocrx_word' id='word_1_882' title='bbox 2550 5709 2676 5774; x_wconf 81' lang='lat'><strong>595,</strong></span> <span class='ocrx_word' id='word_1_883' title='bbox 2706 5724 2825 5765; x_wconf 88' lang='lat' dir='ltr'><strong>cum</strong></span> <span class='ocrx_word' id='word_1_884' title='bbox 2854 5711 2972 5779; x_wconf 88' lang='lat' dir='ltr'><strong>ejus</strong></span> <span class='ocrx_word' id='word_1_885' title='bbox 3018 5712 3165 5766; x_wconf 90' lang='lat' dir='ltr'><strong>urbis</strong></span> <span class='ocrx_word' id='word_1_886' title='bbox 3209 5713 3407 5768; x_wconf 87' lang='lat' dir='ltr'><strong>flumen</strong></span> <span class='ocrx_word' id='word_1_887' title='bbox 3448 5712 3719 5771; x_wconf 67' lang='lat' dir='ltr'><strong>exundans:</strong></span> 
     </span>
    </p>
   </div>
  </div>
