3826 6226
192 235 288 298 177

869 292 872 296 λ
953 247 1401 331 ΒΙ55ΕΠΤΑΊῚΟ
1430 248 1521 314 111,
1551 248 1635 303 DE
1751 250 1902 309 ΖΕΝ.
1940 257 2143 340 AGTIS
2164 262 2250 319 ET
2277 265 2527 329 Clll.TU.

3308 279 3406 333 178

189 353 398 463 Zenone
421 360 946 425 inrocato,coercitus
962 360 1184 415 miriﬁce
1207 359 1475 415 luit.Vide
1510 369 1638 415 tom.
1666 376 1723 418 ιιι
1753 374 1805 430 Α
1831 380 1969 424 nunc
1995 370 2159 441 (quod
2188 377 2440 455 sciamus)
2472 386 2599 440 nihil
2655 400 2903 460 superest
2952 394 3053 449 nisi
3082 392 3239 449 index
3270 434 3284 459 ,
3316 393 3407 463 qui
3487 402 3490 403 '

190 445 353 505 italiae
373 467 536 513 sacrm.
581 467 693 523 pag.
742 452 870 517 284,
898 453 982 507 ubi
1007 454 1362 509 Pistorienses
1384 453 1448 508 ad
1479 454 1735 509 invocan-

187 538 308 593 dum
337 558 395 597 eo
420 544 463 597 iu
488 558 599 598 casu
618 544 671 598 S.
696 543 967 600 Zenonem
987 561 1052 600 ex
1077 546 1274 601 recenti
1293 545 1729 615 etdivnlgato‘vix

190 632 235 684 id
253 636 481 703 temporis
496 636 734 690 miraculo
748 635 965 691 Athesis
979 637 1196 711 excitati
1217 629 1491 692 videnlur.
1503 637 1605 693 Sed
1621 637 1731 691 Pis-

188 725 418 781 toriensis
451 736 633 791 auctor,
661 744 725 783 ex
753 744 859 800 quo
884 729 1183 785 additioncs
1208 731 1258 784 in
1297 730 1598 799 Ughelliunt
1635 747 1728 786 ex-

188 830 619 893 cerpuesunt,cum
638 820 861 892 Ugltellii
882 825 1198 878 sententiam
1217 824 1364 879 nullo
1381 825 1725 881 fundamento

187 918 442 973 subnixam
459 919 705 976 affirmare
723 936 830 975 non
849 921 1107 976 dubitavit
1130 938 1144 986 ;
1167 930 1223 976 ct
1240 916 1360 976 cum
1392 922 1443 977 in
1460 922 1575 991 ejus
1599 930 1723 978 n‘ar-

188 1009 378 1064 ratione
402 1010 613 1081 quaedam
666 1014 1042 1091 reprehendit,
1068 1030 1186 1084 qua:
1232 1015 1318 1071 hic
1360 1017 1564 1072 referre
1591 1016 1723 1071 nihil

189 1099 411 1165 interest,
434 1112 531 1158 tum
555 1119 675 1160 vero
698 1107 969 1177 antiquius
991 1107 1265 1177 aliquanto
1288 1124 1405 1163 eam
1439 1110 1718 1165 ecclesiam

187 1190 373 1247 Zenoiii
400 1192 540 1249 fuisse
566 1211 767 1252 sacram
800 1198 1128 1263 pronuntiat,
1151 1215 1216 1255 ex
1240 1215 1346 1270 quo
1378 1198 1570 1255 factum
1596 1200 1721 1256 sub-

186 1285 301 1339 inde
352 1286 464 1351 fuit,
493 1300 544 1342 ut
573 1288 928 1346 Pistorienses
978 1291 1038 1348 S.
1087 1291 1355 1346 Zenonem
1390 1292 1488 1346 sibi
1542 1304 1722 1363 patro-

188 1363 321 1431 num.
344 1378 639 1448 delegerint,
681 1384 905 1454 ejusque
952 1385 1264 1440 memoriam
1292 1384 1720 1444 duobusdiebus

187 1467 347 1523 adhuc
365 1484 548 1541 quoque
569 1474 764 1540 colant,
792 1475 936 1530 Prid.
956 1475 1048 1552 ιιι.
1074 1477 1303 1546 Aprilis,
1321 1486 1373 1533 et
1403 1478 1715 1533 solemniori

184 1559 315 1640 festo
344 1578 403 1616 Vt.
428 1561 495 1617 ld.
530 1565 853 1633 Decembris,
878 1570 1019 1639 quod
1051 1585 1211 1641 quam
1263 1580 1451 1625 nostro
1476 1572 1715 1627 Antistiti

186 1654 591 1721 perimunt-incum
627 1659 695 1713 sit
735 1676 895 1717 nemo
942 1677 1049 1717 nun
1078 1664 1242 1720 videt.
1294 1663 1554 1734 Equidem
1608 1662 1739 1720 etsi

1834 458 1887 551 in
1920 460 2243 547 bibliotheca
2275 470 2525 531 Vaticana
2551 458 2796 537 servatur
2816 483 2935 540 cod.
2969 485 3130 551 5853,
3155 478 3211 541 et
3238 486 3289 540 in
3322 458 3406 540 i‘n-

1832 549 1951 608 dice
1980 554 2203 614 Deeadis
2246 566 2516 635 secundae,
2546 586 2665 642 pag.
2712 573 2838 641 281,
2874 549 3124 631 habeturi
3178 575 3255 631 De
3281 584 3403 630 tem-

1831 644 1930 712 plis
1956 646 2019 701 D.
2053 648 2376 709 Mercurialis
2421 660 2645 729 episcopi
2692 661 2938 719 Liviensis
2965 675 3013 721 et
3049 665 3265 721 Zenonis
3305 665 3403 721 Ve-

1829 741 2060 795 ronensis
2087 753 2230 800 castra
2252 759 2452 814 portam
2479 750 2817 810 Hadrianum.
2838 756 2892 813 Si
2926 773 3052 815 vero
3072 773 3138 813 ex
3170 757 3249 812 his
3277 773 3404 826 pro-

1828 832 2003 889 babile
2033 836 2103 890 sit
2129 838 2388 896 ecclesiam
2413 859 2627 914 queque
2657 846 2719 903 S.
2746 847 2966 905 Zenonis
3007 853 3059 905 in
3087 850 3318 906 Casarea
3334 852 3403 908 de

1828 927 2017 983 eodem
2050 928 2618 1008 Veronensiepiscopo
2647 951 3001 1010 nunCUpatam
3046 943 3240 1007 fuisse;
3281 958 3401 997 cum

1828 1018 1941 1075 lure
1970 1022 2037 1076 ab
2062 1023 2289 1095 Agnello
2312 1028 2719 1104 archiepiscopo
2744 1036 3087 1091 reconciliata
3134 1038 3394 1104 tradatur,

1826 1114 1920 1166 fuit
1950 1120 2133 1183 procul
2165 1118 2327 1174 dubio
2370 1122 2470 1177 sub
2501 1123 2795 1181 Gothorum
2828 1138 3088 1198 potestate
3109 1169 3124 1195 ,
3156 1145 3219 1185 ac
3263 1130 3402 1184 inter
3432 1111 3449 1130 ⁸

1824 1208 1914 1263 cas
1979 1210 2244 1281 quidem,
2323 1231 2472 1285 quas
2526 1219 2710 1274 Ariani
2778 1220 2937 1277 Gethi
2974 1262 2988 1285 ,
3048 1237 3110 1277 ac
3170 1239 3397 1292 praeser-

1826 1302 1920 1357 tim
1953 1298 2321 1364 ThendOrieus
2349 1309 2644 1366 Gothorum
2671 1314 2873 1382 primus
2903 1315 2952 1368 in
2984 1314 3137 1369 Italia
3157 1332 3250 1372 rex
3273 1316 3403 1371 tedi-

1824 1396 2011 1453 ficasse
2040 1399 2283 1456 traditur.
2315 1402 2495 1470 Itaque
2527 1406 2664 1461 inter
2692 1424 2888 1462 annum
2936 1407 3041 1463 495
3063 1451 3077 1474 ,
3106 1425 3210 1475 quo
3239 1407 3397 1464 Gothi

1824 1490 2130 1547 Ravennam
2154 1496 2327 1564 primo
2354 1509 2716 1568 occuparunt,
2748 1510 2803 1556 et
2828 1516 3023 1555 annum
3046 1501 3171 1565 552,
3199 1516 3303 1571 quo
3332 1501 3399 1557 ab

1820 1597 1883 1638 ea
1906 1585 2038 1638 urbe
2065 1586 2275 1655 penitus
2297 1587 2511 1644 fuerunt
2534 1592 2759 1658 exclusi,
2790 1592 3058 1648 Ravennae
3081 1593 3130 1647 in
3158 1592 3396 1647 Caesarea

1821 1675 1873 1729 iu
1901 1674 1957 1730 S.
1983 1675 2212 1732 Zenonis
2245 1678 2572 1739 Veronensis
2605 1684 2859 1739 honorem
2900 1684 3125 1739 ecclesia
3176 1684 3283 1739 Deo
3319 1682 3399 1737 di-

186 1754 296 1811 post
318 1745 591 1801 miraculum
624 1748 872 1817 Athesis,
902 1753 1044 1823 quod
1074 1754 1261 1809 incidit
1289 1755 1340 1810 in
1379 1771 1467 1811 an.
1502 1757 1628 1821 589,
1654 1756 1712 1812 5.

1822 1776 1937 1821 cata
1971 1768 2093 1832 fuit;
2120 1779 2175 1824 et
2202 1770 2339 1826 forte
2364 1772 2702 1830 Theoderico
2734 1774 2832 1843 ipsi
2859 1817 2872 1840 ,
2917 1776 3005 1845 qui
3051 1775 3275 1830 Veronae
3299 1774 3399 1828 ali-

187 1835 393 1891 Zenonis
410 1839 587 1894 cultum
614 1843 781 1912 magis
813 1846 981 1899 multo
1029 1858 1332 1918 promotum
1380 1849 1543 1906 fuisse
1584 1850 1717 1906 nihil
1756 1835 1773 1841 ’

188 1927 251 1981 sit
276 1929 647 1999 ambigendum:
682 1943 859 1990 tamen
890 1947 1016 1992 ante
1043 1938 1093 1992 id
1121 1956 1333 2011 quoque
1355 1950 1567 2014 tempus
1600 1958 1716 1999 men

189 2022 514 2091 moriamejus
531 2026 836 2098 cultumque
879 2039 1033 2086 extra
1060 2032 1324 2089 Veronam
1369 2036 1478 2092 late
1532 2052 1719 2106 perva-

188 2114 309 2169 sisse
337 2114 450 2170 illud
478 2116 795 2176 demonstrat
834 2122 977 2192 quod
1007 2124 1168 2180 tradit
1214 2126 1467 2197 Agnellus
1495 2128 1546 2182 in
1583 2112 1717 2187 Pon—

190 2203 351 2259 tilicali
370 2205 649 2266 Ravennate
666 2210 813 2266 edito
841 2214 1068 2283 primum
1110 2231 1140 2271 a
1166 2216 1225 2271 P.
1258 2216 1551 2276 Baccbinio
1574 2263 1589 2289 ,
1620 2238 1718 2277 nu-

189 2310 272 2363 per
287 2306 444 2352 autem
463 2298 649 2354 inserto
686 2304 882 2357 lterum
914 2303 1218 2362 Italicarum
1266 2318 1411 2365 tumo
1456 2313 1713 2368 secundo.

187 2387 255 2442 Ne
279 2391 389 2458 quid
416 2393 744 2451 dubitationis
777 2393 1081 2468 ingeratur,
1127 2417 1213 2456 res
1260 2404 1327 2459 ab
1352 2404 1506 2460 initio
1554 2422 1713 2476 repe-

190 2485 327 2540 tenda
359 2497 447 2543 est.
481 2488 630 2545 Gothi
660 2533 672 2553 ,
703 2491 917 2547 Arianae
962 2504 1126 2550 secta:
1172 2496 1420 2554 homines
1455 2541 1468 2565 ,
1500 2499 1716 2556 Raven-

190 2594 295 2632 nam
320 2594 673 2650 occupaverant
700 2601 789 2640 an.
822 2587 946 2644 495.
982 2588 1131 2645 Licet
1169 2600 1347 2649 autem
1379 2608 1495 2647 eam
1529 2597 1713 2650 urbem

188 2685 266 2723 an.
310 2672 400 2727 5ιο
423 2675 691 2733 Belisarius
720 2682 1149 2749 recuperaverit,
1199 2692 1377 2740 tamen
1409 2686 1567 2755 paulo
1596 2696 1717 2757 post

189 2762 233 2815 in
259 2761 516 2822 Gothorum
563 2779 881 2839 potestatem
911 2762 1069 2827 rediit
1094 2816 1110 2840 ,
1154 2776 1256 2831 sub
1292 2792 1586 2850 eorumque
1621 2781 1717 2841 ,di-

188 2854 314 2911 tione
338 2863 465 2916 stetit
490 2877 655 2932 usque
679 2867 744 2919 atl
780 2884 868 2920 an.
901 2866 1029 2922 552.
1058 2868 1215 2925 Anno
1242 2872 1489 2943 sequenti
1518 2872 1716 2942 Agnel-

189 2946 275 3014 lus,
300 2952 698 3013 catholicaa,lidei
726 2958 972 3022 antistes,
1000 2960 1051 3014 in
1080 2961 1195 3031 ejus
1220 2963 1368 3017 urbis
1399 2965 1713 3020 cathedram

187 3041 421 3106 ascendit.
468 3048 620 3117 eique
659 3048 999 3106 Justiniattus
1038 3055 1329 3121 imperator
1356 3058 1603 3128 quidquid
1645 3058 1713 3111 ad

1819 1861 2071 1931 quamdiu
2102 1864 2361 1934 regnavit,
2392 1874 2445 1921 et
2483 1868 2599 1936 ipso
2637 1880 2777 1923 anno
2804 1869 2908 1923 495
2939 1868 3246 1925 Ravennam
3289 1882 3400 1924 coe-

1822 1951 1918 2023 pit,
1946 1969 2007 2010 ea
2031 1954 2313 2011 aedificatio
2354 1958 2633 2014 referenda
2665 1970 2766 2015 est.
2801 1960 2986 2029 Neque
3016 1975 3399 2031 opponas.cre-

1819 2044 1980 2101 dibile
1998 2062 2099 2101 non
2130 2047 2296 2108 videri
2322 2048 2578 2105 Arianum
2604 2066 2783 2122 regem
2804 2051 3096 2109 aediﬁcasse
3113 2053 3392 2108 ecclesiam

1822 2139 1937 2208 ejus
1969 2141 2184 2196 nomine
2217 2185 2230 2206 ,
2277 2143 2365 2212 qui
2400 2142 2628 2197 Arianos
2658 2144 3058 2215 impugnaverat
3103 2145 3395 2209 acerrime;

1821 2246 1942 2285 nam
1960 2241 2012 2287 et
2034 2232 2090 2288 5.
2115 2231 2339 2288 Martino
2363 2234 2681 2290 Arianorum
2707 2236 2831 2292 item
2880 2238 3232 2307 impugnatori
3258 2251 3393 2305 pra:-

1820 2325 2149 2379 stantissimo
2171 2325 2398 2382 ecclesia
2420 2326 2703 2383 abeodem'
2726 2343 2850 2399 rege
2891 2328 3158 2385 Ravennae
3180 2339 3394 2385 exstru-

1820 2427 1928 2485 cta,
1958 2428 2009 2474 et
2038 2419 2105 2495 ab
2142 2420 2368 2489 Aguello
2416 2420 2661 2477 similiter
2709 2422 3054 2478 reconciliata
3082 2423 3272 2480 eodem
3304 2438 3394 2478 ca-

1822 2509 1983 2580 pite2
2026 2511 2271 2565 traditur.
2305 2511 2486 2582 Itaque
2529 2522 2742 2568 centum
2797 2528 2964 2569 annos
2996 2524 3048 2569 et
3099 2516 3254 2584 paulo
3279 2530 3394 2570 am-

1823 2603 1959 2673 plius
1988 2614 2108 2675 post
2134 2603 2191 2675 S.
2221 2605 2452 2660 Zenonis
2470 2616 2720 2674 mortetn,
2745 2617 2799 2663 et
2825 2619 2948 2663 ante
2972 2608 3145 2675 ipsum
3176 2607 3395 2663 Athesis

1821 2684 2153 2762 miraculum,
2178 2696 2346 2766 ipsius
2374 2696 2430 2753 S.
2478 2697 2708 2752 Zenonis
2736 2700 2909 2753 cultus
2951 2708 3100 2755 extra
3124 2698 3390 2755 Veronam

1819 2788 1927 2844 late
1954 2801 2278 2860 propagatus
2299 2799 2412 2845 est:
2443 2792 2581 2859 quod
2615 2807 2734 2846 cum
2758 2792 2956 2870 nemini
2994 2793 3217 2848 aliorum
3246 2792 3390 2848 Con-
3438 2798 3441 2800 ’

1818 2881 2077 2937 fossorum
2100 2884 2383 2953 contigerit
2403 2894 2594 2953 prieter
2614 2886 2670 2940 S.
2695 2886 2971 2941 Martinum
2995 2885 3382 2952 Turonensem,

1817 2977 1968 3047 cujus
2002 2980 2200 3033 cultum
2236 2973 2402 3034 Vitam
2431 2979 2546 3050 ejus
2576 2997 2603 3031 a
2634 2979 2868 3051 Sulpicio
2898 2982 3148 3050 scriptam
3179 2996 3390 3048 promo-

1820 3069 1957 3131 visse
1988 3069 2271 3140 plurimum
2300 3070 2559 3127 credibile
2587 3080 2668 3125 est
2709 3072 2873 3143 (unde
2899 3072 3099 3126 nemini
3137 3072 3225 3126 alii
3254 3086 3383 3126 eon-

187 3134 626 3235 ‘,°'""‘,G°“'°'“°‘
649 3141 762 3211 iu"
795 3144 871 3197 υεί
898 3144 1049 3198 mm"
1076 3150 1328 3216 l’eﬂlnere
1354 3152 1516 3219 Ροιηὶι
1538 3192 1553 3217 υ
1587 3166 1708 3205 εοη-
1733 3152 1777 3213 C
1812 3157 2001 3235 fessori
2026 3199 2041 3224 ,
2092 3160 2187 3215 sed
2227 3160 2355 3214 solis
2411 3152 2737 3233 martyribus
2787 3163 3021 3233 reliquiae
3068 3162 3388 3218 Ravennatis

186 3221 355 3278 donavit
383 3238 423 3280 et
466 3232 729 3286 concessit.
792 3234 1056 3291 Reccnset
1095 3252 1272 3294 autem
1322 3240 1461 3297 inter
1517 3253 1711 3298 caetera

185 3328 283 3367 ora:
306 3327 347 3369 et
361 3321 551 3389 templa.
584 3322 719 3378 Tum
747 3340 877 3381 vero
908 3328 1021 3383 haec
1045 3328 1331 3385 historicus
1349 3323 1564 3403 subjicit
1589 3351 1709 3403 cap.

185 3404 228 3467 2.
256 3423 353 3480 pag.
376 3415 496 3470 113:
538 3415 709 3488 Igitur
756 3420 849 3475 iste
875 3421 1190 3478 beatissimus
1237 3442 1409 3481 omnes
1430 3426 1711 3482 Gothorum

187 3500 376 3558 ecclesias
402 3510 739 3563 reconciliavit
761 3554 774 3571 ,
797 3527 911 3582 qua:
943 3513 1225 3569 Gothorum
1266 3520 1573 3587 temporibus
1598 3562 1610 3582 ,
1634 3520 1712 3574 vel

186 3588 313 3660 Regis
339 3594 618 3654 Theoderici
664 3613 969 3658 constructa:
1014 3619 1149 3664 sunt.
1203 3608 1374 3665 Porro
1420 3610 1580 3666 hasce
1622 3627 1712 3667 ec-

185 3682 340 3741 clesias
373 3700 473 3744 tum
516 3693 750 3748 urbanas
779 3737 794 3761 ,
852 3706 959 3751 tum
1007 3702 1303 3755 rusticanos
1351 3689 1708 3770 enumerans,

184 3788 382 3834 recenset
405 3781 535 3838 inter
552 3796 779 3840 caeteras
799 3788 1079 3843 ecclesiam
1112 3790 1255 3845 Beati
1276 3792 1499 3848 Zenonis
1526 3796 1578 3848 in
1601 3794 1711 3849 Ca:-

183 3882 316 3922 turea.
345 3873 477 3928 llanc
503 3877 747 3931 eamdem
793 3894 926 3934 esse
952 3896 1015 3934 ac
1042 3884 1184 3936 illam
1209 3927 1222 3949 ,
1254 3901 1412 3955 quam
1464 3887 1710 3943 Urbanus

184 3956 253 4027 IV,
279 3963 322 4016 in
341 3964 471 4021 Bulla
506 3984 593 4023 an.
625 3969 766 4024 1262
814 3973 878 4025 ad
908 3973 1208 4028 Catmnieos
1247 3960 1562 4033 Cardinales
1604 3979 1708 4033 fla-

183 4064 335 4109 renna:
359 4060 489 4127 apud
517 4061 756 4140 Ruheum
792 4062 885 4117 lib.
924 4081 969 4118 Vl
1005 4065 1136 4119 Hist.
1173 4066 1399 4135 Raven.,
1431 4085 1547 4140 pag.
1576 4071 1705 4137 458,

182 4142 283 4197 edit.
307 4146 353 4213 2,
380 4139 633 4206 ecclesiam
661 4153 722 4209 S.
754 4153 974 4210 Zenonis
1016 4159 1083 4211 ad
1112 4156 1335 4214 Puteum
1366 4139 1540 4227 vocat,
1576 4162 1705 4217 illud

183 4234 339 4294 indicio
365 4245 440 4297 est
462 4285 478 4309 ,
504 4246 644 4315 quod
677 4248 866 4302 eodem
913 4250 963 4303 in
997 4250 1144 4319 loco,
1179 4253 1263 4306 ubi
1322 4252 1447 4307 olim
1501 4255 1706 4308 exstitit

181 4327 378 4388 Casarea
401 4376 414 4394 .
446 4338 522 4391 via
553 4338 728 4395 adhuc
773 4342 868 4406 sit;
893 4358 1009 4411 qua:
1046 4326 1319 4397 Puteornm
1376 4346 1700 4400 nominatur.

182 4417 310 4478 Porro
332 4425 364 4481 S
407 4427 672 4484 Zenonem
697 4475 711 4495 ,
743 4435 829 4487 cui
861 4439 974 4491 hate
997 4438 1226 4492 ecclesia
1257 4449 1557 4509 nuncupata
1584 4440 1700 4504 fuit,

1816 3252 2057 3308 ecclesia:
2076 3268 2241 3308 sacra:
2259 3254 2561 3327 traduntur)
2574 3298 2588 3321 ,
2598 3256 2707 3326 jam
2723 3256 2779 3313 S.
2797 3257 3083 3321 Zenonem,
3102 3258 3144 3311 si
3164 3272 3389 3328 praeser-

1818 3346 1910 3400 tim
1935 3346 2211 3402 confessor
2242 3349 2397 3403 unice
2428 3349 2525 3403 fuit
2552 3391 2566 3417 ,
2618 3351 2783 3405 multo
2816 3366 2907 3421 per
2956 3366 3076 3407 sese
3118 3351 3384 3406 celebrem

1815 3452 2141 3509 cognoscere
2163 3440 2309 3506 licet,
2337 3442 2425 3510 qui
2456 3442 2520 3495 ad
2548 3442 2776 3498 similem
2804 3444 3000 3497 cultum
3037 3444 3296 3512 pervenit,
3331 3453 3387 3498 ut

1815 3548 1881 3587 ne
1902 3533 2013 3587 ulla
2044 3534 2172 3587 Vitae
2201 3534 2663 3589 commendatione
2704 3535 3102 3605 proveheretur.
3148 3534 3264 3602 Quo
3302 3550 3386 3589 re-

1813 3626 2052 3694 Spiscere
2095 3626 2341 3680 videntur
2370 3625 2457 3679 illa
2487 3626 2726 3681 Ratherii
2774 3627 2825 3681 in
2859 3626 3261 3696 Proloquiorum
3290 3626 3383 3682 lib.

1816 3730 1870 3783 v,
1902 3733 2022 3787 pag.
2051 3717 2175 3783 530,
2205 3727 2333 3771 tom.
2364 3732 2439 3784 nt,
2470 3718 2669 3773 noviss.
2694 3718 2916 3773 Collect.
2948 3727 3053 3771 vet.
3087 3716 3282 3786 Script.
3316 3717 3374 3773 P.

1814 3809 2071 3875 Martene,
2099 3810 2290 3879 quibus
2312 3810 2595 3865 nonnullos
2641 3811 2917 3880 loquentes
2944 3808 3201 3863 inducens
3226 3849 3242 3876 ,
3288 3809 3382 3880 qui
3427 3850 3430 3855 .

1815 3901 2066 3957 Sanctum
2097 3902 2324 3971 aliquem
2377 3902 2781 3956 celeberrimum
2819 3902 3095 3955 nominare
3144 3901 3380 3970 vellent,

1815 3992 1869 4048 S.
1903 3992 2167 4046 Zenonem
2198 3991 2340 4047 ae'S.
2366 3992 2645 4045 Martinam
2689 4006 2998 4060 nuncupare
3037 3991 3224 4045 solitos
3258 4008 3380 4061 pro-

1812 4084 1909 4149 dit,
1951 4099 2012 4137 δε
2035 4084 2079 4136 si
2097 4082 2284 4151 :equali
2316 4082 2630 4137 celebritate
2662 4083 2713 4136 in
2741 4098 2837 4138 ore
2862 4082 2999 4153 vulgi
3026 4084 3237 4153 utrique
3261 4099 3381 4139 ver-

1810 4185 2077 4230 sarentur.
2113 4173 2213 4228 llic
2242 4187 2313 4227 est
2338 4216 2351 4238 ,
2385 4176 2549 4228 dicent
2574 4215 2588 4239 ,
2616 4174 2843 4229 novellus
2886 4175 3165 4245 propheta,
3210 4191 3381 4230 recens

1809 4267 2093 4336 apostolus,
2121 4266 2284 4320 subito
2305 4267 2516 4336 angelus
2554 4265 2779 4332 effectus.
2813 4265 2920 4321 Iste
2959 4277 3163 4321 sanctus
3193 4266 3378 4321 Marti-

1810 4377 1923 4423 nus,
1962 4358 2099 4413 Zeno
2127 4370 2198 4412 est
2224 4360 2319 4412 iste
2356 4367 2583 4422 sanctus,
2616 4359 2764 4413 modo
2791 4360 2854 4413 de
2879 4359 3016 4415 caelis
3054 4347 3287 4414 emissus.

1876 4450 1980 4507 Sed
2015 4466 2043 4503 a
2089 4449 2398 4505 Ravennate
2448 4451 2577 4505 urbe
2626 4452 2734 4505 alio
2782 4462 3146 4515 transeamus;
3199 4450 3378 4521 plures

180 4528 270 4612 esse
290 4516 338 4573 S.
360 4520 617 4578 Zenonem
646 4526 956 4597 epise0pum
988 4528 1350 4587 Veronensem
1378 4572 1391 4595 .
1423 4532 1522 4585 etsi
1556 4531 1700 4584 nulla
1726 4536 1778 4594 D
1804 4544 1946 4597 enim
1970 4542 2215 4597 ecclesia:
2242 4544 2299 4597 S.
2327 4542 2526 4598 Zenoni
2558 4543 2682 4597 alibi
2721 4558 2889 4598 saera:
2935 4542 3180 4612 leguntur
3203 4582 3218 4605 ,
3247 4556 3378 4611 qua-

178 4602 443 4667 documenta
469 4615 723 4671 hactenus
755 4620 909 4673 nobis
930 4623 1144 4691 cognita
1163 4612 1438 4692 explorate
1466 4621 1696 4686 tradant,

178 4696 381 4771 colligere
402 4708 728 4764 tamen‘licet
754 4726 818 4766 ex
863 4726 928 4766 eo
953 4713 1094 4783 quod
1140 4723 1349 4769 veteres
1378 4713 1498 4767 alia:
1526 4712 1700 4766 cccle-

178 4788 263 4854 βίω.
287 4811 390 4863 quae
410 4800 526 4854 alibi
557 4817 651 4871 per
693 4803 944 4858 finitimas
975 4804 1137 4859 ltalim
1178 4807 1480 4874 provincias
1527 4805 1593 4860 de
1637 4804 1695 4860 S.

179 4874 357 4940 Zenonis
385 4892 594 4947 nomine
614 4894 969 4962 appellantur,
1002 4911 1187 4964 omnes
1221 4913 1323 4952 non
1350 4899 1510 4952 alium
1537 4912 1697 4966 quam

184 4968 487 5037 Veronensetn
519 4987 829 5057 episcopum
860 4997 1144 5058 patronum
1176 4999 1468 5060 agnoscant
1489 5031 1503 5057 ,
1536 5000 1591 5044 ut
1633 5006 1700 5046 ex

180 5060 369 5125 dicendis
395 5078 622 5144 patebit:
661 5094 724 5133 ac
757 5090 1013 5148 prieterea
1065 5083 1114 5135 in
1152 5084 1337 5137 eadem
1391 5082 1700 5138 Ravennate

179 5154 347 5218 dimcesi
371 5168 467 5221 alia
491 5182 639 5226 extra
671 5172 990 5227 lladrianain
1026 5185 1234 5243 portam
1268 5175 1323 5231 S.
1352 5176 1581 5232 Zenonis
1607 5191 1695 5231 ec-

181 5248 297 5308 t‘lcsia
323 5261 511 5345 astitit
544 5305 557 5327 ,
589 5280 754 5334 quam
794 5265 1043 5319 eumdem
1098 5277 1337 5321 nostrum
1390 5268 1697 5338 episeopum

182 5357 408 5408 l‘llronum
430 5355 679 5413 habuisse
720 5358 805 5411 Jo.
847 5358 1101 5413 Ferretus
1132 5361 1433 5425 Ravennas,
1472 5362 1702 5417 Lavelli-

182 5444 331 5503 natium
353 5452 651 5522 episcOpus,
684 5452 888 5505 diserte
919 5463 1165 5507 teSIatur.
1206 5457 1252 5509 ls
1283 5458 1449 5519 enim,
1482 5461 1570 5525 qui
1600 5460 1701 5514 sub

182 5536 360 5596 medium
383 5560 468 5598 xvi
493 5545 750 5599 stecnlum
770 5558 799 5595 e
820 5543 956 5595 vivis
982 5548 1233 5608 exevssit,
1266 5545 1493 5601 decades
1524 5549 1699 5603 Histo-

183 5625 563 5688 ria-Ravennatis
583 5636 652 5689 ab
672 5633 915 5703 Ughellio
933 5634 1116 5698 lcetas,
1142 5644 1195 5689 et
1222 5649 1543 5690 memoratas
1566 5648 1694 5693 tom.

185 5713 249 5777 "li
272 5726 376 5792 pag.
414 5712 533 5785 ⁸148,
578 5720 629 5775 In
662 5718 878 5779 schedia
907 5722 1139 5789 reliquit.
1184 5738 1250 5779 ea
1280 5720 1699 5789 quibutlonwl

1807 4650 1922 4689 rum
1956 4635 2102 4688 initia
2132 4633 2231 4688 etsi
2263 4651 2367 4689 non
2412 4634 2631 4704 perinde
2650 4643 2897 4688 conStant
2922 4675 2936 4699 ,
2968 4645 3021 4686 ut
3070 4632 3138 4687 de
3170 4631 3376 4685 Raven-

1806 4735 1931 4781 nate
1959 4727 2263 4786 statuimus.
2292 4736 2469 4781 tamen
2502 4741 2620 4781 cum
2665 4710 2731 4779 ab
2755 4722 3155 4779 immemorabili
3182 4723 3375 4792 plerae-

1806 4833 1909 4887 que
1935 4819 2164 4873 conditae
2192 4818 2407 4877 fuerint.
2436 4817 2566 4871 satis
2586 4818 2842 4872 credibile
2859 4826 2943 4872 est
2969 4815 3033 4869 ad
3055 4814 3189 4869 idem
3213 4814 3379 4867 ferme

1808 4918 2020 4979 tempus
2045 4910 2299 4978 quasdam
2327 4911 2519 4965 saltem
2554 4910 2875 4980 pertingere.
2906 4908 3136 4963 Cessenaa
3165 4905 3378 4974 quidem

1805 5004 2187 5059 monasterium
2220 5005 2316 5061 SS.
2341 5005 2611 5060 Laurentii
2637 5014 2690 5060 et
2727 5004 2957 5059 Zenonis
3002 5003 3307 5056 nominatur
3345 5015 3377 5054 a

1804 5094 1860 5149 S.
1894 5094 2155 5164 Gregorio
2182 5138 2196 5163 ,
2229 5111 2291 5151 ac
2316 5103 2441 5151 ante
2470 5112 2537 5151 ru
2584 5095 2809 5166 proinde
2850 5092 3099 5148 saeculum
3145 5090 3377 5145 aediﬁca-

1806 5196 1913 5240 tum
1956 5188 2123 5243 fuisse
2167 5187 2424 5242 discimus
2464 5204 2545 5259 ex
2601 5187 2754 5256 epist.
2787 5186 2820 5240 6
2875 5184 2963 5238 lib.
3006 5199 3091 5237 xrv
3137 5182 3376 5251 ejusdem

1808 5276 2052 5347 Gregorii
2077 5295 2167 5334 an.
2193 5278 2321 5344 θοι,
2352 5280 2415 5333 ad
2446 5279 2792 5333 Mariniauunt
2824 5277 3128 5347 episeopum
3168 5273 3376 5328 Raven-

1809 5378 1986 5422 uatem
2032 5372 2322 5439 perscripta
2354 5412 2369 5434 ,
2412 5371 2496 5424 ubi
2540 5352 2652 5425 haec
2709 5368 2971 5423 habentur
3001 5408 3014 5431 ,
3062 5382 3178 5437 pag.
3246 5364 3382 5420 1264

1808 5468 1938 5513 toni.
1989 5477 2022 5514 ιι
2070 5462 2200 5515 edit.
2256 5462 2562 5515 novissima:
2612 5482 2623 5515 .
2677 5460 2990 5515 Fortunatus
3044 5460 3208 5525 itaque
3248 5458 3379 5510 lator

1806 5553 2147 5619 prmenlium,
2176 5552 2227 5603 in
2258 5554 2557 5604 monasterio
2585 5552 2891 5607 Sanctorum
2922 5550 3181 5603 Laurentii
3209 5558 3257 5602 et
3277 5547 3376 5600 Ze-

1805 5644 1953 5694 nonis
1976 5678 1990 5705 ,
2021 5640 2155 5707 quod
2183 5644 2231 5692 in
2256 5639 2499 5693 Cwseuati
2530 5653 2694 5693 castro
2723 5653 2795 5695 est
2823 5643 3168 5706 constitutum,
3200 5656 3230 5690 a
3263 5638 3378 5691 Nar»

1809 5726 1898 5783 tuli
1933 5724 2185 5787 attonitam
2241 5732 2474 5798 cpiscona
2524 5729 2740 5790 oﬁicium
2784 5724 2877 5783 tibi
2916 5726 3117 5781 Abbntlt
3158 5735 3384 5783 altera“
