3820 6220
450 311 550 366 179

1838 271 2361 356 ΡηοιεῦοΜΕΝΑ.

3620 297 3721 348 180

451 442 554 479 esse
583 425 919 486 commissum,
951 429 1053 476 etc.
1105 421 1248 475 idem
1277 420 1386 473 boc‘
1401 415 1496 474 SS.
1531 414 1802 471 Laurentii
1831 428 1880 471 et
1921 415 2020 470 Ze—
2045 410 2098 476 Α
2126 411 2264 465 llist.
2291 414 2659 483 manuscripta,
2688 411 3140 486 Langobardorum
3181 414 3408 479 tempore
3437 409 3720 472 exstitisse,-

453 519 606 574 nonis
658 516 1036 571 monasterium
1088 522 1437 570 memoratum
1492 513 1692 582 pariter
1736 511 1923 580 legitur
1969 509 2021 562 in

453 607 768 678 quibusdam
816 606 1145 659 documentis
1177 604 1374 658 saeculo
1400 602 1472 670 ii,
1505 610 1560 657 et
1597 602 1849 670 deinceps
1894 599 2027 656 scri-

457 699 563 768 ptis
586 698 720 766 apud
750 696 1043 767 Ughellium
1075 699 1125 749 in
1153 684 1815 763 EpiscopisCaésenatibtis
1838 700 1965 744 tom.
1989 705 2022 744 ιι

457 791 621 845 italia:
675 805 856 844 sacrae.
907 788 1057 843 Hunc
1102 803 1261 858 porro
1307 785 1365 840 S.
1426 784 1721 849 Zenonem,
1773 782 2026 853 quicum

453 880 510 937 S.
528 880 812 936 Laurentio
838 879 1187 934 celeberrimo
1216 885 1448 946 martyre
1469 874 1746 944 copulatur
1773 871 1936 944 (quod
1961 872 2026 925 ad

454 975 570 1046 ejus
597 975 959 1031 celebritatem
992 969 1464 1028 demonstrandam
1491 969 1774 1040 plurimum
1796 956 2026 1035 confert)

467 1082 572 1122 non
624 1067 782 1120 alium
813 1065 976 1120 fuisse
1003 1078 1160 1133 quam
1203 1063 1473 1117 Zenonem
1523 1059 1879 1113 Veronensem
1911 1057 2036 1125 Epi-

463 1173 685 1227 sc0pum
737 1173 844 1210 non
871 1157 1042 1211 solum
1088 1169 1149 1208 ea
1189 1153 1328 1208 ratio
1353 1149 1544 1205 suadet
1566 1191 1580 1217 ,
1611 1164 1768 1218 quam
1799 1164 1892 1216 pro
1923 1146 2030 1200 Ra-
2060 1207 2064 1211 ,

455 1260 682 1303 vennate
707 1249 930 1304 ecclesia
957 1247 1016 1302 S.
1049 1245 1284 1300 Zenonis
1332 1245 1385 1297 in
1415 1244 1660 1297 Caesarea
1687 1240 2032 1310 ailegavimus

456 1344 617 1413 paulo
646 1351 800 1407 ante;
831 1341 923 1395 sed
954 1350 1208 1410 ιιι-πίεται
1243 1338 1483 1392 Οωεειιω
1510 1348 1652 1388 nunc
1680 1347 1890 1403 quoque
1942 1345 2036 1385 ex—

460 1444 569 1491 stat
589 1420 813 1489 ecclesia
835 1431 1155 1501 parucliiaiis
1178 1439 1364 1484 nostro
1385 1427 1583 1482 Sancto
1607 1432 1929 1493 nuncupata,
1946 1437 2038 1477 cu-

455 1527 540 1595 jus
573 1520 1269 1580 Bernardiuus‘Manzonius
1309 1517 1553 1572 meminit
1582 1516 1636 1570 in
1681 1512 2038 1583 Ciironoiogia

460 1618 699 1672 Carsena:
730 1629 848 1684 pag.
883 1613 972 1679 62,
998 1621 1120 1680 qua:
1155 1626 1276 1664 cum
1303 1609 1428 1664 olim
1461 1607 1842 1663 monasterium
1876 1605 2040 1660 fuisse

465 1708 716 1762 tradatur
739 1705 790 1759 in
821 1705 1022 1772 aliquot
1053 1700 1412 1756 monumentis
1432 1697 1829 1762 'Ctescnatibus,
1853 1695 2040 1751 eadem

2125 503 2261 572 quod
2288 508 2571 574 frequenter
2597 505 2770 559 devote
2792 504 3021 556 adibant.
3066 503 3246 557 Monet
3273 517 3432 572 porro
3463 500 3612 555 hanc
3639 514 3729 553 ec-

2127 598 2349 651 clesiam
2385 597 2514 650 olim
2556 601 2917 666 nuncupatam
2950 596 3104 649 titulo
3145 603 3454 648 sanctorum
3485 594 3728 646 Zenonis

2128 698 2183 743 et
2212 687 2444 752 Vitalis;
2483 704 2620 742 nunc
2645 702 2760 741 vero
2791 687 3031 756 temporis
3063 686 3252 755 inquit,
3285 686 3347 739 de
3393 684 3452 739 S.
3495 684 3727 738 Zenonis

2129 778 2394 833 dumtaxat
2420 780 2621 833 nomine
2642 778 2952 850 appellatur.
2994 766 3190 830 Probat
3219 776 3429 830 tandem
3461 775 3530 829 ibi
3556 775 3728 827 fuisse

2130 872 2340 942 insigne
2364 871 2758 925 Canonicorum
2778 870 3090 940 collegium,
3119 867 3204 923 cui
3226 869 3550 938 Prapositus
3581 882 3723 936 pne—

2130 963 2368 1030 sidebat,
2399 971 2453 1018 et
2481 965 2694 1017 chartas
2721 963 2915 1033 allegat
2946 962 3122 1017 saeculi
3146 978 3181 1016 ι
3205 1003 3217 1025 .
3262 959 3529 1030 inquibus
3560 959 3728 1027 hujus

2130 1053 2371 1118 ecclesiae
2417 1054 2621 1109 mentio
2664 1062 2766 1108 est.
2800 1053 2858 1107 in
2897 1054 3119 1110 dioecesi
3160 1068 3320 1122 porro
3360 1052 3643 1106 Ticinensi
3678 1054 3728 1104 in

2133 1145 2274 1211 loco,
2306 1147 2394 1215 qui
2421 1145 2750 1216 Lardiragus’
2789 1154 3033 1212 vocatur,
3077 1153 3250 1200 exstat
3278 1143 3456 1197 adhuc
3479 1143 3722 1198 ecclesia

2135 1235 2194 1290 S.
2228 1235 2460 1291 Zenonis
2483 1279 2497 1304 ,
2527 1238 2680 1306 cujus
2708 1236 2903 1292 festum
2933 1236 3020 1292 die
3048 1235 3081 1290 8
3131 1236 3438 1291 Decembris
3471 1235 3727 1290 celebra-

2139 1338 2242 1382 tur.

2208 1422 2617 1481 Mediolanensis
2658 1425 2900 1482 ecclesia:
2940 1425 3140 1480 cultum
3170 1432 3226 1480 ut
3265 1435 3633 1495 exponamus,
3660 1427 3726 1478 ab

2141 1515 2382 1570 ecclesiis
2415 1521 2496 1570 est
2523 1516 2933 1572 exordiendum.
2967 1517 3042 1572 Es
3073 1517 3452 1573 Mediulauensi
3479 1518 3730 1572 archivio

2141 1606 2244 1660 I’P.
2290 1605 2724 1663 Cisterciensium
2774 1609 2832 1662 S.
2879 1608 3146 1663 Ambrosii
3187 1608 3429 1664 marciiio
3483 1607 3731 1664 Mam-ius

2145 1704 2326 1751 noster
2370 1698 2425 1751 in
2454 1697 2679 1752 Verona:
2709 1699 2985 1752 illustratus
3013 1704 3160 1768 parte
3188 1716 3200 1753 ι
3225 1741 3239 1766 ,
3272 1699 3380 1755 duo
3420 1701 3725 1755 documen-

461 1801 553 1856 illa
589 1799 830 1868 profecto
855 1795 955 1856 est.
988 1809 1050 1849 ac
1083 1794 1177 1848 illa
1224 1790 1424 1862 quis.
1449 1789 1692 1859 Gregorii
1743 1779 1855 1842 tero
1893 1786 2035 1863 ccle-
2066 1796 2112 1860 Β
2141 1800 2189 1844 ta
2218 1805 2268 1844 tv
2297 1797 2352 1844 et
2379 1805 2409 1843 ν
2437 1785 2622 1857 edidit,
2647 1806 2870 1860 quorum
2895 1792 3122 1844 alterum
3147 1790 3360 1845 Aistuiti
3400 1790 3722 1861 Longobar-

462 1892 593 1953 bris,
622 1889 687 1942 de
713 1887 810 1941 SS.
845 1883 1116 1943 Laurentii
1146 1897 1208 1936 ac
1241 1880 1471 1936 Zenonis
1511 1878 1813 1933 nominibus
1840 1876 2039 1946 appel—

465 1980 694 2042 labatur.
748 1976 866 2030 Alia
895 1977 1016 2029 item
1073 1983 1187 2028 erat
1230 1972 1456 2028 ecclesia
1506 1969 1562 2026 S.
1607 1969 1839 2025 Zenonis
1885 1978 2039 2024 extra

465 2085 672 2147 portam
726 2089 846 2144 quae
889 2072 1138 2127 Cet-viam
1169 2071 1346 2136 ducit,
1394 2070 1700 2124 memorata:
1747 2067 2040 2139 parocliiali

467 2168 746 2236 subjecta;
781 2179 896 2233 qua:
949 2163 1173 2218 subinde
1205 2163 1355 2217 titulo
1384 2162 1718 2217 Visitationis
1750 2161 1809 2214 Β.
1860 2160 2040 2214 Maria:

467 2257 710 2325 Virginis
751 2265 1050 2323 nuncupata
1080 2253 1198 2308 fuit.
1228 2253 1362 2308 Tres
1405 2254 1456 2308 in
1485 2253 1693 2308 laudata
1745 2252 2038 2322 parocltiaii

470 2349 592 2405 festi
622 2348 680 2403 S.
714 2347 944 2402 Zenonis
964 2347 1080 2402 dies
1108 2361 1248 2401 nunc
1275 2353 1483 2416 qtioquc
1517 2347 1878 2414 celebrantur,
1910 2362 2041 2415 quo-

466 2457 586 2496 rum
637 2447 810 2494 tamen
856 2440 1152 2508 praecipuus
1199 2447 1351 2492 sexto
1389 2436 1466 2492 id.
1519 2439 1826 2492 Decembris
1880 2452 2034 2508 pera-

473 2535 632 2603 gitur.

545 2624 678 2678 Pisis
697 2623 1158 2694 epulentissimum
1178 2624 1560 2678 monasterium
1574 2623 1701 2678 olim
1715 2608 2045 2679 fuisse-acce-

473 2719 683 2786 pimus,
712 2716 852 2785 quod
880 2716 936 2770 S.
963 2715 1196 2772 Zenonis
1220 2716 1372 2770 titulo
1393 2703 1622 2770 donatur
1645 2717 1695 2769 in
1723 2715 2046 2771 documento

477 2808 659 2862 saculi
684 2824 758 2870 ιι,
789 2818 917 2861 tom.
947 2823 1003 2862 ιιι
1058 2808 1282 2877 Ugheilii
1305 2849 1320 2871 ,
1356 2822 1476 2875 pag.
1510 2807 1637 2861 564.
1674 2806 1838 2876 Hujus
1867 2817 2045 2860 alitem

480 2902 786 2956 monaSIerii
815 2902 1036 2955 ecclesia
1060 2897 1285 2970 [cum]
1306 2898 1534 2952 subinde
1554 2898 1606 2951 in
1629 2897 1934 2967 parochiam
1962 2899 2052 2952 nii-

475 2998 663 3066 gravit,
693 3009 813 3066 quae
836 2996 1026 3050 eodem
1055 2996 1209 3048 titulo
1241 3009 1383 3048 nunc
1408 3010 1621 3064 quoque
1651 2996 1862 3064 gaudet,
1888 3008 2049 3066 atque

479 3096 537 3141 ut
565 3086 795 3148 Zenonis
819 3086 986 3139 nostri
1013 3092 1133 3138 csse
1165 3085 1332 3152 palam
1360 3085 1467 3146 sit,
1509 3084 1648 3139 dietn
1689 3084 1880 3138 festum
1911 3087 2051 3140 cele-

479 3178 598 3230 brat
651 3189 699 3229 vt
742 3175 815 3228 lii.
872 3175 1175 3228 Decembris
1222 3174 1324 3227 ritu
1369 3173 1694 3228 confessoris
1735 3175 2001 3243 pontiﬁcis
2033 3218 2046 3240 ,

480 3283 598 3337 qua:
625 3267 739 3320 dics
767 3273 948 3319 nostro
969 3265 1228 3332 Episcotio
1257 3279 1406 3317 sacra
1443 3273 1542 3322 est.
1577 3263 1758 3332 Neque
1809 3280 1936 3319 vero
1959 3265 2048 3318 Pi-

480 3360 554 3414 sis
578 3363 644 3413 e'o
667 3359 781 3413 solo
810 3359 859 3410 in
891 3356 1214 3410 monasterio
1237 3396 1251 3420 ,
1283 3362 1422 3408 nunc
1453 3366 1630 3409 autem
1655 3355 1926 3423 parochia,
1950 3355 2054 3410 Ze-

483 3452 640 3506 nonis
662 3449 916 3505 memoria
944 3449 1085 3502 culta
1117 3446 1234 3512 fuit,
1266 3448 1344 3500 rei
1375 3447 1588 3512 colitur,
1617 3446 1710 3500 sed
1745 3457 1850 3500 tota
1884 3449 1934 3500 in
1968 3447 2051 3500 Pi-

482 3559 608 3598 sana
640 3542 879 3597 Ecclesia
901 3540 988 3594 dic
1017 3539 1257 3608 sequenti
1287 3538 1388 3591 sub
1415 3539 1516 3590 ritu
1553 3537 1885 3605 semiduplici
1914 3548 2082 3592 tiuuc‘

483 3635 805 3697 celebratur;
839 3633 1097 3687 translato
1131 3633 1287 3698 iiujus
1318 3629 1567 3698 Epis‘COpi
1598 3628 1799 3695 officio,
1831 3635 1890 3682 ut
1914 3626 2054 3682 (ἰοει-

484 3725 746 3795 ceptionis
772 3725 829 3779 S.
864 3723 1042 3778 Maria:
1064 3721 1204 3777 festo
1230 3721 1376 3776 lucus
1403 3721 1560 3774 detur
1583 3759 1597 3784 ,
1629 3719 1771 3789 quod
1814 3718 2054 3788 proiecto

485 3835 549 3874 ex
582 3819 948 3888 antiquissimo
978 3816 1147 3870 sancti
1189 3813 1419 3868 Zenonis
1445 3812 1587 3882 apud
1614 3826 1731 3865 eam
1760 3811 2052 3866 Ecclesium

484 3911 627 3965 cultu
650 3909 910 3979 originem
934 3908 1096 3963 ducit.

555 4001 769 4070 Capella
805 4000 863 4056 S.
894 3999 1126 4060 Zenonis
1149 3998 1317 4067 posita
1353 3992 1407 4051 in
1436 3995 1626 4051 Castro
1655 3995 1847 4051 Montis
1874 3993 2054 4050 Casuli

487 4093 735 4148 ditecesis
771 4093 1050 4163 Regiensis
1096 4092 1147 4145 in
1185 4090 1752 4147 IEmiiianominatur
1791 4091 1844 4145 in
1892 4090 2058 4144 docu-
2110 4102 2111 4105 ‘

489 4194 674 4237 mento
693 4183 932 4236 Anselmi
951 4184 1188 4249 archiep.
1215 4181 1538 4236 Ravennatis
1558 4199 1646 4237 an.
1684 4183 1841 4248 “56,
1867 4192 1994 4236 tum.
2019 4197 2055 4236 ιι

492 4273 720 4344 Ugiieiii,
748 4288 866 4343 pag.
890 4274 978 4327 57.
1420 4292 1424 4295 ·
1909 4264 1912 4265 ⁷

562 4363 728 4418 Clusii
776 4363 830 4416 in
886 4363 1053 4417 veteri
1089 4363 1317 4426 ecclesia
1359 4363 1670 4418 monasterii
1717 4363 1775 4419 S.
1817 4362 2059 4418 Salvato-

493 4458 569 4512 ris
605 4456 671 4510 de
700 4462 885 4510 monte
907 4453 1123 4507 'Amiato
1153 4453 1209 4508 S.
1236 4453 1506 4509 Zenonem
1539 4455 1739 4509 cultum'
1772 4454 1937 4510 fuisse
1966 4471 2058 4510 vc-

2139 1884 2329 1938 dorum
2354 1883 2494 1952 regis
2535 1897 2676 1938 anno
2721 1883 2916 1950 vin,,id
2942 1892 3025 1940 est
3049 1899 3138 1941 an.
3172 1886 3299 1950 757,
3321 1885 3558 1939 alterum
3596 1899 3726 1937 vero

2144 1975 2398 2032 Desiderii
2417 1991 2557 2030 anno
2580 1991 2695 2042 XIII,
2719 1987 2774 2031 et
2793 1976 3037 2046 Adeicbii
3059 1992 3202 2033 anno
3222 1993 3296 2042 iu,
3317 1977 3368 2031 id
3383 1988 3572 2032 estan.
3597 1976 3725 2040 709,

2139 2068 2394 2136 scriptum
2426 2066 2522 2121 fuit
2544 2109 2557 2135 ,
2581 2077 2645 2125 et
2674 2066 2728 2121 in
2766 2069 3009 2138 utrisque
3037 2069 3236 2128 mentio
3263 2068 3322 2122 iit
3347 2067 3573 2122 basilij
3614 2066 3729 2120 bea-

2139 2160 2320 2214 tissimi
2333 2169 2377 2213 et
2393 2161 2696 2231 confessoris
2710 2159 2898 2215 Christi
2919 2159 3143 2214 Zenonis
3153 2162 3206 2213 in
3226 2161 3335 2214 uico
3351 2158 3724 2230 Cdntpcllione,

2139 2254 2289 2324 uulgo
2310 2251 2605 2324 Campione,
2653 2270 2810 2324 quam
2845 2254 2896 2309 in
2925 2254 3307 2310 Mediolanensi
3331 2254 3554 2310 ὀίωοθεί
3582 2253 3726 2320 Mag-

2141 2346 2355 2402 neradre
2401 2357 2651 2416 parentes
2694 2347 3130 2415 mdiiicaverant,
3200 2347 3470 2402 nonnullis
3543 2355 3723 2401 autem

2140 2439 2367 2503 subinde
2397 2437 2697 2493 redditibus
2725 2441 2950 2507 ipsamet
2988 2437 3307 2508 Magnerada
3347 2447 3403 2492 et
3433 2433 3718 2492 Vhiderata

2143 2530 2464 2585 ditaverant.
2493 2528 2789 2584 Fortunate
2818 2544 2981 2599 porro
3010 2530 3205 2584 accidit
3227 2530 3502 2583 inventum
3559 2531 3723 2583 fuisse

2145 2625 2201 2676 in
2231 2620 2555 2675 bibliotheca
2582 2617 2815 2689 Capituli
2847 2621 3243 2690 metropolitani
3272 2617 3518 2675 codicem
3557 2634 3726 2673 mem-

2147 2713 2468 2769 branaccum
2491 2715 2804 2785 inscriptum
2832 2733 2846 2768 :
2873 2715 2947 2768 De
2967 2717 3105 2781 uitis,
3126 2717 3370 2782 ecclesiis,
3400 2725 3449 2770 et
3473 2732 3724 2770 inemori:-

2149 2803 2329 2856 bilibus
2351 2806 2573 2858 ecelesite
2595 2815 2652 2859 et
2671 2807 2895 2859 diaeresis
2916 2804 3332 2871 Mediolonettsis,
3354 2816 3577 2864 auctare
3593 2807 3722 2864 Gui-

2150 2896 2288 2950 irido
2329 2897 2396 2950 de
2422 2897 2650 2962 Buxero,
2683 2896 2919 2965 parocho
2951 2897 3164 2952 Rodelli
3193 2898 3246 2952 in
3288 2899 3442 2968 plebe
3471 2899 3722 2970 Appiani,

2151 2989 2240 3058 qui
2267 2989 2464 3042 vixisse
2490 2988 2715 3041 traditur
2743 2989 2884 3042 circa
2911 3003 3105 3042 annum
3133 2983 3289 3056 i500,
3322 2991 3375 3045 in
3406 3007 3516 3061 quo
3543 2992 3725 3047 codic:

2153 3096 2300 3134 num.
2351 3079 2475 3145 456,
2523 3089 2698 3134 exstat
2739 3079 2989 3135 Memoria
3017 3083 3340 3138 ecclesiarum
3373 3083 3434 3138 8.
3465 3082 3721 3145 Zenonis.

2154 3190 2272 3243 quae
2303 3173 2384 3227 bis
2414 3173 2590 3228 verbis
2617 3181 2965 3229 recensentur
2992 3194 3004 3227 :
3039 3175 3226 3229 Desino
3266 3177 3477 3231 ecclesia
3524 3177 3586 3232 8.
3633 3176 3724 3230 Ζε-

2152 3269 2316 3320 nonis.
2351 3266 2415 3320 In
2443 3267 2584 3336 plebe
2609 3267 2805 3320 chate
2829 3269 2938 3321 lu'co
2974 3267 3214 3322 Ver-mese
3235 3271 3445 3323 ecclesia
3472 3269 3537 3324 S.
3564 3270 3725 3324 Zeno-

2153 3360 2249 3411 nis:
2281 3358 2346 3410 1η
2372 3349 2515 3426 plebe
2535 3358 2839 3427 Gorltaliano
2861 3360 2970 3413 loco
2990 3358 3274 3435 Albignano
3297 3361 3513 3414 ecclesia
3536 3361 3596 3416 8.
3629 3359 3721 3412 Ze-

2153 3450 2319 3502 nonis.
2355 3441 2422 3503 In
2457 3449 2597 3518 plebe
2626 3449 2801 3504 Ulzate
2837 3450 2947 3504 loco
2975 3449 3190 3520 Cuyro'te
3215 3449 3379 3505 altare
3408 3443 3464 3506 S.
3505 3451 3724 3507 Zenonis

2153 3549 2200 3594 et
2225 3542 2344 3610 Syri
2359 3542 2413 3593 in
2429 3542 2638 3595 ecclesia
2654 3542 2714 3596 8.
2741 3541 2904 3596 Petri.
2931 3545 2994 3594 in
3015 3543 3157 3611 plebe
3186 3541 3375 3597 Vatisio
3397 3544 3514 3598 loco
3533 3544 3722 3611 Lia'ago

2155 3635 2369 3688 ecclesia
2408 3633 2470 3689 S.
2500 3619 2741 3690 Zenonis.
2784 3633 2847 3688 In
2883 3635 3026 3704 plebe
3071 3633 3331 3694 Gallarole
3368 3636 3480 3689 loco
3531 3634 3724 3689 Crenna

2155 3727 2360 3780 ecclesia
2391 3726 2451 3781 S.
2485 3725 2720 3781 Zenonis.
2765 3725 3057 3780 Gerenzano
3102 3725 3268 3780 altare
3297 3727 3358 3781 8.
3382 3726 3630 3782 Zenonis.
3661 3725 3716 3777 In

2157 3806 2297 3887 plebe
2336 3817 2636 3871 Vilmercato
2683 3818 2791 3888 locg
2826 3817 3046 3872 Uxinate
3085 3819 3294 3872 ecclesia
3325 3816 3385 3872 8.
3418 3805 3642 3872 Zenonis
3684 3826 3722 3869 rt

2157 3907 2477 3979 Margaritte.
2498 3908 2693 3962 Vonate
2709 3909 2873 3963 ultore
2897 3908 2958 3963 8.
2974 3907 3194 3963 Zenonis
3219 3909 3273 3962 in
3289 3910 3502 3963 ecclesia
3529 3907 3724 3964 S.Puu-

2156 4003 2213 4054 li.
2239 4000 2497 4055 Marliano
2515 4001 2725 4055 ecclesia
2749 3999 2809 4055 8.
2830 3999 3069 4056 Zenonis.
3094 3997 3288 4070 Calugo
3315 4000 3528 4061 ecclesia
3553 3999 3616 4055 S.
3639 3997 3725 4052 Ze-

2156 4094 2322 4146 nonis.
2357 4091 2422 4146 ln
2454 4092 2595 4161 plebe
2621 4092 2807 4145 Alliate
2833 4093 2943 4145 loco
2981 4090 3266 4145 Zuccorino
3307 4091 3522 4145 ecclesia
3551 4080 3617 4146 8.
3645 4090 3725 4142 Ze-

2157 4184 2323 4237 nonis.
2360 4182 2427 4235 In
2465 4181 2609 4252 plebe
2637 4180 2880 4253 Dayrago
2907 4181 3018 4234 loco
3045 4179 3266 4235 ϐοείαηο
3295 4182 3509 4235 ecclesia
3537 4180 3602 4236 8.
3633 4179 3721 4234 Ze-

2158 4276 2324 4330 nonis.
2356 4273 2422 4326 In
2450 4273 2591 4342 plebe
2617 4272 2853 4326 Troualia
2879 4271 2990 4326 loco
3017 4271 3224 4326 Locimo
3245 4273 3454 4335 ecclesia
3475 4273 3539 4329 8.
3567 4271 3721 4328 Zeno-

2158 4365 2265 4422 nis":
2279 4367 2305 4420 Ι
2315 4383 2346 4419 η
2363 4367 2504 4438 plebe
2529 4366 2699 4418 incino
2713 4365 2824 4418 loco
2845 4365 3074 4419 Sersana
3093 4363 3381 4423 ecclesias.
3393 4364 3640 4421 Zenonis.
3669 4363 3723 4417 In

2160 4459 2301 4530 plebe
2319 4456 2490 4510 Brivio
2513 4456 2620 4510 loco
2647 4453 2906 4508 Porchera
2920 4455 3132 4508 ecclesia
3154 4453 3223 4510 8..
3236 4454 3478 4510 Zenonis.
3511 4456 3579 4510 In
3597 4457 3726 4528 plebe

493 4548 714 4603 risimiie
754 4553 856 4611 est,
884 4557 1002 4608 cum
1035 4559 1122 4598 an.
1159 4545 1295 4599 1036
1333 4545 1568 4613 ejusdem
1598 4544 1777 4600 Sancti
1807 4547 2060 4616 reliquias
2082 4535 2136 4596 D
2162 4549 2399 4603 Missalia
2427 4549 2537 4602 loco
2563 4545 2872 4601 Massaliora
2907 4546 3116 4600 ecclesia
3145 4547 3206 4601 8.
3236 4547 3480 4602 Zenonis.
3505 4549 3572 4603 In
3598 4549 3722 4620 plebe

494 4639 690 4701 ibidem
720 4636 962 4690 conditas
1011 4636 1445 4710 observavimus,
1482 4649 1598 4703 cap.
1629 4636 1683 4701 5,
1730 4636 1782 4689 in
1831 4638 1954 4701 tinc,
1997 4652 2058 4692 ac

495 4731 754 4800 practerea
775 4739 845 4782 ex
869 4727 983 4797 ejus
1005 4727 1313 4782 monasterii
1335 4726 1646 4781 lectiouario
1662 4742 1762 4781 ms.
1789 4727 2060 4797 Ughellius

495 4816 722 4878 ediderit
744 4821 801 4876 S.
822 4819 1054 4874 Zettonis
1081 4815 1254 4872 Vitam
1284 4832 1313 4872 a
1338 4817 1606 4874 Coronato
1634 4818 1853 4873 Notario
1875 4834 2061 4874 exara-

497 4924 602 4967 tam
628 4955 642 4979 ,
678 4924 797 4981 qua;
825 4910 963 4964 inter
991 4909 1130 4964 sacri
1151 4905 1306 4963 ofﬁcii
1337 4907 1593 4964 lectiones
1619 4923 1688 4964 ex
1720 4908 1886 4980 ipsius
1910 4909 2055 4964 codi-

497 5007 574 5060 cis
601 5004 807 5059 ratione
838 5002 1056 5057 recitata
1083 5003 1320 5069 apparet.

569 5089 736 5150 Ticini
759 5093 1040 5150 scelestam
1064 5076 1296 5146 existere
1320 5089 1634 5150 S.,Zenonis
1682 5076 2060 5166 Longobardo-

502 5198 615 5238 rum
640 5187 828 5239 saltem
859 5187 1015 5239 aetate
1043 5190 1369 5256 exstructam
1401 5181 1562 5235 tradit
1590 5181 1648 5236 Ρ.
1674 5181 2003 5236 Romualdus
2030 5197 2060 5238 a

500 5276 556 5331 S.
589 5277 750 5330 Maria
783 5277 834 5330 in
858 5277 1024 5347 Papia
1047 5290 1214 5341 sacra,
1246 5277 1382 5344 part;
1410 5288 1487 5341 tu,
1518 5281 1636 5344 pag.
1667 5273 1737 5330 86
1766 5293 1779 5330 :
1808 5273 1904 5329 Ubi
1936 5275 2063 5326 dici-

501 5379 580 5420 tur
611 5370 664 5422 in
713 5378 854 5438 porta
909 5368 1121 5436 Palatii,
1166 5369 1360 5439 inquit,
1401 5369 1675 5440 adsurgere
1713 5371 1935 5423 cernitur
1973 5386 2067 5422 an-

506 5461 697 5527 tiquum
724 5460 986 5513 delubrum
1015 5464 1122 5523 hoc,
1149 5461 1283 5530 quod
1311 5461 1422 5515 licet
1451 5478 1512 5516 ea:
1540 5461 1852 5516 Brecentano
1879 5461 2066 5514 habea-

508 5558 586 5601 tur
616 5555 740 5616 opus
777 5553 930 5616 fuisse
958 5553 1205 5608 nobilium
1243 5553 1585 5608 Ticinensium
1634 5555 1694 5608 de
1736 5554 2067 5609 Mediabarba

513 5638 647 5693 Hist.
668 5639 825 5711 Pap.,
846 5643 1039 5712 fol.95,
1057 5645 1110 5697 id
1137 5644 1437 5698 censendum
1461 5656 1531 5700 est
1559 5647 1620 5700 dc
1635 5648 2067 5702 restauratione...

509 5739 740 5788 Constans
773 5734 1016 5805 siqlildetn
1043 5746 1118 5792 est
1161 5716 1301 5809 apud
1314 5739 1707 5822 Hieronymum
1754 5739 2067 5814 Calcagnum

2161 4639 2378 4694 Bollate'
2405 4641 2514 4694 loco
2546 4634 2866 4706 (iarbagnate
2894 4639 3100 4691 ecclesia
3129 4637 3190 4692 8.
3213 4637 3460 4693 Zenonis.
3491 4639 3559 4694 In
3599 4640 3724 4711 plebe

2164 4729 2431 4786 Pontirolo
2461 4731 2571 4783 loco
2604 4729 2738 4782 Oxio
2766 4729 2977 4782 ecclesia
3008 4728 3067 4783 8.
3111 4727 3352 4808 Zenonis.
3383 4729 3558 4784 Tretio
3578 4734 3722 4786 altare

2163 4824 2202 4881 S
2215 4823 2528 4890 {Zenonisn’n
2549 4822 2760 4874 ecclesia
2781 4820 2842 4876 8.
2865 4820 3115 4884 Ρνοιαπὶἰ.
3135 4820 3161 4874 1
3168 4831 3266 4875 tem
3284 4815 3568 4877 Mediolani
3582 4825 3722 4879 eccle-

2160 4917 2399 4985 siredute.
2432 4907 2670 4979 [curnt]
2696 4913 2874 4983 Itaque
2904 4922 3098 4983 praeter
3121 4914 3307 4968 altat-ia
3330 4925 3580 4984 quatuor,
3623 4919 3722 4973 duae

2167 5011 2292 5063 tunc
2329 5008 2586 5076 temporis
2622 5013 2776 5060 erant
2812 5007 3056 5061 ecclesia:
3099 5008 3150 5060 in
3191 5008 3323 5062 urbe
3355 5008 3724 5067 Mediolancnsi

2167 5100 2223 5155 S.
2251 5098 2481 5153 Zenonis
2505 5096 2719 5150 nomine
2742 5097 2952 5164 dicatas,-
2983 5098 3034 5151 in
3061 5098 3280 5154 ditecesi
3307 5103 3490 5157 autem
3518 5101 3719 5174 viginti:

2169 5206 2290 5246 cum
2332 5178 2490 5244 modo
2521 5190 2738 5242 mutatis
2765 5189 3021 5256 subinde,
3055 5199 3110 5244 ut
3141 5191 3194 5244 in
3238 5193 3392 5248 novis
3433 5194 3723 5249 mdiﬁcatioo

2174 5281 2351 5342 nibus,
2375 5281 2458 5332 vel
2491 5279 2968 5335 restaurationibus
2998 5279 3112 5335 fieri
3134 5297 3538 5353 nonnumquam
3585 5283 3721 5344 solet,

2177 5369 2498 5438 titularibus,
2531 5380 2588 5424 ut
2615 5379 2826 5437 vocant,
2877 5373 3086 5427 nonnisi
3119 5388 3220 5429 una
3248 5375 3479 5428 ecclesia
3513 5374 3725 5444 reperia-

2175 5472 2261 5517 tur
2297 5463 2348 5516 iu
2385 5463 2538 5528 urbe,
2567 5462 2621 5516 et
2662 5463 2713 5517 in
2758 5463 2977 5520 dicecesi
3011 5480 3234 5531 novem,
3285 5462 3430 5516 inter
3464 5479 3598 5532 quas
3645 5474 3722 5515 una

2176 5556 2443 5624 posterius
2469 5555 2727 5609 aaditicata
2773 5557 2824 5609 in
2855 5546 3074 5610 recitato
3099 5555 3340 5620 catalogo
3369 5568 3477 5605 non
3501 5554 3722 5606 contine-

2175 5655 2293 5711 tur;
2322 5649 2476 5702 sicuti
2509 5663 2678 5717 neque
2701 5648 2812 5713 illa,
2839 5662 2996 5717 quam
3018 5647 3072 5700 in
3091 5645 3200 5698 vico
3223 5643 3575 5712 Cainpellione
3596 5645 3722 5699 sitam

2175 5738 2280 5800 duo
2312 5755 2400 5804 vni
2431 5741 2613 5800 saeculi
2641 5741 2962 5808 documenta
2980 5735 3263 5796 testantur.
3291 5735 3428 5800 liiuc
3459 5751 3623 5810 porro
3643 5746 3723 5801 tlott
