3820 6220
155 365 230 424 181

1002 371 1452 431 DISSEBTATIO
1481 373 1566 438 III,
1604 373 1689 426 DE
1719 371 1777 427 S.
1812 372 1965 426 ΖΕΝ.
1998 373 2194 429 AGTIS
2218 374 2302 426 ΕΤ
2330 373 2581 431 CULTU.

3291 381 3395 434 182

151 483 304 538 solum
328 485 575 554 colligere
605 487 756 553 licet,
790 497 1036 558 quantus,
1067 496 1122 542 et
1141 503 1299 557 quam
1326 486 1558 555 antiqua:
1589 485 1695 538 ori-
1727 488 1780 545 Λ
1809 483 1871 538 S.
1898 482 2180 549 Ambrosii,
2212 495 2256 536 et
2287 487 2503 552 psallen.
2532 487 2592 540 S.
2615 486 2856 552 Zenonis,
2875 491 3222 560 unusquisque
3239 493 3391 559 jua'ta

149 576 268 644 ginis
309 574 466 630 fuerit
513 575 676 646 hujus
707 581 877 634 sancti
899 580 1071 634 cultus
1092 620 1107 645 ,
1137 581 1222 633 cui
1255 587 1333 633 tot
1370 577 1616 633 ecclesia
1649 577 1700 630 in

151 681 236 719 una
258 667 462 722 dioecesi
489 669 619 723 olim
654 682 974 742 nuncupata:
1003 672 1348 727 inveniuntur
1375 713 1388 737 ,
1416 671 1510 726 sed
1538 671 1700 725 etiam

149 758 260 812 nihil
285 758 611 824 dubitamus,
640 764 803 829 quin,
834 764 878 817 si
912 777 1066 827 pares
1092 765 1317 817 aliarum
1351 762 1700 817 ecclesiarum

147 852 334 906 codices
358 852 424 906 ad
453 868 553 908 nos
583 852 815 910 fuissent
849 855 1179 921 transmissi,
1208 855 1466 909 ecclesias
1495 853 1700 909 Zenoni

147 957 308 1002 nostro
327 946 528 1002 dicatas
551 950 733 1019 plures
755 949 1001 1005 similiter
1028 949 1271 1006 invenire
1297 950 1506 1015 liceret,
1538 966 1697 1021 quam

145 1052 250 1107 quae
287 1054 421 1093 nunc
461 1040 579 1108 ejus
611 1041 681 1096 de
709 1043 925 1097 nomine
972 1041 1330 1112 appellantur.
1365 1041 1472 1097 Sed
1505 1053 1699 1110 praeter

145 1129 373 1186 ecclesias
395 1131 496 1186 alia
524 1133 730 1203 antiqui
753 1133 929 1188 cultus
957 1143 1303 1188 monumenta
1330 1133 1469 1203 apud
1500 1132 1700 1187 Medio-

147 1225 301 1279 lanum
346 1234 656 1298 suppetunt.
681 1227 981 1283 Ludovicus
1002 1226 1320 1281 Muratorius
1339 1222 1468 1279 tom.
1502 1240 1537 1279 tt
1567 1225 1696 1280 Rer.

145 1315 442 1385 Italicarum,
474 1328 612 1388 part.
649 1335 702 1384 ιι,
728 1320 834 1374 duo
863 1317 1276 1374 Mediolanensis
1305 1316 1561 1372 Ecclesiae
1598 1315 1697 1370 Ca-

145 1408 357 1462 lendaria
375 1410 564 1476 edidit,
594 1412 648 1465 in
675 1411 872 1480 quibus
899 1411 1138 1479 utrisque
1159 1409 1212 1465 S.
1240 1408 1474 1464 Zenonis
1499 1409 1694 1464 festum

147 1508 334 1555 notatur
367 1520 382 1566 ;
412 1512 464 1556 et
496 1501 552 1556 in‘
579 1503 751 1572 primo
777 1502 989 1572 quidem
1032 1517 1153 1572 pag.
1189 1498 1325 1556 1029
1354 1519 1367 1554 :
1424 1498 1510 1554 Id.
1541 1499 1696 1567 Apri-

147 1593 200 1655 lis
223 1591 278 1646 S.
313 1591 533 1648 Zenonis
559 1595 816 1663 episcOpi;
847 1596 898 1648 in
940 1594 1112 1648 altero
1144 1607 1264 1663 pag.
1299 1591 1432 1648 10M
1472 1608 1485 1645 :
1518 1607 1572 1646 γι
1601 1590 1690 1646 Id.

144 1680 405 1738 Decembris
452 1685 514 1740 S.
557 1685 797 1741 Zenonis.
833 1685 894 1740 P.
926 1685 1265 1741 Mabillonius
1297 1692 1425 1740 toni.
1456 1698 1473 1738 ι
1511 1683 1694 1740 M'ustei

143 1774 317 1843 Italici,
338 1789 469 1848 part.
500 1794 559 1842 ιι,
581 1794 701 1850 pag.
729 1779 830 1834 107
850 1820 864 1844 ,
889 1779 1216 1834 mentionem
1236 1777 1437 1833 faciens
1458 1790 1559 1849 ms.
1579 1776 1694 1832 An-

149 1868 407 1935 tiphonsrii
435 1869 774 1926 bibliothecae
788 1871 1180 1938 Ambrosianaa,
1211 1869 1265 1924 in
1287 1883 1395 1940 quo
1418 1869 1697 1924 universo—

153 1975 250 2013 rum
278 1971 580 2016 sanctorum
613 1961 932 2019 festivitates
957 1963 1011 2018 in
1039 1962 1426 2018 Mediolanensi
1455 1959 1694 2017 Ecclesia

145 2051 447 2107 celebrandae
476 2064 867 2122 recensentur,
912 2057 1011 2111 bas
1054 2056 1196 2111 inter
1236 2044 1692 2110 eeterasibidem

149 2151 330 2198 notatas
355 2159 409 2198 se
437 2144 632 2215 legisse
671 2156 899 2201 testatur
928 2164 942 2202 :
973 2146 1266 2203 Decembris
1288 2148 1371 2202 die
1397 2163 1490 2216 vu,
1537 2144 1696 2202 Ordi-

147 2235 263 2288 natio
283 2234 618 2308 S.Ambrosii,
643 2249 818 2308 postea
840 2241 903 2296 S.
930 2239 1174 2308 Zenonis,
1200 2242 1262 2298 S.
1293 2240 1441 2311 Syri,
1471 2239 1533 2296 S.
1556 2238 1693 2294 Tho-

151 2342 260 2388 mte;
307 2328 490 2397 quibus
534 2331 666 2384 satis
720 2333 978 2394 innuitur.
1025 2331 1084 2388 S.
1133 2332 1367 2393 Zenonis
1403 2332 1599 2388 festum
1646 2347 1695 2387 vr

149 2415 274 2482 Idus,
299 2434 386 2473 seu
411 2421 497 2475 die
534 2437 625 2475 vni
656 2422 967 2479 Decembris
995 2418 1279 2482 Mediolani
1302 2435 1578 2497 peractum
1599 2467 1614 2493 ,
1639 2435 1698 2481 ut

146 2509 192 2578 in
214 2523 308 2564 uno
330 2525 358 2566 e
381 2511 710 2568 Calendariis
731 2528 760 2567 a
789 2514 1082 2579 Muratorio
1100 2515 1261 2572 editis
1281 2503 1545 2588 signatur,
1563 2527 1694 2588 'post

154 2602 274 2668 quod
294 2602 345 2656 S.
372 2603 489 2676 Syri
521 2606 715 2660 festum
743 2622 773 2659 v
805 2606 882 2661 Id.
917 2607 1228 2662 Decembris
1252 2611 1531 2678 agebatur.
1560 2608 1693 2664 Cum

157 2708 295 2760 porro
336 2697 444 2752 haec
478 2709 681 2754 tantum
727 2709 957 2770 quatuor
1004 2703 1135 2755 festa
1195 2717 1382 2758 mense
1411 2702 1696 2758 Decembri

152 2797 253 2841 ante
277 2789 408 2844 diem
431 2790 630 2847 Natalis
655 2792 866 2846 Domini
897 2807 965 2846 eo
996 2792 1046 2846 in
1078 2793 1476 2863 Antiphonerio
1507 2800 1693 2849 nctata

154 2881 337 2949 fuerint,
361 2899 419 2939 ac
441 2903 533 2954 per
567 2901 734 2955 pauca
766 2887 1018 2942 similiter
1041 2889 1161 2943 aliis
1192 2890 1244 2942 in
1279 2890 1553 2945 mensibus
1599 2890 1694 2944 de-

152 2973 446 3042 stribantur;
478 2978 828 3048 paucissimos
854 2977 982 3032 olim
1016 2978 1178 3034 fuisse
1198 2989 1433 3045 sanctos,
1461 2993 1692 3051 quorum

154 3061 248 3119 dies
263 3065 366 3121 festi
387 3070 435 3123 in
457 3069 694 3125 Ecclesia
716 3069 1100 3125 Mediolanensi
1123 3071 1250 3124 olim
1270 3070 1690 3139 celebrarentur,

154 3158 399 3216 observatn
454 3163 673 3233 dignum
720 3165 936 3218 censuit
989 3162 1327 3218 Mabillonius
1358 3179 1373 3217 :
1408 3163 1698 3219 Minutiora

1806 574 2120 627 devotionem
2177 592 2323 627 suam
2373 579 2548 646 faciat.
2600 577 2674 631 Ex
2743 578 2822 632 bis
2887 580 3046 649 igitur
3097 590 3242 651 patet
3296 598 3392 637 cur

1803 666 1861 722 S.
1895 666 2128 721 Zenonis
2155 668 2427 732 officium,
2470 669 2612 738 quod
2647 687 2697 724 vr
2734 669 2855 725 ldus
2904 671 3218 728 Decembris
3259 675 3389 729 olim

1805 761 2188 830 peragebatur,
2228 759 2281 814 in
2314 751 2879 818 commemorationem
2913 758 3114 818 sensim
3166 767 3392 819 transic-

1803 852 1891 916 rit,
1917 867 2037 906 cum
2065 851 2242 905 ofﬁcio
2273 851 2652 922 Conceptionis
2685 853 2742 908 B.
2775 853 2844 907 Μ.
2871 853 2935 908 γ.
2959 853 3108 908 locus
3134 854 3250 910 dari
3278 873 3392 911 cm-

1802 946 1909 1013 pit;
1938 943 2081 1014 quod
2113 945 2284 1014 ipsum
2309 944 2428 998 aliis
2459 945 2509 997 in
2539 944 2795 1000 Ecclesiis
2820 945 3088 1010 usuvenit,
3111 940 3167 1000 et
3187 948 3389 1003 idcirco

1802 1037 2017 1105 quidem
2048 1039 2100 1090 in
2135 1037 2528 1105 posterioribus
2558 1037 2782 1101 officiis,
2815 1049 2972 1108 atque
3003 1039 3054 1092 in
3083 1041 3244 1095 missa
3273 1044 3388 1096 sola

1800 1128 1858 1182 ὃ.
1889 1126 2122 1181 Zenonis
2150 1129 2602 1182 commemoratio
2630 1137 2864 1196 notatur,
2892 1129 3062 1199 qualis
3089 1145 3233 1186 nunc
3257 1147 3391 1201 quo-

1800 1234 1906 1288 que
1934 1218 2127 1287 legitur
2172 1220 2226 1272 in
2267 1219 2576 1274 Missalibus
2606 1219 3121 1289 Mediolanensibus,
3149 1231 3311 1294 atque
3334 1225 3385 1278 in

1800 1309 2087 1366 Ordinario
2130 1311 2373 1380 ejusdem
2413 1312 2679 1370 Ecclesiae
2712 1315 3052 1385 prtecipitur,
3083 1315 3186 1370 hoc
3224 1317 3384 1371 etiam

1799 1417 1990 1459 recens
2018 1411 2244 1470 mutato,
2271 1405 2415 1474 quod
2438 1406 2496 1462 S.
2529 1405 2677 1462 Zeno
2700 1411 2954 1481 martyris
2977 1409 3129 1466 titulo
3157 1410 3382 1482 insigni-

1801 1506 1906 1553 tur.
2040 1488 2050 1500 “

1870 1588 2293 1645 Novocomensis
2311 1588 2565 1645 dioecesis
2589 1601 2700 1647 tres
2717 1592 2948 1651 Zenonis
2971 1595 3227 1652 ecclesias
3249 1607 3389 1651 nunc

1799 1689 2076 1748 recenset,
2121 1684 2346 1753 primam
2376 1682 2736 1753 parochialem
2761 1701 2828 1741 eo
2856 1688 2909 1742 in
2960 1688 3079 1744 loco
3122 1689 3212 1760 qui
3236 1687 3390 1744 Mons

1803 1772 2065 1843 Olompini
2090 1773 2317 1839 dicitur,
2349 1774 2575 1829 alteram
2607 1774 2872 1847 Mandeli,
2905 1793 2970 1833 ac
2997 1781 3208 1834 tertiam
3235 1795 3393 1852 paro—

1728 1870 1776 1930 B
1803 1867 2032 1922 cbialcm
2071 1865 2302 1923 Salorini
2342 1868 2439 1923 sub
2475 1868 2840 1924 Ilelvetiorum
2871 1870 3109 1940 ditione,
3142 1875 3231 1929 ubi
3275 1875 3388 1930 dies

1797 1959 1968 2016 festus
1993 1976 2046 2014 γι
2068 1961 2192 2015 Idus
2221 1961 2528 2016 Decembris
2555 1962 2654 2017 sub
2681 1962 2789 2016 ritu
2819 1963 3146 2020 confessoris
3166 1965 3390 2020 Pontili-

1797 2051 1895 2117 cis,
1924 2051 2168 2106 Balernte
2192 2048 2482 2128 Canonicis
2525 2054 2969 2110 convenientibus
2993 2094 3008 2122 ,
3041 2071 3233 2127 magna
3264 2073 3388 2114 cum

1794 2147 2109 2204 celebritate
2131 2149 2423 2219 peragitur.

1869 2239 2070 2314 [cura]
2087 2241 2161 2297 De
2177 2241 2424 2296 Brixiana
2449 2242 2578 2298 urbe
2597 2257 2660 2298 ac
2680 2240 2902 2297 dioecesi
2921 2243 2966 2298 si
3000 2243 3260 2300 vellemus
3272 2246 3389 2303 fuse

1796 2333 1996 2399 dicere,
2029 2349 2186 2402 quam
2208 2335 2342 2388 latus
2364 2347 2586 2404 campus
2616 2334 2857 2402 pateret!
2907 2332 3220 2400 Quindecim
3251 2337 3386 2393 dite.

1797 2443 1986 2483 ceseos
2014 2427 2259 2483 ecclesia:
2278 2428 2334 2483 S.
2369 2427 2639 2482 Zenonem
2664 2437 2951 2498 palronum
2965 2437 3281 2498 agnoscunt,
3304 2431 3388 2484 ni-

1799 2520 1992 2574 mirum
2020 2519 2263 2574 ecclesiae
2297 2518 2458 2584 Iloni,
2492 2518 2677 2584 Oduli,
2705 2517 2874 2584 llzeni,
2909 2516 3137 2574 Goleoni
3163 2520 3383 2574 inferio—

1797 2613 1893 2677 ris,
1925 2610 2105 2664 Brioni
2127 2651 2142 2677 ,
2177 2610 2335 2680 Burgi
2368 2610 2424 2666 S.
2460 2609 2717 2675 Zenonis,
2747 2609 2992 2664 Maclodii
3012 2652 3028 2676 ,
3051 2610 3384 2682 Boldenigae,

1797 2704 2089 2758 Illonticelli
2139 2703 2206 2758 de
2249 2703 2488 2770 Brusatis
2513 2745 2528 2770 ,
2568 2701 2720 2757 Caini
2745 2745 2760 2769 ,
2789 2702 3088 2769 Pastirani,
3140 2702 3382 2774 Ronclii,

1796 2795 2113 2866 Scarpizoli,
2168 2793 2499 2849 Grataeasoli
2552 2802 2606 2847 et
2627 2792 2872 2848 Salarum
2899 2791 3171 2849 Marasini.
3193 2794 3270 2848 Es
3300 2795 3384 2849 his

1797 2893 1983 2962 prima:
2012 2905 2205 2945 novem
2234 2887 2565 2943 confessoris
2597 2886 2703 2942 ritu
2733 2870 2873 2940 diem
2897 2884 3092 2964 festum
3123 2901 3384 2959 peragunt

1796 3002 1850 3039 vt
1900 2984 1976 3040 Id.
2025 2982 2371 3049 Decembris,
2413 2981 2632 3051 reliqum
2661 2982 2764 3036 ritu
2801 2982 3052 3052 martyris
3082 2981 3262 3035 Pridie
3301 2983 3380 3037 Id.

1799 3075 2018 3146 Aprilis.
2051 3075 2108 3129 In
2141 3077 2253 3145 ipsa
2277 3088 2439 3144 porro
2467 3074 2598 3127 urbe
2632 3073 2877 3127 Brixiana
2908 3071 3027 3126 dua:
3055 3082 3184 3126 sunt
3209 3074 3265 3128 S.
3287 3072 3383 3128 Ze—

1802 3167 1960 3222 nonis
2000 3167 2267 3231 ecclesize,
2326 3179 2549 3235 quarum
2581 3166 2748 3218 altera
2776 3164 2903 3218 olim
2933 3164 3254 3234 parochialis
3283 3180 3380 3219 an-

153 3262 248 3302 ssnt
273 3252 393 3318 hinc,
424 3255 592 3325 inquit
629 3269 750 3325 pag.
797 3254 918 3319 109,
950 3264 996 3309 et
1023 3270 1136 3325 quae
1162 3259 1380 3325 fortasse
1408 3256 1572 3309 relatu
1611 3257 1690 3309 in-
1721 3251 1765 3313 C
1800 3259 1945 3328 tiqua
1966 3299 1980 3324 ,
2004 3259 2170 3311 altera
2199 3265 2379 3310 autem
2409 3264 2492 3311 est
2528 3255 2704 3309 adhuc
2751 3253 2975 3326 insignis
3015 3253 3298 3325 parochia,
3327 3257 3379 3311 in

154 3341 580 3413 digna’quibusdan
605 3347 941 3413 videbuntur;
981 3347 1070 3401 sed
1091 3364 1154 3402 ea:
1197 3348 1276 3401 Itis
1312 3347 1492 3402 saltem
1538 3348 1691 3420 facile

154 3431 449 3506 intelligitur,
495 3441 1024 3508 quantunrcreverint
1069 3422 1336 3509 postremis
1384 3439 1690 3510 temporibus

153 3528 449 3583 solemnitates
517 3545 632 3600 qua:
677 3531 825 3602 longe
862 3523 1129 3602 pauciores
1166 3543 1308 3586 erant
1354 3533 1408 3584 in
1455 3530 1690 3586 Ecclesia

156 3614 481 3678 Hedialanensi
501 3634 618 3678 ante
636 3626 936 3696 quingentos
957 3642 1140 3693 annos,
1163 3644 1260 3696 quo
1287 3637 1510 3696 tempore
1531 3627 1690 3681 codex

153 3708 220 3760 ille
249 3715 421 3768 calamo
465 3708 701 3769 exoratus
746 3725 838 3769 est.
881 3719 951 3770 At
990 3717 1129 3772 inter
1157 3717 1280 3772 illos
1330 3719 1684 3786 paucissimos

154 3799 198 3854 S.
225 3802 470 3862 Zenonem
521 3808 753 3862 inveniri
802 3823 981 3864 nonne
1008 3808 1264 3863 eximium
1291 3810 1571 3880 praecipuae
1598 3824 1686 3865 ce-

150 3892 371 3950 lebritatis
398 3897 513 3967 ejus
539 3898 904 3953 testimonium
929 3900 1050 3953 est?
1077 3899 1241 3955 Sexto
1267 3900 1394 3955 item
1427 3901 1547 3954 ldus
1570 3900 1674 3956 De-

149 3986 342 4041 cembris
355 3988 582 4042 Zenonis
597 3974 766 4041 nostri
781 3988 1014 4042 officium
1036 3983 1203 4043 tribus
1217 4004 1342 4044 cum
1365 3991 1683 4044 lectionibus

149 4082 465 4149 peragendum
511 4083 562 4134 in
577 4081 812 4150 antiquis
840 4079 1077 4151 ejusdem
1108 4081 1366 4136 Ecclesia
1395 4082 1683 4138 Breviariis

146 4172 432 4240 praecipitur.
465 4173 682 4242 Antiqui
701 4173 863 4228 etiam
892 4173 1172 4228 missarum
1205 4174 1326 4229 libri
1355 4183 1466 4229 tum
1486 4174 1683 4234 Medio-

145 4260 247 4328 lani,
285 4266 400 4320 editi
429 4280 518 4320 an.
545 4265 704 4332 1522,
737 4263 875 4321 1548
901 4275 958 4322 et
987 4267 1143 4334 1560,
1178 4276 1286 4322 tum
1314 4268 1404 4323 ille
1432 4283 1463 4322 a
1494 4268 1682 4323 Pame«

143 4352 201 4406 lio
247 4358 526 4426 publicatus
567 4371 699 4410 tom.
729 4373 746 4410 ι
777 4358 980 4428 Liturg.
1020 4362 1107 4430 qui
1148 4361 1366 4415 maximi
1407 4360 1675 4430 penditur,

145 4460 316 4503 necnon
361 4467 462 4506 ms.
515 4450 1086 4508 Vaticano-Palatinus
1149 4454 1293 4521 506,
1339 4471 1434 4509 xm
1481 4457 1679 4510 saeculo

145 4553 373 4610 exaratos,
420 4545 666 4601 eamdem
721 4531 909 4601 omnes
937 4549 1155 4600 missam
1202 4547 1261 4603 S.
1294 4548 1528 4604 Zenonis
1556 4565 1680 4619 pro-

1793 3366 1896 3421 qua
1947 3350 2063 3420 ejus
2091 3348 2326 3403 officium
2358 3347 2699 3415 Confessoris
2726 3349 2830 3402 ritu
2858 3362 2910 3401 Vl
2955 3346 3032 3401 Id.
3069 3347 3379 3402 Decembris

1791 3441 2143 3508 celebratum,
2169 3455 2370 3510 paucos
2391 3456 2521 3496 vero
2543 3429 2669 3495 ante
2689 3455 2860 3495 annos
2878 3441 2929 3494 in
2952 3439 3094 3507 diem
3125 3453 3199 3493 xu
3222 3436 3382 3508 Apri-

1792 3535 1859 3591 lis
1911 3537 2229 3592 translatum
2259 3577 2272 3602 ,
2303 3535 2629 3591 confessoris
2670 3539 2779 3591 ritu
2824 3535 2877 3589 in
2917 3534 3076 3587 ritum
3109 3534 3378 3606 "martyris

1789 3645 2142 3703 commutato,
2168 3636 2416 3689 traditur.
2443 3638 2510 3688 At
2530 3635 2656 3689 licet
2683 3634 2749 3689 ad
2782 3632 3103 3688 Veronensis
3122 3629 3376 3684 Ecclesia:

1789 3730 2095 3800 exemplum
2143 3745 2249 3783 non
2284 3727 2454 3781 multo
2486 3737 2611 3781 ante
2651 3724 2741 3780 illa
2785 3720 3109 3794 parochialis
3148 3719 3373 3790 ecclesia

1789 3823 1948 3876 ritum
1992 3814 2321 3886 mutaverit,
2352 3820 2404 3873 in
2438 3819 2799 3888 Rogationum
2831 3826 3008 3869 tamen
3051 3810 3374 3867 stationibus

1786 3914 2114 3968 catbedralis
2157 3913 2397 3966 Ecclesia
2429 3927 2492 3964 eo
2521 3909 2806 3975 accedens,
2831 3920 2973 3961 nunc
2997 3918 3208 3974 quoque
3235 3912 3373 3956 tem-

1787 4010 1934 4078 poris
1983 4010 2050 4062 de
2087 4004 2402 4061 confessore
2433 4004 2713 4057 collectam
2745 4015 2864 4054 cum
2897 3995 3220 4065 Antiplionis
3246 3997 3377 4074 reci-

1786 4109 1880 4154 tat.
1913 4100 1966 4152 In
2007 4099 2102 4150 liae
2129 4107 2308 4150 autem
2342 4095 2611 4160 sepultum
2663 4093 2829 4144 fertur
2857 4101 3055 4157 corpus
3083 4086 3140 4141 S.
3189 4085 3373 4139 Rusti-

1781 4193 1923 4247 ciani
1946 4189 2182 4260 episcopi
2214 4185 2511 4241 Brixiensis
2540 4185 2647 4246 vita
2675 4181 2844 4237 functi
2873 4196 2958 4234 an.
2990 4180 3136 4246 585,
3185 4179 3273 4250 qui
3323 4180 3370 4233 si

1782 4287 1854 4342 ibi
1879 4286 1988 4354 jam
2021 4284 2143 4340 inde
2170 4283 2238 4337 ab
2267 4282 2416 4338 obitu
2449 4281 2689 4350 sepultus
2712 4280 2829 4347 fuit,
2853 4276 3211 4333 vetustissima
3237 4275 3372 4347 mul-

1780 4379 1894 4433 tum
1927 4377 2041 4431 haec
2068 4376 2296 4431 ecclesia
2322 4383 2377 4430 et
2404 4373 2460 4429 S.
2493 4373 2725 4429 Zenonis
2757 4371 2954 4427 ibidem
2983 4370 3158 4426 cultus
3189 4377 3370 4444 vetus-

1783 4473 2020 4527 tissimus
2049 4470 2270 4525 exstitit.

1853 4565 1909 4619 In
1949 4563 2262 4618 Tridentina
2294 4560 2514 4615 dimcesi
2565 4568 2768 4629 septem
2795 4557 3039 4613 ecclesia:
3091 4556 3362 4612 Zenonem

144 4633 279 4698 priani
303 4641 508 4708 propria
552 4655 674 4693 cum
725 4640 1038 4727 praefatione
1068 4640 1344 4698 exhibent.
1379 4643 1512 4697 Vide
1549 4636 1669 4713 pag.

1795 4666 2021 4711 rostrum
2054 4661 2338 4724 patronum
2367 4658 2729 4706 venerantur:
2767 4664 2868 4703 una
2906 4647 3113 4702 Tassuli
3144 4647 3194 4698 in
3224 4644 3364 4698 valle

145 4726 226 4777 I38
258 4729 374 4782 edit.
435 4731 680 4802 Pamelii.
732 4730 918 4786 Romae
965 4726 1144 4788 autem
1221 4734 1274 4792 in
1346 4735 1673 4790 bibliotheca

143 4813 668 4880 PP.Cisterciensium
709 4823 766 4880 S.
809 4823 1000 4881 Crueis
1037 4837 1213 4881 exstat
1269 4828 1482 4883 Missale
1543 4830 1672 4883 Aui-

143 4905 404 4970 brosiannm
428 4918 631 4972 editum
661 4918 802 4986 apud
826 4917 1268 4988 Chriswpborum
1292 4920 1355 4974 de
1379 4920 1670 4989 Ratispona

143 5014 211 5058 an.
235 5006 377 5072 “82,
406 5011 455 5066 In
479 5027 586 5080 quo
616 5012 817 5080 pariter
841 5026 906 5066 eo
936 5004 1188 5066 Decemb.
1219 5012 1305 5066 die
1352 5013 1518 5067 nostri
1549 5012 1676 5082 Epi-

143 5100 259 5166 scopi
283 5102 540 5159 orationes
571 5113 629 5159 et
675 5103 916 5174 praefatio
957 5104 1207 5171 leguntur
1255 5105 1528 5173 pmprize;
1579 5105 1672 5158 sed

1779 4749 2130 4812 Anauniensi,
2169 4749 2220 4801 in
2254 4746 2380 4801 villa
2413 4759 2528 4814 quae
2555 4745 2621 4798 de
2646 4741 2854 4812 patroni
2885 4740 3102 4794 nomine
3133 4736 3366 4805 appella—

1779 4847 1898 4902 tur;
1926 4838 2163 4893 secunda
2189 4837 2403 4892 Lomasi
2441 4837 2491 4889 in
2533 4835 2657 4887 villa
2690 4832 2929 4894 Flavmi;
2971 4832 3124 4885 tertia
3151 4828 3359 4881 Tlienni

1777 4932 1830 4985 in
1878 4932 2000 4985 villa
2049 4930 2301 5000 Cologna,
2333 4944 2450 4997 qua:
2495 4941 2684 4981 omnes
2709 4925 2797 4978 die
2831 4933 3021 4978 octava
3054 4919 3359 4975 Decembris

1778 5023 1973 5078 festum
2006 5039 2125 5076 cum
2160 5021 2386 5075 solemni
2415 5021 2598 5083 missa,
2630 5018 3002 5089 frequentique
3038 5015 3354 5084 populorum

1778 5114 2125 5184 processione
2153 5113 2555 5167 concelebrant.
2594 5112 2722 5164 Duce
2753 5119 3009 5178 praeterea
3039 5106 3279 5161 ecclesiae
3302 5105 3353 5159 in

145 5193 343 5256 przfatio
386 5200 617 5263 saltem,
647 5197 791 5267 quod
837 5198 1111 5252 memoria:
1156 5211 1298 5251 nunc
1337 5195 1671 5267 suggeritur,

145 5279 266 5354 longe
292 5299 368 5342 est
391 5289 490 5342 alia
515 5291 582 5342 ab
609 5305 672 5344 ea
707 5305 864 5358 quam
896 5289 1163 5344 Pamelius
1190 5290 1390 5355 edidit,
1441 5306 1561 5344 cum
1604 5292 1672 5345 de

147 5370 329 5434 Gallieni
361 5381 463 5435 filia
499 5382 630 5434 nihil
672 5381 945 5446 prodatur.
967 5380 1064 5435 ch
1089 5391 1264 5436 tamen
1295 5383 1670 5437 observatione

148 5464 320 5533 dignata
357 5481 436 5525 est
457 5512 472 5534 ,
514 5469 658 5538 quod
691 5478 904 5522 notatur
931 5472 985 5524 in
1011 5472 1283 5538 Breviario
1312 5474 1668 5529 Ambrosiano

148 5557 260 5612 edito
279 5575 358 5614 an.
386 5561 541 5627 1549,
577 5563 635 5615 in.
658 5574 764 5628 quo
787 5561 900 5613 litec
930 5576 998 5614 vn
1041 5562 1162 5616 ldus
1202 5565 1510 5619 Decembris
1552 5575 1670 5632 post

148 5652 361 5705 secundas
399 5653 454 5710 S.
501 5652 770 5708 Ambrosii
802 5664 1056 5717 veSperas
1087 5653 1336 5720 leguntur
1379 5669 1495 5721 pag.
1525 5653 1626 5708 129
1652 5674 1664 5707 :

152 5735 306 5796 Deinde
329 5745 386 5812 ﬁt
415 5744 824 5800 commemoratio
849 5744 906 5798 S.
957 5740 1198 5798 Zenonis.
1233 5745 1334 5797 Alii
1375 5746 1569 5814 faciunt
1607 5748 1670 5801 de

152 5827 433 5906 σοικηιίου
456 5836 706 5910 Virginis,
724 5845 780 5892 ut
806 5836 860 5890 in
887 5835 1146 5894 nativitate
1166 5839 1278 5911 ejus
1304 5832 1421 5893 cum
1447 5840 1664 5907 psallere.

1774 5207 2007 5275 parmcia
2036 5205 2287 5259 Muriensi
2318 5212 2564 5267 exstant,
2603 5212 2658 5256 et
2685 5201 2751 5254 ad
2781 5201 3011 5260 alterum.
3035 5197 3255 5251 istarum
3300 5199 3352 5249 in
3409 5227 3412 5231 -

1773 5301 1912 5360 loco,
1948 5299 2035 5366 qui
2064 5299 2259 5352 dicitur
2277 5298 2314 5350 il
2341 5297 2495 5357 Palu,
2523 5294 2750 5363 populus
2776 5290 3056 5345 Muriensis
3076 5288 3356 5356 ingruente

1774 5390 2076 5444 calamitate
2104 5387 2303 5455 aliqua,
2332 5402 2392 5439 ac
2424 5384 2717 5453 praisertim
2737 5394 2857 5433 cum
2885 5377 3062 5444 pluvia
3090 5391 3224 5446 Opus
3245 5386 3348 5442 est,

1773 5489 1868 5548 per
1892 5487 2131 5530 aestatem
2157 5477 2504 5544 processione
2534 5472 2727 5526 indicta
2750 5467 2999 5550 frequens
3019 5468 3273 5533 confluit,
3297 5479 3352 5522 et

1772 5567 1947 5622 Sancti
1983 5566 2335 5632 patrocinium
2373 5564 2469 5616 sibi
2492 5561 2680 5621 adesse
2705 5562 2998 5626 experitur.
3028 5556 3264 5610 Tandem
3293 5559 3344 5612 in

1773 5660 1917 5720 villa,
1951 5673 2067 5726 qua:
2097 5657 2247 5707 Nonii
2295 5654 2612 5723 appellatur,
2661 5665 2866 5704 necnon
2904 5649 2954 5702 in
2983 5649 3212 5716 paraecia
3243 5648 3348 5702 No-

1771 5748 1936 5818 garcti
1959 5762 2121 5814 prope
2148 5746 2495 5806 Roboretum,
2524 5743 2640 5795 aliae
2670 5741 2789 5794 duae
2819 5741 3140 5809 perantiqum
3163 5739 3219 5794 S.
3246 5739 3347 5793 Ze-

1774 5827 1926 5895 nonis
1958 5836 2198 5907 episcOpi
2246 5833 2571 5889 Veronensis
2601 5830 2842 5890 ecclesiae
2896 5830 3173 5897 visuntur;
3201 5837 3255 5885 et
3277 5829 3346 5882 ad
