3820 6220
451 278 553 332 183

1858 266 2363 323 PHOLEGUMENA
2376 306 2389 321 .
2954 260 2957 263 ’
3604 271 3676 323 liii

449 391 639 445 harum
672 398 999 459 postremam
1029 396 1207 443 rector
1255 384 1522 440 Pomaroli
1555 398 1655 438 una
1684 396 1805 437 eum
1840 381 2037 451 popqu
2065 383 2114 439 Α
2213 378 2397 449 Neque
2430 379 2703 435 Patavium
2743 381 2799 437 S.
2832 381 3087 451 Episcopi
3113 380 3317 438 cultum
3348 381 3557 453 ignorat,
3585 398 3680 436 nam
3760 372 3761 441 i

448 483 551 537 sibi
575 481 906 546 concredito,
929 495 1086 535 sacro
1114 478 1473 551 processionis
1500 479 1631 541 ritu,
1660 476 1747 530 die
1769 476 1827 529 8.
1861 475 2041 528 Antis-

450 576 532 631 titi
566 590 715 629 sacra
749 573 1123 646 proficiscitur.
1161 572 1318 625 Pater
1349 570 1672 624 Benedictus
1699 585 1724 617 a
1757 565 2040 622 Cavalesio

444 668 729 720 strictioris
758 665 1112 718 tibsrrvantite
1139 663 1195 717 8.
1228 663 1521 727 Franci~ei,
1556 663 1643 727 qui
1680 656 1833 715 nobis
1880 657 2041 712 hasce

448 760 666 814 notitias
693 756 1127 822 communicavit,
1164 757 1371 832 monuit
1415 755 1580 808 etiam
1629 755 1679 807 in
1738 751 1883 815 villa,
1920 766 2041 821 qua:

449 851 645 907 dicitur
661 850 916 920 Aldegno,
936 849 1077 904 haud
1098 847 1279 919 procul
1308 862 1337 901 a
1361 846 1621 901 Tridento
1640 844 1765 908 sita,
1782 842 2042 921 occiden-

449 944 610 998 talem
645 943 853 1013 plagam
907 956 1136 1008 versus,
1170 940 1383 994 tametsi
1436 939 1542 991 alio
1593 936 1795 991 titnlari
1854 943 2043 988 sancto

447 1050 589 1090 nunc
617 1037 864 1104 gaudeat,
886 1034 1013 1089 olim
1044 1043 1223 1087 tamen
1245 1030 1405 1086 velati
1430 1040 1711 1100 patronum
1743 1028 2041 1099 principem

449 1126 733 1197 agnovisse
775 1134 831 1179 et
861 1124 1097 1178 coluisse
1126 1122 1185 1177 S.
1227 1122 1493 1177 Zenonem
1528 1122 1840 1189 episcopum
1871 1117 2041 1172 Vero-

448 1237 693 1289 nenscm,
720 1233 776 1275 ut
807 1233 1045 1288 nuperos
1071 1218 1190 1286 ejus
1215 1218 1458 1272 ccclesim
1505 1224 1682 1271 rector
1711 1230 1808 1284 per
1840 1213 2043 1268 litteras

447 1316 725 1368 consultus
753 1311 984 1365 asseruit
1016 1328 1026 1362 :
1060 1308 1203 1381 quod
1234 1310 1357 1363 aliis
1378 1321 1594 1378 quoque
1624 1303 1871 1360 ecclesiis
1897 1304 2042 1357 acci-

446 1406 592 1460 disse
616 1402 1104 1475 probabilissimutn
1129 1413 1231 1467 est,
1258 1409 1314 1454 ιιι
1342 1401 1392 1453 in
1416 1396 1664 1454 ecclesiis
1685 1394 2045 1449 Mediolancn-

450 1497 600 1557 sibus
633 1493 957 1548 notavimus.
978 1492 1121 1547 Idem
1152 1508 1311 1561 porro
1333 1490 1394 1544 P.
1418 1486 1745 1543 Benedictus
1776 1487 1827 1539 in
1854 1484 2045 1539 biblio-

450 1589 605 1643 theca
633 1587 923 1656 episc0pali
952 1586 1193 1656 diligenti
1224 1582 1575 1655 inquisitione
1605 1595 1756 1645 usus,
1782 1586 2044 1651 praeterea

450 1680 737 1735 aflirmavit
760 1678 956 1734 ibidem
989 1678 1217 1746 reperiri
1270 1690 1371 1730 ms.
1404 1673 1743 1729 Breviarium
1794 1687 1915 1724 cum
1947 1671 2047 1725 hac

2143 472 2381 543 quinque
2430 473 2678 541 antiquas
2724 473 2981 529 ecclesias
3031 472 3147 543 ejus
3196 472 3416 529 nomine
3443 472 3620 528 dicatas
3642 475 3681 527 ιιι
3760 478 3761 485 ‘

2145 564 2397 619 Patavina
2424 563 2645 622 dimcesi
2672 566 2992 634 reperimus,
3020 565 3303 630 Mulvente,
3337 566 3682 637 Montagnana‘,

2145 658 2375 724 Zoliani,
2408 659 2712 725 Altiehieri,
2746 670 2799 711 et
2826 659 3041 721 Montis,
3066 659 3266 723 Silicis,
3299 659 3450 725 cujus
3471 660 3685 726 posuemi

2145 751 2248 806 loci
2276 752 2601 820 parochialis
2634 753 2691 808 S.
2718 752 2934 807 Thema:
2961 754 3188 825 Apostoli
3208 762 3251 805 et
3279 752 3341 807 8.
3366 750 3569 806 Zenonis
3586 750 3688 803 Con-

2146 844 2352 911 fessoris
2383 841 2572 897 Christi
2598 854 2925 899 memoratur
2956 845 3007 898 in
3041 844 3283 913 pluribus
3310 843 3688 899 ducuntentisad

2147 933 2409 988 Venetam
2452 935 2511 990 8.
2566 936 2838 991 Zachariae
2879 937 3263 991 monasterium
3317 935 3689 1005 pertinentibus.

2147 1041 2442 1098 eorumque
2494 1029 2915 1085 vetustissimum
2945 1046 3032 1084 an.
3066 1028 3171 1085 994
3199 1030 3389 1083 recitat
3432 1027 3691 1082 Ludovicus

2148 1117 2468 1175 Muratorius
2494 1120 2743 1189 antiquit.
2774 1120 2989 1176 Estens.
3016 1136 3138 1192 pag.
3171 1119 3291 1175 128.
3334 1118 3390 1173 In
3430 1128 3533 1187 tota
3564 1132 3693 1185 porro

2149 1210 2402 1265 Patavina
2441 1212 2668 1266 ecclesia
2718 1227 2780 1267 ex
2816 1211 3036 1280 antiquo
3068 1213 3251 1279 utique
3299 1210 3446 1265 cultu
3469 1209 3521 1264 S.
3551 1207 3694 1263 Zeno-

2149 1304 2234 1358 nis
2264 1304 2497 1359 ofﬁcium
2541 1306 2646 1359 ritu
2678 1305 3006 1361 Confessoris
3034 1304 3314 1359 Pontiﬁcis
3354 1318 3491 1356 nunc
3517 1317 3695 1371 quoque

2150 1396 2408 1464 temporis
2453 1397 2764 1466 peragitur.
2819 1398 3084 1466 assignata
3124 1396 3211 1450 die
3258 1396 3292 1451 8
3329 1394 3637 1457 Decembris,
3673 1409 3695 1447 a

2149 1501 2255 1555 quo
2280 1495 2458 1541 tamen
2490 1488 2560 1542 ob
2602 1485 2985 1556 Conceptionis
3014 1486 3075 1542 Β.
3105 1486 3284 1542 Maria:
3327 1485 3517 1542 festum
3541 1486 3587 1540 in
3609 1486 3694 1555 pri-

2153 1592 2292 1631 mam
2319 1578 2461 1631 diem
2494 1592 2599 1632 non
2632 1578 2939 1648 impeditam
2971 1578 3309 1635 transfertur.

2223 1670 2452 1725 Mantum
2478 1673 2691 1725 exsistit
2732 1671 2789 1726 8.
2843 1671 3072 1726 Zenonis
3103 1670 3431 1740 parochialis
3459 1670 3661 1726 ecclesia
3687 1712 3697 1731 ,

454 1773 730 1827 nctatione
762 1789 773 1824 :
804 1771 914 1826 Iste
948 1771 1074 1844 liber
1127 1771 1222 1841 fuit
1278 1770 1399 1823 olim
1456 1767 1663 1820 Domini
1719 1764 1923 1836 Georgii
1985 1765 2047 1818 (ιε
2082 1766 2125 1823 Β
2151 1779 2311 1831 quam
2344 1777 2373 1817 a
2416 1762 2669 1818 Mathilde
2710 1775 3039 1819 exStroetam
3065 1765 3115 1817 in
3157 1762 3458 1817 Mantuam:
3483 1760 3698 1815 Ecclesia

456 1864 855 1926 Licctltenstain,
887 1862 1114 1933 episcopi
1145 1860 1432 1913 Tridentini
1466 1858 1620 1913 “‘20.
1684 1858 1815 1911 lluic
1863 1866 2041 1911 autem

454 1958 733 2011 Breviario
764 1956 1146 2011 Calendarium
1177 1953 1523 2025 prastnittitnr
1545 1993 1558 2016 ,
1592 1954 1641 2006 in
1673 1967 1779 2020 quo
1809 1952 2043 2005 secunda

454 2066 614 2106 manu
644 2052 723 2105 bis
763 2051 820 2103 S.
850 2048 1085 2103 Zenonis
1119 2047 1175 2102 ﬁt
1205 2050 1406 2102 mentio
1436 2063 1448 2100 :
1480 2044 1662 2107 Pridie
1689 2042 1821 2099 Idus
1845 2044 2043 2113 Aprilis

454 2143 518 2198 8.
549 2142 773 2198 Zenonis
818 2140 1043 2210 episcOpi
1093 2139 1398 2194 Veronensis
1437 2140 1542 2194 dies
1572 2140 1736 2194 obitus
1787 2140 1897 2210 ejus
1941 2137 2043 2190 sive

456 2235 826 2305 depositionis.
869 2243 916 2286 et
969 2247 1023 2285 vr
1075 2230 1204 2287 Idus
1245 2232 1537 2287 Decembris
1567 2229 1628 2286 S.
1669 2229 1889 2286 Zenonis
1943 2230 2043 2297 epi-

454 2327 596 2396 scopi
626 2324 932 2380 Veronensis
955 2322 1347 2391 translatioﬁubi
1374 2339 1467 2393 per
1487 2339 1729 2378 errorem
1750 2323 2039 2386 translatio,

457 2433 554 2485 pro
581 2418 926 2484 ordinatione,
962 2418 1048 2472 vel
1077 2418 1398 2472 dedicatione
1426 2418 1685 2487 scriptum
1730 2416 1846 2471 fuit.
1884 2416 1938 2471 ιιι
1965 2418 2045 2479 ip-

453 2525 572 2564 sum
626 2511 819 2581 legitur
876 2513 927 2566 in
952 2512 1059 2567 alio
1111 2527 1211 2569 ms.
1263 2512 1559 2581 Breviario,
1588 2511 1727 2579 quod
1777 2528 1867 2567 an.
1903 2510 2041 2567 1M9

453 2603 675 2659 Joannis
703 2604 1020 2672 lnderbach,
1076 2621 1163 2675 ep.
1214 2604 1539 2669 Tridentini,
1594 2605 1709 2663 fuit.
1746 2619 1955 2660 necnon
1987 2604 2038 2657 in

453 2695 572 2750 aliis
603 2707 712 2750 tum
744 2696 1056 2764 Breviariis,
1100 2706 1209 2750 tum
1260 2696 1568 2752 Missalibus
1623 2712 1755 2752 mss.
1813 2712 1932 2765 qua:
1990 2696 2043 2750 in

376 2802 379 2805 ·
454 2786 663 2841 laudata
691 2786 1010 2841 bibliotheca
1028 2798 1327 2841 servantur.
1352 2787 1409 2841 In
1429 2788 1808 2859 Martyrologio
1829 2801 2041 2855 quoque

455 2894 556 2933 ms.
586 2879 650 2933 ad
676 2881 1089 2950 usnmjecclesiw
1112 2882 1167 2936 S.
1206 2881 1621 2950 Vtgilii,srripto
1642 2896 1729 2933 an.
1768 2879 1923 2945 “55,
1952 2880 2041 2933 iis~

452 2972 574 3027 dem
622 2972 814 3028 diebus
866 2984 1082 3027 notatur
1114 2972 1306 3027 festum
1360 2972 1421 3027 8.
1456 2970 1679 3027 Zenonis
1729 2970 1956 3039 episcopi
1993 2980 2040 3024 et

451 3066 780 3135 confessoris,
798 3074 855 3117 ut
878 3080 944 3117 ne
968 3072 1147 3119 tamen
1178 3064 1287 3117 ulla
1313 3062 1681 3117 translationis
1703 3062 1789 3115 ﬂat
1816 3063 2035 3115 mentio.

2149 1852 2370 1909 historia
2426 1854 2583 1909 tradit
2635 1855 2692 1909 Ρ.
2752 1855 3187 1920 Donismondius,
3241 1862 3378 1923 part.
3440 1870 3455 1908 ι
3511 1853 3595 1907 lib.
3644 1869 3697 1915 tr,

2149 1960 2266 2015 pag.
2298 1945 2427 2011 2:25,
2462 1948 2552 2014 ιιιιὶ
2584 1946 2747 2001 etiam
2777 1948 3027 2003 observat
3052 1956 3175 2001 ante
3202 1945 3536 2009 Mathildem,
3570 1944 3613 1998 id
3637 1954 3699 1997 Cal

2144 2046 2272 2094 ante
2320 2039 2575 2094 smeulum
2621 2055 2673 2095 χι
2722 2039 2826 2094 hoc
2876 2041 2927 2094 in
2960 2040 3080 2095 loco
3123 2039 3287 2095 fuisse
3332 2038 3613 2094 oratorium
3649 2036 3699 2089 de

2145 2129 2388 2198 ejusdem
2437 2131 2618 2187 Sancti
2650 2131 2868 2187 nomine
2899 2134 3287 2201 nuncupatum,
3318 2129 3370 2187 in
3401 2146 3506 2200 quo
3534 2127 3583 2184 S.
3614 2130 3701 2182 An-

2144 2220 2288 2275 drea:
2317 2220 2563 2277 monachi
2593 2221 2768 2277 ofﬁcia
2796 2223 3166 2304 celebrabant.

2218 2314 2291 2367 Ex
2318 2313 2615 2369 Tarvisinzc
2642 2316 2902 2371 Ecclesia:
2933 2317 3297 2371 monumentis
3324 2331 3354 2371 a
3386 2332 3436 2369 ν.
3467 2315 3536 2370 cl.
3566 2316 3700 2368 Anto-
3764 2313 3765 2367 Ϊ

2145 2406 2235 2460 nio
2267 2406 2457 2461 Scotto
2482 2407 2756 2463 Canonico
2779 2409 2939 2464 editis
2974 2410 3027 2464 in
3056 2409 3423 2464 additionihus
3444 2409 3508 2463 ad
3545 2407 3702 2478 Ugln-l-

2146 2498 2299 2560 lium.
2356 2500 2611 2554 ecclesias
2642 2510 2753 2556 tres
2797 2503 2848 2555 in
2880 2501 3159 2556 Tarvisina
3192 2502 3412 2557 dioecesi
3446 2502 3502 2556 8.
3528 2501 3698 2556 Zenoni

2144 2589 2273 2669 olim
2302 2589 2508 2645 dicatas
2538 2593 2910 2661 cognovimus.
2942 2591 3180 2647 Subinde
3210 2607 3340 2648 vero
3370 2593 3509 2646 idem
3556 2577 3701 2646 Catio-

2146 2682 2321 2745 nicus,
2367 2682 2456 2751 qui
2492 2683 2642 2737 novis
2685 2684 3037 2754 plurimisque
3062 2682 3401 2753 documentis
3422 2682 3699 2738 Tarv‘tsino-

2144 2787 2262 2826 rum
2320 2775 2693 2841 episcOporum
2741 2774 2933 2828 seriem
2961 2784 3046 2829 est
3090 2774 3486 2842 illustraturus,
3526 2778 3700 2830 monuit

2143 2863 2275 2917 duas
2308 2874 2564 2931 prieterea
2592 2864 2649 2918 S.
2680 2864 2914 2919 Zenonis
2952 2866 3209 2921 ecclesias
3233 2867 3283 2921 in
3306 2866 3492 2922 eadem
3511 2867 3699 2923 dioecesi

2144 2956 2389 3025 reperiri,
2447 2955 2656 3025 aliaque
2701 2957 3023 3012 documenta
3079 2958 3145 3013 ad
3201 2960 3441 3031 singulas
3496 2961 3699 3031 quinque

2145 3049 2383 3117 ejusdem
2436 3050 2614 3103 Sancti
2656 3050 2915 3106 ecclesias
2956 3051 3275 3121 pertinentia
3306 3054 3583 3125 suggessit.
3604 3067 3700 3123 qua:
3766 3124 3767 3127 η

452 3157 527 3211 Ex
559 3156 768 3211 duobus
794 3172 952 3225 porro
982 3156 1342 3217 monumentis
1370 3156 1423 3208 in
1452 3155 1763 3209 'l'rtdentina
1802 3154 2038 3209 Ecclesia
2067 3139 2112 3201 C
2147 3143 2603 3211 prmtcrmittenda
2628 3160 2732 3196 non
2762 3152 2906 3198 sunt.
2938 3143 2997 3198 In
3030 3144 3220 3200 litteris
3242 3144 3466 3217 Ettgcnii
3494 3142 3698 3215 l’apa'lil

452 3248 511 3304 S.
543 3248 775 3303 Zenonis
831 3248 1025 3301 festum
1070 3246 1238 3302 fuisse
1268 3258 1540 3315 peractum
1576 3247 1772 3316 liquet:
1808 3244 2038 3311 primum

449 3354 515 3394 ex
546 3337 886 3394 LectiOnario
910 3354 1013 3391 ms.
1040 3337 1275 3390 Archivii
1299 3335 1633 3404 capitularis,
1662 3337 1711 3387 in
1737 3350 1842 3402 quo
1861 3335 1916 3389 8.
1942 3334 2042 3389 Ze-

452 3432 607 3485 nonis
638 3431 760 3486 Vita
794 3430 845 3484 in
876 3444 924 3482 lx
972 3429 1231 3483 lectiones
1260 3428 1542 3481 distributa
1574 3428 1765 3495 legitur
1793 3443 1912 3481 cum
1944 3427 2041 3481 hac

453 3512 803 3592 inscriptione
829 3540 840 3574 :
872 3520 937 3574 In
964 3522 1093 3587 {esto
1135 3519 1195 3575 8.
1227 3518 1447 3572 Zenonis
1476 3520 1703 3589 episcOpi
1745 3530 1789 3572 et
1843 3524 2041 3590 confes-

450 3616 584 3682 soris
608 3630 627 3679 ;
653 3615 884 3669 alterum
909 3626 973 3666 ex
996 3612 1321 3666 Calendario
1342 3622 1601 3679 perpetuo
1626 3611 1690 3664 ad
1713 3611 2041 3666 Tridentina:

452 3706 707 3761 Ecclesiae
742 3720 917 3765 nsum,
942 3702 1088 3757 edito
1116 3718 1205 3755 ao.
1239 3702 1397 3767 155’s,
1436 3719 1463 3754 a
1498 3702 1702 3756 Donato
1734 3701 1923 3765 Fxtio,
1952 3704 2040 3771 ju-

454 3801 613 3854 bente
670 3796 927 3852 cardinali
998 3795 1391 3864 ChristOpboro
1440 3796 1734 3862 Madrucio,
1786 3797 2041 3865 episcopo

342 3922 357 3935 ~-
451 3892 693 3962 ejusdem
753 3890 1028 3954 Ecclesize,
1086 3890 1228 3960 quod
1260 3890 1311 3944 in
1360 3890 1573 3960 regulas
1622 3906 1761 3945 xxxv
1810 3890 2037 3945 divismn

451 3984 953 4058 concinnatttmque,
997 3981 1112 4037 hinc
1148 3982 1234 4037 die
1266 3982 1332 4036 16
1363 3982 1673 4037 Deermbris
1700 3983 1924 4052 singulis
1964 3999 2042 4038 re-

451 4077 591 4146 gulis
618 4083 929 4151 constanter
961 4076 1175 4143 repetit.
1203 4091 1231 4129 a
1266 4075 1357 4127 fol.
1384 4076 1445 4129 Η
1481 4076 1546 4129 ad
1579 4075 1667 4131 fol.
1701 4075 1808 4131 ‘250
1834 4095 1845 4130 :
1871 4074 2038 4129 Zeno-

448 4169 531 4221 nis
552 4167 779 4236 episcopi
817 4177 865 4219 et
894 4167 1201 4235 confessoris
1233 4166 1265 4220 8
1303 4168 1476 4238 hujus,
1502 4167 1691 4220 scilicet
1723 4165 2035 4230 Decembris,

449 4275 570 4329 qua:
597 4257 713 4326 ejus
734 4255 928 4311 festum
955 4274 981 4308 a
1015 4258 1101 4310 die
1132 4266 1319 4309 octava
1341 4257 1404 4309 ad
1430 4272 1518 4310 χνι
1540 4257 1848 4312 Decembris
1873 4270 2037 4311 trans-

448 4350 727 4406 ferendum
762 4356 968 4401 notant.
1003 4348 1239 4417 Denique
1263 4346 1320 4402 8.
1358 4347 1601 4417 Episcopi
1637 4350 1951 4404 memoriam
1981 4351 2034 4406 in

446 4442 649 4498 litaniis
676 4438 915 4509 ejusdem
946 4439 1199 4492 Ecclesia:
1230 4441 1367 4494 inter
1393 4439 1488 4493 88.
1508 4440 1859 4495 Coniessores
1884 4442 2033 4496 Pon-

2144 3236 2209 3289 ad
2241 3234 2570 3290 Bonifacinm
2594 3236 2902 3306 episcopum
2922 3236 3285 3302 Tarvisinutn,
3309 3253 3375 3291 an
3408 3239 3560 3303 H52,
3586 3236 3699 3307 apud

2148 3326 2449 3396 Ugttellium
2499 3340 2618 3396 pag.
2649 3327 2776 3393 5‘27,
2808 3337 3134 3383 memoratur
3164 3328 3302 3398 plebs
3330 3328 3389 3383 S.
3424 3328 3631 3383 Zenonis
3655 3328 3701 3379 de

2145 3417 2360 3481 Ruuico,
2385 3421 2471 3487 qui
2501 3434 2662 3489 pagus
2689 3432 2770 3473 est
2798 3421 2861 3474 ad
2885 3420 3079 3476 Anassi
3126 3422 3268 3490 ripas
3291 3462 3308 3489 ,
3350 3410 3516 3491 atque
3537 3422 3601 3477 ab
3622 3423 3701 3476 im-

2144 3510 2481 3565 memorabili
2527 3512 2583 3567 8.
2636 3511 2867 3567 Zenonis
2896 3515 3103 3583 patroni
3138 3515 3329 3569 festum
3361 3516 3594 3571 celebrat
3631 3515 3699 3569 die

2147 3606 2213 3659 12
2256 3606 2452 3674 Aprilis
2482 3606 2548 3661 de
2596 3606 2907 3663 confessore
2938 3608 3215 3663 Pontiﬁce.
3266 3610 3452 3665 Altera
3499 3609 3700 3665 ecclesia

2146 3698 2198 3751 in
2230 3698 2472 3767 ejusdem
2505 3698 2725 3769 Eugenii
2766 3698 2829 3755 Ill
2862 3701 3054 3755 litteris
3083 3715 3378 3757 memorata
3410 3704 3463 3758 in
3492 3702 3700 3759 Asulano

2143 3792 2243 3846 sita
2275 3801 2376 3857 est,
2412 3803 2674 3860 castraque
2708 3793 2769 3848 8.
2803 3793 3025 3849 Zenonis
3069 3811 3261 3851 nomen
3295 3798 3473 3863 dedit,
3527 3799 3575 3851 iu
3617 3810 3702 3864 quo

2118 3885 2425 3940 ‘obsidione
2449 3889 2654 3941 cinctus
2682 3899 2975 3959 captusque
3001 3889 3098 3943 fuit
3131 3890 3413 3947 Albericus
3434 3907 3462 3944 a
3485 3891 3701 3947 Romano

2144 3980 2375 4034 Ezzelini
2405 3980 2592 4046 frater,
2625 3981 2764 4051 quod
2791 3980 3124 4038 Rolandinus
3152 3996 3331 4039 narrat
3362 3986 3455 4039 lib.
3487 4001 3576 4050 χιι,
3602 3999 3698 4050 cap.

2143 4072 2229 4137 15,
2266 4074 2330 4129 14
2371 4081 2425 4127 et
2466 4074 2553 4128 15.
2588 4072 2661 4127 Ea
2686 4074 2909 4128 ecclesia
2933 4084 3015 4128 est
3039 4075 3363 4145 parocitialis
3392 4077 3445 4129 in
3493 4074 3701 4131 Zenonis

2140 4165 2308 4219 nostri
2340 4165 2596 4220 honorem
2627 4161 2803 4219 dicata
2822 4206 2836 4230 ,
2866 4166 3017 4236 cujus
3047 4168 3308 4222 solemnis
3336 4169 3505 4222 festus
3526 4168 3635 4222 dies
3664 4182 3700 4216 τι

2140 4256 2215 4310 Id.
2253 4256 2563 4312 DeCrmbris
2594 4257 2697 4312 ritu
2728 4260 3059 4315 confessoris
3097 4260 3373 4315 Pontiﬁcis
3404 4263 3611 4316 colitur.
3631 4259 3705 4313 Die

2137 4359 2314 4405 autem
2348 4366 2422 4404 χιι
2440 4352 2642 4420 Aprilis
2669 4350 2993 4415 devotionis,
3019 4354 3094 4409 uti
3119 4364 3363 4418 vocatur,
3383 4352 3576 4408 festum
3604 4367 3699 4421 per-

2136 4444 2309 4511 agitur
2347 4446 2397 4497 in
2426 4444 2616 4500 mortis
2661 4445 2902 4516 ejusdem
2946 4447 3157 4517 patroni
3190 4451 3534 4514 memoriam,
3586 4448 3701 4501 sicut

446 4536 620 4591 tifices
641 4542 914 4604 peractam
933 4532 1103 4587 codex
1131 4532 1833 4603 Episcopalisbibliothccw
1870 4536 2027 4591 ﬁdem
2057 4524 2109 4585 D
2135 4544 2190 4589 et
2219 4552 2290 4589 xu
2321 4533 2435 4592 Cal.
2483 4536 2627 4591 Jnttii
2667 4538 2718 4592 in
2769 4540 3079 4593 memoriam
3128 4540 3498 4594 translationis
3551 4540 3701 4593 simile

448 4625 597 4683 facit.

517 4718 625 4792 [cc]
643 4718 885 4789 Bergomi
911 4716 1154 4788 quinque
1181 4718 1437 4773 ecclesias
1460 4720 1509 4773 in
1524 4720 1579 4775 S.
1600 4720 1835 4774 Zenonis
1860 4722 2029 4775 hono-

443 4830 557 4867 rem
581 4814 853 4867 dedieatas
881 4812 1166 4879 postremis
1197 4810 1276 4866 bis
1302 4812 1489 4866 diebus
1518 4813 1822 4881 accepimus
1854 4832 1865 4867 :
1891 4829 2026 4884 qua-

445 4912 568 4958 tuor
597 4903 963 4973 parochiales,
992 4901 1139 4957 Comi
1161 4945 1174 4969 ,
1207 4903 1476 4964 Tresollii.
1520 4904 1757 4958 Albiveri
1778 4948 1792 4970 ,
1825 4905 2024 4971 Seniei,

444 5003 501 5049 et
528 4996 772 5065 quintum
798 4994 1091 5049 oratorium
1122 4996 1171 5048 in
1207 4997 1435 5065 partecia
1464 4996 1840 5050 Cnrnascensi.

513 5087 569 5141 In
606 5088 841 5143 Vicetina
862 5086 1084 5143 diuicesi
1117 5098 1224 5143 tres
1251 5088 1586 5159 parochiales
1607 5090 1871 5152 ecclesiae,
1905 5086 2029 5142 Col-

443 5176 523 5241 tii,
554 5178 792 5248 Resegze,
818 5189 870 5234 et
902 5179 958 5233 S.
994 5177 1223 5233 Zenonis
1256 5179 1308 5233 in
1342 5178 1661 5233 Bassanensi
1694 5193 1823 5247 agro
1851 5178 2023 5232 eidem

442 5266 642 5320 Sancto
693 5279 1007 5338 nuncupata:
1040 5272 1148 5339 jam
1176 5271 1269 5323 ‘ab
1304 5270 1527 5337 antiquo
1577 5276 1772 5335 praeter
1808 5284 2022 5324 omnem

443 5361 752 5413 memoriam
786 5363 1060 5417 hominum
1092 5366 1475 5422 inveniuntur;
1526 5372 1581 5417 et
1626 5362 1733 5417 duo
1762 5374 2023 5432 praeterea

442 5454 673 5506 oratoria
702 5496 715 5518 ,
756 5454 982 5508 alterum
1025 5457 1403 5525 perantiquum
1454 5456 1505 5509 in
1559 5471 1692 5525 rupe
1740 5458 2019 5527 cujusdam

441 5542 657 5605 moirtis,
686 5544 751 5596 ad
799 5543 1014 5598 Costatn
1068 5544 1346 5598 Fabricam
1399 5546 1722 5613 insculptum
1746 5588 1759 5609 ,
1792 5548 2022 5600 alterum

440 5643 739 5711 campestre
794 5635 1079 5704 Arzignani
1144 5635 1423 5703 parochi»~
1477 5638 1777 5703 subjectum
1828 5636 2019 5690 eodem

405 5742 413 5749 ·
438 5725 592 5780 titulo
612 5724 863 5795 gaudent.

2136 4628 2330 4681 i'cstum
2360 4628 2685 4697 celebratur,
2712 4646 2833 4684 cum
2860 4638 3019 4686 antea
3044 4640 3272 4697 utroque
3292 4630 3382 4685 die
3411 4640 3467 4685 ct
3488 4631 3699 4686 ofﬁcium

2137 4728 2191 4774 et
2224 4722 2402 4774 missa:
2435 4721 2660 4774 Soletnni
2693 4721 2797 4775 ritu
2826 4719 3038 4775 fierent.
3074 4720 3129 4775 In
3154 4721 3310 4775 Brevi
3342 4720 3630 4785 Alexandri
3656 4736 3699 4775 ιιι

2136 4828 2223 4865 an.
2276 4811 2447 4877 ιιῑο,
2504 4828 2601 4883 pro
2645 4813 2940 4867 Tarvisiote
2984 4813 3228 4868 ecclesiae
3276 4813 3528 4884 Capituto
3579 4813 3698 4884 apud

2136 4903 2459 4973 Ughellium,
2493 4920 2611 4973 pag.
2642 4904 2771 4966 526,
2796 4903 3140 4959 nominantur
3166 4914 3314 4958 terra’
3343 4907 3555 4973 vicinw,
3596 4921 3699 4976 quas

2131 4995 2346 5062 habetis,
2380 4999 2572 5066 inquit,
2596 4997 2650 5050 in
2682 4996 2742 5052 S.
2774 4996 3001 5063 Zenone,
3033 5011 3087 5051 at
3113 4996 3549 5065 hujusecdesizc
3575 4998 3696 5056 nulla

2132 5104 2271 5141 nunc
2313 5091 2573 5143 memoria
2602 5103 2870 5161 superest.
2912 5092 3051 5145 Intra
3099 5093 3231 5145 ﬁnes
3274 5096 3598 5162 parochialis
3628 5108 3697 5148 ee-

2128 5179 2307 5233 clesia:
2359 5178 2414 5232 8.
2470 5179 2721 5246 Martini,
2770 5198 2889 5253 qua:
2931 5199 2958 5234 a
3007 5182 3249 5238 Tarvisio
3275 5183 3442 5239 distat
3471 5186 3699 5255 passibus

2133 5269 2302 5323 ferme
2348 5270 2515 5332 mille,
2549 5270 2819 5327 invenitur
2848 5273 3019 5328 adhuc
3068 5289 3225 5343 parva
3250 5278 3482 5331 ecclesia
3511 5277 3569 5331 8.
3619 5275 3698 5327 Ze—

2131 5362 2255 5414 noni
2286 5375 2456 5414 sacra.
2491 5361 2636 5415 lianc
2664 5374 2841 5418 autent
2872 5366 3240 5436 perantiquam
3260 5382 3405 5432 esse,
3429 5374 3483 5420 et
3506 5378 3697 5420 monas-

2131 5452 2323 5504 terium
2354 5454 2622 5521 quomlam
2652 5454 2819 5511 fuisse
2842 5456 3140 5526 Virginum,
3170 5473 3290 5527 quae
3315 5457 3510 5512 Abbati
3530 5454 3695 5531 magni

2128 5547 2455 5603 (Σιωπῇ-8.
2484 5549 2717 5605 Zenonis
2748 5552 2973 5608 Verona:
2999 5555 3315 5607 exsistentis
3342 5553 3582 5618 suberat,
3600 5552 3695 5606 col-

2127 5640 2307 5706 ligitur
2334 5655 2397 5691 ex
2420 5640 2602 5693 charta
2641 5659 2730 5695 an.
2769 5643 2928 5707 1258,
2963 5657 2992 5694 a
3027 5641 3242 5693 laudato
3269 5640 3551 5699 Canonico
3576 5643 3697 5699 indiv

2127 5741 2267 5792 cata,
2300 5727 2354 5783 in
2382 5742 2485 5797 qua
2516 5728 2739 5787 Domina
2759 5732 2946 5799 Agnes,
2964 5730 3089 5796 .cjus
3114 5728 3379 5789 Tarvisin!
3403 5727 3695 5796 motiusteril
