  <div class='ocr_page' id='page_1' title='image "/cluster/home/n/w/nwhite01/storage/ocr_20150623/11/uva.x000826576/100.png"; bbox 0 0 3820 6220; ppageno 0'>
   <div class='ocr_carea' id='block_1_1' title="bbox 158 285 259 339">
    <p class='ocr_par' dir='ltr' id='par_1_1' title="bbox 158 285 259 339">
     <span class='ocr_line' id='line_1_1' title="bbox 158 285 259 339; baseline 0.02 -3"><span class='ocrx_word' id='word_1_1' title='bbox 158 285 259 339; x_wconf 63' lang='lat' dir='ltr'><strong>H5</strong></span> 
     </span>
    </p>
   </div>
   <div class='ocr_carea' id='block_1_2' title="bbox 969 269 2623 350">
    <p class='ocr_par' dir='ltr' id='par_1_2' title="bbox 969 269 2623 350">
     <span class='ocr_line' id='line_1_2' title="bbox 969 269 2623 350; baseline 0.007 -12"><span class='ocrx_word' id='word_1_2' title='bbox 969 282 1418 340; x_wconf 62' lang='lat' dir='ltr'><strong>titSseuTArto</strong></span> <span class='ocrx_word' id='word_1_3' title='bbox 1444 283 1530 349; x_wconf 92' lang='lat' dir='ltr'><strong>Ill,</strong></span> <span class='ocrx_word' id='word_1_4' title='bbox 1557 283 1643 339; x_wconf 79' lang='lat' dir='ltr'><strong>DE</strong></span> <span class='ocrx_word' id='word_1_5' title='bbox 1678 284 1732 338; x_wconf 80' lang='lat' dir='ltr'><strong>s.</strong></span> <span class='ocrx_word' id='word_1_6' title='bbox 1764 285 1914 340; x_wconf 70' lang='grc' dir='ltr'><strong>ΖΕΝ.</strong></span> <span class='ocrx_word' id='word_1_7' title='bbox 1952 286 2149 343; x_wconf 65' lang='grc' dir='ltr'>Λιινιις</span> <span class='ocrx_word' id='word_1_8' title='bbox 2180 288 2265 345; x_wconf 82' lang='lat' dir='ltr'><strong>ET</strong></span> <span class='ocrx_word' id='word_1_9' title='bbox 2293 290 2542 350; x_wconf 73' lang='lat' dir='ltr'><strong>cuc&#39;ru.</strong></span> <span class='ocrx_word' id='word_1_10' title='bbox 2609 269 2623 279; x_wconf 79' lang='grc'><em>’</em></span> 
     </span>
    </p>
   </div>
   <div class='ocr_carea' id='block_1_3' title="bbox 3280 302 3383 356">
    <p class='ocr_par' dir='ltr' id='par_1_3' title="bbox 3280 302 3383 356">
     <span class='ocr_line' id='line_1_3' title="bbox 3280 302 3383 356; baseline -0.039 0"><span class='ocrx_word' id='word_1_11' title='bbox 3280 302 3383 356; x_wconf 65' lang='lat'><strong>{86</strong></span> 
     </span>
    </p>
   </div>
   <div class='ocr_carea' id='block_1_4' title="bbox 154 398 3389 471">
    <p class='ocr_par' dir='ltr' id='par_1_4' title="bbox 154 398 3389 471">
     <span class='ocr_line' id='line_1_4' title="bbox 154 398 3389 471; baseline 0.004 -15"><span class='ocrx_word' id='word_1_12' title='bbox 154 401 207 456; x_wconf 84' lang='lat' dir='ltr'><strong>S.</strong></span> <span class='ocrx_word' id='word_1_13' title='bbox 259 400 473 455; x_wconf 81' lang='lat' dir='ltr'><strong>Zenonis</strong></span> <span class='ocrx_word' id='word_1_14' title='bbox 519 400 791 463; x_wconf 84' lang='lat' dir='ltr'><strong>monialis,</strong></span> <span class='ocrx_word' id='word_1_15' title='bbox 830 398 1015 456; x_wconf 85' lang='lat' dir='ltr'><strong>eodem</strong></span> <span class='ocrx_word' id='word_1_16' title='bbox 1060 400 1265 455; x_wconf 80' lang='lat' dir='ltr'><strong>Abbate</strong></span> <span class='ocrx_word' id='word_1_17' title='bbox 1332 400 1702 455; x_wconf 85' lang='lat' dir='ltr'><strong>consentiente</strong></span> <span class='ocrx_word' id='word_1_18' title='bbox 1731 404 1783 464; x_wconf 83' lang='grc' dir='ltr'><strong>Α</strong></span> <span class='ocrx_word' id='word_1_19' title='bbox 1811 411 1919 469; x_wconf 88' lang='lat' dir='ltr'><strong>nct,</strong></span> <span class='ocrx_word' id='word_1_20' title='bbox 1981 419 2029 457; x_wconf 86' lang='lat' dir='ltr'><strong>vt</strong></span> <span class='ocrx_word' id='word_1_21' title='bbox 2067 404 2187 459; x_wconf 89' lang='lat' dir='ltr'><strong>ldus</strong></span> <span class='ocrx_word' id='word_1_22' title='bbox 2220 406 2533 463; x_wconf 84' lang='lat' dir='ltr'><strong>Decembris</strong></span> <span class='ocrx_word' id='word_1_23' title='bbox 2581 411 2694 467; x_wconf 77' lang='lat' dir='ltr'><strong>hmc</strong></span> <span class='ocrx_word' id='word_1_24' title='bbox 2750 413 2802 468; x_wconf 88' lang='lat' dir='ltr'><strong>itt</strong></span> <span class='ocrx_word' id='word_1_25' title='bbox 2846 412 3168 471; x_wconf 73' lang='lat' dir='ltr'><strong>Calendario</strong></span> <span class='ocrx_word' id='word_1_26' title='bbox 3211 426 3389 471; x_wconf 86' lang='lat' dir='ltr'><strong>notata</strong></span> 
     </span>
    </p>
   </div>
   <div class='ocr_carea' id='block_1_5' title="bbox 156 490 1706 565">
    <p class='ocr_par' dir='ltr' id='par_1_5' title="bbox 156 490 1706 565">
     <span class='ocr_line' id='line_1_5' title="bbox 156 490 1706 565; baseline 0.001 -20"><span class='ocrx_word' id='word_1_27' title='bbox 156 491 321 545; x_wconf 78' lang='lat' dir='ltr'><strong>Fratri</strong></span> <span class='ocrx_word' id='word_1_28' title='bbox 350 490 586 546; x_wconf 72' lang='lat' dir='ltr'><strong>Mattiaco</strong></span> <span class='ocrx_word' id='word_1_29' title='bbox 623 491 791 546; x_wconf 77' lang='lat' dir='ltr'><strong>Priori</strong></span> <span class='ocrx_word' id='word_1_30' title='bbox 821 494 973 547; x_wconf 86' lang='lat' dir='ltr'><strong>totius</strong></span> <span class='ocrx_word' id='word_1_31' title='bbox 997 493 1192 547; x_wconf 80' lang='lat' dir='ltr'><strong>ordinis</strong></span> <span class='ocrx_word' id='word_1_32' title='bbox 1214 496 1437 565; x_wconf 74' lang='lat' dir='ltr'><strong>fratrum</strong></span> <span class='ocrx_word' id='word_1_33' title='bbox 1470 491 1706 547; x_wconf 82' lang='lat' dir='ltr'><strong>Heremi-</strong></span> 
     </span>
    </p>
   </div>
   <div class='ocr_carea' id='block_1_6' title="bbox 158 576 1705 655">
    <p class='ocr_par' dir='ltr' id='par_1_6' title="bbox 158 576 1705 655">
     <span class='ocr_line' id='line_1_6' title="bbox 158 576 1705 655; baseline 0.003 -20"><span class='ocrx_word' id='word_1_34' title='bbox 158 594 379 636; x_wconf 77' lang='lat' dir='ltr'><strong>tenorum</strong></span> <span class='ocrx_word' id='word_1_35' title='bbox 417 597 505 637; x_wconf 88' lang='lat' dir='ltr'><strong>eas</strong></span> <span class='ocrx_word' id='word_1_36' title='bbox 547 597 732 637; x_wconf 87' lang='lat' dir='ltr'><strong>omnes</strong></span> <span class='ocrx_word' id='word_1_37' title='bbox 773 583 1010 639; x_wconf 84' lang='lat' dir='ltr'><strong>rationes</strong></span> <span class='ocrx_word' id='word_1_38' title='bbox 1058 584 1274 638; x_wconf 84' lang='lat' dir='ltr'><strong>donavit</strong></span> <span class='ocrx_word' id='word_1_39' title='bbox 1301 576 1336 651; x_wconf 30' lang='lat'><strong>,&#39;</strong></span> <span class='ocrx_word' id='word_1_40' title='bbox 1365 600 1484 655; x_wconf 73' lang='lat' dir='ltr'><strong>qua:</strong></span> <span class='ocrx_word' id='word_1_41' title='bbox 1534 585 1585 637; x_wconf 93' lang='lat' dir='ltr'><strong>in</strong></span> <span class='ocrx_word' id='word_1_42' title='bbox 1640 598 1705 639; x_wconf 86' lang='lat' dir='ltr'><strong>ea</strong></span> 
     </span>
    </p>
   </div>
   <div class='ocr_carea' id='block_1_7' title="bbox 154 672 1700 744">
    <p class='ocr_par' dir='ltr' id='par_1_7' title="bbox 154 672 1700 744">
     <span class='ocr_line' id='line_1_7' title="bbox 154 672 1700 744; baseline -0.001 -14"><span class='ocrx_word' id='word_1_43' title='bbox 154 676 206 731; x_wconf 89' lang='lat' dir='ltr'><strong>S.</strong></span> <span class='ocrx_word' id='word_1_44' title='bbox 236 676 447 729; x_wconf 81' lang='lat' dir='ltr'><strong>Zenonis</strong></span> <span class='ocrx_word' id='word_1_45' title='bbox 486 672 713 731; x_wconf 74' lang='lat' dir='ltr'><strong>ecclesia</strong></span> <span class='ocrx_word' id='word_1_46' title='bbox 746 677 842 732; x_wconf 87' lang='lat' dir='ltr'><strong>sibi</strong></span> <span class='ocrx_word' id='word_1_47' title='bbox 885 687 1037 733; x_wconf 89' lang='lat' dir='ltr'><strong>erant</strong></span> <span class='ocrx_word' id='word_1_48' title='bbox 1060 719 1073 741; x_wconf 93' lang='lat'><strong>,</strong></span> <span class='ocrx_word' id='word_1_49' title='bbox 1104 692 1210 733; x_wconf 90' lang='lat' dir='ltr'><strong>uno</strong></span> <span class='ocrx_word' id='word_1_50' title='bbox 1248 679 1523 732; x_wconf 89' lang='lat' dir='ltr'><strong>usulructu</strong></span> <span class='ocrx_word' id='word_1_51' title='bbox 1560 677 1700 744; x_wconf 88' lang='lat' dir='ltr'><strong>sibi,</strong></span> 
     </span>
    </p>
   </div>
   <div class='ocr_carea' id='block_1_8' title="bbox 155 750 1699 840">
    <p class='ocr_par' dir='ltr' id='par_1_8' title="bbox 155 750 1699 840">
     <span class='ocr_line' id='line_1_8' title="bbox 155 750 1699 840; baseline 0.001 -19"><span class='ocrx_word' id='word_1_52' title='bbox 155 750 307 839; x_wconf 83' lang='lat' dir='ltr'><strong>quoad</strong></span> <span class='ocrx_word' id='word_1_53' title='bbox 335 769 550 834; x_wconf 78' lang='lat' dir='ltr'><strong>viveret,</strong></span> <span class='ocrx_word' id='word_1_54' title='bbox 586 780 813 835; x_wconf 86' lang='lat' dir='ltr'><strong>retento,</strong></span> <span class='ocrx_word' id='word_1_55' title='bbox 842 771 911 824; x_wconf 87' lang='lat' dir='ltr'><strong>ita</strong></span> <span class='ocrx_word' id='word_1_56' title='bbox 938 779 994 823; x_wconf 90' lang='lat' dir='ltr'><strong>ut</strong></span> <span class='ocrx_word' id='word_1_57' title='bbox 1017 770 1191 824; x_wconf 83' lang='lat' dir='ltr'><strong>solum</strong></span> <span class='ocrx_word' id='word_1_58' title='bbox 1217 783 1331 840; x_wconf 79' lang='lat' dir='ltr'><strong>ant</strong></span> <span class='ocrx_word' id='word_1_59' title='bbox 1365 771 1533 840; x_wconf 87' lang='lat' dir='ltr'><strong>ipsius</strong></span> <span class='ocrx_word' id='word_1_60' title='bbox 1556 786 1699 823; x_wconf 84' lang='lat' dir='ltr'><strong>mor-</strong></span> 
     </span>
    </p>
   </div>
   <div class='ocr_carea' id='block_1_9' title="bbox 157 845 1703 929">
    <p class='ocr_par' dir='ltr' id='par_1_9' title="bbox 157 845 1703 929">
     <span class='ocr_line' id='line_1_9' title="bbox 157 845 1703 929; baseline 0.003 -17"><span class='ocrx_word' id='word_1_61' title='bbox 157 870 248 914; x_wconf 86' lang='lat' dir='ltr'><strong>tem</strong></span> <span class='ocrx_word' id='word_1_62' title='bbox 274 858 582 914; x_wconf 87' lang='lat' dir='ltr'><strong>lleremitani</strong></span> <span class='ocrx_word' id='word_1_63' title='bbox 616 860 811 914; x_wconf 79' lang='lat' dir='ltr'><strong>fratres</strong></span> <span class='ocrx_word' id='word_1_64' title='bbox 854 862 905 915; x_wconf 89' lang='lat' dir='ltr'><strong>in</strong></span> <span class='ocrx_word' id='word_1_65' title='bbox 947 875 1133 915; x_wconf 87' lang='lat' dir='ltr'><strong>earum</strong></span> <span class='ocrx_word' id='word_1_66' title='bbox 1181 845 1448 916; x_wconf 82' lang='lat' dir='ltr'><strong>rationum</strong></span> <span class='ocrx_word' id='word_1_67' title='bbox 1493 877 1703 929; x_wconf 87' lang='lat' dir='ltr'><strong>posses-</strong></span> 
     </span>
    </p>
   </div>
   <div class='ocr_carea' id='block_1_10' title="bbox 154 951 1703 1028">
    <p class='ocr_par' dir='ltr' id='par_1_10' title="bbox 154 951 1703 1028">
     <span class='ocr_line' id='line_1_10' title="bbox 154 951 1703 1028; baseline 0.001 -22"><span class='ocrx_word' id='word_1_68' title='bbox 154 951 333 1006; x_wconf 85' lang='lat' dir='ltr'><strong>sionem</strong></span> <span class='ocrx_word' id='word_1_69' title='bbox 360 952 632 1006; x_wconf 82' lang='lat' dir='ltr'><strong>venirent:</strong></span> <span class='ocrx_word' id='word_1_70' title='bbox 654 951 796 1021; x_wconf 90' lang='lat' dir='ltr'><strong>quod</strong></span> <span class='ocrx_word' id='word_1_71' title='bbox 813 951 1027 1018; x_wconf 84' lang='lat' dir='ltr'><strong>quidem</strong></span> <span class='ocrx_word' id='word_1_72' title='bbox 1046 967 1145 1007; x_wconf 90' lang='lat' dir='ltr'><strong>suo</strong></span> <span class='ocrx_word' id='word_1_73' title='bbox 1172 962 1413 1024; x_wconf 84' lang='lat' dir='ltr'><strong>tempore</strong></span> <span class='ocrx_word' id='word_1_74' title='bbox 1439 951 1568 1028; x_wconf 82' lang='lat' dir='ltr'><strong>[cu]</strong></span> <span class='ocrx_word' id='word_1_75' title='bbox 1597 952 1703 1008; x_wconf 84' lang='lat' dir='ltr'><strong>lac-</strong></span> 
     </span>
    </p>
   </div>
   <div class='ocr_carea' id='block_1_11' title="bbox 156 1042 1702 1116">
    <p class='ocr_par' dir='ltr' id='par_1_11' title="bbox 156 1042 1702 1116">
     <span class='ocr_line' id='line_1_11' title="bbox 156 1042 1702 1116; baseline 0.005 -21"><span class='ocrx_word' id='word_1_76' title='bbox 156 1050 250 1095; x_wconf 83' lang='lat' dir='ltr'><strong>tuut</strong></span> <span class='ocrx_word' id='word_1_77' title='bbox 269 1057 325 1096; x_wconf 81' lang='lat' dir='ltr'><strong>ex</strong></span> <span class='ocrx_word' id='word_1_78' title='bbox 353 1042 449 1096; x_wconf 90' lang='lat' dir='ltr'><strong>alia</strong></span> <span class='ocrx_word' id='word_1_79' title='bbox 473 1042 659 1097; x_wconf 87' lang='lat' dir='ltr'><strong>charta</strong></span> <span class='ocrx_word' id='word_1_80' title='bbox 686 1043 751 1097; x_wconf 89' lang='lat' dir='ltr'><strong>ab</strong></span> <span class='ocrx_word' id='word_1_81' title='bbox 777 1043 965 1099; x_wconf 90' lang='lat' dir='ltr'><strong>eodem</strong></span> <span class='ocrx_word' id='word_1_82' title='bbox 992 1043 1269 1101; x_wconf 86' lang='lat' dir='ltr'><strong>Canonico</strong></span> <span class='ocrx_word' id='word_1_83' title='bbox 1301 1047 1513 1101; x_wconf 84' lang='lat' dir='ltr'><strong>iuventa</strong></span> <span class='ocrx_word' id='word_1_84' title='bbox 1538 1058 1702 1116; x_wconf 88' lang='lat' dir='ltr'><strong>atque</strong></span> 
     </span>
    </p>
   </div>
   <div class='ocr_carea' id='block_1_12' title="bbox 152 1131 1702 1206">
    <p class='ocr_par' dir='ltr' id='par_1_12' title="bbox 152 1131 1702 1206">
     <span class='ocr_line' id='line_1_12' title="bbox 152 1131 1702 1206; baseline 0.006 -19"><span class='ocrx_word' id='word_1_85' title='bbox 152 1132 348 1187; x_wconf 87' lang='lat' dir='ltr'><strong>collecta</strong></span> <span class='ocrx_word' id='word_1_86' title='bbox 393 1131 731 1189; x_wconf 79' lang='lat' dir='ltr'><strong>manifestum</strong></span> <span class='ocrx_word' id='word_1_87' title='bbox 762 1145 866 1189; x_wconf 89' lang='lat' dir='ltr'><strong>est.</strong></span> <span class='ocrx_word' id='word_1_88' title='bbox 890 1134 947 1191; x_wconf 87' lang='lat' dir='ltr'><strong>In</strong></span> <span class='ocrx_word' id='word_1_89' title='bbox 976 1135 1072 1190; x_wconf 86' lang='lat' dir='ltr'><strong>hac</strong></span> <span class='ocrx_word' id='word_1_90' title='bbox 1097 1152 1259 1206; x_wconf 87' lang='lat' dir='ltr'><strong>porro</strong></span> <span class='ocrx_word' id='word_1_91' title='bbox 1288 1139 1510 1194; x_wconf 73' lang='lat' dir='ltr'><strong>ecclesia</strong></span> <span class='ocrx_word' id='word_1_92' title='bbox 1542 1140 1702 1197; x_wconf 90' lang='lat' dir='ltr'><strong>hodie</strong></span> 
     </span>
    </p>
   </div>
   <div class='ocr_carea' id='block_1_13' title="bbox 152 1225 1695 1300">
    <p class='ocr_par' dir='ltr' id='par_1_13' title="bbox 152 1225 1695 1300">
     <span class='ocr_line' id='line_1_13' title="bbox 152 1225 1695 1300; baseline 0.006 -23"><span class='ocrx_word' id='word_1_93' title='bbox 152 1239 335 1293; x_wconf 88' lang='lat' dir='ltr'><strong>quoque</strong></span> <span class='ocrx_word' id='word_1_94' title='bbox 383 1239 527 1279; x_wconf 87' lang='lat' dir='ltr'><strong>sacra</strong></span> <span class='ocrx_word' id='word_1_95' title='bbox 572 1225 640 1280; x_wconf 90' lang='lat' dir='ltr'><strong>de</strong></span> <span class='ocrx_word' id='word_1_96' title='bbox 694 1225 1003 1281; x_wconf 72' lang='grc' dir='ltr'><strong>οοηῐιιεεοτθ</strong></span> <span class='ocrx_word' id='word_1_97' title='bbox 1051 1226 1307 1283; x_wconf 83' lang='lat' dir='ltr'><strong>Pontiliee</strong></span> <span class='ocrx_word' id='word_1_98' title='bbox 1352 1243 1695 1300; x_wconf 79' lang='lat' dir='ltr'><strong>peraguntur.</strong></span> 
     </span>
    </p>
   </div>
   <div class='ocr_carea' id='block_1_14' title="bbox 152 1316 1702 1390">
    <p class='ocr_par' dir='ltr' id='par_1_14' title="bbox 152 1316 1702 1390">
     <span class='ocr_line' id='line_1_14' title="bbox 152 1316 1702 1390; baseline 0.006 -20"><span class='ocrx_word' id='word_1_99' title='bbox 152 1316 397 1372; x_wconf 72' lang='lat' dir='ltr'><strong>Postuma:</strong></span> <span class='ocrx_word' id='word_1_100' title='bbox 421 1318 716 1374; x_wconf 69' lang='lat' dir='ltr'><strong>Tarvisinm</strong></span> <span class='ocrx_word' id='word_1_101' title='bbox 741 1320 939 1390; x_wconf 90' lang='lat' dir='ltr'><strong>pariter</strong></span> <span class='ocrx_word' id='word_1_102' title='bbox 966 1320 1217 1378; x_wconf 69' lang='lat' dir='ltr'><strong>dimcesis</strong></span> <span class='ocrx_word' id='word_1_103' title='bbox 1253 1321 1310 1378; x_wconf 89' lang='lat' dir='ltr'><strong>S.</strong></span> <span class='ocrx_word' id='word_1_104' title='bbox 1354 1322 1586 1378; x_wconf 77' lang='lat' dir='ltr'><strong>Zenonis</strong></span> <span class='ocrx_word' id='word_1_105' title='bbox 1614 1341 1702 1380; x_wconf 88' lang='lat' dir='ltr'><strong>ec-</strong></span> 
     </span>
    </p>
   </div>
   <div class='ocr_carea' id='block_1_15' title="bbox 153 1411 1699 1486">
    <p class='ocr_par' dir='ltr' id='par_1_15' title="bbox 153 1411 1699 1486">
     <span class='ocr_line' id='line_1_15' title="bbox 153 1411 1699 1486; baseline 0.008 -21"><span class='ocrx_word' id='word_1_106' title='bbox 153 1411 291 1465; x_wconf 83' lang='lat' dir='ltr'><strong>clesia</strong></span> <span class='ocrx_word' id='word_1_107' title='bbox 331 1422 588 1482; x_wconf 78' lang='lat' dir='ltr'><strong>superest,</strong></span> <span class='ocrx_word' id='word_1_108' title='bbox 624 1415 674 1467; x_wconf 90' lang='lat' dir='ltr'><strong>in</strong></span> <span class='ocrx_word' id='word_1_109' title='bbox 723 1430 827 1484; x_wconf 84' lang='lat' dir='ltr'><strong>qua</strong></span> <span class='ocrx_word' id='word_1_110' title='bbox 882 1414 1057 1469; x_wconf 86' lang='lat' dir='ltr'><strong>Pridie</strong></span> <span class='ocrx_word' id='word_1_111' title='bbox 1086 1416 1211 1471; x_wconf 88' lang='lat' dir='ltr'><strong>ldus</strong></span> <span class='ocrx_word' id='word_1_112' title='bbox 1261 1419 1463 1486; x_wconf 81' lang='lat' dir='ltr'><strong>Aprilis</strong></span> <span class='ocrx_word' id='word_1_113' title='bbox 1502 1420 1699 1477; x_wconf 82' lang='lat' dir='ltr'><strong>festum</strong></span> 
     </span>
    </p>
   </div>
   <div class='ocr_carea' id='block_1_16' title="bbox 152 1505 1699 1582">
    <p class='ocr_par' dir='ltr' id='par_1_16' title="bbox 152 1505 1699 1582">
     <span class='ocr_line' id='line_1_16' title="bbox 152 1505 1699 1582; baseline 0.008 -24"><span class='ocrx_word' id='word_1_114' title='bbox 152 1505 434 1575; x_wconf 75' lang='lat' dir='ltr'><strong>celebratur.</strong></span> <span class='ocrx_word' id='word_1_115' title='bbox 464 1506 539 1561; x_wconf 91' lang='lat' dir='ltr'><strong>lbi</strong></span> <span class='ocrx_word' id='word_1_116' title='bbox 559 1517 740 1562; x_wconf 90' lang='lat' dir='ltr'><strong>autem</strong></span> <span class='ocrx_word' id='word_1_117' title='bbox 772 1508 912 1563; x_wconf 89' lang='lat' dir='ltr'><strong>idem</strong></span> <span class='ocrx_word' id='word_1_118' title='bbox 947 1508 1173 1565; x_wconf 88' lang='lat' dir='ltr'><strong>Sanctus</strong></span> <span class='ocrx_word' id='word_1_119' title='bbox 1196 1512 1463 1582; x_wconf 71' lang='lat' dir='ltr'><strong>prtec&#39;ipuo</strong></span> <span class='ocrx_word' id='word_1_120' title='bbox 1494 1513 1699 1571; x_wconf 85' lang='lat' dir='ltr'><strong>honore</strong></span> 
     </span>
    </p>
   </div>
   <div class='ocr_carea' id='block_1_17' title="bbox 152 1598 1696 1678">
    <p class='ocr_par' dir='ltr' id='par_1_17' title="bbox 152 1598 1696 1678">
     <span class='ocr_line' id='line_1_17' title="bbox 152 1598 1696 1678; baseline 0.007 -27"><span class='ocrx_word' id='word_1_121' title='bbox 152 1598 544 1671; x_wconf 88' lang='lat' dir='ltr'><strong>populorumque</strong></span> <span class='ocrx_word' id='word_1_122' title='bbox 576 1600 924 1657; x_wconf 79' lang='lat' dir='ltr'><strong>ﬁnitimorum</strong></span> <span class='ocrx_word' id='word_1_123' title='bbox 955 1603 1215 1675; x_wconf 80' lang='lat' dir='ltr'><strong>religione</strong></span> <span class='ocrx_word' id='word_1_124' title='bbox 1250 1605 1480 1674; x_wconf 78' lang='lat' dir='ltr'><strong>quadam</strong></span> <span class='ocrx_word' id='word_1_125' title='bbox 1510 1608 1696 1678; x_wconf 88' lang='lat' dir='ltr'><strong>singu-</strong></span> 
     </span>
    </p>
   </div>
   <div class='ocr_carea' id='block_1_18' title="bbox 152 1678 1697 1766">
    <p class='ocr_par' dir='ltr' id='par_1_18' title="bbox 152 1678 1697 1766">
     <span class='ocr_line' id='line_1_18' title="bbox 152 1678 1697 1766; baseline 0.005 -23"><span class='ocrx_word' id='word_1_126' title='bbox 152 1690 240 1744; x_wconf 86' lang='lat' dir='ltr'><strong>lari</strong></span> <span class='ocrx_word' id='word_1_127' title='bbox 260 1690 453 1757; x_wconf 77' lang='lat' dir='ltr'><strong>colitur,</strong></span> <span class='ocrx_word' id='word_1_128' title='bbox 476 1693 675 1762; x_wconf 85' lang='lat' dir='ltr'><strong>quippe</strong></span> <span class='ocrx_word' id='word_1_129' title='bbox 707 1693 929 1763; x_wconf 79' lang='lat' dir='ltr'><strong>singulis</strong></span> <span class='ocrx_word' id='word_1_130' title='bbox 966 1678 1169 1763; x_wconf 87' lang='lat' dir='ltr'><strong>quartis</strong></span> <span class='ocrx_word' id='word_1_131' title='bbox 1200 1695 1492 1751; x_wconf 77' lang='lat' dir='ltr'><strong>Dominicis</strong></span> <span class='ocrx_word' id='word_1_132' title='bbox 1518 1699 1697 1766; x_wconf 88' lang='lat' dir='ltr'><strong>cujus-</strong></span> 
     </span>
    </p>
   </div>
   <div class='ocr_carea' id='block_1_19' title="bbox 1802 494 3391 579">
    <p class='ocr_par' dir='ltr' id='par_1_19' title="bbox 1802 494 3391 579">
     <span class='ocr_line' id='line_1_19' title="bbox 1802 494 3391 579; baseline 0.008 -32"><span class='ocrx_word' id='word_1_133' title='bbox 1802 494 2029 564; x_wconf 40' lang='lat' dir='ltr'><strong>.praelert</strong></span> <span class='ocrx_word' id='word_1_134' title='bbox 2063 514 2075 550; x_wconf 93' lang='lat'>:</span> <span class='ocrx_word' id='word_1_135' title='bbox 2120 495 2394 569; x_wconf 87' lang='lat' dir='ltr'><strong>Conceptio</strong></span> <span class='ocrx_word' id='word_1_136' title='bbox 2422 501 2484 556; x_wconf 86' lang='lat' dir='ltr'><strong>S.</strong></span> <span class='ocrx_word' id='word_1_137' title='bbox 2524 501 2709 559; x_wconf 78' lang='lat' dir='ltr'><strong>Maria:</strong></span> <span class='ocrx_word' id='word_1_138' title='bbox 2750 505 2887 578; x_wconf 88' lang='lat' dir='ltr'><strong>Virg.</strong></span> <span class='ocrx_word' id='word_1_139' title='bbox 2924 505 3143 563; x_wconf 80' lang='lat' dir='ltr'><strong>Zenonis</strong></span> <span class='ocrx_word' id='word_1_140' title='bbox 3172 509 3391 579; x_wconf 75' lang='lat' dir='ltr'><strong>episcopi</strong></span> 
     </span>
    </p>
   </div>
   <div class='ocr_carea' id='block_1_20' title="bbox 1807 588 3387 669">
    <p class='ocr_par' dir='ltr' id='par_1_20' title="bbox 1807 588 3387 669">
     <span class='ocr_line' id='line_1_20' title="bbox 1807 588 3387 669; baseline 0.008 -26"><span class='ocrx_word' id='word_1_141' title='bbox 1807 598 1852 643; x_wconf 85' lang='lat' dir='ltr'><strong>et</strong></span> <span class='ocrx_word' id='word_1_142' title='bbox 1883 588 2207 657; x_wconf 73' lang='lat' dir='ltr'><strong>confessoris,</strong></span> <span class='ocrx_word' id='word_1_143' title='bbox 2235 607 2299 646; x_wconf 87' lang='lat' dir='ltr'><strong>ex</strong></span> <span class='ocrx_word' id='word_1_144' title='bbox 2327 595 2521 663; x_wconf 91' lang='lat' dir='ltr'><strong>quibus</strong></span> <span class='ocrx_word' id='word_1_145' title='bbox 2560 612 2619 651; x_wconf 91' lang='lat' dir='ltr'><strong>ea</strong></span> <span class='ocrx_word' id='word_1_146' title='bbox 2658 598 2897 654; x_wconf 79' lang='lat' dir='ltr'><strong>Ecclesia</strong></span> <span class='ocrx_word' id='word_1_147' title='bbox 2932 601 3114 655; x_wconf 91' lang='lat' dir='ltr'><strong>Sancti</strong></span> <span class='ocrx_word' id='word_1_148' title='bbox 3150 601 3387 669; x_wconf 75' lang='lat' dir='ltr'><strong>ejusdem</strong></span> 
     </span>
    </p>
   </div>
   <div class='ocr_carea' id='block_1_21' title="bbox 1806 687 3386 763">
    <p class='ocr_par' dir='ltr' id='par_1_21' title="bbox 1806 687 3386 763">
     <span class='ocr_line' id='line_1_21' title="bbox 1806 687 3386 763; baseline 0.009 -30"><span class='ocrx_word' id='word_1_149' title='bbox 1806 687 2372 740; x_wconf 80' lang='lat' dir='ltr'><strong>commemorationem</strong></span> <span class='ocrx_word' id='word_1_150' title='bbox 2405 696 2526 756; x_wconf 88' lang='lat' dir='ltr'><strong>post</strong></span> <span class='ocrx_word' id='word_1_151' title='bbox 2567 690 2837 747; x_wconf 82' lang='lat' dir='ltr'><strong>inductam</strong></span> <span class='ocrx_word' id='word_1_152' title='bbox 2863 693 3242 763; x_wconf 79' lang='lat' dir='ltr'><strong>Conceptionis</strong></span> <span class='ocrx_word' id='word_1_153' title='bbox 3279 693 3386 748; x_wconf 79' lang='lat' dir='ltr'><strong>fes-</strong></span> 
     </span>
    </p>
   </div>
   <div class='ocr_carea' id='block_1_22' title="bbox 1808 770 3391 859">
    <p class='ocr_par' dir='ltr' id='par_1_22' title="bbox 1808 770 3391 859">
     <span class='ocr_line' id='line_1_22' title="bbox 1808 770 3391 859; baseline 0.009 -32"><span class='ocrx_word' id='word_1_154' title='bbox 1808 774 2065 830; x_wconf 69' lang='lat' dir='ltr'><strong>tixitatem</strong></span> <span class='ocrx_word' id='word_1_155' title='bbox 2095 776 2284 833; x_wconf 75' lang='lat' dir='ltr'><strong>iecisse</strong></span> <span class='ocrx_word' id='word_1_156' title='bbox 2311 782 2669 850; x_wconf 62' lang='lat' dir='ltr'><strong>cognostsitur,</strong></span> <span class='ocrx_word' id='word_1_157' title='bbox 2705 799 2824 838; x_wconf 87' lang='lat' dir='ltr'><strong>cum</strong></span> <span class='ocrx_word' id='word_1_158' title='bbox 2858 795 3011 841; x_wconf 88' lang='lat' dir='ltr'><strong>antea</strong></span> <span class='ocrx_word' id='word_1_159' title='bbox 3045 786 3127 859; x_wconf 89' lang='lat' dir='ltr'><strong>(ut</strong></span> <span class='ocrx_word' id='word_1_160' title='bbox 3155 770 3281 841; x_wconf 87' lang='lat' dir='ltr'><strong>alibi</strong></span> <span class='ocrx_word' id='word_1_161' title='bbox 3303 799 3391 841; x_wconf 86' lang='lat' dir='ltr'><strong>ac-</strong></span> 
     </span>
    </p>
   </div>
   <div class='ocr_carea' id='block_1_23' title="bbox 1806 864 2995 939">
    <p class='ocr_par' dir='ltr' id='par_1_23' title="bbox 1806 864 2995 939">
     <span class='ocr_line' id='line_1_23' title="bbox 1806 864 2995 939; baseline 0.008 -19"><span class='ocrx_word' id='word_1_162' title='bbox 1806 864 1957 939; x_wconf 87' lang='lat' dir='ltr'><strong>cidit)</strong></span> <span class='ocrx_word' id='word_1_163' title='bbox 1982 867 2048 921; x_wconf 88' lang='lat' dir='ltr'><strong>de</strong></span> <span class='ocrx_word' id='word_1_164' title='bbox 2078 867 2134 923; x_wconf 88' lang='lat' dir='ltr'><strong>S.</strong></span> <span class='ocrx_word' id='word_1_165' title='bbox 2167 868 2385 935; x_wconf 84' lang='lat' dir='ltr'><strong>Zenone</strong></span> <span class='ocrx_word' id='word_1_166' title='bbox 2414 873 2649 927; x_wconf 77' lang='lat' dir='ltr'><strong>officium</strong></span> <span class='ocrx_word' id='word_1_167' title='bbox 2676 876 2995 931; x_wconf 75' lang='lat' dir='ltr'><strong>celebraret.</strong></span> 
     </span>
    </p>
   </div>
   <div class='ocr_carea' id='block_1_24' title="bbox 1879 960 3388 1038">
    <p class='ocr_par' dir='ltr' id='par_1_24' title="bbox 1879 960 3388 1038">
     <span class='ocr_line' id='line_1_24' title="bbox 1879 960 3388 1038; baseline 0.007 -26"><span class='ocrx_word' id='word_1_168' title='bbox 1879 960 2013 1027; x_wconf 85' lang='lat' dir='ltr'><strong>Quid</strong></span> <span class='ocrx_word' id='word_1_169' title='bbox 2058 961 2123 1016; x_wconf 90' lang='lat' dir='ltr'><strong>de</strong></span> <span class='ocrx_word' id='word_1_170' title='bbox 2169 965 2495 1033; x_wconf 84' lang='lat' dir='ltr'><strong>Aquileiensi</strong></span> <span class='ocrx_word' id='word_1_171' title='bbox 2542 960 2791 1021; x_wconf 74' lang='lat' dir='ltr'><strong>Ecclesia</strong></span> <span class='ocrx_word' id='word_1_172' title='bbox 2820 968 3105 1024; x_wconf 81' lang='lat' dir='ltr'><strong>dicamus?</strong></span> <span class='ocrx_word' id='word_1_173' title='bbox 3146 970 3199 1024; x_wconf 91' lang='lat' dir='ltr'><strong>in</strong></span> <span class='ocrx_word' id='word_1_174' title='bbox 3238 968 3388 1038; x_wconf 89' lang='lat' dir='ltr'><strong>cujus</strong></span> 
     </span>
    </p>
   </div>
   <div class='ocr_carea' id='block_1_25' title="bbox 1804 1056 3386 1128">
    <p class='ocr_par' dir='ltr' id='par_1_25' title="bbox 1804 1056 3386 1128">
     <span class='ocr_line' id='line_1_25' title="bbox 1804 1056 3386 1128; baseline 0.004 -20"><span class='ocrx_word' id='word_1_175' title='bbox 1804 1056 2025 1122; x_wconf 84' lang='lat' dir='ltr'><strong>antiquo</strong></span> <span class='ocrx_word' id='word_1_176' title='bbox 2054 1057 2376 1114; x_wconf 83' lang='lat' dir='ltr'><strong>Calendario</strong></span> <span class='ocrx_word' id='word_1_177' title='bbox 2402 1060 2489 1114; x_wconf 88' lang='lat' dir='ltr'><strong>die</strong></span> <span class='ocrx_word' id='word_1_178' title='bbox 2532 1076 2623 1114; x_wconf 88' lang='lat' dir='ltr'><strong>vm</strong></span> <span class='ocrx_word' id='word_1_179' title='bbox 2656 1060 2964 1118; x_wconf 90' lang='lat' dir='ltr'><strong>Decembris</strong></span> <span class='ocrx_word' id='word_1_180' title='bbox 2992 1063 3256 1128; x_wconf 77' lang='lat' dir='ltr'><strong>festum&#39;S.</strong></span> <span class='ocrx_word' id='word_1_181' title='bbox 3286 1061 3386 1117; x_wconf 91' lang='lat' dir='ltr'><strong>Ze-</strong></span> 
     </span>
    </p>
   </div>
   <div class='ocr_carea' id='block_1_26' title="bbox 1805 1149 3383 1222">
    <p class='ocr_par' dir='ltr' id='par_1_26' title="bbox 1805 1149 3383 1222">
     <span class='ocr_line' id='line_1_26' title="bbox 1805 1149 3383 1222; baseline 0.004 -22"><span class='ocrx_word' id='word_1_182' title='bbox 1805 1149 1951 1201; x_wconf 82' lang='lat' dir='ltr'><strong>nonis</strong></span> <span class='ocrx_word' id='word_1_183' title='bbox 1980 1150 2202 1222; x_wconf 43' lang='lat' dir='ltr'><strong>episc‘opi</strong></span> <span class='ocrx_word' id='word_1_184' title='bbox 2227 1162 2272 1204; x_wconf 86' lang='lat' dir='ltr'><strong>et</strong></span> <span class='ocrx_word' id='word_1_185' title='bbox 2297 1154 2601 1221; x_wconf 74' lang='lat' dir='ltr'><strong>confessoris</strong></span> <span class='ocrx_word' id='word_1_186' title='bbox 2632 1170 2745 1207; x_wconf 85' lang='lat' dir='ltr'><strong>cum</strong></span> <span class='ocrx_word' id='word_1_187' title='bbox 2776 1155 2933 1208; x_wconf 84' lang='lat' dir='ltr'><strong>tribus</strong></span> <span class='ocrx_word' id='word_1_188' title='bbox 2960 1155 3026 1208; x_wconf 87' lang='lat' dir='ltr'><strong>ad</strong></span> <span class='ocrx_word' id='word_1_189' title='bbox 3077 1155 3383 1208; x_wconf 78' lang='lat' dir='ltr'><strong>Matutinnm</strong></span> 
     </span>
    </p>
   </div>
   <div class='ocr_carea' id='block_1_27' title="bbox 1804 1231 3382 1299">
    <p class='ocr_par' dir='ltr' id='par_1_27' title="bbox 1804 1231 3382 1299">
     <span class='ocr_line' id='line_1_27' title="bbox 1804 1231 3382 1299; baseline 0.004 -8"><span class='ocrx_word' id='word_1_190' title='bbox 1804 1238 2103 1294; x_wconf 81' lang='lat' dir='ltr'><strong>lectionibus</strong></span> <span class='ocrx_word' id='word_1_191' title='bbox 2142 1231 2521 1298; x_wconf 80' lang='lat' dir='ltr'><strong>celebrandum</strong></span> <span class='ocrx_word' id='word_1_192' title='bbox 2554 1245 2727 1298; x_wconf 87' lang='lat' dir='ltr'><strong>notari</strong></span> <span class='ocrx_word' id='word_1_193' title='bbox 2765 1246 3065 1299; x_wconf 81' lang='lat' dir='ltr'><strong>observavit</strong></span> <span class='ocrx_word' id='word_1_194' title='bbox 3107 1246 3171 1299; x_wconf 88' lang='lat' dir='ltr'><strong>P.‘</strong></span> <span class='ocrx_word' id='word_1_195' title='bbox 3214 1245 3382 1299; x_wconf 83' lang='lat' dir='ltr'><strong>liens-</strong></span> 
     </span>
    </p>
   </div>
   <div class='ocr_carea' id='block_1_28' title="bbox 1802 1330 3380 1407">
    <p class='ocr_par' dir='ltr' id='par_1_28' title="bbox 1802 1330 3380 1407">
     <span class='ocr_line' id='line_1_28' title="bbox 1802 1330 3380 1407; baseline 0.004 -22"><span class='ocrx_word' id='word_1_196' title='bbox 1802 1330 2024 1386; x_wconf 88' lang='lat' dir='ltr'><strong>cbenius</strong></span> <span class='ocrx_word' id='word_1_197' title='bbox 2075 1339 2211 1403; x_wconf 82' lang='lat' dir='ltr'><strong>pag.’</strong></span> <span class='ocrx_word' id='word_1_198' title='bbox 2241 1334 2327 1387; x_wconf 81' lang='grc'><strong>70.</strong></span> <span class='ocrx_word' id='word_1_199' title='bbox 2398 1334 2632 1389; x_wconf 64' lang='lat' dir='ltr'><strong>Veneriis</strong></span> <span class='ocrx_word' id='word_1_200' title='bbox 2684 1352 2899 1407; x_wconf 90' lang='lat' dir='ltr'><strong>quoque</strong></span> <span class='ocrx_word' id='word_1_201' title='bbox 2941 1337 3119 1391; x_wconf 83' lang='lat' dir='ltr'><strong>simile</strong></span> <span class='ocrx_word' id='word_1_202' title='bbox 3166 1337 3380 1406; x_wconf 84' lang='lat' dir='ltr'><strong>quidam</strong></span> 
     </span>
    </p>
   </div>
   <div class='ocr_carea' id='block_1_29' title="bbox 1802 1423 3385 1498">
    <p class='ocr_par' dir='ltr' id='par_1_29' title="bbox 1802 1423 3385 1498">
     <span class='ocr_line' id='line_1_29' title="bbox 1802 1423 3385 1498; baseline 0.005 -23"><span class='ocrx_word' id='word_1_203' title='bbox 1802 1423 1929 1479; x_wconf 79' lang='lat' dir='ltr'><strong>olim</strong></span> <span class='ocrx_word' id='word_1_204' title='bbox 1966 1436 2233 1493; x_wconf 83' lang='lat' dir='ltr'><strong>peractum</strong></span> <span class='ocrx_word' id='word_1_205' title='bbox 2266 1425 2331 1479; x_wconf 89' lang='lat' dir='ltr'><strong>ad</strong></span> <span class='ocrx_word' id='word_1_206' title='bbox 2367 1428 2620 1482; x_wconf 72' lang='lat' dir='ltr'><strong>sarculum</strong></span> <span class='ocrx_word' id='word_1_207' title='bbox 2652 1443 2818 1498; x_wconf 90' lang='lat' dir='ltr'><strong>usque</strong></span> <span class='ocrx_word' id='word_1_208' title='bbox 2865 1444 2955 1483; x_wconf 85' lang='lat' dir='ltr'><strong>xvt</strong></span> <span class='ocrx_word' id='word_1_209' title='bbox 2984 1444 3048 1484; x_wconf 84' lang='lat' dir='ltr'><strong>ex</strong></span> <span class='ocrx_word' id='word_1_210' title='bbox 3085 1428 3299 1484; x_wconf 84' lang='lat' dir='ltr'><strong>Peretto</strong></span> <span class='ocrx_word' id='word_1_211' title='bbox 3323 1430 3385 1483; x_wconf 84' lang='lat' dir='ltr'><strong>li-</strong></span> 
     </span>
    </p>
   </div>
   <div class='ocr_carea' id='block_1_30' title="bbox 1801 1509 3381 1591">
    <p class='ocr_par' dir='ltr' id='par_1_30' title="bbox 1801 1509 3381 1591">
     <span class='ocr_line' id='line_1_30' title="bbox 1801 1509 3381 1591; baseline 0.003 -21"><span class='ocrx_word' id='word_1_212' title='bbox 1801 1527 1929 1586; x_wconf 90' lang='lat' dir='ltr'><strong>quet</strong></span> <span class='ocrx_word' id='word_1_213' title='bbox 1956 1559 1970 1583; x_wconf 90' lang='lat'><strong>,</strong></span> <span class='ocrx_word' id='word_1_214' title='bbox 2010 1519 2099 1588; x_wconf 91' lang='lat' dir='ltr'><strong>qui</strong></span> <span class='ocrx_word' id='word_1_215' title='bbox 2140 1517 2343 1574; x_wconf 86' lang='lat' dir='ltr'><strong>Veneta</strong></span> <span class='ocrx_word' id='word_1_216' title='bbox 2383 1509 2698 1574; x_wconf 69' lang='lat' dir='ltr'><strong>Calenilaria</strong></span> <span class='ocrx_word' id='word_1_217' title='bbox 2754 1522 2892 1591; x_wconf 83' lang='lat' dir='ltr'><strong>typis</strong></span> <span class='ocrx_word' id='word_1_218' title='bbox 2929 1521 3047 1575; x_wconf 87' lang='lat' dir='ltr'><strong>data</strong></span> <span class='ocrx_word' id='word_1_219' title='bbox 3094 1521 3288 1590; x_wconf 80' lang='lat' dir='ltr'><strong>allegat</strong></span> <span class='ocrx_word' id='word_1_220' title='bbox 3331 1521 3381 1575; x_wconf 90' lang='lat' dir='ltr'><strong>in</strong></span> 
     </span>
    </p>
   </div>
   <div class='ocr_carea' id='block_1_31' title="bbox 1801 1605 3381 1682">
    <p class='ocr_par' dir='ltr' id='par_1_31' title="bbox 1801 1605 3381 1682">
     <span class='ocr_line' id='line_1_31' title="bbox 1801 1605 3381 1682; baseline 0.003 -22"><span class='ocrx_word' id='word_1_221' title='bbox 1801 1605 2034 1661; x_wconf 88' lang='lat' dir='ltr'><strong>Scholiis</strong></span> <span class='ocrx_word' id='word_1_222' title='bbox 2063 1607 2264 1663; x_wconf 82' lang='lat' dir='ltr'><strong>Latinis</strong></span> <span class='ocrx_word' id='word_1_223' title='bbox 2303 1609 2367 1663; x_wconf 90' lang='lat' dir='ltr'><strong>ad</strong></span> <span class='ocrx_word' id='word_1_224' title='bbox 2398 1609 2575 1667; x_wconf 83' lang='lat' dir='ltr'><strong>Vitam</strong></span> <span class='ocrx_word' id='word_1_225' title='bbox 2602 1610 2656 1666; x_wconf 90' lang='lat' dir='ltr'><strong>S.</strong></span> <span class='ocrx_word' id='word_1_226' title='bbox 2689 1610 2948 1678; x_wconf 89' lang='lat' dir='ltr'><strong>Zenonis,</strong></span> <span class='ocrx_word' id='word_1_227' title='bbox 2984 1625 3101 1682; x_wconf 80' lang='lat' dir='ltr'><strong>pag.</strong></span> <span class='ocrx_word' id='word_1_228' title='bbox 3129 1611 3219 1675; x_wconf 84' lang='lat' dir='ltr'><strong>8i,</strong></span> <span class='ocrx_word' id='word_1_229' title='bbox 3253 1610 3381 1665; x_wconf 91' lang='lat' dir='ltr'><strong>edit.</strong></span> 
     </span>
    </p>
   </div>
   <div class='ocr_carea' id='block_1_32' title="bbox 1803 1701 3386 1766">
    <p class='ocr_par' dir='ltr' id='par_1_32' title="bbox 1803 1701 3386 1766">
     <span class='ocr_line' id='line_1_32' title="bbox 1803 1701 3386 1766; baseline 0.002 -11"><span class='ocrx_word' id='word_1_230' title='bbox 1803 1701 1960 1766; x_wconf 77' lang='grc'><strong>1598,</strong></span> <span class='ocrx_word' id='word_1_231' title='bbox 2000 1702 2086 1757; x_wconf 90' lang='lat' dir='ltr'><strong>ubi</strong></span> <span class='ocrx_word' id='word_1_232' title='bbox 2118 1702 2244 1757; x_wconf 89' lang='lat' dir='ltr'><strong>item</strong></span> <span class='ocrx_word' id='word_1_233' title='bbox 2278 1704 2380 1758; x_wconf 87' lang='lat' dir='ltr'><strong>alia</strong></span> <span class='ocrx_word' id='word_1_234' title='bbox 2412 1704 2731 1759; x_wconf 87' lang='lat' dir='ltr'><strong>Calendaria</strong></span> <span class='ocrx_word' id='word_1_235' title='bbox 2757 1704 2946 1760; x_wconf 68' lang='lat' dir='ltr'><strong>Brixiae</strong></span> <span class='ocrx_word' id='word_1_236' title='bbox 2970 1716 3024 1759; x_wconf 90' lang='lat' dir='ltr'><strong>et</strong></span> <span class='ocrx_word' id='word_1_237' title='bbox 3049 1705 3272 1759; x_wconf 87' lang='lat' dir='ltr'><strong>aliarum</strong></span> <span class='ocrx_word' id='word_1_238' title='bbox 3301 1702 3386 1758; x_wconf 85' lang='lat' dir='ltr'><strong>Ci-</strong></span> 
     </span>
    </p>
   </div>
   <div class='ocr_carea' id='block_1_33' title="bbox 150 1787 3386 1865">
    <p class='ocr_par' dir='ltr' id='par_1_33' title="bbox 150 1787 3386 1865">
     <span class='ocr_line' id='line_1_33' title="bbox 150 1787 3386 1865; baseline 0.003 -27"><span class='ocrx_word' id='word_1_239' title='bbox 150 1798 244 1853; x_wconf 90' lang='lat' dir='ltr'><strong>que</strong></span> <span class='ocrx_word' id='word_1_240' title='bbox 282 1787 467 1839; x_wconf 84' lang='lat' dir='ltr'><strong>mensis</strong></span> <span class='ocrx_word' id='word_1_241' title='bbox 500 1801 595 1855; x_wconf 90' lang='lat' dir='ltr'><strong>per</strong></span> <span class='ocrx_word' id='word_1_242' title='bbox 644 1798 885 1840; x_wconf 43' lang='lat' dir='ltr'><strong>aetatem</strong></span> <span class='ocrx_word' id='word_1_243' title='bbox 920 1829 935 1852; x_wconf 91' lang='lat'><strong>,</strong></span> <span class='ocrx_word' id='word_1_244' title='bbox 980 1790 1323 1857; x_wconf 81' lang='lat' dir='ltr'><strong>processionc</strong></span> <span class='ocrx_word' id='word_1_245' title='bbox 1367 1789 1592 1857; x_wconf 83' lang='lat' dir='ltr'><strong>indicta,</strong></span> <span class='ocrx_word' id='word_1_246' title='bbox 1631 1791 1695 1845; x_wconf 85' lang='lat' dir='ltr'><strong>ad</strong></span> <span class='ocrx_word' id='word_1_247' title='bbox 1727 1803 1775 1860; x_wconf 83' lang='grc' dir='ltr'><strong>Β</strong></span> <span class='ocrx_word' id='word_1_248' title='bbox 1804 1796 2023 1849; x_wconf 84' lang='lat' dir='ltr'><strong>vitatum</strong></span> <span class='ocrx_word' id='word_1_249' title='bbox 2053 1796 2285 1864; x_wconf 82' lang='lat' dir='ltr'><strong>appellat</strong></span> <span class='ocrx_word' id='word_1_250' title='bbox 2313 1798 2471 1850; x_wconf 80' lang='lat' dir='ltr'><strong>etiam</strong></span> <span class='ocrx_word' id='word_1_251' title='bbox 2507 1798 2800 1862; x_wconf 84' lang='lat' dir='ltr'><strong>impressa,</strong></span> <span class='ocrx_word' id='word_1_252' title='bbox 2830 1813 2947 1865; x_wconf 67' lang='lat' dir='ltr'><strong>qua:</strong></span> <span class='ocrx_word' id='word_1_253' title='bbox 2975 1797 3061 1852; x_wconf 90' lang='lat' dir='ltr'><strong>die</strong></span> <span class='ocrx_word' id='word_1_254' title='bbox 3084 1813 3156 1851; x_wconf 83' lang='lat' dir='ltr'><strong>xu</strong></span> <span class='ocrx_word' id='word_1_255' title='bbox 3184 1796 3386 1865; x_wconf 82' lang='lat' dir='ltr'><strong>Aprilis</strong></span> 
     </span>
    </p>
   </div>
   <div class='ocr_carea' id='block_1_34' title="bbox 150 1874 1695 1951">
    <p class='ocr_par' dir='ltr' id='par_1_34' title="bbox 150 1874 1695 1951">
     <span class='ocr_line' id='line_1_34' title="bbox 150 1874 1695 1951; baseline 0.003 -19"><span class='ocrx_word' id='word_1_256' title='bbox 150 1892 254 1932; x_wconf 81' lang='lat' dir='ltr'><strong>eam</strong></span> <span class='ocrx_word' id='word_1_257' title='bbox 274 1878 538 1932; x_wconf 86' lang='lat' dir='ltr'><strong>ecclesiam</strong></span> <span class='ocrx_word' id='word_1_258' title='bbox 582 1877 1003 1948; x_wconf 80' lang='lat' dir='ltr'><strong>frequentissimi</strong></span> <span class='ocrx_word' id='word_1_259' title='bbox 1023 1880 1321 1947; x_wconf 87' lang='lat' dir='ltr'><strong>conﬂuunt,</strong></span> <span class='ocrx_word' id='word_1_260' title='bbox 1342 1892 1397 1935; x_wconf 91' lang='lat' dir='ltr'><strong>ut</strong></span> <span class='ocrx_word' id='word_1_261' title='bbox 1419 1874 1533 1951; x_wconf 76' lang='lat' dir='ltr'><strong>ejus</strong></span> <span class='ocrx_word' id='word_1_262' title='bbox 1557 1883 1695 1951; x_wconf 79' lang='lat' dir='ltr'><strong>apud</strong></span> 
     </span>
    </p>
   </div>
   <div class='ocr_carea' id='block_1_35' title="bbox 153 1966 1694 2041">
    <p class='ocr_par' dir='ltr' id='par_1_35' title="bbox 153 1966 1694 2041">
     <span class='ocr_line' id='line_1_35' title="bbox 153 1966 1694 2041; baseline 0.007 -21"><span class='ocrx_word' id='word_1_263' title='bbox 153 1966 296 2022; x_wconf 87' lang='lat' dir='ltr'><strong>Deum</strong></span> <span class='ocrx_word' id='word_1_264' title='bbox 341 1969 688 2038; x_wconf 81' lang='lat' dir='ltr'><strong>patrocinium</strong></span> <span class='ocrx_word' id='word_1_265' title='bbox 730 1984 830 2041; x_wconf 91' lang='lat' dir='ltr'><strong>pro</strong></span> <span class='ocrx_word' id='word_1_266' title='bbox 859 1985 1109 2040; x_wconf 76' lang='lat' dir='ltr'><strong>agrorum</strong></span> <span class='ocrx_word' id='word_1_267' title='bbox 1152 1973 1414 2030; x_wconf 84' lang='lat' dir='ltr'><strong>reditibus</strong></span> <span class='ocrx_word' id='word_1_268' title='bbox 1454 1974 1553 2031; x_wconf 88' lang='lat' dir='ltr'><strong>sibi</strong></span> <span class='ocrx_word' id='word_1_269' title='bbox 1595 1976 1694 2031; x_wconf 83' lang='lat' dir='ltr'><strong>de-</strong></span> 
     </span>
    </p>
   </div>
   <div class='ocr_carea' id='block_1_36' title="bbox 154 2072 426 2131">
    <p class='ocr_par' dir='ltr' id='par_1_36' title="bbox 154 2072 426 2131">
     <span class='ocr_line' id='line_1_36' title="bbox 154 2072 426 2131; baseline 0.015 -17"><span class='ocrx_word' id='word_1_270' title='bbox 154 2072 426 2131; x_wconf 88' lang='lat' dir='ltr'><strong>precentur.</strong></span> 
     </span>
    </p>
   </div>
   <div class='ocr_carea' id='block_1_37' title="bbox 214 2154 1697 2233">
    <p class='ocr_par' dir='ltr' id='par_1_37' title="bbox 214 2154 1697 2233">
     <span class='ocr_line' id='line_1_37' title="bbox 214 2154 1697 2233; baseline 0.004 -22"><span class='ocrx_word' id='word_1_271' title='bbox 214 2154 357 2211; x_wconf 88' lang='lat' dir='ltr'><strong>Gradi</strong></span> <span class='ocrx_word' id='word_1_272' title='bbox 391 2158 584 2213; x_wconf 71' lang='lat' dir='ltr'><strong>srcculo</strong></span> <span class='ocrx_word' id='word_1_273' title='bbox 631 2172 776 2212; x_wconf 90' lang='lat' dir='ltr'><strong>nono</strong></span> <span class='ocrx_word' id='word_1_274' title='bbox 806 2159 1086 2215; x_wconf 84' lang='lat' dir='ltr'><strong>ecclesiam</strong></span> <span class='ocrx_word' id='word_1_275' title='bbox 1132 2161 1189 2214; x_wconf 90' lang='lat' dir='ltr'><strong>S.</strong></span> <span class='ocrx_word' id='word_1_276' title='bbox 1220 2161 1449 2217; x_wconf 85' lang='lat' dir='ltr'><strong>Zenonis</strong></span> <span class='ocrx_word' id='word_1_277' title='bbox 1492 2162 1697 2233; x_wconf 86' lang='lat' dir='ltr'><strong>jamdiu</strong></span> 
     </span>
    </p>
   </div>
   <div class='ocr_carea' id='block_1_38' title="bbox 156 2247 1697 2309">
    <p class='ocr_par' dir='ltr' id='par_1_38' title="bbox 156 2247 1697 2309">
     <span class='ocr_line' id='line_1_38' title="bbox 156 2247 1697 2309; baseline 0.005 -8"><span class='ocrx_word' id='word_1_278' title='bbox 156 2247 430 2303; x_wconf 79' lang='lat' dir='ltr'><strong>fabricatam</strong></span> <span class='ocrx_word' id='word_1_279' title='bbox 455 2260 681 2305; x_wconf 83' lang='lat' dir='ltr'><strong>testatur</strong></span> <span class='ocrx_word' id='word_1_280' title='bbox 707 2251 1087 2307; x_wconf 86' lang='lat' dir='ltr'><strong>documentum</strong></span> <span class='ocrx_word' id='word_1_281' title='bbox 1112 2269 1142 2307; x_wconf 93' lang='lat' dir='ltr'><strong>e</strong></span> <span class='ocrx_word' id='word_1_282' title='bbox 1162 2269 1265 2308; x_wconf 89' lang='lat' dir='ltr'><strong>ms.</strong></span> <span class='ocrx_word' id='word_1_283' title='bbox 1290 2252 1492 2309; x_wconf 89' lang='lat' dir='ltr'><strong>editum</strong></span> <span class='ocrx_word' id='word_1_284' title='bbox 1523 2256 1575 2309; x_wconf 91' lang='lat' dir='ltr'><strong>in</strong></span> <span class='ocrx_word' id='word_1_285' title='bbox 1600 2269 1697 2309; x_wconf 83' lang='lat' dir='ltr'><strong>no-</strong></span> 
     </span>
    </p>
   </div>
   <div class='ocr_carea' id='block_1_39' title="bbox 154 2340 1695 2415">
    <p class='ocr_par' dir='ltr' id='par_1_39' title="bbox 154 2340 1695 2415">
     <span class='ocr_line' id='line_1_39' title="bbox 154 2340 1695 2415; baseline 0.005 -22"><span class='ocrx_word' id='word_1_286' title='bbox 154 2341 340 2394; x_wconf 85' lang='lat' dir='ltr'><strong>vissima</strong></span> <span class='ocrx_word' id='word_1_287' title='bbox 368 2340 566 2411; x_wconf 88' lang='lat' dir='ltr'><strong>Ughelli</strong></span> <span class='ocrx_word' id='word_1_288' title='bbox 590 2342 828 2397; x_wconf 86' lang='lat' dir='ltr'><strong>editione</strong></span> <span class='ocrx_word' id='word_1_289' title='bbox 856 2354 985 2399; x_wconf 87' lang='lat' dir='ltr'><strong>tum.</strong></span> <span class='ocrx_word' id='word_1_290' title='bbox 1016 2361 1067 2410; x_wconf 90' lang='lat' dir='ltr'><strong>v,</strong></span> <span class='ocrx_word' id='word_1_291' title='bbox 1103 2359 1222 2415; x_wconf 83' lang='lat' dir='ltr'><strong>pag.</strong></span> <span class='ocrx_word' id='word_1_292' title='bbox 1259 2346 1415 2411; x_wconf 67' lang='lat' dir='ltr'><strong>H02,</strong></span> <span class='ocrx_word' id='word_1_293' title='bbox 1452 2347 1537 2400; x_wconf 92' lang='lat' dir='ltr'><strong>ubi</strong></span> <span class='ocrx_word' id='word_1_294' title='bbox 1567 2347 1695 2401; x_wconf 84' lang='lat' dir='ltr'><strong>For-</strong></span> 
     </span>
    </p>
   </div>
   <div class='ocr_carea' id='block_1_40' title="bbox 158 2434 1702 2505">
    <p class='ocr_par' dir='ltr' id='par_1_40' title="bbox 158 2434 1702 2505">
     <span class='ocr_line' id='line_1_40' title="bbox 158 2434 1702 2505; baseline 0.005 -20"><span class='ocrx_word' id='word_1_295' title='bbox 158 2442 347 2488; x_wconf 86' lang='lat' dir='ltr'><strong>tunatus</strong></span> <span class='ocrx_word' id='word_1_296' title='bbox 367 2435 663 2489; x_wconf 84' lang='lat' dir='ltr'><strong>Patriarclta</strong></span> <span class='ocrx_word' id='word_1_297' title='bbox 694 2434 1016 2502; x_wconf 86' lang='lat' dir='ltr'><strong>Gradensis,</strong></span> <span class='ocrx_word' id='word_1_298' title='bbox 1047 2438 1135 2505; x_wconf 90' lang='lat' dir='ltr'><strong>qui</strong></span> <span class='ocrx_word' id='word_1_299' title='bbox 1161 2436 1290 2491; x_wconf 89' lang='lat' dir='ltr'><strong>obiit</strong></span> <span class='ocrx_word' id='word_1_300' title='bbox 1318 2453 1405 2492; x_wconf 89' lang='lat' dir='ltr'><strong>an.</strong></span> <span class='ocrx_word' id='word_1_301' title='bbox 1438 2438 1564 2503; x_wconf 74' lang='lat'><strong>826,</strong></span> <span class='ocrx_word' id='word_1_302' title='bbox 1596 2454 1702 2493; x_wconf 78' lang='lat' dir='ltr'><strong>mc—</strong></span> 
     </span>
    </p>
   </div>
   <div class='ocr_carea' id='block_1_41' title="bbox 157 2528 1699 2597">
    <p class='ocr_par' dir='ltr' id='par_1_41' title="bbox 157 2528 1699 2597">
     <span class='ocr_line' id='line_1_41' title="bbox 157 2528 1699 2597; baseline 0.005 -22"><span class='ocrx_word' id='word_1_303' title='bbox 157 2539 379 2588; x_wconf 86' lang='lat' dir='ltr'><strong>tnnraus,</strong></span> <span class='ocrx_word' id='word_1_304' title='bbox 407 2543 514 2595; x_wconf 71' lang='lat' dir='ltr'><strong>qum</strong></span> <span class='ocrx_word' id='word_1_305' title='bbox 542 2528 725 2597; x_wconf 78' lang='lat' dir='ltr'><strong>legavit</strong></span> <span class='ocrx_word' id='word_1_306' title='bbox 764 2543 822 2580; x_wconf 89' lang='lat' dir='ltr'><strong>ac</strong></span> <span class='ocrx_word' id='word_1_307' title='bbox 859 2528 1016 2597; x_wconf 77' lang='lat' dir='ltr'><strong>fecit,</strong></span> <span class='ocrx_word' id='word_1_308' title='bbox 1046 2538 1291 2583; x_wconf 88' lang='lat' dir='ltr'><strong>recenset</strong></span> <span class='ocrx_word' id='word_1_309' title='bbox 1338 2531 1477 2585; x_wconf 88' lang='lat' dir='ltr'><strong>inter</strong></span> <span class='ocrx_word' id='word_1_310' title='bbox 1504 2541 1699 2585; x_wconf 64' lang='lat' dir='ltr'><strong>caetera</strong></span> 
     </span>
    </p>
   </div>
   <div class='ocr_carea' id='block_1_42' title="bbox 157 2614 1701 2695">
    <p class='ocr_par' dir='ltr' id='par_1_42' title="bbox 157 2614 1701 2695">
     <span class='ocr_line' id='line_1_42' title="bbox 157 2614 1701 2695; baseline 0.005 -28"><span class='ocrx_word' id='word_1_311' title='bbox 157 2617 202 2668; x_wconf 87' lang='lat' dir='ltr'><strong>in</strong></span> <span class='ocrx_word' id='word_1_312' title='bbox 239 2615 293 2669; x_wconf 85' lang='lat' dir='ltr'><strong>S.</strong></span> <span class='ocrx_word' id='word_1_313' title='bbox 339 2616 532 2673; x_wconf 86' lang='lat' dir='ltr'><strong>Zenone</strong></span> <span class='ocrx_word' id='word_1_314' title='bbox 578 2620 633 2673; x_wconf 87' lang='lat' dir='ltr'><strong>in</strong></span> <span class='ocrx_word' id='word_1_315' title='bbox 679 2618 892 2672; x_wconf 78' lang='lat' dir='ltr'><strong>circuitu</strong></span> <span class='ocrx_word' id='word_1_316' title='bbox 937 2619 1100 2674; x_wconf 89' lang='lat' dir='ltr'><strong>altare</strong></span> <span class='ocrx_word' id='word_1_317' title='bbox 1141 2630 1188 2675; x_wconf 89' lang='lat' dir='ltr'><strong>et</strong></span> <span class='ocrx_word' id='word_1_318' title='bbox 1233 2621 1447 2692; x_wconf 81' lang='lat' dir='ltr'><strong>desuper</strong></span> <span class='ocrx_word' id='word_1_319' title='bbox 1496 2614 1701 2695; x_wconf 73' lang='lat' dir='ltr'><strong>paleam</strong></span> 
     </span>
    </p>
   </div>
   <div class='ocr_carea' id='block_1_43' title="bbox 156 2693 1629 2796">
    <p class='ocr_par' dir='ltr' id='par_1_43' title="bbox 156 2728 308 2767">
     <span class='ocr_line' id='line_1_43' title="bbox 156 2728 308 2767; baseline 0.033 -4"><span class='ocrx_word' id='word_1_320' title='bbox 156 2728 308 2767; x_wconf 68' lang='grc' dir='ltr'>ιιπωιι.</span> 
     </span>
    </p>
   </div>
   <div class='ocr_carea' id='block_1_44' title="bbox 216 2806 1701 2867">
    <p class='ocr_par' dir='ltr' id='par_1_44' title="bbox 216 2806 1701 2867">
     <span class='ocr_line' id='line_1_44' title="bbox 216 2806 1701 2867; baseline 0.004 -7"><span class='ocrx_word' id='word_1_321' title='bbox 216 2806 428 2865; x_wconf 86' lang='lat' dir='ltr'><strong>Torcelli</strong></span> <span class='ocrx_word' id='word_1_322' title='bbox 472 2810 528 2866; x_wconf 88' lang='lat' dir='ltr'><strong>S.</strong></span> <span class='ocrx_word' id='word_1_323' title='bbox 572 2810 805 2867; x_wconf 92' lang='lat' dir='ltr'><strong>Zenonis</strong></span> <span class='ocrx_word' id='word_1_324' title='bbox 849 2812 1051 2867; x_wconf 92' lang='lat' dir='ltr'><strong>cultum</strong></span> <span class='ocrx_word' id='word_1_325' title='bbox 1098 2812 1434 2867; x_wconf 86' lang='lat' dir='ltr'><strong>demonstrat</strong></span> <span class='ocrx_word' id='word_1_326' title='bbox 1473 2812 1701 2867; x_wconf 79' lang='lat' dir='ltr'><strong>ecclesia</strong></span> 
     </span>
    </p>
   </div>
   <div class='ocr_carea' id='block_1_45' title="bbox 158 2899 1699 2976">
    <p class='ocr_par' dir='ltr' id='par_1_45' title="bbox 158 2899 1699 2976">
     <span class='ocr_line' id='line_1_45' title="bbox 158 2899 1699 2976; baseline 0.003 -23"><span class='ocrx_word' id='word_1_327' title='bbox 158 2899 255 2968; x_wconf 88' lang='lat' dir='ltr'><strong>ejus</strong></span> <span class='ocrx_word' id='word_1_328' title='bbox 300 2902 361 2958; x_wconf 90' lang='lat' dir='ltr'><strong>de</strong></span> <span class='ocrx_word' id='word_1_329' title='bbox 386 2907 591 2959; x_wconf 88' lang='lat' dir='ltr'><strong>nomine</strong></span> <span class='ocrx_word' id='word_1_330' title='bbox 630 2917 929 2976; x_wconf 82' lang='lat' dir='ltr'><strong>nuncupata</strong></span> <span class='ocrx_word' id='word_1_331' title='bbox 954 2907 1006 2960; x_wconf 91' lang='lat' dir='ltr'><strong>in</strong></span> <span class='ocrx_word' id='word_1_332' title='bbox 1038 2906 1331 2975; x_wconf 79' lang='lat' dir='ltr'><strong>diplomate</strong></span> <span class='ocrx_word' id='word_1_333' title='bbox 1371 2902 1623 2960; x_wconf 87' lang='lat' dir='ltr'><strong>Friderici</strong></span> <span class='ocrx_word' id='word_1_334' title='bbox 1658 2904 1699 2969; x_wconf 87' lang='grc' dir='ltr'>Ι,</span> 
     </span>
    </p>
   </div>
   <div class='ocr_carea' id='block_1_46' title="bbox 159 2992 1703 3071">
    <p class='ocr_par' dir='ltr' id='par_1_46' title="bbox 159 2992 1703 3071">
     <span class='ocr_line' id='line_1_46' title="bbox 159 2992 1703 3071; baseline 0.007 -27"><span class='ocrx_word' id='word_1_335' title='bbox 159 2992 263 3047; x_wconf 82' lang='lat' dir='ltr'><strong>tlato</strong></span> <span class='ocrx_word' id='word_1_336' title='bbox 281 2994 543 3052; x_wconf 84' lang='lat' dir='ltr'><strong>Lennardo</strong></span> <span class='ocrx_word' id='word_1_337' title='bbox 562 2999 883 3055; x_wconf 74' lang='lat' dir='ltr'><strong>Tot-cellario</strong></span> <span class='ocrx_word' id='word_1_338' title='bbox 903 3002 1175 3070; x_wconf 86' lang='lat' dir='ltr'><strong>episcOpo,</strong></span> <span class='ocrx_word' id='word_1_339' title='bbox 1208 3019 1295 3053; x_wconf 84' lang='lat' dir='ltr'><strong>an.</strong></span> <span class='ocrx_word' id='word_1_340' title='bbox 1330 3000 1488 3064; x_wconf 80' lang='grc'>1177,</span> <span class='ocrx_word' id='word_1_341' title='bbox 1519 3014 1639 3071; x_wconf 83' lang='lat' dir='ltr'><strong>pag.</strong></span> <span class='ocrx_word' id='word_1_342' title='bbox 1670 3000 1703 3055; x_wconf 80' lang='lat'><strong>5</strong></span> 
     </span>
    </p>
   </div>
   <div class='ocr_carea' id='block_1_47' title="bbox 159 3088 1698 3164">
    <p class='ocr_par' dir='ltr' id='par_1_47' title="bbox 159 3088 1698 3164">
     <span class='ocr_line' id='line_1_47' title="bbox 159 3088 1698 3164; baseline 0.005 -25"><span class='ocrx_word' id='word_1_343' title='bbox 159 3088 398 3154; x_wconf 81' lang='lat' dir='ltr'><strong>prodromi</strong></span> <span class='ocrx_word' id='word_1_344' title='bbox 441 3092 637 3159; x_wconf 71' lang='lat' dir='ltr'><strong>pra-ﬁxi</strong></span> <span class='ocrx_word' id='word_1_345' title='bbox 669 3094 843 3148; x_wconf 82' lang='lat' dir='ltr'><strong>codici</strong></span> <span class='ocrx_word' id='word_1_346' title='bbox 886 3095 1021 3161; x_wconf 87' lang='lat' dir='ltr'><strong>juris</strong></span> <span class='ocrx_word' id='word_1_347' title='bbox 1048 3095 1286 3164; x_wconf 85' lang='lat' dir='ltr'><strong>gentium</strong></span> <span class='ocrx_word' id='word_1_348' title='bbox 1316 3094 1660 3163; x_wconf 87' lang='lat' dir='ltr'><strong>diplomatico</strong></span> <span class='ocrx_word' id='word_1_349' title='bbox 1686 3134 1698 3159; x_wconf 94' lang='lat'><strong>,</strong></span> 
     </span>
    </p>
   </div>
   <div class='ocr_carea' id='block_1_48' title="bbox 1800 1884 3385 1959">
    <p class='ocr_par' dir='ltr' id='par_1_48' title="bbox 1800 1884 3385 1959">
     <span class='ocr_line' id='line_1_48' title="bbox 1800 1884 3385 1959; baseline 0.003 -22"><span class='ocrx_word' id='word_1_350' title='bbox 1800 1886 2165 1956; x_wconf 66' lang='lat' dir='ltr'><strong>lat-referebant</strong></span> <span class='ocrx_word' id='word_1_351' title='bbox 2302 1887 2521 1942; x_wconf 86' lang='lat' dir='ltr'><strong>Zenonis</strong></span> <span class='ocrx_word' id='word_1_352' title='bbox 2563 1889 2791 1959; x_wconf 85' lang='lat' dir='ltr'><strong>episcopi</strong></span> <span class='ocrx_word' id='word_1_353' title='bbox 2838 1888 3165 1943; x_wconf 78' lang='lat' dir='ltr'><strong>Veronensis.</strong></span> <span class='ocrx_word' id='word_1_354' title='bbox 3213 1884 3385 1942; x_wconf 87' lang='lat' dir='ltr'><strong>Cano-</strong></span> 
     </span>
    </p>
   </div>
   <div class='ocr_carea' id='block_1_49' title="bbox 1800 1980 3385 2051">
    <p class='ocr_par' dir='ltr' id='par_1_49' title="bbox 1800 1980 3385 2051">
     <span class='ocr_line' id='line_1_49' title="bbox 1800 1980 3385 2051; baseline 0.001 -19"><span class='ocrx_word' id='word_1_355' title='bbox 1800 1980 1954 2033; x_wconf 90' lang='lat' dir='ltr'><strong>nicus</strong></span> <span class='ocrx_word' id='word_1_356' title='bbox 1980 1980 2197 2034; x_wconf 87' lang='lat' dir='ltr'><strong>Scottus</strong></span> <span class='ocrx_word' id='word_1_357' title='bbox 2219 2022 2232 2044; x_wconf 90' lang='lat'><strong>,</strong></span> <span class='ocrx_word' id='word_1_358' title='bbox 2278 1981 2426 2050; x_wconf 85' lang='lat' dir='ltr'><strong>cujus</strong></span> <span class='ocrx_word' id='word_1_359' title='bbox 2458 1997 2629 2051; x_wconf 84' lang='lat' dir='ltr'><strong>nuper</strong></span> <span class='ocrx_word' id='word_1_360' title='bbox 2656 1982 2998 2036; x_wconf 88' lang='lat' dir='ltr'><strong>meminimus</strong></span> <span class='ocrx_word' id='word_1_361' title='bbox 3016 2024 3030 2046; x_wconf 92' lang='lat'><strong>,</strong></span> <span class='ocrx_word' id='word_1_362' title='bbox 3065 1996 3161 2051; x_wconf 91' lang='lat' dir='ltr'><strong>per</strong></span> <span class='ocrx_word' id='word_1_363' title='bbox 3186 1981 3385 2050; x_wconf 79' lang='lat' dir='ltr'><strong>episto-</strong></span> 
     </span>
    </p>
   </div>
   <div class='ocr_carea' id='block_1_50' title="bbox 1800 2068 3387 2144">
    <p class='ocr_par' dir='ltr' id='par_1_50' title="bbox 1800 2068 3387 2144">
     <span class='ocr_line' id='line_1_50' title="bbox 1800 2068 3387 2144; baseline 0.003 -22"><span class='ocrx_word' id='word_1_364' title='bbox 1800 2068 1877 2123; x_wconf 86' lang='lat' dir='ltr'><strong>las</strong></span> <span class='ocrx_word' id='word_1_365' title='bbox 1916 2070 2274 2140; x_wconf 82' lang='lat' dir='ltr'><strong>signiﬁcavit,</strong></span> <span class='ocrx_word' id='word_1_366' title='bbox 2310 2073 2361 2126; x_wconf 91' lang='lat' dir='ltr'><strong>in</strong></span> <span class='ocrx_word' id='word_1_367' title='bbox 2399 2073 2772 2144; x_wconf 89' lang='lat' dir='ltr'><strong>tuanuscriplo</strong></span> <span class='ocrx_word' id='word_1_368' title='bbox 2812 2089 2923 2129; x_wconf 69' lang='lat' dir='ltr'><strong>sua:</strong></span> <span class='ocrx_word' id='word_1_369' title='bbox 2949 2073 3242 2128; x_wconf 77' lang='lat' dir='ltr'><strong>Tarvisinzn</strong></span> <span class='ocrx_word' id='word_1_370' title='bbox 3283 2072 3387 2127; x_wconf 87' lang='lat' dir='ltr'><strong>Ec-</strong></span> 
     </span>
    </p>
   </div>
   <div class='ocr_carea' id='block_1_51' title="bbox 1800 2162 3389 2235">
    <p class='ocr_par' dir='ltr' id='par_1_51' title="bbox 1800 2162 3389 2235">
     <span class='ocr_line' id='line_1_51' title="bbox 1800 2162 3389 2235; baseline 0.001 -19"><span class='ocrx_word' id='word_1_371' title='bbox 1800 2162 1976 2218; x_wconf 80' lang='lat' dir='ltr'><strong>clesia:</strong></span> <span class='ocrx_word' id='word_1_372' title='bbox 2017 2162 2335 2218; x_wconf 87' lang='lat' dir='ltr'><strong>Calendario</strong></span> <span class='ocrx_word' id='word_1_373' title='bbox 2366 2178 2435 2217; x_wconf 89' lang='lat' dir='ltr'><strong>an</strong></span> <span class='ocrx_word' id='word_1_374' title='bbox 2476 2164 2647 2229; x_wconf 71' lang='grc'><strong>1525,</strong></span> <span class='ocrx_word' id='word_1_375' title='bbox 2677 2165 2819 2234; x_wconf 90' lang='lat' dir='ltr'><strong>quod</strong></span> <span class='ocrx_word' id='word_1_376' title='bbox 2849 2167 2917 2219; x_wconf 86' lang='lat' dir='ltr'><strong>ab</strong></span> <span class='ocrx_word' id='word_1_377' title='bbox 2956 2163 3255 2235; x_wconf 89' lang='lat' dir='ltr'><strong>antiquiore</strong></span> <span class='ocrx_word' id='word_1_378' title='bbox 3301 2180 3389 2218; x_wconf 84' lang='lat' dir='ltr'><strong>cx-</strong></span> 
     </span>
    </p>
   </div>
   <div class='ocr_carea' id='block_1_52' title="bbox 1800 2254 3382 2324">
    <p class='ocr_par' dir='ltr' id='par_1_52' title="bbox 1800 2254 3382 2324">
     <span class='ocr_line' id='line_1_52' title="bbox 1800 2254 3382 2324; baseline 0 -17"><span class='ocrx_word' id='word_1_379' title='bbox 1800 2256 2056 2324; x_wconf 77' lang='lat' dir='ltr'><strong>scriptutn</strong></span> <span class='ocrx_word' id='word_1_380' title='bbox 2105 2265 2322 2321; x_wconf 89' lang='lat' dir='ltr'><strong>monet,</strong></span> <span class='ocrx_word' id='word_1_381' title='bbox 2372 2255 2458 2324; x_wconf 82' lang='lat' dir='ltr'><strong>die</strong></span> <span class='ocrx_word' id='word_1_382' title='bbox 2503 2267 2687 2310; x_wconf 85' lang='lat' dir='ltr'><strong>octava</strong></span> <span class='ocrx_word' id='word_1_383' title='bbox 2734 2256 3042 2311; x_wconf 88' lang='lat' dir='ltr'><strong>Decembris</strong></span> <span class='ocrx_word' id='word_1_384' title='bbox 3074 2255 3186 2310; x_wconf 70' lang='lat' dir='ltr'><strong>hmc</strong></span> <span class='ocrx_word' id='word_1_385' title='bbox 3234 2254 3382 2323; x_wconf 87' lang='lat' dir='ltr'><strong>legi:</strong></span> 
     </span>
    </p>
   </div>
   <div class='ocr_carea' id='block_1_53' title="bbox 1804 2321 3387 2420">
    <p class='ocr_par' dir='ltr' id='par_1_53' title="bbox 1804 2321 3387 2420">
     <span class='ocr_line' id='line_1_53' title="bbox 1804 2321 3387 2420; baseline -0.001 -19"><span class='ocrx_word' id='word_1_386' title='bbox 1804 2347 1863 2401; x_wconf 83' lang='lat' dir='ltr'><strong>S.</strong></span> <span class='ocrx_word' id='word_1_387' title='bbox 1905 2347 2128 2403; x_wconf 79' lang='lat' dir='ltr'><strong>Zenonis</strong></span> <span class='ocrx_word' id='word_1_388' title='bbox 2154 2351 2381 2420; x_wconf 85' lang='lat' dir='ltr'><strong>episc0pi</strong></span> <span class='ocrx_word' id='word_1_389' title='bbox 2405 2321 2455 2404; x_wconf 56' lang='lat' dir='ltr'><strong>et</strong></span> <span class='ocrx_word' id='word_1_390' title='bbox 2501 2350 2810 2419; x_wconf 75' lang='lat' dir='ltr'><strong>confessoris</strong></span> <span class='ocrx_word' id='word_1_391' title='bbox 2844 2366 2896 2404; x_wconf 75' lang='grc' dir='ltr'><strong>ιιι</strong></span> <span class='ocrx_word' id='word_1_392' title='bbox 2940 2350 3111 2413; x_wconf 87' lang='lat' dir='ltr'><strong>lectio,</strong></span> <span class='ocrx_word' id='word_1_393' title='bbox 3161 2346 3387 2415; x_wconf 88' lang='lat' dir='ltr'><strong>Concep-</strong></span> 
     </span>
    </p>
   </div>
   <div class='ocr_carea' id='block_1_54' title="bbox 1803 2439 3391 2512">
    <p class='ocr_par' dir='ltr' id='par_1_54' title="bbox 1803 2439 3391 2512">
     <span class='ocr_line' id='line_1_54' title="bbox 1803 2439 3391 2512; baseline 0.001 -21"><span class='ocrx_word' id='word_1_394' title='bbox 1803 2441 1871 2495; x_wconf 87' lang='lat' dir='ltr'><strong>tio</strong></span> <span class='ocrx_word' id='word_1_395' title='bbox 1915 2440 2085 2496; x_wconf 74' lang='lat' dir='ltr'><strong>Beata:</strong></span> <span class='ocrx_word' id='word_1_396' title='bbox 2131 2442 2314 2496; x_wconf 72' lang='lat' dir='ltr'><strong>Maria:</strong></span> <span class='ocrx_word' id='word_1_397' title='bbox 2340 2444 2548 2512; x_wconf 76' lang='lat' dir='ltr'><strong>duplex.</strong></span> <span class='ocrx_word' id='word_1_398' title='bbox 2581 2443 2897 2497; x_wconf 83' lang='lat' dir='ltr'><strong>Mutinensis</strong></span> <span class='ocrx_word' id='word_1_399' title='bbox 2925 2440 3179 2496; x_wconf 63' lang='lat' dir='ltr'><strong>Ecclesiae</strong></span> <span class='ocrx_word' id='word_1_400' title='bbox 3201 2439 3391 2493; x_wconf 83' lang='lat' dir='ltr'><strong>Calen-</strong></span> 
     </span>
    </p>
   </div>
   <div class='ocr_carea' id='block_1_55' title="bbox 1802 2528 3388 2603">
    <p class='ocr_par' dir='ltr' id='par_1_55' title="bbox 1802 2528 3388 2603">
     <span class='ocr_line' id='line_1_55' title="bbox 1802 2528 3388 2603; baseline -0.003 -16"><span class='ocrx_word' id='word_1_401' title='bbox 1802 2534 2010 2587; x_wconf 84' lang='lat' dir='ltr'><strong>darium</strong></span> <span class='ocrx_word' id='word_1_402' title='bbox 2042 2538 2299 2603; x_wconf 87' lang='lat' dir='ltr'><strong>scriptum</strong></span> <span class='ocrx_word' id='word_1_403' title='bbox 2335 2536 2551 2588; x_wconf 83' lang='lat' dir='ltr'><strong>ineunte</strong></span> <span class='ocrx_word' id='word_1_404' title='bbox 2583 2533 2780 2587; x_wconf 72' lang='lat' dir='ltr'><strong>smculo</strong></span> <span class='ocrx_word' id='word_1_405' title='bbox 2815 2549 2867 2587; x_wconf 81' lang='lat' dir='ltr'><strong>xt</strong></span> <span class='ocrx_word' id='word_1_406' title='bbox 2900 2533 3098 2587; x_wconf 88' lang='lat' dir='ltr'><strong>editqu</strong></span> <span class='ocrx_word' id='word_1_407' title='bbox 3131 2546 3158 2583; x_wconf 93' lang='lat' dir='ltr'><strong>a</strong></span> <span class='ocrx_word' id='word_1_408' title='bbox 3198 2528 3388 2584; x_wconf 78' lang='lat' dir='ltr'><strong>Baebi-</strong></span> 
     </span>
    </p>
   </div>
   <div class='ocr_carea' id='block_1_56' title="bbox 1804 2618 3388 2697">
    <p class='ocr_par' dir='ltr' id='par_1_56' title="bbox 1804 2618 3388 2697">
     <span class='ocr_line' id='line_1_56' title="bbox 1804 2618 3388 2697; baseline -0.006 -16"><span class='ocrx_word' id='word_1_409' title='bbox 1804 2627 1895 2681; x_wconf 88' lang='lat' dir='ltr'><strong>uio</strong></span> <span class='ocrx_word' id='word_1_410' title='bbox 1920 2636 2037 2695; x_wconf 84' lang='lat' dir='ltr'><strong>post</strong></span> <span class='ocrx_word' id='word_1_411' title='bbox 2084 2627 2384 2697; x_wconf 81' lang='lat' dir='ltr'><strong>Agneltutu,</strong></span> <span class='ocrx_word' id='word_1_412' title='bbox 2441 2626 2727 2681; x_wconf 78' lang='lat' dir='ltr'><strong>novissime</strong></span> <span class='ocrx_word' id='word_1_413' title='bbox 2751 2633 2928 2678; x_wconf 84' lang='lat' dir='ltr'><strong>autem</strong></span> <span class='ocrx_word' id='word_1_414' title='bbox 2954 2638 3198 2678; x_wconf 85' lang='lat' dir='ltr'><strong>recusum</strong></span> <span class='ocrx_word' id='word_1_415' title='bbox 3241 2618 3388 2693; x_wconf 75' lang='lat' dir='ltr'><strong>[cur]</strong></span> 
     </span>
    </p>
   </div>
   <div class='ocr_carea' id='block_1_57' title="bbox 1806 2714 3385 2799">
    <p class='ocr_par' dir='ltr' id='par_1_57' title="bbox 1806 2714 3385 2799">
     <span class='ocr_line' id='line_1_57' title="bbox 1806 2714 3385 2799; baseline -0.004 -25"><span class='ocrx_word' id='word_1_416' title='bbox 1806 2730 1932 2799; x_wconf 78' lang='lat' dir='ltr'><strong>tom.</strong></span> <span class='ocrx_word' id='word_1_417' title='bbox 1960 2735 2016 2784; x_wconf 89' lang='lat' dir='ltr'><strong>lt,</strong></span> <span class='ocrx_word' id='word_1_418' title='bbox 2044 2729 2179 2792; x_wconf 78' lang='lat' dir='ltr'><strong>part.</strong></span> <span class='ocrx_word' id='word_1_419' title='bbox 2215 2737 2262 2784; x_wconf 90' lang='lat' dir='ltr'><strong>t,</strong></span> <span class='ocrx_word' id='word_1_420' title='bbox 2295 2719 2420 2775; x_wconf 82' lang='lat' dir='ltr'><strong>Rer.</strong></span> <span class='ocrx_word' id='word_1_421' title='bbox 2456 2719 2704 2783; x_wconf 84' lang='lat' dir='ltr'><strong>Italicar.,</strong></span> <span class='ocrx_word' id='word_1_422' title='bbox 2742 2734 2859 2787; x_wconf 83' lang='lat' dir='ltr'><strong>pag.</strong></span> <span class='ocrx_word' id='word_1_423' title='bbox 2892 2716 3018 2783; x_wconf 58' lang='lat'><strong>“218,</strong></span> <span class='ocrx_word' id='word_1_424' title='bbox 3050 2733 3103 2770; x_wconf 86' lang='lat' dir='ltr'><strong>vt</strong></span> <span class='ocrx_word' id='word_1_425' title='bbox 3147 2714 3234 2771; x_wconf 86' lang='lat' dir='ltr'><strong>Id.</strong></span> <span class='ocrx_word' id='word_1_426' title='bbox 3263 2714 3385 2768; x_wconf 73' lang='lat' dir='ltr'><strong>Dec.</strong></span> 
     </span>
    </p>
   </div>
   <div class='ocr_carea' id='block_1_58' title="bbox 1806 2806 3385 2874">
    <p class='ocr_par' dir='ltr' id='par_1_58' title="bbox 1806 2806 3385 2874">
     <span class='ocr_line' id='line_1_58' title="bbox 1806 2806 3385 2874; baseline -0.003 -8"><span class='ocrx_word' id='word_1_427' title='bbox 1806 2812 2048 2867; x_wconf 87' lang='lat' dir='ltr'><strong>Dalmatii</strong></span> <span class='ocrx_word' id='word_1_428' title='bbox 2069 2824 2115 2868; x_wconf 93' lang='lat' dir='ltr'><strong>et</strong></span> <span class='ocrx_word' id='word_1_429' title='bbox 2130 2812 2348 2867; x_wconf 86' lang='lat' dir='ltr'><strong>Zenonis</strong></span> <span class='ocrx_word' id='word_1_430' title='bbox 2372 2812 2557 2867; x_wconf 74' lang='lat' dir='ltr'><strong>festum</strong></span> <span class='ocrx_word' id='word_1_431' title='bbox 2579 2823 2787 2874; x_wconf 84' lang='lat' dir='ltr'><strong>notans,</strong></span> <span class='ocrx_word' id='word_1_432' title='bbox 2806 2809 2976 2865; x_wconf 83' lang='lat' dir='ltr'><strong>oflicia</strong></span> <span class='ocrx_word' id='word_1_433' title='bbox 2992 2810 3057 2864; x_wconf 89' lang='lat' dir='ltr'><strong>de</strong></span> <span class='ocrx_word' id='word_1_434' title='bbox 3077 2809 3157 2863; x_wconf 91' lang='lat' dir='ltr'><strong>his</strong></span> <span class='ocrx_word' id='word_1_435' title='bbox 3175 2806 3385 2861; x_wconf 72' lang='lat' dir='ltr'><strong>Mutina:</strong></span> 
     </span>
    </p>
   </div>
   <div class='ocr_carea' id='block_1_59' title="bbox 1805 2899 3387 2971">
    <p class='ocr_par' dir='ltr' id='par_1_59' title="bbox 1805 2899 3387 2971">
     <span class='ocr_line' id='line_1_59' title="bbox 1805 2899 3387 2971; baseline -0.005 -12"><span class='ocrx_word' id='word_1_436' title='bbox 1805 2905 1983 2960; x_wconf 88' lang='lat' dir='ltr'><strong>habita</strong></span> <span class='ocrx_word' id='word_1_437' title='bbox 2022 2906 2153 2960; x_wconf 86' lang='lat' dir='ltr'><strong>satis</strong></span> <span class='ocrx_word' id='word_1_438' title='bbox 2197 2904 2415 2959; x_wconf 90' lang='lat' dir='ltr'><strong>indicat.</strong></span> <span class='ocrx_word' id='word_1_439' title='bbox 2461 2904 2516 2958; x_wconf 93' lang='lat' dir='ltr'><strong>lu</strong></span> <span class='ocrx_word' id='word_1_440' title='bbox 2561 2904 2885 2958; x_wconf 86' lang='lat' dir='ltr'><strong>monasterio</strong></span> <span class='ocrx_word' id='word_1_441' title='bbox 2931 2916 3142 2971; x_wconf 88' lang='lat' dir='ltr'><strong>quoque</strong></span> <span class='ocrx_word' id='word_1_442' title='bbox 3192 2899 3387 2954; x_wconf 82' lang='lat' dir='ltr'><strong>montis</strong></span> 
     </span>
    </p>
   </div>
   <div class='ocr_carea' id='block_1_60' title="bbox 1803 2989 3383 3067">
    <p class='ocr_par' dir='ltr' id='par_1_60' title="bbox 1803 2989 3383 3067">
     <span class='ocr_line' id='line_1_60' title="bbox 1803 2989 3383 3067; baseline -0.005 -16"><span class='ocrx_word' id='word_1_443' title='bbox 1803 2994 2011 3051; x_wconf 84' lang='lat' dir='ltr'><strong>Cassini</strong></span> <span class='ocrx_word' id='word_1_444' title='bbox 2056 2998 2221 3051; x_wconf 80' lang='lat' dir='ltr'><strong>nostri</strong></span> <span class='ocrx_word' id='word_1_445' title='bbox 2255 2996 2436 3052; x_wconf 81' lang='lat' dir='ltr'><strong>San’cti</strong></span> <span class='ocrx_word' id='word_1_446' title='bbox 2468 2996 2723 3053; x_wconf 87' lang='lat' dir='ltr'><strong>memoria</strong></span> <span class='ocrx_word' id='word_1_447' title='bbox 2772 2996 2822 3047; x_wconf 89' lang='lat' dir='ltr'><strong>in</strong></span> <span class='ocrx_word' id='word_1_448' title='bbox 2865 2992 3256 3067; x_wconf 82' lang='lat' dir='ltr'><strong>sacrisol&#39;liciis</strong></span> <span class='ocrx_word' id='word_1_449' title='bbox 3289 2989 3383 3043; x_wconf 84' lang='lat' dir='ltr'><strong>lie-</strong></span> 
     </span>
    </p>
   </div>
   <div class='ocr_carea' id='block_1_61' title="bbox 1806 3078 3384 3153">
    <p class='ocr_par' dir='ltr' id='par_1_61' title="bbox 1806 3078 3384 3153">
     <span class='ocr_line' id='line_1_61' title="bbox 1806 3078 3384 3153; baseline -0.008 -9"><span class='ocrx_word' id='word_1_450' title='bbox 1806 3090 2017 3153; x_wconf 78' lang='lat' dir='ltr'><strong>bat,&#39;ut</strong></span> <span class='ocrx_word' id='word_1_451' title='bbox 2056 3104 2122 3143; x_wconf 88' lang='lat' dir='ltr'><strong>ex</strong></span> <span class='ocrx_word' id='word_1_452' title='bbox 2150 3078 2473 3143; x_wconf 78' lang='lat' dir='ltr'><strong>Calcudario</strong></span> <span class='ocrx_word' id='word_1_453' title='bbox 2502 3086 2566 3139; x_wconf 83' lang='lat' dir='ltr'><strong>ad</strong></span> <span class='ocrx_word' id='word_1_454' title='bbox 2614 3086 2740 3139; x_wconf 90' lang='lat' dir='ltr'><strong>illud</strong></span> <span class='ocrx_word' id='word_1_455' title='bbox 2793 3084 3175 3138; x_wconf 85' lang='lat' dir='ltr'><strong>monasterium</strong></span> <span class='ocrx_word' id='word_1_456' title='bbox 3223 3080 3384 3150; x_wconf 79' lang='lat' dir='ltr'><strong>perti-</strong></span> 
     </span>
    </p>
   </div>
   <div class='ocr_carea' id='block_1_62' title="bbox 158 3172 3375 3252">
    <p class='ocr_par' dir='ltr' id='par_1_62' title="bbox 158 3172 3375 3252">
     <span class='ocr_line' id='line_1_62' title="bbox 158 3172 3375 3252; baseline -0.002 -19"><span class='ocrx_word' id='word_1_457' title='bbox 158 3194 292 3244; x_wconf 88' lang='lat' dir='ltr'><strong>quem</strong></span> <span class='ocrx_word' id='word_1_458' title='bbox 333 3182 616 3238; x_wconf 85' lang='lat' dir='ltr'><strong>Lcibnitius</strong></span> <span class='ocrx_word' id='word_1_459' title='bbox 654 3184 841 3239; x_wconf 90' lang='lat' dir='ltr'><strong>edidit.</strong></span> <span class='ocrx_word' id='word_1_460' title='bbox 892 3184 992 3239; x_wconf 83' lang='lat' dir='ltr'><strong>Hic</strong></span> <span class='ocrx_word' id='word_1_461' title='bbox 1030 3187 1189 3241; x_wconf 87' lang='lat' dir='ltr'><strong>etiam</strong></span> <span class='ocrx_word' id='word_1_462' title='bbox 1218 3185 1475 3240; x_wconf 85' lang='lat' dir='ltr'><strong>addemus</strong></span> <span class='ocrx_word' id='word_1_463' title='bbox 1506 3184 1696 3238; x_wconf 81' lang='lat' dir='ltr'><strong>obser-</strong></span> <span class='ocrx_word' id='word_1_464' title='bbox 1724 3185 1769 3246; x_wconf 85' lang='lat' dir='ltr'><strong>C</strong></span> <span class='ocrx_word' id='word_1_465' title='bbox 1804 3189 2001 3245; x_wconf 88' lang='lat' dir='ltr'><strong>nente,</strong></span> <span class='ocrx_word' id='word_1_466' title='bbox 2034 3190 2087 3235; x_wconf 90' lang='lat' dir='ltr'><strong>et</strong></span> <span class='ocrx_word' id='word_1_467' title='bbox 2138 3181 2282 3234; x_wconf 91' lang='lat' dir='ltr'><strong>edito</strong></span> <span class='ocrx_word' id='word_1_468' title='bbox 2332 3190 2562 3252; x_wconf 24' lang='lat' dir='ltr'><strong>tentavit</strong></span> <span class='ocrx_word' id='word_1_469' title='bbox 2605 3178 2729 3233; x_wconf 75' lang='lat' dir='ltr'><strong>nec.</strong></span> <span class='ocrx_word' id='word_1_470' title='bbox 2782 3177 3117 3241; x_wconf 84' lang='lat' dir='ltr'><strong>ltaliearum,</strong></span> <span class='ocrx_word' id='word_1_471' title='bbox 3165 3190 3216 3245; x_wconf 92' lang='lat' dir='ltr'><strong>p.</strong></span> <span class='ocrx_word' id='word_1_472' title='bbox 3250 3172 3375 3237; x_wconf 77' lang='lat'><strong>936,</strong></span> 
     </span>
    </p>
   </div>
   <div class='ocr_carea' id='block_1_63' title="bbox 148 3270 1697 3344">
    <p class='ocr_par' dir='ltr' id='par_1_63' title="bbox 148 3270 1697 3344">
     <span class='ocr_line' id='line_1_63' title="bbox 148 3270 1697 3344; baseline 0.006 -25"><span class='ocrx_word' id='word_1_473' title='bbox 148 3270 393 3326; x_wconf 79' lang='lat' dir='ltr'><strong>‘ratiOncm</strong></span> <span class='ocrx_word' id='word_1_474' title='bbox 438 3290 537 3328; x_wconf 93' lang='lat' dir='ltr'><strong>non</strong></span> <span class='ocrx_word' id='word_1_475' title='bbox 580 3276 1092 3344; x_wconf 66' lang='lat' dir='ltr'><strong>prmtermittendam</strong></span> <span class='ocrx_word' id='word_1_476' title='bbox 1122 3292 1186 3332; x_wconf 81' lang='lat' dir='ltr'><strong>ex</strong></span> <span class='ocrx_word' id='word_1_477' title='bbox 1229 3292 1330 3330; x_wconf 67' lang='lat' dir='ltr'><strong>ms.</strong></span> <span class='ocrx_word' id='word_1_478' title='bbox 1364 3276 1697 3330; x_wconf 85' lang='lat' dir='ltr'><strong>membrana-</strong></span> 
     </span>
    </p>
   </div>
   <div class='ocr_carea' id='block_1_64' title="bbox 159 3363 1697 3422">
    <p class='ocr_par' dir='ltr' id='par_1_64' title="bbox 159 3363 1697 3422">
     <span class='ocr_line' id='line_1_64' title="bbox 159 3363 1697 3422; baseline 0.005 -8"><span class='ocrx_word' id='word_1_479' title='bbox 159 3375 241 3415; x_wconf 87' lang='lat' dir='ltr'><strong>ceo</strong></span> <span class='ocrx_word' id='word_1_480' title='bbox 262 3363 310 3417; x_wconf 92' lang='lat' dir='ltr'><strong>S.</strong></span> <span class='ocrx_word' id='word_1_481' title='bbox 341 3364 505 3421; x_wconf 68' lang='lat' dir='ltr'><strong>Maria!</strong></span> <span class='ocrx_word' id='word_1_482' title='bbox 550 3367 614 3421; x_wconf 74' lang='lat' dir='ltr'><strong>de</strong></span> <span class='ocrx_word' id='word_1_483' title='bbox 655 3368 822 3421; x_wconf 82' lang='lat' dir='ltr'><strong>Domo</strong></span> <span class='ocrx_word' id='word_1_484' title='bbox 860 3369 1006 3422; x_wconf 87' lang='lat' dir='ltr'><strong>urbis</strong></span> <span class='ocrx_word' id='word_1_485' title='bbox 1044 3368 1383 3422; x_wconf 71' lang='lat' dir='ltr'><strong>Veronensis.</strong></span> <span class='ocrx_word' id='word_1_486' title='bbox 1418 3367 1513 3421; x_wconf 88' lang='lat' dir='ltr'><strong>llic</strong></span> <span class='ocrx_word' id='word_1_487' title='bbox 1554 3366 1697 3421; x_wconf 87' lang='lat' dir='ltr'><strong>enim</strong></span> 
     </span>
    </p>
   </div>
   <div class='ocr_carea' id='block_1_65' title="bbox 158 3450 1718 3539">
    <p class='ocr_par' dir='ltr' id='par_1_65' title="bbox 158 3450 1718 3539">
     <span class='ocr_line' id='line_1_65' title="bbox 158 3450 1718 3539; baseline 0.006 -36"><span class='ocrx_word' id='word_1_488' title='bbox 158 3452 297 3509; x_wconf 86' lang='lat' dir='ltr'><strong>codex</strong></span> <span class='ocrx_word' id='word_1_489' title='bbox 326 3455 564 3526; x_wconf 90' lang='lat' dir='ltr'><strong>scriptus,</strong></span> <span class='ocrx_word' id='word_1_490' title='bbox 593 3467 652 3513; x_wconf 89' lang='lat' dir='ltr'><strong>ut</strong></span> <span class='ocrx_word' id='word_1_491' title='bbox 671 3458 834 3539; x_wconf 77' lang='lat' dir='ltr'><strong>certis</strong></span> <span class='ocrx_word' id='word_1_492' title='bbox 863 3474 927 3513; x_wconf 86' lang='lat' dir='ltr'><strong>ex</strong></span> <span class='ocrx_word' id='word_1_493' title='bbox 955 3458 1162 3513; x_wconf 86' lang='lat' dir='ltr'><strong>indiciis</strong></span> <span class='ocrx_word' id='word_1_494' title='bbox 1192 3459 1378 3529; x_wconf 85' lang='lat' dir='ltr'><strong>liquet,</strong></span> <span class='ocrx_word' id='word_1_495' title='bbox 1400 3458 1596 3513; x_wconf 66' lang='lat' dir='ltr'><strong>saeculo</strong></span> <span class='ocrx_word' id='word_1_496' title='bbox 1620 3450 1718 3521; x_wconf 50' lang='lat' dir='ltr'><strong>xt,&#39;</strong></span> 
     </span>
    </p>
   </div>
   <div class='ocr_carea' id='block_1_66' title="bbox 158 3545 1695 3617">
    <p class='ocr_par' dir='ltr' id='par_1_66' title="bbox 158 3545 1695 3617">
     <span class='ocr_line' id='line_1_66' title="bbox 158 3545 1695 3617; baseline 0.004 -20"><span class='ocrx_word' id='word_1_497' title='bbox 158 3546 240 3600; x_wconf 85' lang='lat' dir='ltr'><strong>etsi</strong></span> <span class='ocrx_word' id='word_1_498' title='bbox 271 3545 479 3603; x_wconf 74' lang='lat' dir='ltr'><strong>Verona:</strong></span> <span class='ocrx_word' id='word_1_499' title='bbox 518 3550 673 3604; x_wconf 88' lang='lat' dir='ltr'><strong>nobis</strong></span> <span class='ocrx_word' id='word_1_500' title='bbox 716 3550 963 3605; x_wconf 85' lang='lat' dir='ltr'><strong>inven&#39;tus</strong></span> <span class='ocrx_word' id='word_1_501' title='bbox 988 3551 1113 3617; x_wconf 82' lang='lat' dir='ltr'><strong>iuit,</strong></span> <span class='ocrx_word' id='word_1_502' title='bbox 1144 3566 1210 3605; x_wconf 87' lang='lat' dir='ltr'><strong>ex</strong></span> <span class='ocrx_word' id='word_1_503' title='bbox 1238 3549 1449 3605; x_wconf 88' lang='lat' dir='ltr'><strong>Sanctis</strong></span> <span class='ocrx_word' id='word_1_504' title='bbox 1495 3560 1695 3613; x_wconf 83' lang='lat' dir='ltr'><strong>tamen,</strong></span> 
     </span>
    </p>
   </div>
   <div class='ocr_carea' id='block_1_67' title="bbox 157 3639 1693 3715">
    <p class='ocr_par' dir='ltr' id='par_1_67' title="bbox 157 3639 1693 3715">
     <span class='ocr_line' id='line_1_67' title="bbox 157 3639 1693 3715; baseline 0.001 -18"><span class='ocrx_word' id='word_1_505' title='bbox 157 3639 298 3708; x_wconf 83' lang='lat' dir='ltr'><strong>quiin</strong></span> <span class='ocrx_word' id='word_1_506' title='bbox 323 3642 627 3699; x_wconf 66' lang='lat' dir='ltr'><strong>Calendario</strong></span> <span class='ocrx_word' id='word_1_507' title='bbox 657 3644 877 3715; x_wconf 64' lang='lat' dir='ltr'><strong>praeﬁxo</strong></span> <span class='ocrx_word' id='word_1_508' title='bbox 904 3660 967 3699; x_wconf 92' lang='lat' dir='ltr'><strong>ac</strong></span> <span class='ocrx_word' id='word_1_509' title='bbox 998 3646 1047 3698; x_wconf 92' lang='lat' dir='ltr'><strong>in</strong></span> <span class='ocrx_word' id='word_1_510' title='bbox 1082 3646 1279 3701; x_wconf 88' lang='lat' dir='ltr'><strong>litauiis</strong></span> <span class='ocrx_word' id='word_1_511' title='bbox 1309 3655 1693 3708; x_wconf 87' lang='lat' dir='ltr'><strong>memorantur,</strong></span> 
     </span>
    </p>
   </div>
   <div class='ocr_carea' id='block_1_68' title="bbox 158 3737 1694 3808">
    <p class='ocr_par' dir='ltr' id='par_1_68' title="bbox 158 3737 1694 3808">
     <span class='ocr_line' id='line_1_68' title="bbox 158 3737 1694 3808; baseline 0.005 -22"><span class='ocrx_word' id='word_1_512' title='bbox 158 3744 276 3801; x_wconf 89' lang='lat' dir='ltr'><strong>patet</strong></span> <span class='ocrx_word' id='word_1_513' title='bbox 312 3739 565 3808; x_wconf 87' lang='lat' dir='ltr'><strong>proprium</strong></span> <span class='ocrx_word' id='word_1_514' title='bbox 606 3737 772 3793; x_wconf 82' lang='lat' dir='ltr'><strong>fuisse</strong></span> <span class='ocrx_word' id='word_1_515' title='bbox 807 3740 1056 3794; x_wconf 72' lang='lat' dir='ltr'><strong>Ecclesia:</strong></span> <span class='ocrx_word' id='word_1_516' title='bbox 1086 3740 1126 3793; x_wconf 86' lang='grc' dir='ltr'><strong>Τ</strong></span> <span class='ocrx_word' id='word_1_517' title='bbox 1131 3740 1413 3795; x_wconf 76' lang='lat' dir='ltr'><strong>orcellanre</strong></span> <span class='ocrx_word' id='word_1_518' title='bbox 1438 3780 1454 3806; x_wconf 93' lang='lat'><strong>,</strong></span> <span class='ocrx_word' id='word_1_519' title='bbox 1485 3749 1574 3793; x_wconf 87' lang='lat' dir='ltr'><strong>aut</strong></span> <span class='ocrx_word' id='word_1_520' title='bbox 1611 3739 1694 3793; x_wconf 89' lang='lat' dir='ltr'><strong>al-</strong></span> 
     </span>
    </p>
   </div>
   <div class='ocr_carea' id='block_1_69' title="bbox 158 3815 1694 3903">
    <p class='ocr_par' dir='ltr' id='par_1_69' title="bbox 158 3815 1694 3903">
     <span class='ocr_line' id='line_1_69' title="bbox 158 3815 1694 3903; baseline 0.005 -23"><span class='ocrx_word' id='word_1_521' title='bbox 158 3829 297 3883; x_wconf 85' lang='lat' dir='ltr'><strong>terius</strong></span> <span class='ocrx_word' id='word_1_522' title='bbox 340 3846 402 3885; x_wconf 84' lang='lat' dir='ltr'><strong>ex</strong></span> <span class='ocrx_word' id='word_1_523' title='bbox 438 3832 531 3898; x_wconf 87' lang='lat' dir='ltr'><strong>iis,</strong></span> <span class='ocrx_word' id='word_1_524' title='bbox 570 3815 691 3903; x_wconf 77' lang='lat' dir='ltr'><strong>quae</strong></span> <span class='ocrx_word' id='word_1_525' title='bbox 734 3833 787 3886; x_wconf 88' lang='lat' dir='ltr'><strong>in</strong></span> <span class='ocrx_word' id='word_1_526' title='bbox 831 3833 1095 3888; x_wconf 76' lang='lat' dir='ltr'><strong>mstnariis</strong></span> <span class='ocrx_word' id='word_1_527' title='bbox 1139 3816 1462 3888; x_wconf 78' lang='lat' dir='ltr'><strong>Venetorum</strong></span> <span class='ocrx_word' id='word_1_528' title='bbox 1510 3832 1694 3902; x_wconf 74' lang='lat' dir='ltr'><strong>posita:</strong></span> 
     </span>
    </p>
   </div>
   <div class='ocr_carea' id='block_1_70' title="bbox 157 3907 1692 3996">
    <p class='ocr_par' dir='ltr' id='par_1_70' title="bbox 157 3907 1692 3996">
     <span class='ocr_line' id='line_1_70' title="bbox 157 3907 1692 3996; baseline 0.004 -21"><span class='ocrx_word' id='word_1_529' title='bbox 157 3931 300 3978; x_wconf 87' lang='lat' dir='ltr'><strong>erant.</strong></span> <span class='ocrx_word' id='word_1_530' title='bbox 329 3923 417 3979; x_wconf 86' lang='lat' dir='ltr'><strong>llic</strong></span> <span class='ocrx_word' id='word_1_531' title='bbox 443 3907 569 3996; x_wconf 85' lang='lat' dir='ltr'><strong>ergo</strong></span> <span class='ocrx_word' id='word_1_532' title='bbox 600 3926 737 3979; x_wconf 85' lang='lat' dir='ltr'><strong>liber</strong></span> <span class='ocrx_word' id='word_1_533' title='bbox 779 3940 882 3979; x_wconf 89' lang='lat' dir='ltr'><strong>non</strong></span> <span class='ocrx_word' id='word_1_534' title='bbox 911 3926 1080 3980; x_wconf 88' lang='lat' dir='ltr'><strong>solum</strong></span> <span class='ocrx_word' id='word_1_535' title='bbox 1123 3926 1179 3981; x_wconf 90' lang='lat' dir='ltr'><strong>S.</strong></span> <span class='ocrx_word' id='word_1_536' title='bbox 1222 3927 1455 3981; x_wconf 88' lang='lat' dir='ltr'><strong>Zenonis</strong></span> <span class='ocrx_word' id='word_1_537' title='bbox 1501 3925 1692 3981; x_wconf 83' lang='lat' dir='ltr'><strong>festum</strong></span> 
     </span>
    </p>
   </div>
   <div class='ocr_carea' id='block_1_71' title="bbox 157 4016 1690 4088">
    <p class='ocr_par' dir='ltr' id='par_1_71' title="bbox 157 4016 1690 4088">
     <span class='ocr_line' id='line_1_71' title="bbox 157 4016 1690 4088; baseline 0.003 -21"><span class='ocrx_word' id='word_1_538' title='bbox 157 4027 207 4067; x_wconf 78' lang='lat' dir='ltr'><strong>ea</strong></span> <span class='ocrx_word' id='word_1_539' title='bbox 231 4016 274 4069; x_wconf 90' lang='lat' dir='ltr'><strong>in</strong></span> <span class='ocrx_word' id='word_1_540' title='bbox 300 4017 523 4072; x_wconf 80' lang='lat' dir='ltr'><strong>Ecclesia</strong></span> <span class='ocrx_word' id='word_1_541' title='bbox 550 4032 647 4074; x_wconf 89' lang='lat' dir='ltr'><strong>seu</strong></span> <span class='ocrx_word' id='word_1_542' title='bbox 669 4016 920 4080; x_wconf 86' lang='lat' dir='ltr'><strong>Torcclli,</strong></span> <span class='ocrx_word' id='word_1_543' title='bbox 956 4031 1048 4072; x_wconf 87' lang='lat' dir='ltr'><strong>seu</strong></span> <span class='ocrx_word' id='word_1_544' title='bbox 1075 4018 1295 4088; x_wconf 83' lang='lat' dir='ltr'><strong>alterius</strong></span> <span class='ocrx_word' id='word_1_545' title='bbox 1321 4019 1690 4071; x_wconf 81' lang='lat' dir='ltr'><strong>aestuat-ieram</strong></span> 
     </span>
    </p>
   </div>
   <div class='ocr_carea' id='block_1_72' title="bbox 158 4103 1743 4177">
    <p class='ocr_par' dir='ltr' id='par_1_72' title="bbox 158 4103 1743 4177">
     <span class='ocr_line' id='line_1_72' title="bbox 158 4103 1743 4177; baseline 0.001 -19"><span class='ocrx_word' id='word_1_546' title='bbox 158 4103 446 4163; x_wconf 74' lang='lat' dir='ltr'><strong>Venetorum</strong></span> <span class='ocrx_word' id='word_1_547' title='bbox 500 4109 645 4164; x_wconf 88' lang='lat' dir='ltr'><strong>urbis</strong></span> <span class='ocrx_word' id='word_1_548' title='bbox 683 4108 1011 4163; x_wconf 81' lang='lat' dir='ltr'><strong>eelebratum</strong></span> <span class='ocrx_word' id='word_1_549' title='bbox 1058 4107 1237 4177; x_wconf 88' lang='lat' dir='ltr'><strong>prodit</strong></span> <span class='ocrx_word' id='word_1_550' title='bbox 1266 4124 1319 4162; x_wconf 70' lang='grc' dir='ltr'>γι</span> <span class='ocrx_word' id='word_1_551' title='bbox 1364 4108 1438 4161; x_wconf 91' lang='lat' dir='ltr'><strong>ld.</strong></span> <span class='ocrx_word' id='word_1_552' title='bbox 1474 4107 1693 4161; x_wconf 75' lang='lat' dir='ltr'><strong>Decem-</strong></span> <span class='ocrx_word' id='word_1_553' title='bbox 1742 4168 1743 4171; x_wconf 26' lang='grc' dir='ltr'><strong>η</strong></span> 
     </span>
    </p>
   </div>
   <div class='ocr_carea' id='block_1_73' title="bbox 158 4195 1693 4270">
    <p class='ocr_par' dir='ltr' id='par_1_73' title="bbox 158 4195 1693 4270">
     <span class='ocr_line' id='line_1_73' title="bbox 158 4195 1693 4270; baseline 0.003 -21"><span class='ocrx_word' id='word_1_554' title='bbox 158 4195 275 4263; x_wconf 85' lang='lat' dir='ltr'><strong>bris;</strong></span> <span class='ocrx_word' id='word_1_555' title='bbox 319 4199 406 4254; x_wconf 85' lang='lat' dir='ltr'><strong>sed</strong></span> <span class='ocrx_word' id='word_1_556' title='bbox 455 4201 691 4270; x_wconf 87' lang='lat' dir='ltr'><strong>ejusdem</strong></span> <span class='ocrx_word' id='word_1_557' title='bbox 739 4200 901 4254; x_wconf 78' lang='lat' dir='ltr'><strong>etiam</strong></span> <span class='ocrx_word' id='word_1_558' title='bbox 956 4215 1148 4255; x_wconf 89' lang='lat' dir='ltr'><strong>nomen</strong></span> <span class='ocrx_word' id='word_1_559' title='bbox 1205 4200 1255 4254; x_wconf 92' lang='lat' dir='ltr'><strong>in</strong></span> <span class='ocrx_word' id='word_1_560' title='bbox 1310 4198 1508 4253; x_wconf 78' lang='lat' dir='ltr'><strong>litaniis</strong></span> <span class='ocrx_word' id='word_1_561' title='bbox 1555 4202 1693 4254; x_wconf 87' lang='lat' dir='ltr'><strong>inter</strong></span> 
     </span>
    </p>
   </div>
   <div class='ocr_carea' id='block_1_74' title="bbox 156 4288 1690 4347">
    <p class='ocr_par' dir='ltr' id='par_1_74' title="bbox 156 4288 1690 4347">
     <span class='ocr_line' id='line_1_74' title="bbox 156 4288 1690 4347; baseline 0.001 -4"><span class='ocrx_word' id='word_1_562' title='bbox 156 4288 464 4347; x_wconf 73' lang='lat' dir='ltr'><strong>Confessores</strong></span> <span class='ocrx_word' id='word_1_563' title='bbox 506 4293 768 4347; x_wconf 87' lang='lat' dir='ltr'><strong>incertum</strong></span> <span class='ocrx_word' id='word_1_564' title='bbox 799 4291 1017 4347; x_wconf 84' lang='lat' dir='ltr'><strong>exhibet</strong></span> <span class='ocrx_word' id='word_1_565' title='bbox 1044 4292 1096 4346; x_wconf 92' lang='lat' dir='ltr'><strong>in</strong></span> <span class='ocrx_word' id='word_1_566' title='bbox 1128 4290 1324 4347; x_wconf 86' lang='lat' dir='ltr'><strong>Ordine</strong></span> <span class='ocrx_word' id='word_1_567' title='bbox 1366 4292 1431 4344; x_wconf 86' lang='lat' dir='ltr'><strong>ad</strong></span> <span class='ocrx_word' id='word_1_568' title='bbox 1462 4291 1690 4345; x_wconf 82' lang='lat' dir='ltr'><strong>dandam</strong></span> 
     </span>
    </p>
   </div>
   <div class='ocr_carea' id='block_1_75' title="bbox 156 4384 1689 4456">
    <p class='ocr_par' dir='ltr' id='par_1_75' title="bbox 156 4384 1689 4456">
     <span class='ocr_line' id='line_1_75' title="bbox 156 4384 1689 4456; baseline -0.001 -18"><span class='ocrx_word' id='word_1_569' title='bbox 156 4385 483 4449; x_wconf 62' lang='lat' dir='ltr'><strong>paenitentiam</strong></span> <span class='ocrx_word' id='word_1_570' title='bbox 513 4386 634 4441; x_wconf 62' lang='lat' dir='ltr'><strong>sic&#39;:</strong></span> <span class='ocrx_word' id='word_1_571' title='bbox 673 4384 734 4441; x_wconf 91' lang='lat' dir='ltr'><strong>S.</strong></span> <span class='ocrx_word' id='word_1_572' title='bbox 758 4385 1055 4456; x_wconf 70' lang='lat' dir='ltr'><strong>Augustine.</strong></span> <span class='ocrx_word' id='word_1_573' title='bbox 1084 4385 1142 4441; x_wconf 91' lang='lat' dir='ltr'><strong>S.</strong></span> <span class='ocrx_word' id='word_1_574' title='bbox 1171 4384 1404 4450; x_wconf 83' lang='lat' dir='ltr'><strong>Nicolae,</strong></span> <span class='ocrx_word' id='word_1_575' title='bbox 1440 4384 1498 4439; x_wconf 87' lang='lat' dir='ltr'><strong>S.</strong></span> <span class='ocrx_word' id='word_1_576' title='bbox 1529 4385 1689 4450; x_wconf 87' lang='lat' dir='ltr'><strong>Zeno,</strong></span> 
     </span>
    </p>
   </div>
   <div class='ocr_carea' id='block_1_76' title="bbox 158 4474 1689 4548">
    <p class='ocr_par' dir='ltr' id='par_1_76' title="bbox 158 4474 1689 4548">
     <span class='ocr_line' id='line_1_76' title="bbox 158 4474 1689 4548; baseline 0.001 -21"><span class='ocrx_word' id='word_1_577' title='bbox 158 4474 204 4527; x_wconf 85' lang='lat' dir='ltr'><strong>S.</strong></span> <span class='ocrx_word' id='word_1_578' title='bbox 241 4475 461 4543; x_wconf 85' lang='lat' dir='ltr'><strong>Procule,</strong></span> <span class='ocrx_word' id='word_1_579' title='bbox 502 4489 605 4535; x_wconf 89' lang='lat' dir='ltr'><strong>etc.</strong></span> <span class='ocrx_word' id='word_1_580' title='bbox 636 4520 650 4545; x_wconf 93' lang='lat'><strong>,</strong></span> <span class='ocrx_word' id='word_1_581' title='bbox 684 4478 876 4548; x_wconf 86' lang='lat' dir='ltr'><strong>quibus</strong></span> <span class='ocrx_word' id='word_1_582' title='bbox 922 4476 975 4531; x_wconf 90' lang='lat' dir='ltr'><strong>in</strong></span> <span class='ocrx_word' id='word_1_583' title='bbox 1017 4478 1211 4532; x_wconf 86' lang='lat' dir='ltr'><strong>lilaniis</strong></span> <span class='ocrx_word' id='word_1_584' title='bbox 1241 4492 1360 4531; x_wconf 88' lang='lat' dir='ltr'><strong>cum</strong></span> <span class='ocrx_word' id='word_1_585' title='bbox 1393 4487 1689 4545; x_wconf 83' lang='lat' dir='ltr'><strong>temporum</strong></span> 
     </span>
    </p>
   </div>
   <div class='ocr_carea' id='block_1_77' title="bbox 1802 3262 3379 3344">
    <p class='ocr_par' dir='ltr' id='par_1_77' title="bbox 1802 3262 3379 3344">
     <span class='ocr_line' id='line_1_77' title="bbox 1802 3262 3379 3344; baseline -0.006 -16"><span class='ocrx_word' id='word_1_586' title='bbox 1802 3275 1853 3329; x_wconf 90' lang='lat' dir='ltr'><strong>in</strong></span> <span class='ocrx_word' id='word_1_587' title='bbox 1886 3289 1991 3344; x_wconf 90' lang='lat' dir='ltr'><strong>quo</strong></span> <span class='ocrx_word' id='word_1_588' title='bbox 2017 3275 2133 3344; x_wconf 88' lang='lat' dir='ltr'><strong>ejus</strong></span> <span class='ocrx_word' id='word_1_589' title='bbox 2160 3274 2355 3327; x_wconf 77' lang='lat' dir='ltr'><strong>festum</strong></span> <span class='ocrx_word' id='word_1_590' title='bbox 2382 3262 2611 3336; x_wconf 84' lang='lat' dir='ltr'><strong>notatur,</strong></span> <span class='ocrx_word' id='word_1_591' title='bbox 2646 3272 2770 3325; x_wconf 85' lang='lat' dir='ltr'><strong>licet</strong></span> <span class='ocrx_word' id='word_1_592' title='bbox 2795 3283 3139 3340; x_wconf 74' lang='lat' dir='ltr'><strong>cognoscere.</strong></span> <span class='ocrx_word' id='word_1_593' title='bbox 3170 3267 3305 3334; x_wconf 83' lang='lat' dir='ltr'><strong>Quin</strong></span> <span class='ocrx_word' id='word_1_594' title='bbox 3329 3266 3379 3319; x_wconf 91' lang='lat' dir='ltr'><strong>in</strong></span> 
     </span>
    </p>
   </div>
   <div class='ocr_carea' id='block_1_78' title="bbox 1802 3361 3377 3437">
    <p class='ocr_par' dir='ltr' id='par_1_78' title="bbox 1802 3361 3377 3437">
     <span class='ocr_line' id='line_1_78' title="bbox 1802 3361 3377 3437; baseline -0.004 -17"><span class='ocrx_word' id='word_1_595' title='bbox 1802 3368 2049 3421; x_wconf 90' lang='lat' dir='ltr'><strong>universa</strong></span> <span class='ocrx_word' id='word_1_596' title='bbox 2127 3367 2541 3437; x_wconf 87' lang='lat' dir='ltr'><strong>congregatione</strong></span> <span class='ocrx_word' id='word_1_597' title='bbox 2606 3365 2798 3419; x_wconf 83' lang='lat' dir='ltr'><strong>Montis</strong></span> <span class='ocrx_word' id='word_1_598' title='bbox 2863 3362 3070 3417; x_wconf 79' lang='lat' dir='ltr'><strong>Cassini</strong></span> <span class='ocrx_word' id='word_1_599' title='bbox 3144 3361 3377 3430; x_wconf 80' lang='lat' dir='ltr'><strong>ejusdem</strong></span> 
     </span>
    </p>
   </div>
   <div class='ocr_carea' id='block_1_79' title="bbox 1801 3447 3381 3530">
    <p class='ocr_par' dir='ltr' id='par_1_79' title="bbox 1801 3447 3381 3530">
     <span class='ocr_line' id='line_1_79' title="bbox 1801 3447 3381 3530; baseline -0.006 -14"><span class='ocrx_word' id='word_1_600' title='bbox 1801 3460 1980 3516; x_wconf 90' lang='lat' dir='ltr'><strong>Sancti</strong></span> <span class='ocrx_word' id='word_1_601' title='bbox 2031 3460 2343 3514; x_wconf 85' lang='lat' dir='ltr'><strong>memoriam</strong></span> <span class='ocrx_word' id='word_1_602' title='bbox 2378 3468 2645 3530; x_wconf 83' lang='lat' dir='ltr'><strong>peractam</strong></span> <span class='ocrx_word' id='word_1_603' title='bbox 2687 3459 2970 3514; x_wconf 89' lang='lat' dir='ltr'><strong>didicimus</strong></span> <span class='ocrx_word' id='word_1_604' title='bbox 3014 3472 3077 3511; x_wconf 92' lang='lat' dir='ltr'><strong>ex</strong></span> <span class='ocrx_word' id='word_1_605' title='bbox 3121 3447 3381 3509; x_wconf 74' lang='lat' dir='ltr'><strong>Caleuda-</strong></span> 
     </span>
    </p>
   </div>
   <div class='ocr_carea' id='block_1_80' title="bbox 1800 3547 3378 3622">
    <p class='ocr_par' dir='ltr' id='par_1_80' title="bbox 1800 3547 3378 3622">
     <span class='ocr_line' id='line_1_80' title="bbox 1800 3547 3378 3622; baseline -0.006 -16"><span class='ocrx_word' id='word_1_606' title='bbox 1800 3552 1879 3606; x_wconf 89' lang='lat' dir='ltr'><strong>rio</strong></span> <span class='ocrx_word' id='word_1_607' title='bbox 1900 3593 1914 3616; x_wconf 89' lang='lat'><strong>,</strong></span> <span class='ocrx_word' id='word_1_608' title='bbox 1946 3552 2085 3622; x_wconf 86' lang='lat' dir='ltr'><strong>quod</strong></span> <span class='ocrx_word' id='word_1_609' title='bbox 2125 3552 2396 3621; x_wconf 61' lang='lat' dir='ltr'><strong>praeﬁxum</strong></span> <span class='ocrx_word' id='word_1_610' title='bbox 2443 3552 2671 3606; x_wconf 83' lang='lat' dir='ltr'><strong>vidimus</strong></span> <span class='ocrx_word' id='word_1_611' title='bbox 2700 3550 2955 3604; x_wconf 85' lang='lat' dir='ltr'><strong>Psalterio</strong></span> <span class='ocrx_word' id='word_1_612' title='bbox 2981 3547 3267 3601; x_wconf 83' lang='lat' dir='ltr'><strong>Monastico</strong></span> <span class='ocrx_word' id='word_1_613' title='bbox 3296 3562 3378 3598; x_wconf 88' lang='lat' dir='ltr'><strong>or-</strong></span> 
     </span>
    </p>
   </div>
   <div class='ocr_carea' id='block_1_81' title="bbox 1798 3622 3380 3712">
    <p class='ocr_par' dir='ltr' id='par_1_81' title="bbox 1798 3622 3380 3712">
     <span class='ocr_line' id='line_1_81' title="bbox 1798 3622 3380 3712; baseline -0.004 -19"><span class='ocrx_word' id='word_1_614' title='bbox 1798 3641 2023 3699; x_wconf 86' lang='lat' dir='ltr'><strong>dinis-S.</strong></span> <span class='ocrx_word' id='word_1_615' title='bbox 2052 3641 2313 3696; x_wconf 86' lang='lat' dir='ltr'><strong>Benedicti</strong></span> <span class='ocrx_word' id='word_1_616' title='bbox 2355 3622 2771 3712; x_wconf 83' lang='lat' dir='ltr'><strong>Congregutionis</strong></span> <span class='ocrx_word' id='word_1_617' title='bbox 2804 3637 3119 3695; x_wconf 86' lang='lat' dir='ltr'><strong>Cassinensis</strong></span> <span class='ocrx_word' id='word_1_618' title='bbox 3158 3636 3216 3689; x_wconf 77' lang='lat' dir='ltr'><strong>S.</strong></span> <span class='ocrx_word' id='word_1_619' title='bbox 3257 3633 3380 3687; x_wconf 86' lang='lat' dir='ltr'><strong>Jus-</strong></span> 
     </span>
    </p>
   </div>
   <div class='ocr_carea' id='block_1_82' title="bbox 1798 3722 3378 3801">
    <p class='ocr_par' dir='ltr' id='par_1_82' title="bbox 1798 3722 3378 3801">
     <span class='ocr_line' id='line_1_82' title="bbox 1798 3722 3378 3801; baseline -0.006 -14"><span class='ocrx_word' id='word_1_620' title='bbox 1798 3736 1916 3789; x_wconf 75' lang='lat' dir='ltr'><strong>tiuaz</strong></span> <span class='ocrx_word' id='word_1_621' title='bbox 1955 3737 2016 3801; x_wconf 86' lang='lat' dir='ltr'><strong>de</strong></span> <span class='ocrx_word' id='word_1_622' title='bbox 2052 3735 2253 3801; x_wconf 80' lang='lat' dir='ltr'><strong>Padaa,</strong></span> <span class='ocrx_word' id='word_1_623' title='bbox 2298 3735 2528 3789; x_wconf 75' lang='lat' dir='ltr'><strong>Venetiis</strong></span> <span class='ocrx_word' id='word_1_624' title='bbox 2555 3722 2697 3792; x_wconf 88' lang='lat' dir='ltr'><strong>edito</strong></span> <span class='ocrx_word' id='word_1_625' title='bbox 2729 3747 2815 3785; x_wconf 90' lang='lat' dir='ltr'><strong>an.</strong></span> <span class='ocrx_word' id='word_1_626' title='bbox 2850 3730 3013 3793; x_wconf 81' lang='grc'>1006,</span> <span class='ocrx_word' id='word_1_627' title='bbox 3048 3729 3098 3782; x_wconf 93' lang='lat' dir='ltr'><strong>in</strong></span> <span class='ocrx_word' id='word_1_628' title='bbox 3127 3742 3231 3797; x_wconf 89' lang='lat' dir='ltr'><strong>quo</strong></span> <span class='ocrx_word' id='word_1_629' title='bbox 3262 3725 3378 3779; x_wconf 68' lang='lat' dir='ltr'><strong>hmc</strong></span> 
     </span>
    </p>
   </div>
   <div class='ocr_carea' id='block_1_83' title="bbox 1797 3814 3376 3895">
    <p class='ocr_par' dir='ltr' id='par_1_83' title="bbox 1797 3814 3376 3895">
     <span class='ocr_line' id='line_1_83' title="bbox 1797 3814 3376 3895; baseline -0.007 -14"><span class='ocrx_word' id='word_1_630' title='bbox 1797 3814 2047 3895; x_wconf 85' lang='lat' dir='ltr'><strong>leguntur</strong></span> <span class='ocrx_word' id='word_1_631' title='bbox 2090 3843 2274 3882; x_wconf 89' lang='lat' dir='ltr'><strong>mense</strong></span> <span class='ocrx_word' id='word_1_632' title='bbox 2326 3815 2632 3881; x_wconf 84' lang='lat' dir='ltr'><strong>Decembris</strong></span> <span class='ocrx_word' id='word_1_633' title='bbox 2681 3824 2766 3878; x_wconf 89' lang='lat' dir='ltr'><strong>die</strong></span> <span class='ocrx_word' id='word_1_634' title='bbox 2809 3830 2998 3877; x_wconf 74' lang='lat' dir='ltr'><strong>octavo</strong></span> <span class='ocrx_word' id='word_1_635' title='bbox 3040 3838 3053 3873; x_wconf 87' lang='lat'><strong><em>:</em></strong></span> <span class='ocrx_word' id='word_1_636' title='bbox 3102 3818 3376 3886; x_wconf 81' lang='lat' dir='ltr'><strong>Conceptio</strong></span> 
     </span>
    </p>
   </div>
   <div class='ocr_carea' id='block_1_84' title="bbox 1798 3912 3377 3989">
    <p class='ocr_par' dir='ltr' id='par_1_84' title="bbox 1798 3912 3377 3989">
     <span class='ocr_line' id='line_1_84' title="bbox 1798 3912 3377 3989; baseline -0.006 -17"><span class='ocrx_word' id='word_1_637' title='bbox 1798 3918 1859 3972; x_wconf 84' lang='lat' dir='ltr'><strong>B.</strong></span> <span class='ocrx_word' id='word_1_638' title='bbox 1897 3919 2081 3973; x_wconf 77' lang='lat' dir='ltr'><strong>Maria:</strong></span> <span class='ocrx_word' id='word_1_639' title='bbox 2117 3919 2360 3989; x_wconf 78' lang='lat' dir='ltr'><strong>Virginis,</strong></span> <span class='ocrx_word' id='word_1_640' title='bbox 2384 3918 2577 3986; x_wconf 74' lang='lat' dir='ltr'><strong>duplex</strong></span> <span class='ocrx_word' id='word_1_641' title='bbox 2608 3917 2796 3985; x_wconf 83' lang='lat' dir='ltr'><strong>majus,</strong></span> <span class='ocrx_word' id='word_1_642' title='bbox 2823 3926 2869 3969; x_wconf 89' lang='lat' dir='ltr'><strong>et</strong></span> <span class='ocrx_word' id='word_1_643' title='bbox 2890 3913 3111 3967; x_wconf 84' lang='lat' dir='ltr'><strong>Zenonis</strong></span> <span class='ocrx_word' id='word_1_644' title='bbox 3152 3912 3377 3983; x_wconf 76' lang='lat' dir='ltr'><strong>episcopi</strong></span> 
     </span>
    </p>
   </div>
   <div class='ocr_carea' id='block_1_85' title="bbox 1796 4006 3375 4081">
    <p class='ocr_par' dir='ltr' id='par_1_85' title="bbox 1796 4006 3375 4081">
     <span class='ocr_line' id='line_1_85' title="bbox 1796 4006 3375 4081; baseline -0.006 -18"><span class='ocrx_word' id='word_1_645' title='bbox 1796 4022 1840 4063; x_wconf 88' lang='lat' dir='ltr'><strong>et</strong></span> <span class='ocrx_word' id='word_1_646' title='bbox 1863 4012 2100 4081; x_wconf 83' lang='lat' dir='ltr'><strong>martyris</strong></span> <span class='ocrx_word' id='word_1_647' title='bbox 2122 4010 2531 4063; x_wconf 70' lang='lat' dir='ltr'><strong>commemoi-atio</strong></span> <span class='ocrx_word' id='word_1_648' title='bbox 2554 4024 2571 4072; x_wconf 88' lang='lat'><strong><em>;</em></strong></span> <span class='ocrx_word' id='word_1_649' title='bbox 2600 4023 2717 4076; x_wconf 81' lang='lat' dir='ltr'><strong>qua:</strong></span> <span class='ocrx_word' id='word_1_650' title='bbox 2748 4006 2959 4074; x_wconf 84' lang='lat' dir='ltr'><strong>quidem</strong></span> <span class='ocrx_word' id='word_1_651' title='bbox 2988 4016 3375 4057; x_wconf 86' lang='lat' dir='ltr'><strong>commemora-</strong></span> 
     </span>
    </p>
   </div>
   <div class='ocr_carea' id='block_1_86' title="bbox 1797 4098 3373 4171">
    <p class='ocr_par' dir='ltr' id='par_1_86' title="bbox 1797 4098 3373 4171">
     <span class='ocr_line' id='line_1_86' title="bbox 1797 4098 3373 4171; baseline -0.004 -16"><span class='ocrx_word' id='word_1_652' title='bbox 1797 4102 1889 4168; x_wconf 90' lang='lat' dir='ltr'><strong>Iin,</strong></span> <span class='ocrx_word' id='word_1_653' title='bbox 1919 4102 2013 4158; x_wconf 90' lang='lat' dir='ltr'><strong>sed</strong></span> <span class='ocrx_word' id='word_1_654' title='bbox 2040 4118 2159 4157; x_wconf 88' lang='lat' dir='ltr'><strong>cum</strong></span> <span class='ocrx_word' id='word_1_655' title='bbox 2182 4102 2299 4158; x_wconf 86' lang='lat' dir='ltr'><strong>solo</strong></span> <span class='ocrx_word' id='word_1_656' title='bbox 2329 4101 2606 4156; x_wconf 73' lang='lat' dir='ltr'><strong>sacerdotis</strong></span> <span class='ocrx_word' id='word_1_657' title='bbox 2634 4111 2680 4153; x_wconf 84' lang='lat' dir='ltr'><strong>et</strong></span> <span class='ocrx_word' id='word_1_658' title='bbox 2708 4099 3015 4171; x_wconf 66' lang='lat' dir='ltr'><strong>confessio-is</strong></span> <span class='ocrx_word' id='word_1_659' title='bbox 3044 4098 3217 4163; x_wconf 85' lang='lat' dir='ltr'><strong>titulo,</strong></span> <span class='ocrx_word' id='word_1_660' title='bbox 3249 4098 3373 4151; x_wconf 87' lang='lat' dir='ltr'><strong>item</strong></span> 
     </span>
    </p>
   </div>
   <div class='ocr_carea' id='block_1_87' title="bbox 1796 4190 3376 4265">
    <p class='ocr_par' dir='ltr' id='par_1_87' title="bbox 1796 4190 3376 4265">
     <span class='ocr_line' id='line_1_87' title="bbox 1796 4190 3376 4265; baseline -0.003 -18"><span class='ocrx_word' id='word_1_661' title='bbox 1796 4194 1987 4265; x_wconf 76' lang='lat' dir='ltr'><strong>legitur</strong></span> <span class='ocrx_word' id='word_1_662' title='bbox 2038 4194 2224 4249; x_wconf 89' lang='lat' dir='ltr'><strong>eodem</strong></span> <span class='ocrx_word' id='word_1_663' title='bbox 2282 4195 2369 4250; x_wconf 89' lang='lat' dir='ltr'><strong>die</strong></span> <span class='ocrx_word' id='word_1_664' title='bbox 2431 4195 2487 4248; x_wconf 88' lang='lat' dir='ltr'><strong>iu</strong></span> <span class='ocrx_word' id='word_1_665' title='bbox 2532 4210 2632 4247; x_wconf 91' lang='lat' dir='ltr'><strong>ms.</strong></span> <span class='ocrx_word' id='word_1_666' title='bbox 2699 4193 2967 4248; x_wconf 82' lang='lat' dir='ltr'><strong>Breviario</strong></span> <span class='ocrx_word' id='word_1_667' title='bbox 3012 4190 3376 4255; x_wconf 87' lang='lat' dir='ltr'><strong>Beucdictino,</strong></span> 
     </span>
    </p>
   </div>
   <div class='ocr_carea' id='block_1_88' title="bbox 1795 4284 3375 4356">
    <p class='ocr_par' dir='ltr' id='par_1_88' title="bbox 1795 4284 3375 4356">
     <span class='ocr_line' id='line_1_88' title="bbox 1795 4284 3375 4356; baseline -0.002 -17"><span class='ocrx_word' id='word_1_668' title='bbox 1795 4288 1995 4356; x_wconf 87' lang='lat' dir='ltr'><strong>scripto</strong></span> <span class='ocrx_word' id='word_1_669' title='bbox 2021 4288 2158 4342; x_wconf 87' lang='lat' dir='ltr'><strong>circa</strong></span> <span class='ocrx_word' id='word_1_670' title='bbox 2209 4287 2416 4343; x_wconf 87' lang='lat' dir='ltr'><strong>initium</strong></span> <span class='ocrx_word' id='word_1_671' title='bbox 2450 4303 2515 4341; x_wconf 81' lang='lat' dir='ltr'><strong>xv</strong></span> <span class='ocrx_word' id='word_1_672' title='bbox 2547 4288 2728 4341; x_wconf 60' lang='lat' dir='ltr'><strong>saeculi</strong></span> <span class='ocrx_word' id='word_1_673' title='bbox 2758 4329 2771 4351; x_wconf 89' lang='lat'><strong>,</strong></span> <span class='ocrx_word' id='word_1_674' title='bbox 2804 4285 2944 4353; x_wconf 89' lang='lat' dir='ltr'><strong>quod</strong></span> <span class='ocrx_word' id='word_1_675' title='bbox 2987 4285 3052 4339; x_wconf 89' lang='lat' dir='ltr'><strong>ad</strong></span> <span class='ocrx_word' id='word_1_676' title='bbox 3092 4284 3375 4338; x_wconf 81' lang='lat' dir='ltr'><strong>&#39;l‘icinense</strong></span> 
     </span>
    </p>
   </div>
   <div class='ocr_carea' id='block_1_89' title="bbox 1797 4375 3377 4448">
    <p class='ocr_par' dir='ltr' id='par_1_89' title="bbox 1797 4375 3377 4448">
     <span class='ocr_line' id='line_1_89' title="bbox 1797 4375 3377 4448; baseline -0.003 -16"><span class='ocrx_word' id='word_1_677' title='bbox 1797 4380 2179 4434; x_wconf 85' lang='lat' dir='ltr'><strong>monasterium</strong></span> <span class='ocrx_word' id='word_1_678' title='bbox 2222 4379 2541 4448; x_wconf 83' lang='lat' dir='ltr'><strong>pertinebat.</strong></span> <span class='ocrx_word' id='word_1_679' title='bbox 2595 4378 2703 4432; x_wconf 88' lang='lat' dir='ltr'><strong>lloc</strong></span> <span class='ocrx_word' id='word_1_680' title='bbox 2751 4386 2926 4431; x_wconf 76' lang='lat' dir='ltr'><strong>autem</strong></span> <span class='ocrx_word' id='word_1_681' title='bbox 2974 4378 3091 4431; x_wconf 83' lang='lat' dir='ltr'><strong>loco</strong></span> <span class='ocrx_word' id='word_1_682' title='bbox 3133 4375 3377 4429; x_wconf 87' lang='lat' dir='ltr'><strong>omittere</strong></span> 
     </span>
    </p>
   </div>
   <div class='ocr_carea' id='block_1_90' title="bbox 1797 4466 3375 4543">
    <p class='ocr_par' dir='ltr' id='par_1_90' title="bbox 1797 4466 3375 4543">
     <span class='ocr_line' id='line_1_90' title="bbox 1797 4466 3375 4543; baseline -0.004 -18"><span class='ocrx_word' id='word_1_683' title='bbox 1797 4473 2047 4526; x_wconf 88' lang='lat' dir='ltr'><strong>nolumus</strong></span> <span class='ocrx_word' id='word_1_684' title='bbox 2094 4473 2145 4526; x_wconf 88' lang='lat' dir='ltr'><strong>itt</strong></span> <span class='ocrx_word' id='word_1_685' title='bbox 2191 4471 2511 4528; x_wconf 77' lang='lat' dir='ltr'><strong>Calendario</strong></span> <span class='ocrx_word' id='word_1_686' title='bbox 2550 4487 2762 4543; x_wconf 89' lang='lat' dir='ltr'><strong>quoque</strong></span> <span class='ocrx_word' id='word_1_687' title='bbox 2809 4470 3062 4526; x_wconf 82' lang='lat' dir='ltr'><strong>Breviarii</strong></span> <span class='ocrx_word' id='word_1_688' title='bbox 3095 4486 3193 4524; x_wconf 88' lang='lat' dir='ltr'><strong>ms.</strong></span> <span class='ocrx_word' id='word_1_689' title='bbox 3243 4466 3375 4520; x_wconf 87' lang='lat' dir='ltr'><strong>Fra-</strong></span> 
     </span>
    </p>
   </div>
   <div class='ocr_carea' id='block_1_91' title="bbox 156 4558 3448 4641">
    <p class='ocr_par' dir='ltr' id='par_1_91' title="bbox 156 4558 3448 4641">
     <span class='ocr_line' id='line_1_91' title="bbox 156 4558 3448 4641; baseline -0.003 -19"><span class='ocrx_word' id='word_1_690' title='bbox 156 4574 264 4624; x_wconf 87' lang='lat' dir='ltr'><strong>ordo</strong></span> <span class='ocrx_word' id='word_1_691' title='bbox 290 4574 335 4627; x_wconf 93' lang='lat' dir='ltr'><strong>in</strong></span> <span class='ocrx_word' id='word_1_692' title='bbox 362 4574 475 4628; x_wconf 85' lang='lat' dir='ltr'><strong>aliis</strong></span> <span class='ocrx_word' id='word_1_693' title='bbox 510 4573 725 4629; x_wconf 85' lang='lat' dir='ltr'><strong>Sanctis</strong></span> <span class='ocrx_word' id='word_1_694' title='bbox 756 4571 1098 4626; x_wconf 86' lang='lat' dir='ltr'><strong>recensendis</strong></span> <span class='ocrx_word' id='word_1_695' title='bbox 1143 4586 1476 4641; x_wconf 73' lang='lat' dir='ltr'><strong>nequaquam</strong></span> <span class='ocrx_word' id='word_1_696' title='bbox 1513 4579 1693 4626; x_wconf 86' lang='lat' dir='ltr'><strong>tenea-</strong></span> <span class='ocrx_word' id='word_1_697' title='bbox 1721 4568 1770 4626; x_wconf 85' lang='lat' dir='ltr'><strong>D</strong></span> <span class='ocrx_word' id='word_1_698' title='bbox 1800 4574 1935 4619; x_wconf 88' lang='lat' dir='ltr'><strong>trum</strong></span> <span class='ocrx_word' id='word_1_699' title='bbox 1985 4565 2281 4630; x_wconf 89' lang='lat' dir='ltr'><strong>Minorutn,</strong></span> <span class='ocrx_word' id='word_1_700' title='bbox 2327 4565 2469 4634; x_wconf 82' lang='lat' dir='ltr'><strong>quod</strong></span> <span class='ocrx_word' id='word_1_701' title='bbox 2521 4566 2570 4619; x_wconf 95' lang='lat' dir='ltr'><strong>in</strong></span> <span class='ocrx_word' id='word_1_702' title='bbox 2619 4564 2947 4620; x_wconf 69' lang='lat' dir='ltr'><strong>Tridentinte</strong></span> <span class='ocrx_word' id='word_1_703' title='bbox 2986 4558 3242 4615; x_wconf 75' lang='lat' dir='ltr'><strong>Ecclesia:</strong></span> <span class='ocrx_word' id='word_1_704' title='bbox 3294 4558 3374 4612; x_wconf 86' lang='lat' dir='ltr'><strong>bi-</strong></span> <span class='ocrx_word' id='word_1_705' title='bbox 3444 4594 3448 4598; x_wconf 93' lang='lat'><strong><em>-</em></strong></span> 
     </span>
    </p>
   </div>
   <div class='ocr_carea' id='block_1_92' title="bbox 158 4663 1697 4731">
    <p class='ocr_par' dir='ltr' id='par_1_92' title="bbox 158 4663 1697 4731">
     <span class='ocr_line' id='line_1_92' title="bbox 158 4663 1697 4731; baseline 0.003 -20"><span class='ocrx_word' id='word_1_706' title='bbox 158 4668 243 4725; x_wconf 86' lang='lat' dir='ltr'><strong>tur,</strong></span> <span class='ocrx_word' id='word_1_707' title='bbox 271 4664 390 4719; x_wconf 80' lang='lat' dir='ltr'><strong>nihil</strong></span> <span class='ocrx_word' id='word_1_708' title='bbox 422 4665 635 4729; x_wconf 90' lang='lat' dir='ltr'><strong>mirum,</strong></span> <span class='ocrx_word' id='word_1_709' title='bbox 668 4665 712 4718; x_wconf 90' lang='lat' dir='ltr'><strong>si</strong></span> <span class='ocrx_word' id='word_1_710' title='bbox 742 4663 801 4719; x_wconf 92' lang='lat' dir='ltr'><strong>S.</strong></span> <span class='ocrx_word' id='word_1_711' title='bbox 836 4663 979 4717; x_wconf 89' lang='lat' dir='ltr'><strong>Zeno</strong></span> <span class='ocrx_word' id='word_1_712' title='bbox 1010 4672 1203 4731; x_wconf 81' lang='lat' dir='ltr'><strong>pra-ter</strong></span> <span class='ocrx_word' id='word_1_713' title='bbox 1232 4663 1455 4717; x_wconf 86' lang='lat' dir='ltr'><strong>aliarum</strong></span> <span class='ocrx_word' id='word_1_714' title='bbox 1487 4664 1697 4717; x_wconf 88' lang='lat' dir='ltr'><strong>litania-</strong></span> 
     </span>
    </p>
   </div>
   <div class='ocr_carea' id='block_1_93' title="bbox 156 4753 1693 4825">
    <p class='ocr_par' dir='ltr' id='par_1_93' title="bbox 156 4753 1693 4825">
     <span class='ocr_line' id='line_1_93' title="bbox 156 4753 1693 4825; baseline 0.003 -22"><span class='ocrx_word' id='word_1_715' title='bbox 156 4765 250 4805; x_wconf 85' lang='lat' dir='ltr'><strong>rum</strong></span> <span class='ocrx_word' id='word_1_716' title='bbox 290 4758 533 4811; x_wconf 88' lang='lat' dir='ltr'><strong>rationem</strong></span> <span class='ocrx_word' id='word_1_717' title='bbox 564 4756 620 4812; x_wconf 89' lang='lat' dir='ltr'><strong>S.</strong></span> <span class='ocrx_word' id='word_1_718' title='bbox 664 4756 893 4810; x_wconf 86' lang='lat' dir='ltr'><strong>Proculo</strong></span> <span class='ocrx_word' id='word_1_719' title='bbox 924 4754 1223 4825; x_wconf 81' lang='lat' dir='ltr'><strong>pra-fertur.</strong></span> <span class='ocrx_word' id='word_1_720' title='bbox 1255 4753 1386 4810; x_wconf 87' lang='lat' dir='ltr'><strong>Cttttt</strong></span> <span class='ocrx_word' id='word_1_721' title='bbox 1437 4769 1596 4825; x_wconf 88' lang='lat' dir='ltr'><strong>porro</strong></span> <span class='ocrx_word' id='word_1_722' title='bbox 1639 4754 1693 4808; x_wconf 84' lang='lat' dir='ltr'><strong>in</strong></span> 
     </span>
    </p>
   </div>
   <div class='ocr_carea' id='block_1_94' title="bbox 158 4838 1696 4915">
    <p class='ocr_par' dir='ltr' id='par_1_94' title="bbox 158 4838 1696 4915">
     <span class='ocr_line' id='line_1_94' title="bbox 158 4838 1696 4915; baseline 0.007 -24"><span class='ocrx_word' id='word_1_723' title='bbox 158 4838 337 4898; x_wconf 84' lang='lat' dir='ltr'><strong>laudato</strong></span> <span class='ocrx_word' id='word_1_724' title='bbox 372 4846 684 4903; x_wconf 82' lang='lat' dir='ltr'><strong>Calendario</strong></span> <span class='ocrx_word' id='word_1_725' title='bbox 729 4863 781 4901; x_wconf 77' lang='lat' dir='ltr'><strong>v1</strong></span> <span class='ocrx_word' id='word_1_726' title='bbox 826 4845 911 4900; x_wconf 87' lang='lat' dir='ltr'><strong>Id.</strong></span> <span class='ocrx_word' id='word_1_727' title='bbox 958 4844 1247 4901; x_wconf 81' lang='lat' dir='ltr'><strong>Decembris</strong></span> <span class='ocrx_word' id='word_1_728' title='bbox 1310 4846 1540 4901; x_wconf 87' lang='lat' dir='ltr'><strong>Zenonis</strong></span> <span class='ocrx_word' id='word_1_729' title='bbox 1584 4846 1696 4915; x_wconf 89' lang='lat' dir='ltr'><strong>epi-</strong></span> 
     </span>
    </p>
   </div>
   <div class='ocr_carea' id='block_1_95' title="bbox 157 4936 1693 5010">
    <p class='ocr_par' dir='ltr' id='par_1_95' title="bbox 157 4936 1693 5010">
     <span class='ocr_line' id='line_1_95' title="bbox 157 4936 1693 5010; baseline 0.004 -25"><span class='ocrx_word' id='word_1_730' title='bbox 157 4936 276 5002; x_wconf 66' lang='grc' dir='ltr'><strong>δεομί</strong></span> <span class='ocrx_word' id='word_1_731' title='bbox 298 4937 474 4993; x_wconf 85' lang='lat' dir='ltr'><strong>festum</strong></span> <span class='ocrx_word' id='word_1_732' title='bbox 503 4950 771 5010; x_wconf 84' lang='lat' dir='ltr'><strong>ponatur;</strong></span> <span class='ocrx_word' id='word_1_733' title='bbox 795 4938 917 4992; x_wconf 90' lang='lat' dir='ltr'><strong>inde</strong></span> <span class='ocrx_word' id='word_1_734' title='bbox 945 4939 1140 4993; x_wconf 81' lang='lat' dir='ltr'><strong>factum</strong></span> <span class='ocrx_word' id='word_1_735' title='bbox 1171 4938 1443 4993; x_wconf 85' lang='lat' dir='ltr'><strong>credimus</strong></span> <span class='ocrx_word' id='word_1_736' title='bbox 1504 4947 1555 4990; x_wconf 92' lang='lat' dir='ltr'><strong>ut</strong></span> <span class='ocrx_word' id='word_1_737' title='bbox 1590 4938 1693 4991; x_wconf 73' lang='lat' dir='ltr'><strong>Pe-</strong></span> 
     </span>
    </p>
   </div>
   <div class='ocr_carea' id='block_1_96' title="bbox 160 5028 1695 5101">
    <p class='ocr_par' dir='ltr' id='par_1_96' title="bbox 160 5028 1695 5101">
     <span class='ocr_line' id='line_1_96' title="bbox 160 5028 1695 5101; baseline 0.003 -21"><span class='ocrx_word' id='word_1_738' title='bbox 160 5032 249 5077; x_wconf 77' lang='lat' dir='ltr'><strong>trus</strong></span> <span class='ocrx_word' id='word_1_739' title='bbox 265 5028 323 5083; x_wconf 90' lang='lat' dir='ltr'><strong>de</strong></span> <span class='ocrx_word' id='word_1_740' title='bbox 341 5030 629 5098; x_wconf 79' lang='lat' dir='ltr'><strong>Natalibns,</strong></span> <span class='ocrx_word' id='word_1_741' title='bbox 660 5034 947 5099; x_wconf 86' lang='lat' dir='ltr'><strong>episcopus</strong></span> <span class='ocrx_word' id='word_1_742' title='bbox 972 5032 1269 5101; x_wconf 85' lang='lat' dir='ltr'><strong>Equilinus,</strong></span> <span class='ocrx_word' id='word_1_743' title='bbox 1291 5030 1358 5083; x_wconf 91' lang='lat' dir='ltr'><strong>iis</strong></span> <span class='ocrx_word' id='word_1_744' title='bbox 1382 5032 1433 5087; x_wconf 92' lang='lat' dir='ltr'><strong>in</strong></span> <span class='ocrx_word' id='word_1_745' title='bbox 1456 5031 1695 5100; x_wconf 89' lang='lat' dir='ltr'><strong>partibus</strong></span> 
     </span>
    </p>
   </div>
   <div class='ocr_carea' id='block_1_97' title="bbox 159 5115 1695 5191">
    <p class='ocr_par' dir='ltr' id='par_1_97' title="bbox 159 5115 1695 5191">
     <span class='ocr_line' id='line_1_97' title="bbox 159 5115 1695 5191; baseline 0.003 -19"><span class='ocrx_word' id='word_1_746' title='bbox 159 5115 326 5186; x_wconf 75' lang='lat' dir='ltr'><strong>degens</strong></span> <span class='ocrx_word' id='word_1_747' title='bbox 348 5162 361 5183; x_wconf 90' lang='lat'><strong>,</strong></span> <span class='ocrx_word' id='word_1_748' title='bbox 390 5138 503 5175; x_wconf 90' lang='lat' dir='ltr'><strong>enm</strong></span> <span class='ocrx_word' id='word_1_749' title='bbox 532 5124 880 5177; x_wconf 81' lang='lat' dir='ltr'><strong>observasset</strong></span> <span class='ocrx_word' id='word_1_750' title='bbox 904 5122 956 5176; x_wconf 90' lang='lat' dir='ltr'><strong>in</strong></span> <span class='ocrx_word' id='word_1_751' title='bbox 998 5122 1255 5176; x_wconf 86' lang='lat' dir='ltr'><strong>Ecclesiis</strong></span> <span class='ocrx_word' id='word_1_752' title='bbox 1284 5122 1386 5176; x_wconf 89' lang='lat' dir='ltr'><strong>sibi</strong></span> <span class='ocrx_word' id='word_1_753' title='bbox 1411 5122 1552 5177; x_wconf 90' lang='lat' dir='ltr'><strong>notis</strong></span> <span class='ocrx_word' id='word_1_754' title='bbox 1578 5122 1695 5191; x_wconf 88' lang='lat' dir='ltr'><strong>ejus</strong></span> 
     </span>
    </p>
   </div>
   <div class='ocr_carea' id='block_1_98' title="bbox 158 5202 1691 5279">
    <p class='ocr_par' dir='ltr' id='par_1_98' title="bbox 158 5202 1691 5279">
     <span class='ocr_line' id='line_1_98' title="bbox 158 5202 1691 5279; baseline 0.007 -23"><span class='ocrx_word' id='word_1_755' title='bbox 158 5202 304 5261; x_wconf 81' lang='lat' dir='ltr'><strong>Saneti</strong></span> <span class='ocrx_word' id='word_1_756' title='bbox 333 5212 632 5264; x_wconf 68' lang='lat' dir='ltr'><strong>mc-tnoriam</strong></span> <span class='ocrx_word' id='word_1_757' title='bbox 666 5226 732 5266; x_wconf 84' lang='lat' dir='ltr'><strong>eo</strong></span> <span class='ocrx_word' id='word_1_758' title='bbox 755 5211 844 5266; x_wconf 89' lang='lat' dir='ltr'><strong>die</strong></span> <span class='ocrx_word' id='word_1_759' title='bbox 869 5221 1129 5275; x_wconf 89' lang='lat' dir='ltr'><strong>notatam,</strong></span> <span class='ocrx_word' id='word_1_760' title='bbox 1155 5210 1416 5279; x_wconf 86' lang='lat' dir='ltr'><strong>putaverit</strong></span> <span class='ocrx_word' id='word_1_761' title='bbox 1445 5212 1691 5267; x_wconf 88' lang='lat' dir='ltr'><strong>eumdem</strong></span> 
     </span>
    </p>
   </div>
   <div class='ocr_carea' id='block_1_99' title="bbox 160 5296 1692 5373">
    <p class='ocr_par' dir='ltr' id='par_1_99' title="bbox 160 5296 1692 5373">
     <span class='ocr_line' id='line_1_99' title="bbox 160 5296 1692 5373; baseline 0.005 -21"><span class='ocrx_word' id='word_1_762' title='bbox 160 5296 272 5352; x_wconf 81' lang='lat' dir='ltr'><strong>diem</strong></span> <span class='ocrx_word' id='word_1_763' title='bbox 292 5299 503 5355; x_wconf 87' lang='lat' dir='ltr'><strong>Zenonis</strong></span> <span class='ocrx_word' id='word_1_764' title='bbox 534 5304 889 5357; x_wconf 87' lang='lat' dir='ltr'><strong>emortualem</strong></span> <span class='ocrx_word' id='word_1_765' title='bbox 921 5304 1107 5370; x_wconf 79' lang='lat' dir='ltr'><strong>fuisse,</strong></span> <span class='ocrx_word' id='word_1_766' title='bbox 1139 5320 1202 5358; x_wconf 90' lang='lat' dir='ltr'><strong>ac</strong></span> <span class='ocrx_word' id='word_1_767' title='bbox 1224 5305 1447 5373; x_wconf 84' lang='lat' dir='ltr'><strong>proinde</strong></span> <span class='ocrx_word' id='word_1_768' title='bbox 1475 5306 1525 5359; x_wconf 91' lang='lat' dir='ltr'><strong>in</strong></span> <span class='ocrx_word' id='word_1_769' title='bbox 1549 5315 1692 5360; x_wconf 87' lang='lat' dir='ltr'><strong>cata-</strong></span> 
     </span>
    </p>
   </div>
   <div class='ocr_carea' id='block_1_100' title="bbox 163 5384 1699 5469">
    <p class='ocr_par' dir='ltr' id='par_1_100' title="bbox 163 5384 1699 5469">
     <span class='ocr_line' id='line_1_100' title="bbox 163 5384 1699 5469; baseline 0.01 -33"><span class='ocrx_word' id='word_1_770' title='bbox 163 5384 260 5456; x_wconf 74' lang='lat' dir='ltr'><strong>logo</strong></span> <span class='ocrx_word' id='word_1_771' title='bbox 283 5391 366 5445; x_wconf 79' lang='lat' dir='ltr'><strong>SS.</strong></span> <span class='ocrx_word' id='word_1_772' title='bbox 399 5392 487 5447; x_wconf 86' lang='lat' dir='ltr'><strong>lib.</strong></span> <span class='ocrx_word' id='word_1_773' title='bbox 517 5408 553 5457; x_wconf 92' lang='lat' dir='ltr'><strong>t,</strong></span> <span class='ocrx_word' id='word_1_774' title='bbox 582 5407 705 5459; x_wconf 86' lang='lat' dir='ltr'><strong>cap.</strong></span> <span class='ocrx_word' id='word_1_775' title='bbox 736 5393 827 5456; x_wconf 74' lang='grc'>45,</span> <span class='ocrx_word' id='word_1_776' title='bbox 857 5395 1135 5462; x_wconf 86' lang='lat' dir='ltr'><strong>scripserit</strong></span> <span class='ocrx_word' id='word_1_777' title='bbox 1165 5412 1180 5452; x_wconf 85' lang='lat'><strong>:</strong></span> <span class='ocrx_word' id='word_1_778' title='bbox 1213 5396 1281 5449; x_wconf 84' lang='lat' dir='ltr'><strong>In</strong></span> <span class='ocrx_word' id='word_1_779' title='bbox 1310 5413 1434 5467; x_wconf 82' lang='lat' dir='ltr'><strong>pace</strong></span> <span class='ocrx_word' id='word_1_780' title='bbox 1462 5398 1699 5469; x_wconf 77' lang='lat' dir='ltr'><strong>migravit</strong></span> 
     </span>
    </p>
   </div>
   <div class='ocr_carea' id='block_1_101' title="bbox 162 5472 1020 5539">
    <p class='ocr_par' dir='ltr' id='par_1_101' title="bbox 162 5472 1020 5539">
     <span class='ocr_line' id='line_1_101' title="bbox 162 5472 1020 5539; baseline 0.008 -8"><span class='ocrx_word' id='word_1_781' title='bbox 162 5483 215 5533; x_wconf 80' lang='lat' dir='ltr'><strong>ad</strong></span> <span class='ocrx_word' id='word_1_782' title='bbox 237 5474 477 5538; x_wconf 80' lang='lat' dir='ltr'><strong>Dominum</strong></span> <span class='ocrx_word' id='word_1_783' title='bbox 501 5501 555 5539; x_wconf 78' lang='lat' dir='ltr'><strong>vr</strong></span> <span class='ocrx_word' id='word_1_784' title='bbox 586 5484 675 5537; x_wconf 89' lang='lat' dir='ltr'><strong>ld.</strong></span> <span class='ocrx_word' id='word_1_785' title='bbox 710 5472 1020 5539; x_wconf 66' lang='lat' dir='ltr'><strong>Decemliris.</strong></span> 
     </span>
    </p>
   </div>
   <div class='ocr_carea' id='block_1_102' title="bbox 218 5572 1691 5648">
    <p class='ocr_par' dir='ltr' id='par_1_102' title="bbox 218 5572 1691 5648">
     <span class='ocr_line' id='line_1_102' title="bbox 218 5572 1691 5648; baseline 0.007 -23"><span class='ocrx_word' id='word_1_786' title='bbox 218 5572 264 5626; x_wconf 91' lang='lat' dir='ltr'><strong>ln</strong></span> <span class='ocrx_word' id='word_1_787' title='bbox 296 5575 461 5631; x_wconf 62' lang='grc' dir='ltr'><strong>(ἐλεηθιί</strong></span> <span class='ocrx_word' id='word_1_788' title='bbox 503 5576 865 5645; x_wconf 83' lang='lat' dir='ltr'><strong>Forojuliensi</strong></span> <span class='ocrx_word' id='word_1_789' title='bbox 911 5592 1045 5645; x_wconf 83' lang='lat' dir='ltr'><strong>pago</strong></span> <span class='ocrx_word' id='word_1_790' title='bbox 1090 5579 1189 5631; x_wconf 90' lang='lat' dir='ltr'><strong>sub</strong></span> <span class='ocrx_word' id='word_1_791' title='bbox 1237 5579 1571 5648; x_wconf 89' lang='lat' dir='ltr'><strong>imperatoris</strong></span> <span class='ocrx_word' id='word_1_792' title='bbox 1610 5582 1691 5636; x_wconf 79' lang='lat' dir='ltr'><strong>di-</strong></span> 
     </span>
    </p>
   </div>
   <div class='ocr_carea' id='block_1_103' title="bbox 166 5663 1687 5731">
    <p class='ocr_par' dir='ltr' id='par_1_103' title="bbox 166 5663 1687 5731">
     <span class='ocr_line' id='line_1_103' title="bbox 166 5663 1687 5731; baseline 0.011 -18"><span class='ocrx_word' id='word_1_793' title='bbox 166 5663 279 5720; x_wconf 86' lang='lat' dir='ltr'><strong>tioue</strong></span> <span class='ocrx_word' id='word_1_794' title='bbox 300 5667 349 5723; x_wconf 72' lang='grc'><strong>8.</strong></span> <span class='ocrx_word' id='word_1_795' title='bbox 384 5668 611 5725; x_wconf 67' lang='lat' dir='ltr'><strong>leuauit!</strong></span> <span class='ocrx_word' id='word_1_796' title='bbox 642 5670 869 5723; x_wconf 83' lang='lat' dir='ltr'><strong>ecclesia</strong></span> <span class='ocrx_word' id='word_1_797' title='bbox 908 5679 1113 5731; x_wconf 66' lang='lat' dir='ltr'><strong>exstat;</strong></span> <span class='ocrx_word' id='word_1_798' title='bbox 1138 5670 1197 5723; x_wconf 83' lang='lat' dir='ltr'><strong>et</strong></span> <span class='ocrx_word' id='word_1_799' title='bbox 1221 5669 1551 5726; x_wconf 80' lang='lat' dir='ltr'><strong>Breviurinm</strong></span> <span class='ocrx_word' id='word_1_800' title='bbox 1586 5691 1687 5730; x_wconf 68' lang='lat' dir='ltr'><strong>ms.</strong></span> 
     </span>
    </p>
   </div>
   <div class='ocr_carea' id='block_1_104' title="bbox 168 5742 1691 5832">
    <p class='ocr_par' dir='ltr' id='par_1_104' title="bbox 168 5742 1691 5832">
     <span class='ocr_line' id='line_1_104' title="bbox 168 5742 1691 5832; baseline 0.007 -23"><span class='ocrx_word' id='word_1_801' title='bbox 168 5752 312 5812; x_wconf 64' lang='lat' dir='ltr'><strong>mitti</strong></span> <span class='ocrx_word' id='word_1_802' title='bbox 343 5764 452 5831; x_wconf 78' lang='lat' dir='ltr'><strong>nr,</strong></span> <span class='ocrx_word' id='word_1_803' title='bbox 478 5742 622 5829; x_wconf 78' lang='lat' dir='ltr'><strong>quod</strong></span> <span class='ocrx_word' id='word_1_804' title='bbox 651 5747 718 5814; x_wconf 79' lang='lat' dir='ltr'><strong>ad</strong></span> <span class='ocrx_word' id='word_1_805' title='bbox 755 5750 1175 5832; x_wconf 59' lang='lat' dir='ltr'><strong>Foroiuliensem</strong></span> <span class='ocrx_word' id='word_1_806' title='bbox 1208 5746 1491 5817; x_wconf 44' lang='lat' dir='ltr'><strong>scelcslum</strong></span> <span class='ocrx_word' id='word_1_807' title='bbox 1525 5757 1691 5831; x_wconf 64' lang='lat' dir='ltr'><strong>pbrtli</strong></span> 
     </span>
    </p>
   </div>
   <div class='ocr_carea' id='block_1_105' title="bbox 1801 4650 3375 4730">
    <p class='ocr_par' dir='ltr' id='par_1_105' title="bbox 1801 4650 3375 4730">
     <span class='ocr_line' id='line_1_105' title="bbox 1801 4650 3375 4730; baseline -0.008 -16"><span class='ocrx_word' id='word_1_808' title='bbox 1801 4660 2063 4714; x_wconf 82' lang='lat' dir='ltr'><strong>hliotlieca</strong></span> <span class='ocrx_word' id='word_1_809' title='bbox 2096 4669 2300 4730; x_wconf 83' lang='lat' dir='ltr'><strong>prostat</strong></span> <span class='ocrx_word' id='word_1_810' title='bbox 2324 4702 2337 4725; x_wconf 92' lang='lat'><strong>,</strong></span> <span class='ocrx_word' id='word_1_811' title='bbox 2366 4650 2613 4716; x_wconf 82' lang='lat' dir='ltr'><strong>similiter</strong></span> <span class='ocrx_word' id='word_1_812' title='bbox 2645 4660 2743 4727; x_wconf 78' lang='lat' dir='ltr'><strong>legi</strong></span> <span class='ocrx_word' id='word_1_813' title='bbox 2782 4675 2793 4709; x_wconf 96' lang='lat'>:</span> <span class='ocrx_word' id='word_1_814' title='bbox 2836 4672 2920 4711; x_wconf 86' lang='lat' dir='ltr'><strong>rut</strong></span> <span class='ocrx_word' id='word_1_815' title='bbox 2957 4654 3076 4708; x_wconf 84' lang='lat' dir='ltr'><strong>Dec.</strong></span> <span class='ocrx_word' id='word_1_816' title='bbox 3104 4650 3375 4718; x_wconf 86' lang='lat' dir='ltr'><strong>Conceptio</strong></span> 
     </span>
    </p>
   </div>
   <div class='ocr_carea' id='block_1_106' title="bbox 1801 4736 3419 4824">
    <p class='ocr_par' dir='ltr' id='par_1_106' title="bbox 1801 4744 3419 4824">
     <span class='ocr_line' id='line_1_106' title="bbox 1801 4744 3419 4824; baseline -0.006 -14"><span class='ocrx_word' id='word_1_817' title='bbox 1801 4754 1861 4810; x_wconf 88' lang='lat' dir='ltr'><strong>S.</strong></span> <span class='ocrx_word' id='word_1_818' title='bbox 1914 4754 2096 4808; x_wconf 72' lang='lat' dir='ltr'><strong>Maria:</strong></span> <span class='ocrx_word' id='word_1_819' title='bbox 2148 4753 2390 4824; x_wconf 83' lang='lat' dir='ltr'><strong>Virginis,</strong></span> <span class='ocrx_word' id='word_1_820' title='bbox 2434 4764 2482 4807; x_wconf 91' lang='lat' dir='ltr'><strong>et</strong></span> <span class='ocrx_word' id='word_1_821' title='bbox 2530 4752 2587 4807; x_wconf 87' lang='lat' dir='ltr'><strong>S.</strong></span> <span class='ocrx_word' id='word_1_822' title='bbox 2632 4751 2852 4805; x_wconf 85' lang='lat' dir='ltr'><strong>Zenonis</strong></span> <span class='ocrx_word' id='word_1_823' title='bbox 2899 4744 3201 4817; x_wconf 77' lang='lat' dir='ltr'><strong>confessoris</strong></span> <span class='ocrx_word' id='word_1_824' title='bbox 3245 4759 3263 4797; x_wconf 89' lang='lat'><strong><em>:</em></strong></span> <span class='ocrx_word' id='word_1_825' title='bbox 3310 4757 3372 4797; x_wconf 78' lang='lat' dir='ltr'><strong>ex</strong></span> <span class='ocrx_word' id='word_1_826' title='bbox 3410 4796 3419 4800; x_wconf 90' lang='lat'><strong>_</strong></span> 
     </span>
    </p>
   </div>
   <div class='ocr_carea' id='block_1_107' title="bbox 1799 4835 3378 4919">
    <p class='ocr_par' dir='ltr' id='par_1_107' title="bbox 1799 4835 3378 4919">
     <span class='ocr_line' id='line_1_107' title="bbox 1799 4835 3378 4919; baseline -0.011 -15"><span class='ocrx_word' id='word_1_827' title='bbox 1799 4850 1990 4919; x_wconf 90' lang='lat' dir='ltr'><strong>quibus</strong></span> <span class='ocrx_word' id='word_1_828' title='bbox 2049 4849 2114 4902; x_wconf 88' lang='lat' dir='ltr'><strong>ab</strong></span> <span class='ocrx_word' id='word_1_829' title='bbox 2151 4848 2339 4903; x_wconf 89' lang='lat' dir='ltr'><strong>ordine</strong></span> <span class='ocrx_word' id='word_1_830' title='bbox 2364 4850 2525 4902; x_wconf 83' lang='lat' dir='ltr'><strong>etiam</strong></span> <span class='ocrx_word' id='word_1_831' title='bbox 2584 4845 2823 4899; x_wconf 81' lang='lat' dir='ltr'><strong>Fratrum</strong></span> <span class='ocrx_word' id='word_1_832' title='bbox 2858 4842 3113 4895; x_wconf 87' lang='lat' dir='ltr'><strong>Minorum</strong></span> <span class='ocrx_word' id='word_1_833' title='bbox 3156 4838 3211 4891; x_wconf 90' lang='lat' dir='ltr'><strong>S.</strong></span> <span class='ocrx_word' id='word_1_834' title='bbox 3258 4835 3378 4903; x_wconf 82' lang='lat' dir='ltr'><strong>Epi-</strong></span> 
     </span>
    </p>
   </div>
   <div class='ocr_carea' id='block_1_108' title="bbox 1797 4932 3371 5012">
    <p class='ocr_par' dir='ltr' id='par_1_108' title="bbox 1797 4932 3371 5012">
     <span class='ocr_line' id='line_1_108' title="bbox 1797 4932 3371 5012; baseline -0.011 -14"><span class='ocrx_word' id='word_1_835' title='bbox 1797 4959 2015 5012; x_wconf 89' lang='lat' dir='ltr'><strong>sc0pum</strong></span> <span class='ocrx_word' id='word_1_836' title='bbox 2048 4954 2205 4997; x_wconf 84' lang='lat' dir='ltr'><strong>extra</strong></span> <span class='ocrx_word' id='word_1_837' title='bbox 2250 4942 2511 4996; x_wconf 80' lang='lat' dir='ltr'><strong>Veronam</strong></span> <span class='ocrx_word' id='word_1_838' title='bbox 2544 4940 2744 4995; x_wconf 80' lang='lat' dir='ltr'><strong>cultura</strong></span> <span class='ocrx_word' id='word_1_839' title='bbox 2775 4938 2936 4990; x_wconf 58' lang='lat' dir='ltr'><strong>luisse</strong></span> <span class='ocrx_word' id='word_1_840' title='bbox 2982 4932 3371 5001; x_wconf 82' lang='lat' dir='ltr'><strong>cognoscimus.</strong></span> 
     </span>
    </p>
   </div>
   <div class='ocr_carea' id='block_1_109' title="bbox 1795 5016 3374 5089">
    <p class='ocr_par' dir='ltr' id='par_1_109' title="bbox 1795 5016 3374 5089">
     <span class='ocr_line' id='line_1_109' title="bbox 1795 5016 3374 5089; baseline -0.013 -1"><span class='ocrx_word' id='word_1_841' title='bbox 1795 5033 1928 5089; x_wconf 87' lang='lat' dir='ltr'><strong>Cum</strong></span> <span class='ocrx_word' id='word_1_842' title='bbox 1956 5048 2084 5087; x_wconf 91' lang='lat' dir='ltr'><strong>vero</strong></span> <span class='ocrx_word' id='word_1_843' title='bbox 2128 5032 2256 5085; x_wconf 86' lang='lat' dir='ltr'><strong>illud</strong></span> <span class='ocrx_word' id='word_1_844' title='bbox 2291 5031 2617 5085; x_wconf 84' lang='lat' dir='ltr'><strong>Dreriarinm</strong></span> <span class='ocrx_word' id='word_1_845' title='bbox 2649 5043 2750 5081; x_wconf 91' lang='lat' dir='ltr'><strong>ms.</strong></span> <span class='ocrx_word' id='word_1_846' title='bbox 2803 5041 2830 5077; x_wconf 88' lang='lat' dir='ltr'><strong>a</strong></span> <span class='ocrx_word' id='word_1_847' title='bbox 2869 5021 3217 5077; x_wconf 87' lang='lat' dir='ltr'><strong>celeberrimo</strong></span> <span class='ocrx_word' id='word_1_848' title='bbox 3247 5016 3374 5070; x_wconf 83' lang='lat' dir='ltr'><strong>Ber-</strong></span> 
     </span>
    </p>
   </div>
   <div class='ocr_carea' id='block_1_110' title="bbox 1798 5112 3371 5187">
    <p class='ocr_par' dir='ltr' id='par_1_110' title="bbox 1798 5112 3371 5187">
     <span class='ocr_line' id='line_1_110' title="bbox 1798 5112 3371 5187; baseline -0.011 -10"><span class='ocrx_word' id='word_1_849' title='bbox 1798 5123 1964 5177; x_wconf 88' lang='lat' dir='ltr'><strong>nardo</strong></span> <span class='ocrx_word' id='word_1_850' title='bbox 2004 5122 2179 5177; x_wconf 89' lang='lat' dir='ltr'><strong>Clesio</strong></span> <span class='ocrx_word' id='word_1_851' title='bbox 2226 5121 2480 5175; x_wconf 81' lang='lat' dir='ltr'><strong>cardinali</strong></span> <span class='ocrx_word' id='word_1_852' title='bbox 2534 5127 2587 5171; x_wconf 89' lang='lat' dir='ltr'><strong>et</strong></span> <span class='ocrx_word' id='word_1_853' title='bbox 2618 5120 2867 5187; x_wconf 85' lang='lat' dir='ltr'><strong>episcopo</strong></span> <span class='ocrx_word' id='word_1_854' title='bbox 2910 5112 3371 5165; x_wconf 83' lang='lat' dir='ltr'><strong>Tridentino&#39;em-</strong></span> 
     </span>
    </p>
   </div>
   <div class='ocr_carea' id='block_1_111' title="bbox 1798 5200 3369 5286">
    <p class='ocr_par' dir='ltr' id='par_1_111' title="bbox 1798 5200 3369 5286">
     <span class='ocr_line' id='line_1_111' title="bbox 1798 5200 3369 5286; baseline -0.01 -16"><span class='ocrx_word' id='word_1_855' title='bbox 1798 5229 1943 5286; x_wconf 91' lang='lat' dir='ltr'><strong>ptum</strong></span> <span class='ocrx_word' id='word_1_856' title='bbox 1990 5200 2149 5269; x_wconf 83' lang='lat' dir='ltr'><strong>fuerit</strong></span> <span class='ocrx_word' id='word_1_857' title='bbox 2176 5217 2426 5283; x_wconf 67' lang='lat' dir='ltr'><strong>Augustae</strong></span> <span class='ocrx_word' id='word_1_858' title='bbox 2460 5210 2897 5264; x_wconf 88' lang='lat' dir='ltr'><strong>Vindelicornm:</strong></span> <span class='ocrx_word' id='word_1_859' title='bbox 2954 5202 3229 5272; x_wconf 87' lang='lat' dir='ltr'><strong>probabile</strong></span> <span class='ocrx_word' id='word_1_860' title='bbox 3290 5211 3369 5257; x_wconf 89' lang='lat' dir='ltr'><strong>est</strong></span> 
     </span>
    </p>
   </div>
   <div class='ocr_carea' id='block_1_112' title="bbox 1798 5300 3370 5375">
    <p class='ocr_par' dir='ltr' id='par_1_112' title="bbox 1798 5300 3370 5375">
     <span class='ocr_line' id='line_1_112' title="bbox 1798 5300 3370 5375; baseline -0.01 -11"><span class='ocrx_word' id='word_1_861' title='bbox 1798 5310 2127 5364; x_wconf 85' lang='lat' dir='ltr'><strong>Breviarium</strong></span> <span class='ocrx_word' id='word_1_862' title='bbox 2160 5307 2286 5360; x_wconf 94' lang='lat' dir='ltr'><strong>illud</strong></span> <span class='ocrx_word' id='word_1_863' title='bbox 2318 5308 2381 5360; x_wconf 88' lang='lat' dir='ltr'><strong>ad</strong></span> <span class='ocrx_word' id='word_1_864' title='bbox 2407 5306 2635 5375; x_wconf 87' lang='lat' dir='ltr'><strong>aliquem</strong></span> <span class='ocrx_word' id='word_1_865' title='bbox 2665 5303 2906 5357; x_wconf 88' lang='lat' dir='ltr'><strong>Fratrum</strong></span> <span class='ocrx_word' id='word_1_866' title='bbox 2952 5300 3209 5353; x_wconf 80' lang='lat' dir='ltr'><strong>Minornm</strong></span> <span class='ocrx_word' id='word_1_867' title='bbox 3242 5312 3370 5349; x_wconf 85' lang='lat' dir='ltr'><strong>cnn-</strong></span> 
     </span>
    </p>
   </div>
   <div class='ocr_carea' id='block_1_113' title="bbox 1796 5389 3363 5463">
    <p class='ocr_par' dir='ltr' id='par_1_113' title="bbox 1796 5389 3363 5463">
     <span class='ocr_line' id='line_1_113' title="bbox 1796 5389 3363 5463; baseline -0.008 -10"><span class='ocrx_word' id='word_1_868' title='bbox 1796 5409 2011 5453; x_wconf 83' lang='lat' dir='ltr'><strong>ventum</strong></span> <span class='ocrx_word' id='word_1_869' title='bbox 2041 5400 2091 5450; x_wconf 93' lang='lat' dir='ltr'><strong>in</strong></span> <span class='ocrx_word' id='word_1_870' title='bbox 2117 5396 2399 5451; x_wconf 82' lang='lat' dir='ltr'><strong>Germania</strong></span> <span class='ocrx_word' id='word_1_871' title='bbox 2436 5394 2773 5463; x_wconf 71' lang='lat' dir='ltr'><strong>pertinuisse,</strong></span> <span class='ocrx_word' id='word_1_872' title='bbox 2800 5404 2852 5444; x_wconf 88' lang='lat' dir='ltr'><strong>ut</strong></span> <span class='ocrx_word' id='word_1_873' title='bbox 2881 5390 2980 5443; x_wconf 82' lang='lat' dir='ltr'><strong>hoc</strong></span> <span class='ocrx_word' id='word_1_874' title='bbox 3004 5389 3363 5443; x_wconf 76' lang='lat' dir='ltr'><strong>teSIimouium</strong></span> 
     </span>
    </p>
   </div>
   <div class='ocr_carea' id='block_1_114' title="bbox 1796 5481 3363 5549">
    <p class='ocr_par' dir='ltr' id='par_1_114' title="bbox 1796 5481 3363 5549">
     <span class='ocr_line' id='line_1_114' title="bbox 1796 5481 3363 5549; baseline -0.009 -6"><span class='ocrx_word' id='word_1_875' title='bbox 1796 5489 1862 5543; x_wconf 88' lang='lat' dir='ltr'><strong>ad</strong></span> <span class='ocrx_word' id='word_1_876' title='bbox 1920 5488 1975 5542; x_wconf 90' lang='lat' dir='ltr'><strong>S.</strong></span> <span class='ocrx_word' id='word_1_877' title='bbox 2031 5486 2263 5539; x_wconf 87' lang='lat' dir='ltr'><strong>Zenonis</strong></span> <span class='ocrx_word' id='word_1_878' title='bbox 2311 5485 2511 5539; x_wconf 90' lang='lat' dir='ltr'><strong>cultum</strong></span> <span class='ocrx_word' id='word_1_879' title='bbox 2562 5492 2710 5537; x_wconf 83' lang='lat' dir='ltr'><strong>extra</strong></span> <span class='ocrx_word' id='word_1_880' title='bbox 2765 5481 2967 5535; x_wconf 82' lang='lat' dir='ltr'><strong>Italiam</strong></span> <span class='ocrx_word' id='word_1_881' title='bbox 3018 5488 3363 5549; x_wconf 74' lang='lat' dir='ltr'><strong>propagatura</strong></span> 
     </span>
    </p>
   </div>
   <div class='ocr_carea' id='block_1_115' title="bbox 1792 5573 3362 5647">
    <p class='ocr_par' dir='ltr' id='par_1_115' title="bbox 1792 5573 3362 5647">
     <span class='ocr_line' id='line_1_115' title="bbox 1792 5573 3362 5647; baseline -0.006 -12"><span class='ocrx_word' id='word_1_882' title='bbox 1792 5578 2218 5635; x_wconf 88' lang='lat' dir='ltr'><strong>constituendum</strong></span> <span class='ocrx_word' id='word_1_883' title='bbox 2263 5579 2479 5647; x_wconf 83' lang='lat' dir='ltr'><strong>propius</strong></span> <span class='ocrx_word' id='word_1_884' title='bbox 2527 5584 2763 5644; x_wconf 80' lang='lat' dir='ltr'><strong>spectet,</strong></span> <span class='ocrx_word' id='word_1_885' title='bbox 2795 5574 2861 5629; x_wconf 87' lang='lat' dir='ltr'><strong>de</strong></span> <span class='ocrx_word' id='word_1_886' title='bbox 2903 5589 3007 5643; x_wconf 85' lang='lat' dir='ltr'><strong>quo</strong></span> <span class='ocrx_word' id='word_1_887' title='bbox 3038 5573 3087 5626; x_wconf 93' lang='lat' dir='ltr'><strong>iu</strong></span> <span class='ocrx_word' id='word_1_888' title='bbox 3120 5574 3362 5643; x_wconf 89' lang='lat' dir='ltr'><strong>sequenti</strong></span> 
     </span>
    </p>
   </div>
   <div class='ocr_carea' id='block_1_116' title="bbox 1793 5668 3356 5743">
    <p class='ocr_par' dir='ltr' id='par_1_116' title="bbox 1793 5668 3356 5743">
     <span class='ocr_line' id='line_1_116' title="bbox 1793 5668 3356 5743; baseline -0.004 -17"><span class='ocrx_word' id='word_1_889' title='bbox 1793 5671 2125 5743; x_wconf 85' lang='lat' dir='ltr'><strong>paragrapho</strong></span> <span class='ocrx_word' id='word_1_890' title='bbox 2152 5671 2255 5724; x_wconf 89' lang='lat' dir='ltr'><strong>erit</strong></span> <span class='ocrx_word' id='word_1_891' title='bbox 2298 5686 2496 5725; x_wconf 83' lang='lat' dir='ltr'><strong>sermo.</strong></span> <span class='ocrx_word' id='word_1_892' title='bbox 2537 5669 2641 5723; x_wconf 84' lang='lat' dir='ltr'><strong>Sed</strong></span> <span class='ocrx_word' id='word_1_893' title='bbox 2673 5679 2729 5721; x_wconf 93' lang='lat' dir='ltr'><strong>ut</strong></span> <span class='ocrx_word' id='word_1_894' title='bbox 2761 5668 2825 5721; x_wconf 84' lang='lat' dir='ltr'><strong>ad</strong></span> <span class='ocrx_word' id='word_1_895' title='bbox 2867 5683 3086 5734; x_wconf 80' lang='lat' dir='ltr'><strong>scopum</strong></span> <span class='ocrx_word' id='word_1_896' title='bbox 3129 5680 3356 5721; x_wconf 86' lang='lat' dir='ltr'><strong>reverta-</strong></span> 
     </span>
    </p>
   </div>
   <div class='ocr_carea' id='block_1_117' title="bbox 1793 5751 3363 5831">
    <p class='ocr_par' dir='ltr' id='par_1_117' title="bbox 1793 5751 3363 5831">
     <span class='ocr_line' id='line_1_117' title="bbox 1793 5751 3363 5831; baseline -0.005 -10"><span class='ocrx_word' id='word_1_897' title='bbox 1793 5770 1933 5831; x_wconf 64' lang='lat' dir='ltr'><strong>tttttt‘s</strong></span> <span class='ocrx_word' id='word_1_898' title='bbox 1963 5759 2231 5822; x_wconf 64' lang='lat' dir='ltr'><strong>Brennus</strong></span> <span class='ocrx_word' id='word_1_899' title='bbox 2268 5768 2320 5821; x_wconf 78' lang='lat' dir='ltr'><strong>ct</strong></span> <span class='ocrx_word' id='word_1_900' title='bbox 2347 5754 2679 5831; x_wconf 68' lang='lat' dir='ltr'><strong>Gutruatum;</strong></span> <span class='ocrx_word' id='word_1_901' title='bbox 2714 5755 2816 5821; x_wconf 66' lang='lat' dir='ltr'><strong>non</strong></span> <span class='ocrx_word' id='word_1_902' title='bbox 2846 5767 3019 5818; x_wconf 77' lang='lat' dir='ltr'><strong>autem</strong></span> <span class='ocrx_word' id='word_1_903' title='bbox 3052 5751 3363 5831; x_wconf 71' lang='lat' dir='ltr'><strong>Martyrolo-</strong></span> 
     </span>
    </p>
   </div>
  </div>
