3820 6220
456 374 554 428 187

1813 373 2346 433 PROLEGOMENA.

3592 382 3677 434 138

449 492 533 559 gia
560 482 943 561 allegavintus;
977 505 1097 549 nam
1119 490 1172 545 in
1202 487 1513 546 Calendaria
1544 498 1599 545 et
1628 490 1899 545 Breviaria
1924 490 2025 545 Ec-
2051 494 2103 552 Α
2128 500 2293 562 getmn
2325 507 2469 545 suum
2498 491 2681 545 electus
2705 532 2719 557 ,
2751 490 2802 545 in
2834 490 2967 544 hunc
3003 503 3161 559 usque
3196 488 3331 545 diem
3354 504 3519 543 animo
3541 490 3681 560 oﬂicin

454 583 760 651 clesiarum,
788 584 870 639 vel
900 584 1294 654 Rcligiosorum
1320 583 1567 639 ordinum
1595 584 1911 655 plerumque
1937 599 2030 639 eo-

457 691 571 729 rum
603 676 942 732 solummodo
983 676 1299 732 Sancto‘runt
1332 677 1546 732 nomina
1583 678 1750 732 relata
1779 678 1991 733 fuerunt
2014 718 2029 743 ,

455 784 681 838 quorum
711 770 882 824 ofﬁcia
911 770 1105 825 ibidem
1138 768 1531 841 peragebantur
1553 772 1639 843 (ex
1666 787 1770 842 quo
1794 771 2033 841 plerique

388 918 391 921 Α
455 860 569 915 dies
601 861 650 915 in
681 862 784 915 illis
814 871 1027 928 vacant,
1062 878 1167 931 quo
1196 863 1443 917 feriarum
1470 862 1643 918 ofﬁcia
1676 861 2032 933 dicerentur),

456 967 572 1007 cmn
601 968 632 1010 e
658 964 842 1009 contra
888 955 941 1009 in
986 954 1379 1027 Martyrologiis
1419 955 1837 1010 discriberentur
1876 956 2038 1025 plerl-
2094 946 2098 949 ’

455 1061 557 1115 que
584 1087 596 1109 ,
646 1046 839 1116 quibus
872 1046 1001 1100 nihil
1054 1047 1306 1115 prmcipui
1337 1047 1511 1102 cultus
1540 1046 1855 1102 deferretur.
1902 1046 2037 1101 Cum

459 1138 635 1208 itaque
660 1139 714 1194 S.
742 1138 888 1194 Zeno
916 1155 1022 1194 non
1052 1140 1225 1195 solum
1254 1141 1307 1195 in
1338 1141 1403 1196 iis
1430 1141 1702 1207 Ecclesiis,
1732 1142 1818 1197 vel
1844 1140 2040 1197 Civita-

458 1234 617 1302 tibus,
646 1250 868 1303 quarum
897 1247 1010 1291 erat
1043 1247 1302 1306 patronus
1324 1277 1340 1304 ,
1373 1236 1466 1297 sed
1498 1238 1551 1291 in
1572 1224 1691 1291 aliis
1714 1244 1770 1292 et
1799 1236 2040 1292 Civitati-

457 1324 584 1392 bus,
613 1336 668 1381 et
700 1326 956 1383 Ecclesiis
981 1368 997 1395 ,
1029 1339 1084 1382 et
1117 1327 1510 1399 Religiosorum
1538 1326 1787 1383 ordinum
1812 1342 2037 1401 congre-

455 1418 757 1485 gationibus
798 1420 1090 1475 universim
1119 1421 1204 1475 vel
1235 1419 1415 1475 ofﬁcio
1446 1421 1682 1491 proprio,
1712 1420 2039 1491 vel‘propria

456 1509 644 1564 saltem
708 1512 1219 1566 commemoratione
1284 1511 1464 1581 (quam
1531 1511 1584 1565 in
1660 1509 2042 1581 Conceptionis

459 1598 635 1653 Beat-te
666 1600 844 1653 Maritn
873 1601 1096 1669 gratiam
1142 1604 1308 1656 veteri
1358 1601 1413 1657 S.
1453 1601 1685 1656 Zenonis
1725 1600 1905 1657 ofﬁcio
1928 1602 2039 1657 suf-

462 1690 654 1745 fectam
683 1690 942 1746 credibile
968 1690 1072 1763 est)
1100 1693 1366 1748 coleretur
1391 1710 1405 1747 :
1430 1694 1900 1765 quispraecipuum
1926 1696 2042 1765 ejus

462 1783 662 1838 eultum
694 1782 1170 1854 celebritatemque
1201 1784 1477 1841 miriﬁcam
1505 1787 1634 1841 lauti
1658 1786 1907 1857 Episcopi
1934 1803 2039 1844 non

391 1940 393 1943 ι
458 1874 638 1928 statim
671 1874 969 1945 intelligat?
1386 1868 1392 1874 ’

526 1964 658 2020 Haec
686 1975 843 2031 sunt,
872 1980 991 2031 quae
1023 1966 1216 2034 partim
1252 1982 1319 2022 ex
1349 1966 1508 2024 editis
1538 1967 1700 2024 Italite
1729 1982 2044 2024 monumen-

467 2055 535 2110 tis
560 2097 573 2118 ,
594 2058 798 2124 .partim
832 2071 926 2126 per
952 2056 1161 2112 litteras
1198 2072 1226 2110 a
1277 2058 1551 2113 nonnullis
1593 2059 1779 2114 amicis
1806 2059 1873 2115 de
1900 2059 2046 2113 cultu
2082 2079 2095 2087 σ

464 2149 520 2201 8.
556 2146 787 2203 Zenonis
817 2163 913 2219 per
940 2148 1142 2203 Italiam
1173 2149 1427 2221 colligere
1467 2152 1769 2221 potuimus;
1810 2152 2049 2220 nihilque

465 2241 798 2309 dubitamus,
838 2243 967 2311 quin
995 2243 1041 2297 si
1079 2242 1339 2314 majorem
1382 2245 1436 2299 in
1463 2245 1793 2316 exquirendo
1819 2244 2047 2314 diligen-

467 2334 594 2387 tiam
623 2327 891 2389 collocare
922 2349 1017 2404 per
1051 2344 1262 2406 tempus
1299 2338 1383 2392 vel
1417 2352 1511 2406 per
1541 2338 1741 2393 amicos
1770 2336 2009 2393 licuisset
2031 2377 2048 2405 ,

467 2424 585 2479 aliis
621 2432 834 2494 quoque
876 2424 1264 2480 in‘civitatibus
1302 2440 1366 2480 ac
1395 2425 1716 2495 provinciis,
1761 2427 1814 2480 in
1859 2427 2053 2495 quibus

470 2518 615 2572 nulla
655 2518 961 2585 inquirendi
991 2518 1240 2584 occasio,
1287 2534 1385 2575 nec
1428 2520 1677 2576 idoneum
1708 2527 1918 2590 tempus
1961 2534 2054 2590 pa.

473 2611 591 2677 tuit,
623 2610 743 2665 alia:
772 2609 1006 2665 Zenonis
1035 2610 1404 2666 invenirentur
1431 2611 1696 2677 ecclesiae,
1726 2611 1937 2682 aliaque
1956 2627 2054 2665 an—

478 2703 604 2772 tiqui
643 2703 813 2758 cnltus
858 2702 1161 2757 testimonia
1201 2701 1584 2772 suppeterent,
1628 2717 1747 2757 cum
1792 2701 1933 2756 inter
1960 2713 2054 2758 eas

472 2793 737 2860 civitates,
771 2809 801 2848 e
840 2793 1035 2863 quibus
1085 2795 1265 2864 petitae.
1295 2809 1326 2849 a
1373 2794 1525 2866 nobis
1571 2795 1784 2849 luerunt
1826 2792 2053 2859 notitiai,

474 2886 618 2938 nulla
648 2885 905 2941 hactenus
941 2885 1102 2942 fuerit
1125 2887 1362 2952 inventa,
1389 2901 1508 2957 qua:
1533 2887 1737 2956 aliquot
1763 2884 1816 2939 id
1844 2887 2056 2956 generis

478 2987 820 3033 monumenta
864 2994 971 3033 non
1023 2980 1369 3048 suggesserit.
1401 2978 1489 3035 .Ex
1534 2979 1618 3034 his
1652 2979 1810 3049 igitur
1836 2992 1954 3048 qum
1988 2978 2057 3033 de

476 3072 657 3142 paucis
682 3071 846 3126 Italia:
877 3071 1095 3127 urbibus
1124 3073 1418 3142 attigimus,
1475 3072 1679 3141 reliqua
1710 3059 1936 3127 lectores
1963 3087 2057 3142 per

475 3179 534 3219 se
576 3166 826 3234 colligant
867 3183 881 3218 :
920 3173 974 3218 ct
1016 3181 1137 3220 cum
1178 3166 1450 3234 antiquum
1491 3164 1703 3235 lateque
1747 3174 1855 3220 tota
1906 3164 2056 3221 Italia

477 3262 817 3325 pervagatum
845 3254 905 3312 S.
937 3255 1165 3311 Zenonis
1194 3256 1399 3322 cultum
1424 3266 1715 3328 agnoscent
1737 3299 1752 3325 ,
1786 3267 1896 3313 tntn
1925 3273 2054 3313 vero
2079 3251 2123 3313 C

484 3347 777 3418 antiquam,
810 3365 1083 3420 perraram
1108 3391 1121 3417 ,
1154 3352 1443 3421 paucisque
1481 3354 1680 3407 sanctis
1714 3368 2051 3410 communem

481 3430 695 3497 Patroni
731 3443 897 3498 nostri
924 3444 1288 3499 celebritatem
1317 3444 1675 3517 admirentur.

481 3534 509 3605 §
539 3530 621 3588 Ill.
642 3564 712 3575 —-
740 3534 819 3589 De
836 3537 976 3590 cultu
1006 3535 1068 3591 S.
1105 3535 1324 3591 Zenonis
1352 3546 1495 3591 extra
1524 3536 1730 3609 Italiam
1758 3549 2049 3612 pervagato.

548 3626 682 3694 Quid
711 3627 886 3682 sinon
941 3628 1078 3682 intra
1104 3627 1269 3682 italia:
1298 3628 1491 3694 solum,
1540 3628 1900 3697 amplissimos
1949 3644 2057 3683 cte-

476 3720 718 3790 teroqnin
750 3720 885 3776 ﬁnes
910 3762 925 3787 ,
958 3721 1051 3777 sed
1078 3731 1227 3776 extra
1268 3720 1415 3786 ipsos
1444 3722 1613 3778 sancti
1655 3721 1885 3778 Zenonis
1913 3722 2053 3777 fama

476 3811 757 3883 cultusque
780 3812 892 3883 jam
922 3812 1048 3893 inde
1083 3814 1152 3869 ab
1180 3813 1410 3883 antiquis
1440 3814 1768 3883 temporibus
1799 3814 1954 3883 longe
1980 3814 2057 3868 la-

476 3915 633 3977 teque
660 3918 984 3980 propagatus
1018 3907 1142 3963 est?
1175 3908 1429 3978 Displicet
1468 3908 1682 3979 quidem
1712 3907 2053 3963 commodum

476 4014 581 4054 non
624 3999 788 4057 fuisse
815 4000 1111 4057 litterarum
1152 4002 1635 4071 communicatione
1663 4002 1825 4055 variis
1868 4016 1900 4055 e
1930 4016 2053 4070 par.-

479 4093 617 4148 tibns
645 4096 862 4150 notitias
890 4096 1172 4166 exquirere
1195 4135 1210 4161 ,
1258 4095 1449 4163 quibus
1483 4110 1604 4151 eum
1634 4101 1691 4149 et
1715 4093 1942 4158 plurium
1967 4106 2083 4148 ec-'

478 4184 761 4238 etesiarum
794 4180 1074 4252 patronum
1110 4195 1165 4241 et
1186 4187 1613 4256 pluribus-etiam
1642 4186 1693 4240 in
1724 4183 2058 4240 Calendarils

479 4273 561 4328 vel
603 4274 802 4327 litaniis
830 4274 1086 4329 insertum
1121 4291 1219 4330 nos
1250 4286 1500 4331 naeturos
1528 4275 1694 4347 fuisse
1723 4276 1851 4329 nihil
1880 4275 2057 4329 ambi-

478 4364 674 4433 gimus.
697 4363 776 4416 Ex
804 4363 868 4417 iis
892 4372 1067 4417 tamen
1097 4364 1301 4432 paucis,
1323 4379 1444 4433 quae
1466 4380 1497 4419 e
1521 4364 1791 4419 nonnullis
1820 4363 2061 4417 editisli-

398 4436 409 4442 '
482 4450 593 4505 bris
613 4451 949 4520 collegimus,
972 4466 1197 4521 arguere
1225 4454 1448 4522 quisque
1463 4454 1668 4521 poterit
1686 4460 1885 4522 quanto
1910 4451 2060 4521 plura

479 4543 672 4599 aﬁ‘erre
720 4556 1018 4613 possemus,
1070 4542 1117 4595 si
1148 4542 1375 4612 plurium
1407 4549 1556 4597 extra
1576 4543 1777 4597 Italiam
1806 4543 2061 4598 ecclesia-

479 4651 596 4691 runt
644 4642 987 4691 monumenta
1039 4634 1276 4689 licuisset
1292 4635 1606 4706 1inspicere.
1654 4634 1886 4688 Zenonis
1932 4648 2062 4689 sane

482 4729 649 4804 [cum]
669 4729 866 4784 cultum
892 4729 943 4782 in
966 4727 1308 4783 Germaniam
1337 4726 1461 4782 olim
1484 4732 1827 4796 pervagatum
1850 4741 1915 4780 ex
1942 4725 2071 4795 Fri-g

480 4822 716 4895 singensl
756 4821 983 4877 ecclesia
1030 4821 1299 4891 inprimis
1343 4820 1735 4889 cognoscimus.
1773 4817 1831 4875 S.
1872 4817 2064 4874 Corbi-

480 4916 1269 4987 nianus,.primuslepiscopus
1324 4912 1726 4984 Frisingensis,
1776 4912 1868 4985 qui
1920 4912 2062 4967 diem

481 5014 615 5069 obiit
642 5029 732 5068 an.
763 5012 894 5076 750,
930 5018 1064 5066 teste
1090 5008 1331 5065 Aribone
1367 5020 1560 5079 quarto
1594 5007 1923 5077 Frisingensi
1952 5005 2066 5075 epi—

480 5120 643 5176 scopo
668 5104 907 5177 ejusdem
937 5102 1120 5158 steculi
1152 5101 1322 5156 octavi
1347 5100 1596 5170 ,;in,ejus
1628 5098 1744 5154 Vita
1774 5097 1915 5166 apud
1947 5097 2057 5152 Ma-

484 5197 760 5252 billonium
787 5196 907 5251 Act.
940 5194 1034 5251 SS.
1068 5193 1248 5248 saeculi
1271 5208 1351 5257 ιιι,
1386 5201 1519 5261 part.
1548 5208 1587 5259 ι,
1616 5206 1732 5261 cap.
1763 5190 1863 5254 ΞΟ,
1893 5206 1944 5259 p.
1986 5188 2057 5244 48
2077 5211 2097 5215 η

490 5288 703 5344 Venetae
769 5289 1044 5353 editionis,
1077 5289 1132 5342 8.
1182 5286 1558 5349 Corbinianus,
1615 5285 1871 5353 inquam,
1920 5282 2060 5351 apud

489 5382 648 5437 Maias
674 5384 1026 5454 Frisingensis
1041 5381 1293 5444 dimcesis
1312 5381 1362 5434 in
1383 5379 1624 5434 Baioaria
1640 5370 1915 5433 Basilicam
1935 5375 2063 5431 tedi-

490 5478 655 5541 ﬁcavit
682 5518 697 5539 ,
732 5486 778 5530 et
816 5475 1071 5529 Valentini
1104 5485 1251 5544 atque
1277 5473 1337 5527 Β.
1377 5471 1594 5527 Zenonis
1620 5473 1675 5525 in
1699 5487 1758 5524 ea
1787 5469 2069 5539 patrocinia

489 5567 771 5630 collocauit,
798 5577 843 5621 et
874 5568 925 5619 in
945 5582 1113 5620 eorum
1139 5566 1385 5619 dedicavit
1417 5567 1655 5618 honorem
1687 5577 1705 5615 :
1736 5572 1791 5614 et
1814 5558 1936 5614 hinc
1962 5562 2071 5628 fac-

492 5658 717 5725 tumiest,
748 5658 1201 5712 animadvertente
1224 5656 1283 5709 P.
1312 5651 1696 5717 Meichelbeck,
1728 5663 1855 5705 tom.
1883 5666 1897 5703 ι
1928 5648 2066 5701 llist.

499 5752 853 5821 Frisingensis
890 5753 942 5806 iit
966 5752 1081 5823 Vita
1116 5752 1172 5805 S.
1200 5749 1541 5810 Cet‘biniani,
1574 5746 1601 5820 θ
1636 5745 1687 5811 3,
1722 5758 1841 5829 pag.
1882 5742 1977 5805 16,
2012 5746 2069 5794 ut

501 5846 562 5902 S.
598 5844 734 5900 Zeno
771 5844 1034 5915 episcopus
1080 5841 1385 5899 Veronensis
1412 5859 1445 5897 a
1471 5837 1774 5897 Corbiniuna
1822 5834 1875 5891 in
1913 5832 2069 5889 Even

2130 585 2183 637 in
2211 582 2531 655 Frisingensi
2558 582 2787 638 Ecclesia
2813 586 3034 637 colatur.
3063 583 3244 653 Neque
3273 582 3330 639 S.
3362 582 3682 638 Corbinianus

2132 675 2279 730 solus
2307 676 2355 731 in
2381 674 2664 731 Germania
2687 675 2889 730 exstitit
2938 675 3027 744 qui
3053 675 3110 728 8.
3141 673 3410 730 Zenonem
3436 683 3538 728 tam
3562 689 3686 744 pra:-

2134 769 2292 839 cipuo
2331 767 2537 822 honore
2566 767 2838 823 coluerit:
2877 782 2997 823 nam
3043 766 3309 838 JoScphus
3348 767 3547 822 Tertius
3583 766 3688 820 Fri-
3770 802 3771 807 η

2136 860 2401 931 singensis
2417 857 2715 935 episcopus,
2736 860 2938 916 electus
2952 852 3048 914 an.
3074 850 3587 927 749,,monasterium
3601 859 3687 914 Isa-

2139 967 2307 1008 nense
2349 954 2399 1007 in
2432 952 2689 1007 honorem
2734 952 2793 1009 S.
2839 952 3069 1008 Zenonis
3119 952 3440 1007 Veronensis
3475 955 3686 1025 episcopi

2138 1046 2337 1109 erexit,
2372 1046 2443 1099 uti
2477 1046 2651 1116 prodit
2682 1045 2821 1100 idem
2861 1045 2921 1100 P.
2958 1043 3317 1101 Meichclbeek
3342 1087 3356 1110 ,
3387 1061 3500 1115 pag.
3539 1045 3621 1110 50,
3644 1056 3689 1099 et

2137 1150 2314 1205 seqq.,
2364 1136 2451 1190 ubi
2501 1137 2634 1191 duas
2662 1137 3009 1191 donationutn
3057 1138 3278 1207 paginas
3321 1135 3542 1203 recitat,
3586 1152 3690 1206 quae
3770 1212 3771 1215 η

2141 1230 2196 1286 S.
2231 1229 2464 1285 Zenonis
2492 1230 2732 1285 ecclesiae
2765 1230 2971 1285 traditae
3001 1229 3231 1284 fuerunt.
3265 1228 3345 1284 Ad
3377 1228 3544 1283 locum
3565 1228 3689 1296 quod

2139 1322 2364 1389 attinet,
2406 1323 2779 1377 animadvertit
2812 1338 2929 1392 pag.
2963 1321 3033 1377 52
3083 1339 3097 1376 :
3138 1318 3337 1375 Nostra
3375 1318 3693 1375 etate-Isaac

2140 1424 2213 1470 est
2253 1416 2585 1487 municipium
2634 1414 2994 1485 Frisingense;
3051 1422 3097 1467 et
3132 1413 3234 1466 divi
3278 1410 3499 1467 Zenonis
3538 1410 3686 1465 σοιιε.

2110 1516 2117 1523 '
2140 1508 2354 1577 giatant,
2381 1517 2437 1562 ut
2471 1517 2649 1562 vocant
2667 1548 2681 1572 ,
2707 1506 2972 1561 ecclesiam
2990 1506 3103 1577 jam
3128 1505 3403 1559 saeculares
3429 1502 3653 1559 Canoniri
3672 1519 3696 1556 α

2140 1599 2316 1653 multis
2344 1600 2543 1653 swrulis
2574 1598 2816 1653 obtinent.
3484 1644 3493 1656 ,

2214 1689 2345 1744 Dein
2390 1688 2558 1743 Halla:
2601 1688 2654 1741 in
2700 1685 2921 1741 direcesi
2962 1684 3356 1755 Salisburgensi
3382 1725 3398 1751 ,
3439 1685 3523 1755 qui
3561 1685 3699 1741 locus

2144 1798 2285 1837 nunc
2321 1780 2517 1836 dicitur
2556 1779 2935 1848 Reichenhall,
2966 1790 3051 1835 est
3090 1779 3303 1835 celebre
3348 1780 3699 1835 monasterium

2073 1875 2121 1935 B
2147 1873 2204 1930 S.
2237 1873 2471 1927 Zenonis
2490 1914 2504 1938 ,
2535 1870 2602 1927 de
2628 1887 2734 1942 quo
2761 1873 2910 1941 plura
2940 1872 3214 1943 Viguleius
3242 1871 3484 1927 Hundius
3510 1861 3634 1927 tom.
3661 1886 3701 1935 ι,

2148 1980 2267 2035 pag.
2297 1964 2352 2028 9,
2380 1963 2691 2039 Metropolis
2726 1962 3185 2035 Salisburgensis,
3230 1974 3285 2019 et
3324 1976 3456 2020 tom.
3487 1980 3572 2031 nt,
3602 1978 3700 2033 pag.

2148 2060 2284 2124 505,
2321 2073 2525 2113 necnon
2582 2058 2687 2113 PP.
2720 2059 3037 2115 Franciscus
3078 2064 3149 2115 et‘
3171 2059 3369 2115 Paulus
3397 2058 3631 2128 Mezgerii
3666 2056 3706 2110 in

2151 2151 2383 2206 Historia
2415 2149 2844 2219 Salisburgensi,
2877 2150 2969 2206 lib.
2998 2166 3075 2217 tv,
3105 2165 3227 2222 cap.
3258 2152 3346 2214 10,
3382 2165 3499 2221 pag.
3526 2149 3644 2215 383,
3665 2155 3708 2201 et

2150 2245 2246 2301 lib.
2279 2260 2357 2312 vt,
2390 2259 2507 2316 pag.
2544 2243 2698 2311 1255,
2758 2244 3013 2300 nonnulla
3041 2259 3170 2300 vero
3199 2244 3258 2298 P.
3290 2244 3572 2300 Bansizius
3599 2251 3708 2295 tom.

2149 2353 2188 2393 ιι
2222 2336 2521 2393 Germania:
2546 2337 2743 2392 Sacrm.
2772 2336 2910 2393 Olim
2938 2348 3054 2394 erat
3104 2338 3353 2408 parochia
3371 2378 3386 2402 ,
3410 2353 3526 2407 qua:
3550 2334 3710 2391 subin-

2152 2428 2248 2494 de,
2282 2430 2520 2493 instituta
2562 2430 2949 2500 Praepositum,
2995 2445 3024 2485 a
3065 2428 3312 2486 Conrado
3370 2428 3421 2493 l,
3461 2426 3712 2494 Archit-pi-

2154 2538 2319 2594 scopo
2350 2524 2761 2594 Salisburgensi,
2792 2525 2880 2593 qui
2910 2538 2940 2578 e
2968 2523 3101 2577 vivis
3128 2521 3367 2599 excessit
3404 2535 3539 2575 anno
3564 2519 3701 2579 1M7.

2127 2616 2427 2697 [canonicis
2452 2616 2805 2684 Regularibus
2829 2616 3017 2671 tradita
3044 2616 3164 2681 iuit,
3203 2622 3258 2668 ut
3281 2613 3424 2669 idem
3450 2613 3704 2668 Hansizius

2153 2710 2508 2765 demonstrat.
2536 2709 2592 2764 ιη
2629 2707 2732 2764 hoc
2758 2716 2936 2763 autem
2970 2705 3300 2762 monasterio
3330 2714 3442 2758 tres
3470 2702 3583 2757 dies
3612 2700 3710 2754 festi

2157 2802 2213 2859 S.
2246 2802 2477 2876 Zenonis
2517 2802 2675 2857 hodie
2714 2816 2925 2871 quoque
2964 2799 3305 2855 celebrantur
3341 2810 3464 2851 cum
3500 2793 3711 2864 peculia-

2156 2894 2301 2950 ribus
2327 2894 2656 2948 orationibus
2682 2894 2821 2948 inler
2843 2897 3183 2947 monumenta
3210 2876 3593 2951 describendis,
3614 2899 3709 2953 qua:

2157 2988 2224 3044 ab
2250 2974 2479 3059 antiquis
2518 2988 2688 3044 tribus
2727 2987 2903 3059 missis
2942 2984 3173 3056 pr0priis
3210 2982 3472 3052 originem
3516 2979 3707 3035 ducttnt.

2159 3082 2343 3136 Exstat
2391 3088 2650 3152 pra‘terea
2690 3080 2886 3136 ibidem
2912 3085 3165 3155 argentea
3191 3075 3249 3130 S.
3273 3072 3506 3129 Zenonis
3542 3080 3708 3135 statua,

2157 3191 2298 3230 anno
2326 3174 2463 3231 M80
2488 3182 2814 3236 constructa,
2846 3173 2898 3226 in
2926 3172 3075 3238 cujus
3104 3180 3317 3238 pectore
3344 3180 3466 3236 pars
3492 3165 3707 3236 quaedam

2156 3267 2407 3322 notabilis
2432 3280 2701 3320 sacrarum
2730 3262 3069 3333 reliquiarum
3093 3244 3334 3331 ejusdem
3357 3258 3589 3328 episcopi
3611 3270 3712 3308 con-

2154 3359 2354 3414 tinetur
2379 3374 2497 3411 cum
2527 3358 2625 3410 hac
2648 3354 2969 3425 epigrapbe:
3000 3352 3307 3409 Mandibula
3331 3367 3447 3405 cum
3468 3366 3563 3404 uno
3589 3351 3709 3402 dente

2156 3449 2219 3505 S.
2247 3448 2465 3503 Zenonis
2494 3446 2758 3515 Episwpi.
2993 3497 3006 3507 ,
3546 3437 3554 3447 ’

2224 3540 2401 3595 Nostri
2447 3535 2717 3594 Antistitis
2760 3552 2951 3592 nomen
2987 3536 3055 3590 ad
3099 3534 3375 3591 Helvetios
3415 3535 3572 3590 etiam
3615 3547 3712 3602 per-

2157 3633 2319 3688 venit.
2354 3631 2675 3686 liartmanus
2713 3630 2853 3685 enim
2894 3628 3188 3683 monachus
3214 3626 3605 3695 Sangalleusis,
3642 3623 3712 3693 qul

2156 3726 2357 3781 saeculo
2392 3741 2442 3780 rx
2469 3723 2650 3779 ﬂoruit
2668 3765 2682 3790 ,
2712 3724 2920 3778 litanias
2943 3722 3188 3778 versibus
3214 3721 3462 3790 scripsit,
3488 3718 3711 3790 quiedic-

2156 3819 2258 3874 bus
2302 3815 2588 3874 Dominicis
2627 3816 2693 3871 ad
2735 3815 3132 3887 processionem
3170 3822 3536 3868 canerentur;
3560 3809 3714 3866 Edidit

2157 3912 2255 3967 llas
2283 3910 2459 3981 primo
2488 3910 2748 3967 Henricus
2778 3909 3023 3966 Canisius
3051 3906 3405 3978 Antiquarum
3434 3906 3713 3961 Lectionum

2161 4014 2303 4059 totn.
2322 4020 2373 4069 v,
2401 4019 2519 4075 pag.
2548 4005 2671 4071 7'52,
2697 4005 2747 4059 in
2781 4002 3067 4059 novissima
3089 4001 3327 4057 editione
3355 4010 3488 4055 tom.
3511 4016 3547 4055 ιι
3569 4036 3581 4065 ,
3602 4005 3711 4067 par!-

2159 4112 2230 4161 tt,
2276 4112 2394 4167 pag.
2448 4097 2567 4151 195.
2615 4096 2842 4151 Easdem
2891 4100 2997 4150 non’
3043 4094 3379 4150 Ecberardus
3423 4094 3590 4148 solum
3627 4102 3715 4143 me—

2161 4199 2334 4242 morat
2364 4188 2415 4242 in
2443 4187 2676 4241 Notkerii
2708 4186 2826 4241 Vita
2846 4225 2860 4249 ,
2891 4186 2988 4242 sed
3018 4186 3303 4241 Metzlerus
3332 4188 3499 4241 etiam
3526 4178 3715 4251 Sangal—

2160 4278 2324 4333 lensis
2347 4276 2635 4331 Monachus
2657 4263 2853 4331 Cauisii
2882 4277 3107 4343 amicus,
3130 4277 3221 4347 qui
3250 4293 3349 4332 suo
3377 4291 3588 4347 quoque
3611 4284 3716 4328 tem-

2164 4383 2293 4438 pore
2338 4366 2551 4422 easdem
2597 4356 2751 4433 statis
2792 4367 2983 4422 diebus
3019 4368 3289 4423 adhibitae
3327 4377 3586 4423 testatur:
3626 4361 3716 4416 Hui

2133 4458 2403 4529 litanias,
2430 4457 2638 4526 inquit,
2675 4458 2993 4512 canonizanit
3034 4457 3286 4533 Nicotaus
3324 4456 3459 4524 III,
3499 4455 3564 4509 P.
3593 4452 3659 4508 Η.
3682 4459 3716 4502 ει

2164 4550 2323 4603 nostri
2356 4544 2638 4621 (monachi
2671 4550 3045 4620 Sangallenses
3069 4552 3086 4619 )
3112 4552 3167 4603 in
3198 4550 3546 4622 Rogationunt
3572 4544 3716 4600 diebus

2091 4620 2141 4680 D
2168 4620 2374 4710 publice
2395 4650 2601 4694 canunt.
2638 4639 2865 4695 Easdem
2894 4655 3106 4696 rursum
3138 4620 3317 4712 hymni
3347 4641 3567 4696 nomine
3603 4633 3715 4705 ιγρίε

2164 4730 2310 4784 dedit
2339 4732 2658 4785 venerabilis
2680 4731 2968 4786 cardiu-alis
2994 4731 3316 4787 Thema-sius
3338 4749 3405 4788 ex
3431 4748 3532 4788 ms.
3561 4727 3716 4785 ordine

2166 4821 2537 4889 Vallicellano,
2571 4822 2620 4876 in
2651 4836 2815 4891 opere
2843 4822 3123 4892 inscripto,
3157 4824 3367 4893 Antiqui
3396 4824 3517 4879 libri
3559 4821 3715 4877 Missa-

2165 4929 2281 4966 rum
2305 4912 2545 4967 Ecclesiae
2567 4912 2835 4980 Romanis,
2858 4914 2924 4967 ad
2953 4913 3139 4969 feriam
3168 4905 3461 4971 secundam
3492 4918 3542 4970 in
3568 4909 3714 4969 litania
3770 4972 3771 4977 η

2168 5005 2375 5059 minore
2404 5019 2522 5074 pag.
2555 5003 2680 5061 118.
2701 5002 2769 5057 ·Ιιι
2802 5004 2884 5057 his
2911 5012 3087 5058 autem
3114 5004 3315 5059 litattiis
3347 5006 3404 5061 S.
3436 5005 3584 5061 Zeno
3608 5004 3717 5057 inter

2165 5096 2516 5152 Confessores
2541 5112 2662 5153 cum
2690 5097 2749 5149 S.
2772 5095 2999 5150 Proculo
3026 5104 3208 5150 nostro
3237 5097 3365 5158 item
3391 5101 3634 5167 episcopo
3653 5104 3716 5145 τεο
3770 5108 3771 5111 η

2162 5198 2443 5255 censetur;
2466 5200 2520 5245 et
2539 5191 2583 5244 si
2603 5190 2661 5245 S.
2688 5190 2944 5253 Proculus
2963 5190 3159 5244 Zenoni
3183 5192 3543 5261 poetponitur,
3569 5188 3613 5246 id
3633 5196 3717 5240 πῖθ’
3770 5180 3771 5185 “

2166 5283 2265 5347 tri,
2298 5298 2401 5336 non
2433 5282 2607 5336 mtatis
2634 5276 2816 5347 causa,
2852 5282 3046 5336 factum
3080 5298 3239 5339 netno
3263 5282 3493 5339 dubitet.
3526 5282 3602 5336 En
3628 5279 3713 5343 ip“
3770 5328 3771 5333 η

2173 5375 2475 5428 litaniarum
2506 5372 2667 5427 verba
2694 5391 2706 5426 :
3435 5410 3441 5414 .
3698 5360 3705 5368 ”

2266 5528 2523 5590 Silvester,
2542 5528 2794 5592 Damasus,
2812 5528 3100 5591 Gregorius,
3117 5529 3520 5592 Ambrosiusque,

2327 5582 2742 5666 HilariusL‘Zeuo,
2771 5582 3008 5666 maximus
3028 5631 3040 5647 ,
3066 5582 3210 5666 ε’ξςιιρ
3232 5582 3355 5666 μισ.

2271 5632 3075 5722 assistam;negasset,
3098 5632 3442 5722 ιξυεςωυερυε

2330 5715 2488 5765 Urent
2516 5728 2601 5777 pro
2623 5718 2801 5777 uostris
2825 5715 3107 5765 criminibus
3129 5715 3289 5777 variis.

2268 5775 2400 5829 Ordo
2418 5773 2631 5826 sacratus
2648 5775 2985 5826 Coitfessorum
3002 5773 3153 5837 praei
3161 5782 3382 5833 puorum,

2329 5837 2526 5896 Auxilio
2540 5845 2673 5894 tutos
2690 5838 2903 5903 undique
2924 5835 3079 5891 redde
3101 5837 3231 5897 tuos.
3268 5888 3269 5891 η
