3820 6220
134 334 223 391 139
999 338 1061 392 IN
1092 324 1519 396 ttoNUMnNi‘A
1562 341 1644 395 DE
1674 341 1727 394 s.
1763 339 2034 398 ZENONE
2068 342 2456 398 annonmo.

3284 344 3303 396 i
3316 339 3383 395 ⁴,10

193 452 362 522 Neque
389 452 575 508 Gallos
606 455 839 510 Zenonis
867 454 1150 509 celebritas
1180 455 1348 508 latuit.
1389 454 1447 509 1n
1478 442 1692 510 monas-
1724 459 1777 519 Α
1800 458 1965 511 solius
1992 457 2048 513 S.
2080 448 2309 510 Zenonis
2340 457 2575 526 episcopi
2605 471 2699 511 seu
2724 454 3059 517 Confessmis
3086 458 3386 528 reperiatur

135 547 256 602 terio
298 546 355 602 S.
405 538 685 604 lienedieti
731 548 1055 605 Floriacensi
1102 548 1491 619 n'ongentorum
1533 559 1586 602 et
1631 564 1696 603 eo

132 638 341 709 amplius
375 642 646 695 annorum
690 641 852 695 codex
880 641 1163 709 reperitur,
1190 647 1223 694 e‘
1246 652 1352 710 quo
1373 640 1433 694 P.
1459 640 1697 696 Martone

133 739 255 801 part.
296 746 352 785 ιιι
399 731 465 785 de
508 734 758 803 Antiquis
798 733 1050 788 Ecclesiae
1093 733 1303 799 ritibus,
1336 732 1424 807 lib.
1456 737 1544 799 iit,
1575 748 1691 799 cap.

134 826 226 890 l5,
263 823 423 878 edidit
460 826 707 881 ordinem
735 810 891 881 inter
930 826 1110 880 varios
1154 824 1289 880 ritus
1328 822 1392 880 ad
1434 824 1697 893 juvandos

132 916 428 983 morientes,
457 927 510 971 et
529 900 595 972 in
624 933 685 973 eo
711 919 907 973 litanias
923 918 1266 972 continentur
1306 931 1424 986 quae
1451 915 1503 970 in
1528 931 1697 987 agone

138 1006 406 1063 recitandae
449 1010 859 1079 prmeipiu‘ntur.
903 1010 994 1065 llis
1029 1021 1205 1065 autem
1247 1010 1301 1064 in
1342 1009 1537 1063 litaniis
1574 1018 1695 1063 cum

133 1099 341 1155 Proculo
364 1102 765 1171 prmdeCessore
787 1117 883 1157 suo
903 1103 1045 1158 Zeno
1068 1100 1299 1157 insertus
1317 1101 1527 1172 legitur,
1557 1109 1612 1156 et
1642 1105 1699 1155 tit

132 1191 191 1246 ad
218 1207 362 1247 usum
411 1192 674 1249 Eeclebize
701 1192 865 1267 [thv]
885 1192 1174 1249 Gallicana:
1200 1193 1292 1248 ille
1317 1194 1487 1248 codex
1533 1186 1697 1249 fuisse

134 1287 387 1355 probetur,
415 1280 651 1341 refertur
671 1287 808 1341 inter
833 1287 1115 1355 ep‘iScopos
1132 1284 1319 1342 Gallia:
1347 1284 1448 1340 lIOC
1472 1286 1692 1340 ordine:

137 1377 191 1431 S.
221 1377 431 1449 Remigi,
465 1377 531 1435 S.
558 1378 796 1444 Procule,
830 1376 890 1433 S.
918 1376 1081 1441 Zeno,
1114 1375 1188 1452 5..
1210 1377 1462 1443 Anniane,
1498 1363 1696 1446 S.{Att-

136 1470 299 1534 doene,
336 1478 439 1524 etc.
474 1470 723 1539 Reliqua,
750 1470 797 1524 si
827 1470 1020 1539 placet,
1046 1467 1245 1524 videsis
1265 1467 1411 1538 apud
1437 1468 1693 1539 Martene,
1766 1467 1776 1473 ⁷

228 1600 238 1611 .
266 1559 389 1615 593.

228 1600 238 1611 .
266 1574 389 1615 sua.

137 1574 315 1730 pagum
330 1651 395 1709 ad
410 1638 704 1711 Eeclesiam
725 1658 758 1707 Α
771 1653 1157 1723 ndegavensem
1174 1654 1483 1725 pertineret,
1505 1654 1698 1724 ipsius-

135 1760 225 1815 que
259 1746 373 1801 usui
408 1755 555 1801 esset
593 1745 811 1805 Missale
833 1759 930 1799 ms.
989 1746 1040 1799 in
1072 1753 1178 1815 quo
1230 1746 1480 1816 specialis
1533 1748 1693 1801 missa

1805 547 2035 609 mentio,
2067 562 2133 602 ex
2164 554 2275 602 toto
2304 537 2663 614 monumentis
2694 549 2745 602 in
2776 549 2932 602 unius
2961 538 3192 603 Zenonis
3220 549 3383 603 Vero.

1802 638 1981 692 nensis
2010 638 2207 691 cultum
2237 639 2672 707 cons‘pirantibns
2713 639 2958 694 concludi
3000 638 3142 693 haud
3186 644 3385 695 temere

1800 730 2029 799 poterit,
2068 745 2192 785 eum
2237 747 2448 801 quoque
2491 747 2594 786 non
2625 733 2788 787 alium
2820 732 3096 787 Zenonem
3128 748 3248 788 esse
3288 733 3381 787 lia-

1798 822 2068 887 bendum;
2101 825 2176 878 uti
2206 838 2335 878 sane
2367 823 2637 880 aflirmare
2667 826 2827 880 simili
2859 826 3067 881 ratione
3097 834 3202 901 non
3232 824 3384 879 dubi-

1802 929 1975 973 tamus
2006 918 2073 973 de
2102 918 2169 973 iis
2200 919 2457 974 altaribus
2480 962 2492 984 ,
2529 935 2644 995 qua:
2678 920 2837 975 variis
2868 918 2920 974 in
2951 920 3192 975 eccleSiis
3225 906 3290 972 de
3324 918 3379 975 S.

1800 1010 2033 1065 Zenonis
2063 1011 2280 1065 nomine
2314 1010 2579 1080 appellata
2610 1011 2950 1081 accepimus,
2993 1025 3022 1063 a
3065 1009 3255 1079 quibus
3306 1020 3384 1062 ta-

1798 1117 1921 1156 men
1948 1100 2279 1171 inquirendis
2300 1117 2361 1155 ac
2389 1100 2712 1168 referendis,
2745 1116 2811 1156 ne
2856 1099 3062 1169 longius
3088 1100 3243 1154 nimis
3266 1106 3389 1171 pro-

1799 1195 2018 1251 cederet
2044 1190 2236 1265 caput,
2267 1195 2723 1266 supersedendum
2757 1194 3077 1265 putavimus.

1868 1289 2084 1344 interim
2120 1300 2175 1343 ut
2204 1304 2304 1356 eo,
2349 1291 2488 1344 unde
2539 1303 2754 1358 egressa
2785 1296 2897 1365 est.
2944 1284 3127 1340 redeat
3179 1283 3386 1363 oratiu,

1799 1395 1897 1437 seu
1938 1382 2114 1450 potius
2148 1389 2212 1440 ,ιιι
2254 1380 2457 1436 exitum
2506 1378 2732 1444 habeat,
2766 1377 2810 1433 si
2841 1377 3021 1434 cultus
3058 1373 3115 1430 S.
3158 1373 3389 1427 Zenonis

1800 1485 1905 1532 tam
1936 1484 2021 1532 est
2052 1478 2335 1547 antiquus,
2366 1484 2423 1530 ut
2463 1473 2621 1545 hujus
2659 1480 3001 1556 monumenta
3041 1470 3238 1525 smenlo
3275 1463 3381 1522 eir-

1799 1569 1933 1625 citer
1972 1580 2093 1639 post
2131 1578 2358 1624 mortem
2386 1568 2581 1623 tradita
2608 1567 2851 1638 reperire
2882 1565 3132 1635 licuerit,
3167 1564 3390 1632 haecque

1800 1680 1904 1717 non
1935 1663 2161 1719 Veronae
2192 1662 2369 1718 solum
2391 1705 2404 1725 ,
2434 1662 2527 1717 sed
2559 1661 2677 1715 aliis
2704 1661 2757 1715 in
2786 1658 3090 1714 civitatibus
3122 1655 3390 1726 provinci-

1801 1757 1951 1826 isque
1988 1748 2179 1820 ltulim,
2212 1755 2266 1809 in
2297 1754 2614 1823 Germania,
2648 1755 2699 1809 in
2744 1747 3040 1816 Helvetiis,
3084 1752 3135 1805 in
3175 1748 3344 1806 Gallia
3374 1791 3387 1813 ,

137 1837 187 1891 S.
215 1837 434 1893 Zenonis
463 1838 657 1914 legitur
684 1838 701 1907 (
726 1827 882 1906 hujus
917 1837 1117 1892 codicis
1146 1839 1386 1892 notitiam
1421 1840 1472 1892 in
1503 1837 1695 1891 Admo-

1805 1847 1893 1901 ubi
1917 1845 2170 1902 ecclesias
2199 1844 2572 1913 percelebres',
2602 1846 2795 1899 eximia
2823 1836 3144 1899 monasteria
3168 1882 3181 1906 ,
3214 1839 3387 1895 Cano-

138 1930 306 1984 nitione
344 1929 412 1982 ad
455 1926 792 1984 loramenta
834 1927 1004 1983 fusius
1048 1929 1332 2000 dabimus)
1365 1929 1424 1985 S.
1466 1928 1699 1984 Zenonis

137 2021 312 2075 cultum
336 2035 401 2075 eo
427 2022 776 2091 propagatum
806 2036 910 2076 non
938 2020 997 2075 lit
1021 2021 1389 2099 improbabile.

204 2113 311 2168 Alia
340 2114 569 2168 aliarum
597 2115 875 2185 regionum
903 2115 1251 2178 dociimenta,
1284 2131 1405 2186 quae
1435 2116 1700 2200 possimus

142 2206 424 2273 consulere,-
448 2206 535 2261 νει
562 2196 799 2262 nondum
825 2215 950 2261 sunt
968 2208 1130 2274 edita,
1163 2208 1244 2262 vel
1273 2206 1339 2261 ad
1366 2196 1554 2261 manus
1577 2221 1701 2260 nos-

142 2306 236 2350 tras
276 2300 375 2351 non
423 2300 761 2366 pervenere:
801 2312 901 2353 nec
940 2302 1003 2351 ex
1044 2304 1150 2366 duo
1191 2300 1418 2367 primum
1461 2306 1700 2369 tempore

141 2388 280 2455 hujus
321 2386 622 2458 argumenti
671 2389 931 2444 tractandi
975 2386 1255 2443 consilium
1307 2389 1587 2458 cepimus,
1638 2404 1699 2444 ca

142 2480 271 2550 ipsa,
313 2488 425 2549 qua:
450 2479 681 2539 Veronae
722 2491 884 2546 sunt,
931 2472 1251 2536 documenta
1296 2480 1444 2535 adire
1482 2481 1695 2546 omnia,

78 2640 81 2644 ⁴
140 2585 245 2624 eum
276 2571 588 2643 typograpbi
616 2568 865 2645 urgeant,
887 2575 1182 2643 potuimus.
1216 2571 1349 2627 lllud
1376 2572 1621 2627 addimus
1648 2573 1702 2626 in

142 2675 307 2719 eorum
347 2664 676 2732 subsidium,
724 2665 811 2734 qni
852 2663 1141 2735 aliquando
1185 2663 1382 2719 addere
1424 2657 1701 2719 ferte'alia

144 2754 252 2810 huic
275 2758 429 2827 capiti
458 2758 656 2823 velint,
703 2758 841 2829 quod
875 2757 1044 2813 sicubi
1074 2757 1132 2811 S.
1164 2755 1396 2810 Zenonis
1421 2758 1701 2811 ecclesiam

145 2846 219 2898 vel
236 2846 613 2903 documentum
632 2850 848 2919 aliquod
878 2850 1054 2905 cultus
1080 2849 1132 2903 in
1153 2848 1445 2904 Occidente
1471 2850 1704 2919 reperia—

147 2944 249 3013 tur;
272 2948 322 2990 ut
340 2937 403 2996 ad
430 2939 706 2996 Zenonem
730 2950 972 2997 nostrum
997 2942 1111 2995 haec
1137 2952 1381 3009 spectare
1408 2952 1556 2997 certo
1576 2944 1705 2996 cnn-

148 3025 335 3091 cludat,
366 3044 469 3082 non
502 3030 555 3084 in
596 3031 725 3087 illud
759 3032 930 3086 solum
962 3032 1249 3097 adtendat,
1288 3034 1705 3102 quamplurimas

149 3119 197 3175 S.
217 3120 429 3177 Zmanis
450 3140 544 3193 per
567 3124 911 3181 Occidentem
934 3126 1191 3182 ecclesias
1215 3141 1245 3180 a
1274 3127 1427 3181 nobis
1450 3127 1704 3182 hactenus

1801 1938 2041 1992 nieorum
2082 1935 2317 2006 Collegia
2350 1938 2415 1992 de
2446 1932 2505 1992 S.
2538 1935 2754 1992 Zenone
2782 1944 3081 2004 noncopaia
3105 1976 3119 1999 ,
3148 1934 3381 2004 patroci-

1800 2030 1943 2099 niutii
1971 2028 2088 2097 ejus
2114 2016 2171 2081 in
2194 2028 2393 2081 litaniis
2420 2036 2482 2081 ac
2511 2027 2738 2093 publicis
2766 2026 3017 2096 precibus
3047 2024 3184 2093 apud
3221 2018 3385 2077 Deuiit

1799 2119 2172 2189 interpositum
2198 2162 2211 2186 ,
2240 2119 2489 2175 eumdem
2516 2123 2773 2190 pagorum
2806 2117 3126 2188 urbiumque
3154 2118 3389 2186 ipsarum

1804 2213 2127 2282 praecipuum
2160 2221 2440 2282 patronum
2478 2207 2544 2266 ab
2571 2210 2816 2282 antiquis.
2847 2210 3180 2281 temporibus
3219 2204 3391 2265 adsci-

1804 2312 1912 2358 tum
1935 2345 1948 2367 ,
1980 2303 2175 2359 ofﬁciis
2197 2345 2211 2369 ,
2243 2298 2681 2374 processionibus
2723 2300 2785 2360 ac
2841 2304 2959 2358 aliis
2989 2304 3091 2373 pim
3121 2301 3395 2373 religionis

1801 2395 2284 2467 signiﬁcationibus
2309 2437 2323 2457 ,
2357 2396 2460 2452 non
2491 2398 2542 2451 in
2570 2388 2919 2479 dicatis‘ejus
2961 2395 3177 2451 nomine
3215 2394 3391 2479 erde-

1803 2488 1896 2542 siis
1924 2489 2098 2543 solum
2124 2530 2138 2554 ,
2171 2487 2267 2542 sed
2296 2488 2348 2543 in
2379 2489 2505 2543 totis
2532 2474 2856 2559 dimcesibiis
2885 2487 3084 2543 cultum
3117 2484 3256 2541 nacti
3276 2474 3389 2539 ’ὲιι-

1802 2593 1955 2643 mus,
1987 2593 2107 2647 quae
2138 2578 2432 2647 praesertim
2463 2564 2583 2633 aliis
2621 2563 3255 2655 sanctisGonlessoribus
3278 2576 3382 2631 don

1805 2670 1906 2724 nisi
1936 2669 2090 2725 valde
2113 2661 2417 2724 celebribus
2458 2680 2515 2726 et
2556 2670 2894 2739 paucissimis
2920 2670 3211 2747 contigisse
3240 2668 3391 2729 inve-

1803 2760 2057 2825 niuntur,
2104 2762 2224 2830 quis
2265 2776 2368 2814 non
2410 2761 2698 2815 maximam
2741 2761 2811 2815 de
2851 2760 2909 2815 S.
2958 2751 3191 2814 Zenonis
3223 2757 3392 2814 Vero.

1805 2854 1989 2908 nensis
2015 2838 2297 2908 sanctitate
2336 2855 2397 2909 ac
2419 2854 2731 2910 celebritate
2772 2862 2849 2908 tot
2879 2854 3079 2908 veteris
3120 2852 3390 2921 pervagati

1805 2947 2225 3018 multiplicisque
2262 2947 2440 3002 cultus
2480 2947 2801 3004 testimoniis
2834 2948 3051 3017 probata
3083 2946 3389 3017 opinionem

1806 3039 2028 3094 induat?
2052 3039 2161 3103 Et,
2195 3041 2240 3096 si
2272 3056 2393 3096 eum
2426 3042 2625 3110 vnigiiri
2660 3040 2885 3109 quadam
2919 3038 3145 3094 formula
3177 3054 3297 3093 cum
3329 3037 3387 3092 S.

1808 3130 2033 3185 Martino
2061 3135 2315 3201 episcopo
2345 3132 2640 3186 Turoriensi
2665 3132 2803 3186 inter
2829 3130 3211 3185 celeberrimos
3231 3143 3382 3184 sanc-

150 3214 367 3271 inventas
396 3233 501 3273 non
534 3219 702 3274 fuisse
722 3258 736 3283 ,
778 3220 876 3274 nisi
916 3220 973 3274 S.
1004 3220 1237 3275 Zenonis
1266 3221 1503 3291 episcopi
1534 3222 1699 3276 Vero-
1727 3217 1772 3287 C
1806 3228 1889 3277 tes
1954 3237 2167 3292 semper
2231 3222 2411 3277 habito
2440 3223 2744 3292 copulatum
2786 3223 2987 3276 saeculo
3014 3221 3225 3275 decimo
3252 3220 3391 3290 apud

151 3308 337 3376 pensis,
387 3320 441 3365 et
491 3311 743 3366 similiter
791 3311 847 3367 S.
880 3311 1149 3367 Zenonem
1197 3312 1396 3369 litaniis
1443 3315 1697 3370 insertum

154 3402 293 3455 alium
334 3419 437 3458 non
479 3404 683 3459 fuisse:
729 3406 822 3459 sed
863 3405 929 3459 ad
968 3407 1228 3462 ecclesias
1267 3407 1405 3477 quod
1436 3409 1699 3477 pertinet.

152 3490 316 3547 festum
356 3494 496 3551 dien’t
541 3496 595 3551 in
636 3496 825 3553 iisdem
864 3497 1227 3565 celebratum,
1262 3500 1304 3553 si
1346 3500 1460 3554 lieni
1496 3506 1699 3569 potest,

151 3587 393 3654 exquirat,
422 3602 475 3660 et
502 3590 741 3645 inveniet
767 3590 1001 3646 incidere
1025 3591 1111 3646 vel
1140 3593 1190 3646 in
1218 3591 1358 3647 diem
1386 3594 1457 3646 xit
1483 3591 1701 3661 Aprilis,

152 3676 218 3730 rei
244 3678 290 3731 in
318 3677 456 3738 diem
485 3696 584 3736 vui
616 3682 944 3746 Decembris,
977 3683 1057 3738 vel
1090 3682 1224 3739 forte
1253 3684 1447 3739 alicubi
1481 3686 1532 3739 in
1562 3685 1704 3739 diem

83 3811 86 3814 .
151 3770 383 3837 “illati,
413 3774 505 3843 qui
533 3783 645 3828 ttes
673 3772 789 3829 dies
811 3774 915 3829 non
952 3776 1059 3829 alio
1096 3775 1299 3830 Zenoni
1338 3792 1493 3845 quam
1521 3782 1704 3831 nostro

152 3861 266 3916 sacri
288 3872 435 3920 sunt:
474 3866 528 3919 in
568 3865 770 3920 litaniis
807 3875 984 3921 autem
1020 3868 1105 3922 vel
1144 3868 1261 3921 aliis
1288 3868 1552 3921 similibus
1582 3876 1706 3936 prea

153 3953 281 4007 cibus
301 3970 415 4009 cum
442 3956 503 4011 S.
538 3951 766 4011 Proculo
794 3956 1087 4012 Veronensi
1116 3960 1367 4028 episcopo
1396 3959 1531 4013 inter
1559 3958 1704 4013 Con-

156 4034 355 4099 feseores
401 4046 683 4117 copulatus
724 4047 1036 4116 plerumque
1082 4048 1485 4115 recensebitur;
1528 4050 1615 4106 vel
1660 4052 1704 4106 si

1804 3313 2118 3369 Ratherium
2153 3316 2203 3369 in
2235 3315 2560 3376 testimonio.
2594 3314 2735 3384 quod
2766 3314 3029 3383 superiori
3059 3312 3388 3383 paragrapho

1804 3405 2175 3472 recitavimus,
2204 3416 2410 3476 repetet
2430 3448 2442 3469 ,
2472 3405 2693 3460 nimium
2724 3406 2951 3460 multum
2974 3399 3146 3458 eidem
3174 3410 3203 3454 a
3228 3402 3390 3472 volgo

1807 3498 2061 3554 tributum
2084 3510 2415 3568 nequaqUam
2434 3497 2649 3554 sentiet.
2667 3496 2793 3551 Haec
2819 3494 3119 3570 diligentids
3146 3488 3391 3546 conside-

1808 3586 1962 3658 rare,
1988 3601 2150 3658 atque
2173 3592 2560 3647 consideranda
2586 3582 2886 3662 proponere
2914 3588 3067 3665 nobis
3093 3589 3234 3640 (turdi
3263 3583 3399 3646 fult,
3480 3578 3489 3581 ’

1809 3698 1915 3739 non
1957 3690 2014 3736 tit
2054 3672 2323 3753 quidpiam
2355 3683 2539 3753 gloria:
2568 3676 2991 3736 aC'venerationi
3020 3675 3178 3729 alicui
3220 3686 3383 3727 caete-

1806 3787 1986 3830 rorum
2034 3776 2341 3836 sanctorum
2394 3774 2703 3842 decerptum
2753 3773 2842 3835 sit,
2890 3769 2982 3823 se‘d
3014 3764 3071 3820 ut
3118 3762 3385 3819 eitcltetor

1807 3875 2290 3938 promoveaturque
2330 3865 2459 3919 tanti
2505 3859 2719 3917 Patroni
2762 3856 2970 3923 cultus,
3014 3856 3107 3927 qui
3148 3854 3347 3909 sehsiut
3373 3898 3387 3920 ,

1808 3968 1868 4015 ut
1897 3962 2009 4015 fleri
2038 3961 2174 4014 solet
2220 3959 2272 4012 in
2304 3958 2463 4012 rebus
2494 3955 2725 4022 antiquis
2745 3993 2761 4018 ,
2809 3950 2947 4022 apud
2980 3948 3266 4003 nonnullos
3298 3956 3386 4001 vc‘o

1809 4049 1961 4106 ωειςὲ
1988 4049 2311 4122 celebritatis
2344 4046 2521 4101 minus
2548 4044 2792 4100 conscios
2819 4042 3081 4113 refriguit.

2536 4187 2691 4195 ————

2172 4191 2372 4200 *-

160 4176 3373 4244 W

2596 4223 3035 4236 ___.___._______
3304 4223 3313 4227 -

987 4385 1130 4462 [σιν]
1202 4338 2327 4482 MONUMENTA
2432 4452 2433 4455 χ

610 4572 901 4715 DE
1034 4575 1936 4726 ΒΑΜ]Το
2035 4573 2950 4723 ZENONE

1062 4810 1629 4933 EPISCOPO
1739 4815 2439 4909 VERONENSL
2648 4838 2651 4839 ε
2832 4878 2833 4881 γ
3052 4831 3057 4837 -

1569 4971 1968 4985 —.——___...

1423 5080 2036 5156 ADMONITIO
2053 5128 2078 5152 .

215 5200 250 5257 Ι.
283 5205 565 5280 Antequam
594 5220 944 5266 monumenta
968 5212 1035 5267 ad
1058 5212 1115 5268 S.
1134 5212 1364 5269 Zenonis
1388 5216 1557 5267 vitam“
1575 5228 1695 5283 per-
1719 5217 1774 5278 D
1797 5215 1853 5270 S.
1892 5214 2141 5280 Zenonis,
2164 5194 2169 5203 ’
2190 5215 2337 5269 illum
2370 5212 2756 5269 recentioribus
2796 5205 3147 5277 scriptoribus
3181 5218 3375 5263 accenv

162 5289 343 5351 liuentia
377 5315 492 5355 eum
525 5300 705 5355 missis
748 5312 796 5355 et
838 5301 1046 5373 hymnis
1092 5304 1320 5375 aliisque
1362 5303 1697 5357 documentis
1796 5307 1925 5366 suit,
1959 5316 2011 5358 et
2042 5304 2151 5359 fere
2182 5320 2363 5374 parem
2394 5304 2516 5359 fecit
2545 5304 2700 5356 Petro
2728 5299 2795 5353 de
2822 5296 3114 5360 Natalibus,
3142 5298 3231 5368 qni
3274 5313 3375 5353 su:-

163 5376 378 5452 lilurgicis
417 5389 645 5460 propriis
675 5382 916 5458 ejusdem
957 5392 1156 5457 Sancti,
1198 5408 1317 5462 qua:
1361 5392 1414 5446 in
1460 5390 1690 5459 antiquis

162 5467 282 5526 libris
298 5480 601 5546 reperimus,
636 5480 848 5549 damus,
890 5471 1142 5536 nonnulla
1175 5482 1242 5536 de
1269 5482 1533 5550 aliquibus
1568 5481 1690 5532 ιιιιί-

162 5572 241 5614 nos
270 5568 394 5621 notis
434 5570 644 5638 praefari
694 5572 843 5626 libet.
892 5570 1188 5627 Coronatus
1229 5560 1482 5623 Nutarius
1529 5567 1687 5637 primi

161 5659 440 5717 monumenti
465 5672 653 5718 auctor
672 5654 878 5733 primus
906 5661 1024 5727 fuit,
1055 5661 1144 5732 qui
1171 5660 1227 5719 S.
1258 5659 1487 5737 Zenonis
1510 5659 1683 5716 Vitam

1796 5396 1914 5450 culo
1944 5410 2032 5447 xrv
2059 5394 2258 5449 ﬂoruit.
2305 5396 2373 5448 At
2412 5381 2655 5447 eumdem
2682 5389 2881 5445 vixisse
2909 5398 3031 5465 ante
3063 5390 3371 5458 translatio-

1795 5499 1915 5557 nem
1964 5484 2206 5551 corporis
2244 5483 2301 5537 S.
2350 5482 2595 5543 Zenonis,
2646 5496 2763 5547 qum
2814 5480 3011 5534 sarculo
3055 5492 3108 5533 lx
3160 5480 3375 5537 ineunte

1791 5574 1927 5641 facta
1957 5571 2069 5635 fuit,
2100 5586 2202 5624 non
2235 5584 2297 5626 ex
2328 5587 2394 5625 eo
2424 5572 2594 5649 solum
2623 5570 2907 5640 colligitur,
2930 5569 3093 5650 quod
3125 5571 3364 5651 ejusdem

1801 5663 2160 5722 translationis
2189 5664 2384 5720 nullam
2414 5651 2569 5745 faciai
2597 5664 2942 5729 mentionem,
2970 5664 3061 5731 sed
3093 5680 3157 5729 es
3183 5679 3248 5724 eo
3277 5680 3374 5736 po.

142 5738 312 5808 litteris
334 5753 560 5817 tradidit.
595 5756 845 5817 Perottus
876 5755 928 5812 in
961 5752 1138 5829 latinis
1174 5745 1392 5814 scboiiis
1415 5753 1482 5812 ad
1513 5752 1683 5813 Vitam
1798 5756 2087 5829 tissimum,
2115 5757 2257 5832 quod
2283 5768 2337 5818 et
2354 5738 2573 5818 sacrum
2608 5759 2838 5821 Zenonis
2860 5775 3055 5835 corpus
3082 5774 3177 5821 sua
3200 5758 3375 5833 adhuc
