  <div class='ocr_page' id='page_1' title='image "/cluster/home/n/w/nwhite01/storage/ocr_20150623/11/uva.x000826576/103.png"; bbox 0 0 3820 6220; ppageno 0'>
   <div class='ocr_carea' id='block_1_1' title="bbox 462 262 558 320">
    <p class='ocr_par' dir='ltr' id='par_1_1' title="bbox 462 262 558 320">
     <span class='ocr_line' id='line_1_1' title="bbox 462 262 558 320; baseline -0.021 -1"><span class='ocrx_word' id='word_1_1' title='bbox 462 262 558 320; x_wconf 66' lang='lat' dir='ltr'><strong>Ml</strong></span> 
     </span>
    </p>
   </div>
   <div class='ocr_carea' id='block_1_2' title="bbox 1852 260 2385 317">
    <p class='ocr_par' dir='ltr' id='par_1_2' title="bbox 1852 260 2385 317">
     <span class='ocr_line' id='line_1_2' title="bbox 1852 260 2385 317; baseline -0.006 0"><span class='ocrx_word' id='word_1_2' title='bbox 1852 260 2358 317; x_wconf 66' lang='grc' dir='ltr'><strong>ΡιιοιΛῖΟθιιιςΝΑ</strong></span> <span class='ocrx_word' id='word_1_3' title='bbox 2373 302 2385 314; x_wconf 93' lang='grc'><strong>.</strong></span> 
     </span>
    </p>
   </div>
   <div class='ocr_carea' id='block_1_3' title="bbox 3598 266 3705 322">
    <p class='ocr_par' dir='ltr' id='par_1_3' title="bbox 3598 266 3705 322">
     <span class='ocr_line' id='line_1_3' title="bbox 3598 266 3705 322; baseline -0.028 0"><span class='ocrx_word' id='word_1_4' title='bbox 3598 267 3627 322; x_wconf 67' lang='grc' dir='ltr'><strong>ἱ</strong></span> <span class='ocrx_word' id='word_1_5' title='bbox 3638 266 3705 320; x_wconf 64' lang='grc' dir='ltr'><strong>’Β</strong></span> 
     </span>
    </p>
   </div>
   <div class='ocr_carea' id='block_1_4' title="bbox 464 377 3707 453">
    <p class='ocr_par' dir='ltr' id='par_1_4' title="bbox 464 377 3707 453">
     <span class='ocr_line' id='line_1_4' title="bbox 464 377 3707 453; baseline -0.001 -15"><span class='ocrx_word' id='word_1_6' title='bbox 464 389 623 438; x_wconf 79' lang='lat' dir='ltr'><strong>actate</strong></span> <span class='ocrx_word' id='word_1_7' title='bbox 654 381 995 453; x_wconf 86' lang='lat' dir='ltr'><strong>requiescens</strong></span> <span class='ocrx_word' id='word_1_8' title='bbox 1036 380 1211 450; x_wconf 86' lang='lat' dir='ltr'><strong>prodit</strong></span> <span class='ocrx_word' id='word_1_9' title='bbox 1239 395 1386 435; x_wconf 83' lang='lat' dir='ltr'><strong>nunt.</strong></span> <span class='ocrx_word' id='word_1_10' title='bbox 1435 380 1489 445; x_wconf 87' lang='lat'><strong>8,</strong></span> <span class='ocrx_word' id='word_1_11' title='bbox 1537 379 1679 434; x_wconf 89' lang='lat' dir='ltr'><strong>inea</strong></span> <span class='ocrx_word' id='word_1_12' title='bbox 1722 377 1963 444; x_wconf 84' lang='lat' dir='ltr'><strong>basilica,</strong></span> <span class='ocrx_word' id='word_1_13' title='bbox 1997 378 2051 431; x_wconf 91' lang='lat' dir='ltr'><strong>in</strong></span> <span class='ocrx_word' id='word_1_14' title='bbox 2081 391 2128 448; x_wconf 77' lang='grc' dir='ltr'>Α</span> <span class='ocrx_word' id='word_1_15' title='bbox 2160 378 2399 448; x_wconf 89' lang='lat' dir='ltr'><strong>populari</strong></span> <span class='ocrx_word' id='word_1_16' title='bbox 2440 392 2652 433; x_wconf 89' lang='lat' dir='ltr'><strong>rumore</strong></span> <span class='ocrx_word' id='word_1_17' title='bbox 2683 388 2931 447; x_wconf 80' lang='lat' dir='ltr'><strong>suscepta</strong></span> <span class='ocrx_word' id='word_1_18' title='bbox 2974 387 3029 434; x_wconf 88' lang='lat' dir='ltr'><strong>ct</strong></span> <span class='ocrx_word' id='word_1_19' title='bbox 3056 378 3200 434; x_wconf 81' lang='lat' dir='ltr'><strong>veris</strong></span> <span class='ocrx_word' id='word_1_20' title='bbox 3243 378 3463 434; x_wconf 89' lang='lat' dir='ltr'><strong>immista</strong></span> <span class='ocrx_word' id='word_1_21' title='bbox 3497 394 3707 451; x_wconf 73' lang='lat' dir='ltr'><strong>cognos-</strong></span> 
     </span>
    </p>
   </div>
   <div class='ocr_carea' id='block_1_5' title="bbox 467 462 2099 547">
    <p class='ocr_par' dir='ltr' id='par_1_5' title="bbox 467 462 2099 547">
     <span class='ocr_line' id='line_1_5' title="bbox 467 462 2099 547; baseline -0.002 -18"><span class='ocrx_word' id='word_1_22' title='bbox 467 490 571 547; x_wconf 89' lang='lat' dir='ltr'><strong>qua</strong></span> <span class='ocrx_word' id='word_1_23' title='bbox 597 475 773 546; x_wconf 89' lang='lat' dir='ltr'><strong>primo</strong></span> <span class='ocrx_word' id='word_1_24' title='bbox 816 484 937 546; x_wconf 89' lang='lat' dir='ltr'><strong>post</strong></span> <span class='ocrx_word' id='word_1_25' title='bbox 962 483 1187 530; x_wconf 89' lang='lat' dir='ltr'><strong>mortem</strong></span> <span class='ocrx_word' id='word_1_26' title='bbox 1217 474 1492 529; x_wconf 90' lang='lat' dir='ltr'><strong>conditum</strong></span> <span class='ocrx_word' id='word_1_27' title='bbox 1522 474 1714 538; x_wconf 87' lang='lat' dir='ltr'><strong>fuerat,</strong></span> <span class='ocrx_word' id='word_1_28' title='bbox 1746 481 1801 528; x_wconf 90' lang='lat' dir='ltr'><strong>et</strong></span> <span class='ocrx_word' id='word_1_29' title='bbox 1828 471 1943 527; x_wconf 83' lang='lat' dir='ltr'><strong>Vita</strong></span> <span class='ocrx_word' id='word_1_30' title='bbox 1985 471 2053 525; x_wconf 91' lang='lat' dir='ltr'><strong>ab</strong></span> <span class='ocrx_word' id='word_1_31' title='bbox 2096 462 2099 465; x_wconf 28' lang='grc' dir='ltr'><strong><em>λ</em></strong></span> 
     </span>
    </p>
   </div>
   <div class='ocr_carea' id='block_1_6' title="bbox 468 565 2054 639">
    <p class='ocr_par' dir='ltr' id='par_1_6' title="bbox 468 565 2054 639">
     <span class='ocr_line' id='line_1_6' title="bbox 468 565 2054 639; baseline -0.004 -15"><span class='ocrx_word' id='word_1_32' title='bbox 468 568 587 639; x_wconf 89' lang='lat' dir='ltr'><strong>ipso</strong></span> <span class='ocrx_word' id='word_1_33' title='bbox 615 569 813 639; x_wconf 87' lang='lat' dir='ltr'><strong>scripta</strong></span> <span class='ocrx_word' id='word_1_34' title='bbox 844 569 1113 623; x_wconf 89' lang='lat' dir='ltr'><strong>invenitur</strong></span> <span class='ocrx_word' id='word_1_35' title='bbox 1142 569 1191 622; x_wconf 91' lang='lat' dir='ltr'><strong>in</strong></span> <span class='ocrx_word' id='word_1_36' title='bbox 1225 567 1478 622; x_wconf 77' lang='lat' dir='ltr'><strong>Remensi</strong></span> <span class='ocrx_word' id='word_1_37' title='bbox 1507 565 1715 630; x_wconf 89' lang='lat' dir='ltr'><strong>codice,</strong></span> <span class='ocrx_word' id='word_1_38' title='bbox 1747 580 1905 635; x_wconf 87' lang='lat' dir='ltr'><strong>quem</strong></span> <span class='ocrx_word' id='word_1_39' title='bbox 1936 579 2054 619; x_wconf 65' lang='grc' dir='ltr'><strong>εχει</strong></span> 
     </span>
    </p>
   </div>
   <div class='ocr_carea' id='block_1_7' title="bbox 469 658 2056 729">
    <p class='ocr_par' dir='ltr' id='par_1_7' title="bbox 469 658 2056 729">
     <span class='ocr_line' id='line_1_7' title="bbox 469 658 2056 729; baseline -0.003 -16"><span class='ocrx_word' id='word_1_40' title='bbox 469 670 639 714; x_wconf 89' lang='lat' dir='ltr'><strong>ratum</strong></span> <span class='ocrx_word' id='word_1_41' title='bbox 668 668 791 715; x_wconf 86' lang='lat' dir='ltr'><strong>ante</strong></span> <span class='ocrx_word' id='word_1_42' title='bbox 821 660 1072 715; x_wconf 66' lang='lat' dir='ltr'><strong>smeulum</strong></span> <span class='ocrx_word' id='word_1_43' title='bbox 1096 676 1169 728; x_wconf 80' lang='lat' dir='ltr'><strong>ix,</strong></span> <span class='ocrx_word' id='word_1_44' title='bbox 1204 662 1254 713; x_wconf 91' lang='lat' dir='ltr'><strong>in</strong></span> <span class='ocrx_word' id='word_1_45' title='bbox 1277 658 1511 729; x_wconf 74' lang='lat' dir='ltr'><strong>generali</strong></span> <span class='ocrx_word' id='word_1_46' title='bbox 1540 658 1853 727; x_wconf 66' lang='lat' dir='ltr'><strong>praefatione</strong></span> <span class='ocrx_word' id='word_1_47' title='bbox 1874 665 2056 711; x_wconf 89' lang='lat' dir='ltr'><strong>osten-</strong></span> 
     </span>
    </p>
   </div>
   <div class='ocr_carea' id='block_1_8' title="bbox 467 746 2055 821">
    <p class='ocr_par' dir='ltr' id='par_1_8' title="bbox 467 746 2055 821">
     <span class='ocr_line' id='line_1_8' title="bbox 467 746 2055 821; baseline -0.004 -16"><span class='ocrx_word' id='word_1_48' title='bbox 467 750 663 806; x_wconf 87' lang='lat' dir='ltr'><strong>dimus.</strong></span> <span class='ocrx_word' id='word_1_49' title='bbox 695 751 827 805; x_wconf 84' lang='lat' dir='ltr'><strong>Cum</strong></span> <span class='ocrx_word' id='word_1_50' title='bbox 868 766 1029 821; x_wconf 87' lang='lat' dir='ltr'><strong>porro</strong></span> <span class='ocrx_word' id='word_1_51' title='bbox 1060 751 1373 806; x_wconf 70' lang='lat' dir='ltr'><strong>miraculum</strong></span> <span class='ocrx_word' id='word_1_52' title='bbox 1406 748 1623 803; x_wconf 84' lang='lat' dir='ltr'><strong>Athesis</strong></span> <span class='ocrx_word' id='word_1_53' title='bbox 1652 746 2055 801; x_wconf 76' lang='lat' dir='ltr'><strong>inundationem</strong></span> 
     </span>
    </p>
   </div>
   <div class='ocr_carea' id='block_1_9' title="bbox 467 840 2055 917">
    <p class='ocr_par' dir='ltr' id='par_1_9' title="bbox 467 840 2055 917">
     <span class='ocr_line' id='line_1_9' title="bbox 467 840 2055 917; baseline -0.005 -17"><span class='ocrx_word' id='word_1_54' title='bbox 467 855 715 916; x_wconf 81' lang='lat' dir='ltr'><strong>spectans</strong></span> <span class='ocrx_word' id='word_1_55' title='bbox 759 862 787 899; x_wconf 88' lang='lat' dir='ltr'><strong>a</strong></span> <span class='ocrx_word' id='word_1_56' title='bbox 828 845 881 901; x_wconf 83' lang='lat' dir='ltr'><strong>S.</strong></span> <span class='ocrx_word' id='word_1_57' title='bbox 927 845 1187 917; x_wconf 75' lang='lat' dir='ltr'><strong>Gregorio</strong></span> <span class='ocrx_word' id='word_1_58' title='bbox 1234 843 1425 913; x_wconf 78' lang='lat' dir='ltr'><strong>Magno</strong></span> <span class='ocrx_word' id='word_1_59' title='bbox 1465 843 1792 912; x_wconf 86' lang='lat' dir='ltr'><strong>descriptum</strong></span> <span class='ocrx_word' id='word_1_60' title='bbox 1838 840 2055 905; x_wconf 76' lang='lat' dir='ltr'><strong>referat,</strong></span> 
     </span>
    </p>
   </div>
   <div class='ocr_carea' id='block_1_10' title="bbox 466 931 2059 1008">
    <p class='ocr_par' dir='ltr' id='par_1_10' title="bbox 466 931 2059 1008">
     <span class='ocr_line' id='line_1_10' title="bbox 466 931 2059 1008; baseline -0.004 -17"><span class='ocrx_word' id='word_1_61' title='bbox 466 936 607 1008; x_wconf 91' lang='lat' dir='ltr'><strong>quod</strong></span> <span class='ocrx_word' id='word_1_62' title='bbox 652 936 873 1007; x_wconf 81' lang='lat' dir='ltr'><strong>contigit</strong></span> <span class='ocrx_word' id='word_1_63' title='bbox 904 952 1047 990; x_wconf 87' lang='lat' dir='ltr'><strong>anno</strong></span> <span class='ocrx_word' id='word_1_64' title='bbox 1092 936 1218 999; x_wconf 83' lang='lat'><strong>589,</strong></span> <span class='ocrx_word' id='word_1_65' title='bbox 1252 933 1482 1004; x_wconf 82' lang='lat' dir='ltr'><strong>septimo</strong></span> <span class='ocrx_word' id='word_1_66' title='bbox 1514 934 1598 987; x_wconf 86' lang='lat' dir='ltr'><strong>vel</strong></span> <span class='ocrx_word' id='word_1_67' title='bbox 1624 940 1830 1003; x_wconf 87' lang='lat' dir='ltr'><strong>octavo</strong></span> <span class='ocrx_word' id='word_1_68' title='bbox 1859 931 2059 985; x_wconf 80' lang='lat' dir='ltr'><strong>saeculo</strong></span> 
     </span>
    </p>
   </div>
   <div class='ocr_carea' id='block_1_11' title="bbox 469 1025 2056 1086">
    <p class='ocr_par' dir='ltr' id='par_1_11' title="bbox 469 1025 2056 1086">
     <span class='ocr_line' id='line_1_11' title="bbox 469 1025 2056 1086; baseline -0.007 0"><span class='ocrx_word' id='word_1_69' title='bbox 469 1045 590 1086; x_wconf 91' lang='lat' dir='ltr'><strong>eum</strong></span> <span class='ocrx_word' id='word_1_70' title='bbox 623 1032 870 1086; x_wconf 85' lang='lat' dir='ltr'><strong>ﬂoruisse</strong></span> <span class='ocrx_word' id='word_1_71' title='bbox 900 1046 1020 1085; x_wconf 91' lang='lat' dir='ltr'><strong>cum</strong></span> <span class='ocrx_word' id='word_1_72' title='bbox 1068 1030 1129 1085; x_wconf 90' lang='lat' dir='ltr'><strong>P.</strong></span> <span class='ocrx_word' id='word_1_73' title='bbox 1166 1027 1506 1084; x_wconf 87' lang='lat' dir='ltr'><strong>Henschenio</strong></span> <span class='ocrx_word' id='word_1_74' title='bbox 1546 1025 1887 1080; x_wconf 81' lang='lat' dir='ltr'><strong>Statuendum</strong></span> <span class='ocrx_word' id='word_1_75' title='bbox 1932 1034 2013 1078; x_wconf 84' lang='lat' dir='ltr'><strong>est</strong></span> <span class='ocrx_word' id='word_1_76' title='bbox 2044 1040 2056 1075; x_wconf 94' lang='lat'>:</span> 
     </span>
    </p>
   </div>
   <div class='ocr_carea' id='block_1_12' title="bbox 482 1117 2053 1194">
    <p class='ocr_par' dir='ltr' id='par_1_12' title="bbox 482 1117 2053 1194">
     <span class='ocr_line' id='line_1_12' title="bbox 482 1117 2053 1194; baseline -0.004 -20"><span class='ocrx_word' id='word_1_77' title='bbox 482 1122 791 1194; x_wconf 70' lang='lat' dir='ltr'><strong>Venerabilis</strong></span> <span class='ocrx_word' id='word_1_78' title='bbox 834 1123 1239 1193; x_wconf 78' lang='lat' dir='ltr'><strong>nuncupatione</strong></span> <span class='ocrx_word' id='word_1_79' title='bbox 1277 1120 1510 1175; x_wconf 90' lang='lat' dir='ltr'><strong>donatur</strong></span> <span class='ocrx_word' id='word_1_80' title='bbox 1553 1133 1657 1172; x_wconf 92' lang='lat' dir='ltr'><strong>non</strong></span> <span class='ocrx_word' id='word_1_81' title='bbox 1711 1126 1816 1172; x_wconf 89' lang='lat' dir='ltr'><strong>tam</strong></span> <span class='ocrx_word' id='word_1_82' title='bbox 1860 1117 1910 1171; x_wconf 92' lang='lat' dir='ltr'><strong>in</strong></span> <span class='ocrx_word' id='word_1_83' title='bbox 1954 1130 2053 1169; x_wconf 90' lang='lat' dir='ltr'><strong>ms.</strong></span> 
     </span>
    </p>
   </div>
   <div class='ocr_carea' id='block_1_13' title="bbox 469 1207 2062 1284">
    <p class='ocr_par' dir='ltr' id='par_1_13' title="bbox 469 1207 2062 1284">
     <span class='ocr_line' id='line_1_13' title="bbox 469 1207 2062 1284; baseline -0.006 -15"><span class='ocrx_word' id='word_1_84' title='bbox 469 1214 745 1269; x_wconf 73' lang='lat' dir='ltr'><strong>Romensi.</strong></span> <span class='ocrx_word' id='word_1_85' title='bbox 771 1230 931 1284; x_wconf 89' lang='lat' dir='ltr'><strong>quam</strong></span> <span class='ocrx_word' id='word_1_86' title='bbox 965 1215 1017 1268; x_wconf 89' lang='lat' dir='ltr'><strong>iu</strong></span> <span class='ocrx_word' id='word_1_87' title='bbox 1049 1212 1324 1275; x_wconf 66' lang='lat' dir='ltr'><strong>Lobiensi,</strong></span> <span class='ocrx_word' id='word_1_88' title='bbox 1355 1226 1512 1280; x_wconf 85' lang='lat' dir='ltr'><strong>quem</strong></span> <span class='ocrx_word' id='word_1_89' title='bbox 1544 1209 1787 1263; x_wconf 81' lang='lat' dir='ltr'><strong>Molanns</strong></span> <span class='ocrx_word' id='word_1_90' title='bbox 1819 1207 1978 1273; x_wconf 89' lang='lat' dir='ltr'><strong>vidit;</strong></span> <span class='ocrx_word' id='word_1_91' title='bbox 2006 1215 2062 1261; x_wconf 89' lang='lat' dir='ltr'><strong>et</strong></span> 
     </span>
    </p>
   </div>
   <div class='ocr_carea' id='block_1_14' title="bbox 436 1294 2058 1375">
    <p class='ocr_par' dir='ltr' id='par_1_14' title="bbox 436 1294 2058 1375">
     <span class='ocr_line' id='line_1_14' title="bbox 436 1294 2058 1375; baseline -0.009 -13"><span class='ocrx_word' id='word_1_92' title='bbox 436 1300 437 1305; x_wconf 38' lang='grc'><em>“</em></span> <span class='ocrx_word' id='word_1_93' title='bbox 477 1306 530 1362; x_wconf 86' lang='lat' dir='ltr'><strong>in</strong></span> <span class='ocrx_word' id='word_1_94' title='bbox 564 1306 662 1360; x_wconf 90' lang='lat' dir='ltr'><strong>hoc</strong></span> <span class='ocrx_word' id='word_1_95' title='bbox 690 1314 964 1375; x_wconf 77' lang='lat' dir='ltr'><strong>postremo</strong></span> <span class='ocrx_word' id='word_1_96' title='bbox 992 1303 1451 1357; x_wconf 78' lang='lat' dir='ltr'><strong>Christianissimus</strong></span> <span class='ocrx_word' id='word_1_97' title='bbox 1466 1294 1722 1370; x_wconf 75' lang='lat' dir='ltr'><strong>pra-terea</strong></span> <span class='ocrx_word' id='word_1_98' title='bbox 1742 1298 2058 1367; x_wconf 84' lang='lat' dir='ltr'><strong>appellatur,</strong></span> 
     </span>
    </p>
   </div>
   <div class='ocr_carea' id='block_1_15' title="bbox 468 1392 2064 1463">
    <p class='ocr_par' dir='ltr' id='par_1_15' title="bbox 468 1392 2064 1463">
     <span class='ocr_line' id='line_1_15' title="bbox 468 1392 2064 1463; baseline -0.006 -10"><span class='ocrx_word' id='word_1_99' title='bbox 468 1398 605 1453; x_wconf 81' lang='lat' dir='ltr'><strong>sicut</strong></span> <span class='ocrx_word' id='word_1_100' title='bbox 640 1406 692 1452; x_wconf 91' lang='lat' dir='ltr'><strong>et</strong></span> <span class='ocrx_word' id='word_1_101' title='bbox 733 1414 759 1450; x_wconf 91' lang='lat' dir='ltr'><strong>a</strong></span> <span class='ocrx_word' id='word_1_102' title='bbox 792 1396 999 1451; x_wconf 83' lang='lat' dir='ltr'><strong>Joanne</strong></span> <span class='ocrx_word' id='word_1_103' title='bbox 1031 1395 1356 1450; x_wconf 80' lang='lat' dir='ltr'><strong>VerOueusis</strong></span> <span class='ocrx_word' id='word_1_104' title='bbox 1384 1394 1637 1448; x_wconf 68' lang='lat' dir='ltr'><strong>Ecclesiae</strong></span> <span class='ocrx_word' id='word_1_105' title='bbox 1663 1392 1981 1463; x_wconf 85' lang='lat' dir='ltr'><strong>presbytero</strong></span> <span class='ocrx_word' id='word_1_106' title='bbox 2009 1398 2064 1444; x_wconf 91' lang='lat' dir='ltr'><strong>et</strong></span> 
     </span>
    </p>
   </div>
   <div class='ocr_carea' id='block_1_16' title="bbox 475 1483 2064 1557">
    <p class='ocr_par' dir='ltr' id='par_1_16' title="bbox 475 1483 2064 1557">
     <span class='ocr_line' id='line_1_16' title="bbox 475 1483 2064 1557; baseline -0.006 -13"><span class='ocrx_word' id='word_1_107' title='bbox 475 1488 855 1544; x_wconf 85' lang='lat' dir='ltr'><strong>Mansionario.</strong></span> <span class='ocrx_word' id='word_1_108' title='bbox 882 1489 971 1557; x_wconf 89' lang='lat' dir='ltr'><strong>qui</strong></span> <span class='ocrx_word' id='word_1_109' title='bbox 1008 1488 1058 1541; x_wconf 91' lang='lat' dir='ltr'><strong>in</strong></span> <span class='ocrx_word' id='word_1_110' title='bbox 1084 1486 1461 1557; x_wconf 74' lang='lat' dir='ltr'><strong>ntauuseriptre</strong></span> <span class='ocrx_word' id='word_1_111' title='bbox 1483 1484 1783 1554; x_wconf 84' lang='lat' dir='ltr'><strong>lmperialis</strong></span> <span class='ocrx_word' id='word_1_112' title='bbox 1818 1483 2064 1537; x_wconf 77' lang='lat' dir='ltr'><strong>Historia:</strong></span> 
     </span>
    </p>
   </div>
   <div class='ocr_carea' id='block_1_17' title="bbox 469 1575 2067 1652">
    <p class='ocr_par' dir='ltr' id='par_1_17' title="bbox 469 1575 2067 1652">
     <span class='ocr_line' id='line_1_17' title="bbox 469 1575 2067 1652; baseline -0.005 -15"><span class='ocrx_word' id='word_1_113' title='bbox 469 1582 508 1637; x_wconf 91' lang='lat' dir='ltr'><strong>l.</strong></span> <span class='ocrx_word' id='word_1_114' title='bbox 540 1598 578 1647; x_wconf 89' lang='lat' dir='ltr'><strong>t,</strong></span> <span class='ocrx_word' id='word_1_115' title='bbox 611 1581 726 1652; x_wconf 86' lang='lat' dir='ltr'><strong>ejus</strong></span> <span class='ocrx_word' id='word_1_116' title='bbox 753 1582 998 1636; x_wconf 82' lang='lat' dir='ltr'><strong>meminit</strong></span> <span class='ocrx_word' id='word_1_117' title='bbox 1027 1582 1108 1634; x_wconf 89' lang='lat' dir='ltr'><strong>bis</strong></span> <span class='ocrx_word' id='word_1_118' title='bbox 1135 1579 1312 1634; x_wconf 82' lang='lat' dir='ltr'><strong>verbis</strong></span> <span class='ocrx_word' id='word_1_119' title='bbox 1343 1596 1355 1632; x_wconf 89' lang='lat'>:</span> <span class='ocrx_word' id='word_1_120' title='bbox 1402 1576 1707 1642; x_wconf 65' lang='lat' dir='ltr'><strong>Comitatus,</strong></span> <span class='ocrx_word' id='word_1_121' title='bbox 1732 1577 1805 1629; x_wconf 86' lang='lat' dir='ltr'><strong>vir</strong></span> <span class='ocrx_word' id='word_1_122' title='bbox 1834 1575 2067 1630; x_wconf 84' lang='lat' dir='ltr'><strong>christia-</strong></span> 
     </span>
    </p>
   </div>
   <div class='ocr_carea' id='block_1_18' title="bbox 474 1663 2069 1741">
    <p class='ocr_par' dir='ltr' id='par_1_18' title="bbox 474 1663 2069 1741">
     <span class='ocr_line' id='line_1_18' title="bbox 474 1663 2069 1741; baseline -0.004 -13"><span class='ocrx_word' id='word_1_123' title='bbox 474 1675 737 1739; x_wconf 84' lang='lat' dir='ltr'><strong>nissimus,</strong></span> <span class='ocrx_word' id='word_1_124' title='bbox 774 1673 993 1729; x_wconf 74' lang='lat' dir='ltr'><strong>Veronw</strong></span> <span class='ocrx_word' id='word_1_125' title='bbox 1015 1673 1220 1738; x_wconf 84' lang='lat' dir='ltr'><strong>claruit,</strong></span> <span class='ocrx_word' id='word_1_126' title='bbox 1243 1663 1328 1741; x_wconf 74' lang='lat' dir='ltr'><strong>qui</strong></span> <span class='ocrx_word' id='word_1_127' title='bbox 1370 1671 1532 1727; x_wconf 80' lang='lat' dir='ltr'><strong>Vitam</strong></span> <span class='ocrx_word' id='word_1_128' title='bbox 1560 1670 1689 1724; x_wconf 77' lang='lat' dir='ltr'><strong>beati</strong></span> <span class='ocrx_word' id='word_1_129' title='bbox 1712 1668 1934 1723; x_wconf 89' lang='lat' dir='ltr'><strong>Zenonis</strong></span> <span class='ocrx_word' id='word_1_130' title='bbox 1962 1685 2069 1721; x_wconf 86' lang='lat' dir='ltr'><strong>me-</strong></span> 
     </span>
    </p>
   </div>
   <div class='ocr_carea' id='block_1_19' title="bbox 2156 469 3710 540">
    <p class='ocr_par' dir='ltr' id='par_1_19' title="bbox 2156 469 3710 540">
     <span class='ocr_line' id='line_1_19' title="bbox 2156 469 3710 540; baseline 0.003 -17"><span class='ocrx_word' id='word_1_131' title='bbox 2156 478 2363 534; x_wconf 89' lang='lat' dir='ltr'><strong>centur,</strong></span> <span class='ocrx_word' id='word_1_132' title='bbox 2396 469 2661 539; x_wconf 85' lang='lat' dir='ltr'><strong>simulque</strong></span> <span class='ocrx_word' id='word_1_133' title='bbox 2705 469 2877 538; x_wconf 82' lang='lat' dir='ltr'><strong>palam</strong></span> <span class='ocrx_word' id='word_1_134' title='bbox 2920 470 3030 535; x_wconf 85' lang='lat' dir='ltr'><strong>lict,</strong></span> <span class='ocrx_word' id='word_1_135' title='bbox 3074 486 3231 540; x_wconf 90' lang='lat' dir='ltr'><strong>quam</strong></span> <span class='ocrx_word' id='word_1_136' title='bbox 3279 471 3458 540; x_wconf 88' lang='lat' dir='ltr'><strong>pusilla</strong></span> <span class='ocrx_word' id='word_1_137' title='bbox 3497 474 3710 527; x_wconf 81' lang='lat' dir='ltr'><strong>auctori-</strong></span> 
     </span>
    </p>
   </div>
   <div class='ocr_carea' id='block_1_20' title="bbox 2158 556 3711 635">
    <p class='ocr_par' dir='ltr' id='par_1_20' title="bbox 2158 556 3711 635">
     <span class='ocr_line' id='line_1_20' title="bbox 2158 556 3711 635; baseline 0.004 -23"><span class='ocrx_word' id='word_1_138' title='bbox 2158 556 2265 613; x_wconf 85' lang='lat' dir='ltr'><strong>tate</strong></span> <span class='ocrx_word' id='word_1_139' title='bbox 2292 558 2549 624; x_wconf 90' lang='lat' dir='ltr'><strong>nitautur,</strong></span> <span class='ocrx_word' id='word_1_140' title='bbox 2579 560 2766 630; x_wconf 81' lang='lat' dir='ltr'><strong>qni‘ex</strong></span> <span class='ocrx_word' id='word_1_141' title='bbox 2805 562 2902 614; x_wconf 91' lang='lat' dir='ltr'><strong>hoc</strong></span> <span class='ocrx_word' id='word_1_142' title='bbox 2930 570 3278 615; x_wconf 88' lang='lat' dir='ltr'><strong>monmnento</strong></span> <span class='ocrx_word' id='word_1_143' title='bbox 3305 560 3532 631; x_wconf 82' lang='lat' dir='ltr'><strong>Gallieno</strong></span> <span class='ocrx_word' id='word_1_144' title='bbox 3554 563 3711 635; x_wconf 84' lang='lat' dir='ltr'><strong>impe-</strong></span> 
     </span>
    </p>
   </div>
   <div class='ocr_carea' id='block_1_21' title="bbox 2158 653 3293 710">
    <p class='ocr_par' dir='ltr' id='par_1_21' title="bbox 2158 653 3293 710">
     <span class='ocr_line' id='line_1_21' title="bbox 2158 653 3293 710; baseline 0.002 -4"><span class='ocrx_word' id='word_1_145' title='bbox 2158 654 2323 707; x_wconf 88' lang='lat' dir='ltr'><strong>ratori</strong></span> <span class='ocrx_word' id='word_1_146' title='bbox 2349 668 2589 707; x_wconf 66' lang='lat' dir='ltr'><strong>comvum</strong></span> <span class='ocrx_word' id='word_1_147' title='bbox 2617 653 2673 708; x_wconf 91' lang='lat' dir='ltr'><strong>S.</strong></span> <span class='ocrx_word' id='word_1_148' title='bbox 2709 654 2977 709; x_wconf 88' lang='lat' dir='ltr'><strong>Zenonem</strong></span> <span class='ocrx_word' id='word_1_149' title='bbox 3008 655 3293 710; x_wconf 89' lang='lat' dir='ltr'><strong>ineulcant.</strong></span> 
     </span>
    </p>
   </div>
   <div class='ocr_carea' id='block_1_22' title="bbox 2228 744 3785 818">
    <p class='ocr_par' dir='ltr' id='par_1_22' title="bbox 2228 744 3785 818">
     <span class='ocr_line' id='line_1_22' title="bbox 2228 744 3785 818; baseline 0.004 -20"><span class='ocrx_word' id='word_1_150' title='bbox 2228 744 2289 798; x_wconf 92' lang='lat' dir='ltr'><strong>ll.</strong></span> <span class='ocrx_word' id='word_1_151' title='bbox 2336 744 2479 809; x_wconf 70' lang='lat' dir='ltr'><strong>lla&#39;c,</strong></span> <span class='ocrx_word' id='word_1_152' title='bbox 2504 761 2659 815; x_wconf 91' lang='lat' dir='ltr'><strong>quam</strong></span> <span class='ocrx_word' id='word_1_153' title='bbox 2683 746 2984 802; x_wconf 85' lang='lat' dir='ltr'><strong>Coronatus</strong></span> <span class='ocrx_word' id='word_1_154' title='bbox 3007 748 3241 818; x_wconf 90' lang='lat' dir='ltr'><strong>scripsit,</strong></span> <span class='ocrx_word' id='word_1_155' title='bbox 3276 748 3333 804; x_wconf 91' lang='lat' dir='ltr'><strong>S.</strong></span> <span class='ocrx_word' id='word_1_156' title='bbox 3368 748 3580 804; x_wconf 88' lang='lat' dir='ltr'><strong>Zenonis</strong></span> <span class='ocrx_word' id='word_1_157' title='bbox 3600 749 3711 804; x_wconf 79' lang='lat' dir='ltr'><strong>Vita</strong></span> <span class='ocrx_word' id='word_1_158' title='bbox 3784 800 3785 811; x_wconf 24' lang='grc' dir='ltr'>χ</span> 
     </span>
    </p>
   </div>
   <div class='ocr_carea' id='block_1_23' title="bbox 2159 836 3785 911">
    <p class='ocr_par' dir='ltr' id='par_1_23' title="bbox 2159 836 3785 911">
     <span class='ocr_line' id='line_1_23' title="bbox 2159 836 3785 911; baseline 0.006 -24"><span class='ocrx_word' id='word_1_159' title='bbox 2159 844 2218 888; x_wconf 89' lang='grc' dir='ltr'><strong>ιιι</strong></span> <span class='ocrx_word' id='word_1_160' title='bbox 2242 836 2466 903; x_wconf 82' lang='lat' dir='ltr'><strong>primum</strong></span> <span class='ocrx_word' id='word_1_161' title='bbox 2491 837 2728 906; x_wconf 87' lang='lat' dir='ltr'><strong>apparuit</strong></span> <span class='ocrx_word' id='word_1_162' title='bbox 2755 839 2806 892; x_wconf 92' lang='lat' dir='ltr'><strong>in</strong></span> <span class='ocrx_word' id='word_1_163' title='bbox 2834 838 3025 903; x_wconf 86' lang='lat' dir='ltr'><strong>lucem,</strong></span> <span class='ocrx_word' id='word_1_164' title='bbox 3061 842 3294 897; x_wconf 83' lang='lat' dir='ltr'><strong>novitate</strong></span> <span class='ocrx_word' id='word_1_165' title='bbox 3314 856 3408 895; x_wconf 80' lang='lat' dir='ltr'><strong>Sua</strong></span> <span class='ocrx_word' id='word_1_166' title='bbox 3436 841 3588 911; x_wconf 83' lang='lat' dir='ltr'><strong>rapuit</strong></span> <span class='ocrx_word' id='word_1_167' title='bbox 3607 855 3714 897; x_wconf 64' lang='grc' dir='ltr'><strong>διε·</strong></span> <span class='ocrx_word' id='word_1_168' title='bbox 3784 874 3785 899; x_wconf 62' lang='lat'><strong>:</strong></span> 
     </span>
    </p>
   </div>
   <div class='ocr_carea' id='block_1_24' title="bbox 2160 929 3785 1004">
    <p class='ocr_par' dir='ltr' id='par_1_24' title="bbox 2160 929 3785 1004">
     <span class='ocr_line' id='line_1_24' title="bbox 2160 929 3785 1004; baseline 0.007 -25"><span class='ocrx_word' id='word_1_169' title='bbox 2160 929 2251 980; x_wconf 89' lang='lat' dir='ltr'><strong>tim</strong></span> <span class='ocrx_word' id='word_1_170' title='bbox 2281 938 2332 981; x_wconf 92' lang='lat' dir='ltr'><strong>et</strong></span> <span class='ocrx_word' id='word_1_171' title='bbox 2360 929 2827 987; x_wconf 84' lang='lat' dir='ltr'><strong>illexitlnnuinum</strong></span> <span class='ocrx_word' id='word_1_172' title='bbox 2860 933 3087 1002; x_wconf 90' lang='lat' dir='ltr'><strong>animos,</strong></span> <span class='ocrx_word' id='word_1_173' title='bbox 3118 935 3206 1004; x_wconf 86' lang='lat' dir='ltr'><strong>qui</strong></span> <span class='ocrx_word' id='word_1_174' title='bbox 3240 935 3370 988; x_wconf 84' lang='lat' dir='ltr'><strong>nihil</strong></span> <span class='ocrx_word' id='word_1_175' title='bbox 3398 937 3459 987; x_wconf 85' lang='lat' dir='ltr'><strong>ad</strong></span> <span class='ocrx_word' id='word_1_176' title='bbox 3486 934 3532 988; x_wconf 93' lang='lat' dir='ltr'><strong>id</strong></span> <span class='ocrx_word' id='word_1_177' title='bbox 3562 950 3717 1002; x_wconf 83' lang='lat' dir='ltr'><strong>usque</strong></span> <span class='ocrx_word' id='word_1_178' title='bbox 3784 976 3785 1003; x_wconf 38' lang='grc' dir='ltr'><em>λ</em></span> 
     </span>
    </p>
   </div>
   <div class='ocr_carea' id='block_1_25' title="bbox 2163 1022 3785 1096">
    <p class='ocr_par' dir='ltr' id='par_1_25' title="bbox 2163 1022 3785 1096">
     <span class='ocr_line' id='line_1_25' title="bbox 2163 1022 3785 1096; baseline 0.005 -22"><span class='ocrx_word' id='word_1_179' title='bbox 2163 1030 2372 1088; x_wconf 82' lang='lat' dir='ltr'><strong>tempus</strong></span> <span class='ocrx_word' id='word_1_180' title='bbox 2396 1022 2462 1077; x_wconf 90' lang='lat' dir='ltr'><strong>de</strong></span> <span class='ocrx_word' id='word_1_181' title='bbox 2493 1022 2547 1076; x_wconf 91' lang='lat' dir='ltr'><strong>S.</strong></span> <span class='ocrx_word' id='word_1_182' title='bbox 2571 1023 2832 1093; x_wconf 79' lang='lat' dir='ltr'><strong>Episeono</strong></span> <span class='ocrx_word' id='word_1_183' title='bbox 2862 1026 3051 1081; x_wconf 88' lang='lat' dir='ltr'><strong>litteris</strong></span> <span class='ocrx_word' id='word_1_184' title='bbox 3080 1027 3446 1096; x_wconf 70' lang='lat' dir='ltr'><strong>(zonsignatum</strong></span> <span class='ocrx_word' id='word_1_185' title='bbox 3469 1027 3711 1092; x_wconf 76' lang='lat' dir='ltr'><strong>legerant.</strong></span> <span class='ocrx_word' id='word_1_186' title='bbox 3784 1032 3785 1035; x_wconf 65' lang='grc'><em>“</em></span> 
     </span>
    </p>
   </div>
   <div class='ocr_carea' id='block_1_26' title="bbox 2161 1112 3785 1188">
    <p class='ocr_par' dir='ltr' id='par_1_26' title="bbox 2161 1112 3785 1188">
     <span class='ocr_line' id='line_1_26' title="bbox 2161 1112 3785 1188; baseline 0.005 -24"><span class='ocrx_word' id='word_1_187' title='bbox 2161 1120 2215 1165; x_wconf 83' lang='lat' dir='ltr'><strong>ct</strong></span> <span class='ocrx_word' id='word_1_188' title='bbox 2244 1112 2460 1179; x_wconf 79' lang='lat' dir='ltr'><strong>proinde</strong></span> <span class='ocrx_word' id='word_1_189' title='bbox 2488 1114 2627 1167; x_wconf 88' lang='lat' dir='ltr'><strong>illant</strong></span> <span class='ocrx_word' id='word_1_190' title='bbox 2652 1114 2957 1183; x_wconf 90' lang='lat' dir='ltr'><strong>judicaruut</strong></span> <span class='ocrx_word' id='word_1_191' title='bbox 2979 1118 3214 1186; x_wconf 80' lang='lat' dir='ltr'><strong>dignam,</strong></span> <span class='ocrx_word' id='word_1_192' title='bbox 3240 1133 3396 1188; x_wconf 85' lang='lat' dir='ltr'><strong>quam</strong></span> <span class='ocrx_word' id='word_1_193' title='bbox 3425 1134 3521 1171; x_wconf 92' lang='lat' dir='ltr'><strong>non</strong></span> <span class='ocrx_word' id='word_1_194' title='bbox 3551 1118 3714 1172; x_wconf 84' lang='lat' dir='ltr'><strong>solum</strong></span> <span class='ocrx_word' id='word_1_195' title='bbox 3784 1114 3785 1121; x_wconf 55' lang='grc'><em>“</em></span> 
     </span>
    </p>
   </div>
   <div class='ocr_carea' id='block_1_27' title="bbox 2163 1192 3785 1277">
    <p class='ocr_par' dir='ltr' id='par_1_27' title="bbox 2163 1192 3785 1277">
     <span class='ocr_line' id='line_1_27' title="bbox 2163 1192 3785 1277; baseline 0.004 -22"><span class='ocrx_word' id='word_1_196' title='bbox 2163 1201 2214 1255; x_wconf 89' lang='lat' dir='ltr'><strong>itt</strong></span> <span class='ocrx_word' id='word_1_197' title='bbox 2246 1204 2549 1258; x_wconf 86' lang='lat' dir='ltr'><strong>leetionaria</strong></span> <span class='ocrx_word' id='word_1_198' title='bbox 2588 1204 2871 1268; x_wconf 88' lang='lat' dir='ltr'><strong>referrent,</strong></span> <span class='ocrx_word' id='word_1_199' title='bbox 2904 1223 2965 1261; x_wconf 82' lang='lat' dir='ltr'><strong>ex</strong></span> <span class='ocrx_word' id='word_1_200' title='bbox 2999 1223 3166 1277; x_wconf 83' lang='lat' dir='ltr'><strong>caque</strong></span> <span class='ocrx_word' id='word_1_201' title='bbox 3194 1207 3508 1276; x_wconf 80' lang='lat' dir='ltr'><strong>antipbonas</strong></span> <span class='ocrx_word' id='word_1_202' title='bbox 3546 1221 3713 1261; x_wconf 82' lang='lat' dir='ltr'><strong>sacro-</strong></span> <span class='ocrx_word' id='word_1_203' title='bbox 3784 1192 3785 1227; x_wconf 62' lang='grc'><em>³</em></span> 
     </span>
    </p>
   </div>
   <div class='ocr_carea' id='block_1_28' title="bbox 2163 1284 3785 1370">
    <p class='ocr_par' dir='ltr' id='par_1_28' title="bbox 2163 1284 3785 1370">
     <span class='ocr_line' id='line_1_28' title="bbox 2163 1284 3785 1370; baseline 0.004 -21"><span class='ocrx_word' id='word_1_204' title='bbox 2163 1284 2621 1355; x_wconf 86' lang='lat' dir='ltr'><strong>rumofliciorum</strong></span> <span class='ocrx_word' id='word_1_205' title='bbox 2665 1298 3034 1369; x_wconf 76' lang='lat' dir='ltr'><strong>deerrperent.</strong></span> <span class='ocrx_word' id='word_1_206' title='bbox 3072 1300 3166 1356; x_wconf 91' lang='lat' dir='ltr'><strong>sed</strong></span> <span class='ocrx_word' id='word_1_207' title='bbox 3208 1316 3365 1368; x_wconf 86' lang='lat' dir='ltr'><strong>quam</strong></span> <span class='ocrx_word' id='word_1_208' title='bbox 3404 1302 3552 1356; x_wconf 85' lang='lat' dir='ltr'><strong>etiam</strong></span> <span class='ocrx_word' id='word_1_209' title='bbox 3581 1303 3720 1370; x_wconf 79' lang='lat' dir='ltr'><strong>quis.</strong></span> <span class='ocrx_word' id='word_1_210' title='bbox 3784 1292 3785 1297; x_wconf 43' lang='grc'><em>“</em></span> 
     </span>
    </p>
   </div>
   <div class='ocr_carea' id='block_1_29' title="bbox 2166 1382 3785 1469">
    <p class='ocr_par' dir='ltr' id='par_1_29' title="bbox 2166 1382 3785 1469">
     <span class='ocr_line' id='line_1_29' title="bbox 2166 1382 3785 1469; baseline 0.009 -28"><span class='ocrx_word' id='word_1_211' title='bbox 2166 1389 2302 1457; x_wconf 88' lang='lat' dir='ltr'><strong>piam</strong></span> <span class='ocrx_word' id='word_1_212' title='bbox 2348 1389 2556 1458; x_wconf 76' lang='lat' dir='ltr'><strong>ignotus</strong></span> <span class='ocrx_word' id='word_1_213' title='bbox 2595 1392 2827 1462; x_wconf 83' lang='lat' dir='ltr'><strong>scriptor</strong></span> <span class='ocrx_word' id='word_1_214' title='bbox 2878 1403 3170 1467; x_wconf 77' lang='lat' dir='ltr'><strong>exponeret</strong></span> <span class='ocrx_word' id='word_1_215' title='bbox 3223 1382 3512 1466; x_wconf 80' lang='lat' dir='ltr'><strong>Rbytbnio,</strong></span> <span class='ocrx_word' id='word_1_216' title='bbox 3549 1416 3713 1469; x_wconf 87' lang='lat' dir='ltr'><strong>quem,</strong></span> <span class='ocrx_word' id='word_1_217' title='bbox 3784 1410 3785 1421; x_wconf 87' lang='lat'>‘</span> 
     </span>
    </p>
   </div>
   <div class='ocr_carea' id='block_1_30' title="bbox 2166 1481 3719 1558">
    <p class='ocr_par' dir='ltr' id='par_1_30' title="bbox 2166 1481 3719 1558">
     <span class='ocr_line' id='line_1_30' title="bbox 2166 1481 3719 1558; baseline 0.01 -24"><span class='ocrx_word' id='word_1_218' title='bbox 2166 1481 2312 1535; x_wconf 91' lang='lat' dir='ltr'><strong>nullo</strong></span> <span class='ocrx_word' id='word_1_219' title='bbox 2340 1482 2461 1536; x_wconf 85' lang='lat' dir='ltr'><strong>licet</strong></span> <span class='ocrx_word' id='word_1_220' title='bbox 2486 1498 2732 1537; x_wconf 85' lang='lat' dir='ltr'><strong>versuum</strong></span> <span class='ocrx_word' id='word_1_221' title='bbox 2764 1484 3087 1553; x_wconf 77' lang='lat' dir='ltr'><strong>discrimine,</strong></span> <span class='ocrx_word' id='word_1_222' title='bbox 3118 1486 3168 1540; x_wconf 90' lang='lat' dir='ltr'><strong>in</strong></span> <span class='ocrx_word' id='word_1_223' title='bbox 3205 1503 3305 1543; x_wconf 93' lang='lat' dir='ltr'><strong>ms.</strong></span> <span class='ocrx_word' id='word_1_224' title='bbox 3330 1486 3599 1558; x_wconf 84' lang='lat' dir='ltr'><strong>Capitulari</strong></span> <span class='ocrx_word' id='word_1_225' title='bbox 3624 1507 3719 1548; x_wconf 62' lang='lat' dir='ltr'><strong>saa—</strong></span> 
     </span>
    </p>
   </div>
   <div class='ocr_carea' id='block_1_31' title="bbox 2167 1574 3717 1645">
    <p class='ocr_par' dir='ltr' id='par_1_31' title="bbox 2167 1574 3717 1645">
     <span class='ocr_line' id='line_1_31' title="bbox 2167 1574 3717 1645; baseline 0.008 -17"><span class='ocrx_word' id='word_1_226' title='bbox 2167 1574 2269 1628; x_wconf 90' lang='lat' dir='ltr'><strong>cnli</strong></span> <span class='ocrx_word' id='word_1_227' title='bbox 2345 1576 2469 1631; x_wconf 87' lang='lat' dir='ltr'><strong>noui</strong></span> <span class='ocrx_word' id='word_1_228' title='bbox 2526 1590 2796 1645; x_wconf 82' lang='lat' dir='ltr'><strong>repertum</strong></span> <span class='ocrx_word' id='word_1_229' title='bbox 2858 1579 3268 1635; x_wconf 81' lang='lat' dir='ltr'><strong>communicavit</strong></span> <span class='ocrx_word' id='word_1_230' title='bbox 3324 1582 3717 1640; x_wconf 70' lang='lat' dir='ltr'><strong>Bartbolomazus</strong></span> 
     </span>
    </p>
   </div>
   <div class='ocr_carea' id='block_1_32' title="bbox 2166 1668 3720 1747">
    <p class='ocr_par' dir='ltr' id='par_1_32' title="bbox 2166 1668 3720 1747">
     <span class='ocr_line' id='line_1_32' title="bbox 2166 1668 3720 1747; baseline 0.008 -27"><span class='ocrx_word' id='word_1_231' title='bbox 2166 1668 2522 1737; x_wconf 83' lang='lat' dir='ltr'><strong>Campagnola</strong></span> <span class='ocrx_word' id='word_1_232' title='bbox 2570 1669 2808 1738; x_wconf 83' lang='lat' dir='ltr'><strong>ejusdem</strong></span> <span class='ocrx_word' id='word_1_233' title='bbox 2870 1673 3085 1739; x_wconf 84' lang='lat' dir='ltr'><strong>capituli</strong></span> <span class='ocrx_word' id='word_1_234' title='bbox 3137 1675 3509 1741; x_wconf 88' lang='lat' dir='ltr'><strong>cancellarius,</strong></span> <span class='ocrx_word' id='word_1_235' title='bbox 3551 1694 3577 1732; x_wconf 88' lang='lat' dir='ltr'><strong>a</strong></span> <span class='ocrx_word' id='word_1_236' title='bbox 3620 1694 3720 1747; x_wconf 86' lang='lat' dir='ltr'><strong>quo</strong></span> 
     </span>
    </p>
   </div>
   <div class='ocr_carea' id='block_1_33' title="bbox 475 1760 3785 1843">
    <p class='ocr_par' dir='ltr' id='par_1_33' title="bbox 475 1760 3785 1843">
     <span class='ocr_line' id='line_1_33' title="bbox 475 1760 3785 1843; baseline 0.001 -24"><span class='ocrx_word' id='word_1_237' title='bbox 475 1767 641 1820; x_wconf 83' lang='lat' dir='ltr'><strong>diocri</strong></span> <span class='ocrx_word' id='word_1_238' title='bbox 661 1767 1122 1836; x_wconf 76' lang='lat' dir='ltr'><strong>stylo-composull.</strong></span> <span class='ocrx_word' id='word_1_239' title='bbox 1164 1764 1300 1820; x_wconf 73' lang='lat' dir='ltr'><strong>lla-ty</strong></span> <span class='ocrx_word' id='word_1_240' title='bbox 1314 1760 1436 1818; x_wconf 75' lang='lat' dir='ltr'><strong>Vit°a</strong></span> <span class='ocrx_word' id='word_1_241' title='bbox 1477 1762 1710 1832; x_wconf 82' lang='lat' dir='ltr'><strong>antiquis</strong></span> <span class='ocrx_word' id='word_1_242' title='bbox 1739 1761 2062 1815; x_wconf 86' lang='lat' dir='ltr'><strong>lectiouariis</strong></span> <span class='ocrx_word' id='word_1_243' title='bbox 2094 1784 2142 1843; x_wconf 83' lang='lat' dir='ltr'><strong>B</strong></span> <span class='ocrx_word' id='word_1_244' title='bbox 2169 1763 2267 1818; x_wconf 91' lang='lat' dir='ltr'><strong>alia</strong></span> <span class='ocrx_word' id='word_1_245' title='bbox 2296 1762 2421 1816; x_wconf 89' lang='lat' dir='ltr'><strong>item</strong></span> <span class='ocrx_word' id='word_1_246' title='bbox 2454 1778 2484 1817; x_wconf 88' lang='lat' dir='ltr'><strong>e</strong></span> <span class='ocrx_word' id='word_1_247' title='bbox 2512 1777 2640 1817; x_wconf 70' lang='lat' dir='ltr'><strong>m~s.</strong></span> <span class='ocrx_word' id='word_1_248' title='bbox 2669 1760 3061 1832; x_wconf 59' lang='lat' dir='ltr'><strong>Caphularibus</strong></span> <span class='ocrx_word' id='word_1_249' title='bbox 3083 1778 3301 1820; x_wconf 73' lang='lat' dir='ltr'><strong>osmnsa</strong></span> <span class='ocrx_word' id='word_1_250' title='bbox 3330 1769 3478 1825; x_wconf 91' lang='lat' dir='ltr'><strong>nobis</strong></span> <span class='ocrx_word' id='word_1_251' title='bbox 3507 1768 3716 1824; x_wconf 87' lang='lat' dir='ltr'><strong>fuerunt.</strong></span> <span class='ocrx_word' id='word_1_252' title='bbox 3784 1780 3785 1841; x_wconf 60' lang='grc' dir='ltr'>ξ</span> 
     </span>
    </p>
   </div>
   <div class='ocr_carea' id='block_1_34' title="bbox 476 1854 2064 1929">
    <p class='ocr_par' dir='ltr' id='par_1_34' title="bbox 476 1854 2064 1929">
     <span class='ocr_line' id='line_1_34' title="bbox 476 1854 2064 1929; baseline -0.003 -17"><span class='ocrx_word' id='word_1_253' title='bbox 476 1859 678 1913; x_wconf 84' lang='lat' dir='ltr'><strong>inserta</strong></span> <span class='ocrx_word' id='word_1_254' title='bbox 709 1859 916 1929; x_wconf 77' lang='lat' dir='ltr'><strong>legitur,</strong></span> <span class='ocrx_word' id='word_1_255' title='bbox 949 1859 1023 1912; x_wconf 91' lang='lat' dir='ltr'><strong>uti</strong></span> <span class='ocrx_word' id='word_1_256' title='bbox 1050 1859 1116 1911; x_wconf 86' lang='lat' dir='ltr'><strong>in</strong></span> <span class='ocrx_word' id='word_1_257' title='bbox 1148 1857 1460 1913; x_wconf 87' lang='lat' dir='ltr'><strong>Tridentino</strong></span> <span class='ocrx_word' id='word_1_258' title='bbox 1484 1854 1764 1928; x_wconf 85' lang='lat' dir='ltr'><strong>capitulari</strong></span> <span class='ocrx_word' id='word_1_259' title='bbox 1796 1856 2064 1909; x_wconf 87' lang='lat' dir='ltr'><strong>membra-</strong></span> 
     </span>
    </p>
   </div>
   <div class='ocr_carea' id='block_1_35' title="bbox 477 1947 2061 2019">
    <p class='ocr_par' dir='ltr' id='par_1_35' title="bbox 477 1947 2061 2019">
     <span class='ocr_line' id='line_1_35' title="bbox 477 1947 2061 2019; baseline -0.004 -12"><span class='ocrx_word' id='word_1_260' title='bbox 477 1964 647 2007; x_wconf 89' lang='lat' dir='ltr'><strong>naceo</strong></span> <span class='ocrx_word' id='word_1_261' title='bbox 671 1961 725 2005; x_wconf 86' lang='lat' dir='ltr'><strong>et</strong></span> <span class='ocrx_word' id='word_1_262' title='bbox 767 1952 817 2005; x_wconf 91' lang='lat' dir='ltr'><strong>in</strong></span> <span class='ocrx_word' id='word_1_263' title='bbox 859 1950 1068 2005; x_wconf 90' lang='lat' dir='ltr'><strong>duobus</strong></span> <span class='ocrx_word' id='word_1_264' title='bbox 1091 1949 1476 2017; x_wconf 82' lang='lat' dir='ltr'><strong>Vallicetlanis,</strong></span> <span class='ocrx_word' id='word_1_265' title='bbox 1509 1965 1564 2005; x_wconf 92' lang='grc' dir='ltr'><strong>ιιι</strong></span> <span class='ocrx_word' id='word_1_266' title='bbox 1591 1958 1646 2006; x_wconf 88' lang='lat' dir='ltr'><strong>et</strong></span> <span class='ocrx_word' id='word_1_267' title='bbox 1676 1967 1768 2015; x_wconf 89' lang='lat' dir='ltr'><strong>vn,</strong></span> <span class='ocrx_word' id='word_1_268' title='bbox 1801 1964 1970 2019; x_wconf 90' lang='lat' dir='ltr'><strong>eaque</strong></span> <span class='ocrx_word' id='word_1_269' title='bbox 2008 1947 2061 2002; x_wconf 88' lang='lat' dir='ltr'><strong>in</strong></span> 
     </span>
    </p>
   </div>
   <div class='ocr_carea' id='block_1_36' title="bbox 479 2042 2066 2113">
    <p class='ocr_par' dir='ltr' id='par_1_36' title="bbox 479 2042 2066 2113">
     <span class='ocr_line' id='line_1_36' title="bbox 479 2042 2066 2113; baseline 0 -15"><span class='ocrx_word' id='word_1_270' title='bbox 479 2059 578 2098; x_wconf 91' lang='lat' dir='ltr'><strong>usu</strong></span> <span class='ocrx_word' id='word_1_271' title='bbox 617 2054 752 2110; x_wconf 91' lang='lat' dir='ltr'><strong>erat,</strong></span> <span class='ocrx_word' id='word_1_272' title='bbox 802 2054 1087 2113; x_wconf 82' lang='lat' dir='ltr'><strong>antequam</strong></span> <span class='ocrx_word' id='word_1_273' title='bbox 1136 2042 1539 2112; x_wconf 90' lang='lat' dir='ltr'><strong>locupletiorem</strong></span> <span class='ocrx_word' id='word_1_274' title='bbox 1582 2042 1751 2096; x_wconf 75' lang='lat' dir='ltr'><strong>Vitam</strong></span> <span class='ocrx_word' id='word_1_275' title='bbox 1803 2042 2066 2099; x_wconf 85' lang='lat' dir='ltr'><strong>seriberet</strong></span> 
     </span>
    </p>
   </div>
   <div class='ocr_carea' id='block_1_37' title="bbox 479 2135 2062 2206">
    <p class='ocr_par' dir='ltr' id='par_1_37' title="bbox 479 2135 2062 2206">
     <span class='ocr_line' id='line_1_37' title="bbox 479 2135 2062 2206; baseline -0.003 -14"><span class='ocrx_word' id='word_1_276' title='bbox 479 2136 771 2192; x_wconf 77' lang='lat' dir='ltr'><strong>Monachus</strong></span> <span class='ocrx_word' id='word_1_277' title='bbox 796 2136 1155 2199; x_wconf 86' lang='lat' dir='ltr'><strong>Zenonianus,</strong></span> <span class='ocrx_word' id='word_1_278' title='bbox 1195 2135 1262 2191; x_wconf 88' lang='lat' dir='ltr'><strong>de</strong></span> <span class='ocrx_word' id='word_1_279' title='bbox 1302 2151 1409 2206; x_wconf 86' lang='lat' dir='ltr'><strong>quo</strong></span> <span class='ocrx_word' id='word_1_280' title='bbox 1447 2151 1567 2189; x_wconf 79' lang='lat' dir='ltr'><strong>mox</strong></span> <span class='ocrx_word' id='word_1_281' title='bbox 1609 2135 1849 2190; x_wconf 90' lang='lat' dir='ltr'><strong>dicemus</strong></span> <span class='ocrx_word' id='word_1_282' title='bbox 1891 2137 2062 2205; x_wconf 87' lang='lat' dir='ltr'><strong>plura.</strong></span> 
     </span>
    </p>
   </div>
   <div class='ocr_carea' id='block_1_38' title="bbox 481 2228 2065 2284">
    <p class='ocr_par' dir='ltr' id='par_1_38' title="bbox 481 2228 2065 2284">
     <span class='ocr_line' id='line_1_38' title="bbox 481 2228 2065 2284; baseline -0.001 -1"><span class='ocrx_word' id='word_1_283' title='bbox 481 2229 722 2284; x_wconf 83' lang='lat' dir='ltr'><strong>Molanus</strong></span> <span class='ocrx_word' id='word_1_284' title='bbox 752 2229 804 2283; x_wconf 92' lang='lat' dir='ltr'><strong>in</strong></span> <span class='ocrx_word' id='word_1_285' title='bbox 846 2228 1281 2282; x_wconf 84' lang='lat' dir='ltr'><strong>annotationibus</strong></span> <span class='ocrx_word' id='word_1_286' title='bbox 1320 2228 1386 2283; x_wconf 87' lang='lat' dir='ltr'><strong>ad</strong></span> <span class='ocrx_word' id='word_1_287' title='bbox 1414 2228 1713 2283; x_wconf 90' lang='lat' dir='ltr'><strong>Usuardum</strong></span> <span class='ocrx_word' id='word_1_288' title='bbox 1757 2244 1875 2283; x_wconf 88' lang='lat' dir='ltr'><strong>eam</strong></span> <span class='ocrx_word' id='word_1_289' title='bbox 1913 2228 2065 2282; x_wconf 86' lang='lat' dir='ltr'><strong>Lobii</strong></span> 
     </span>
    </p>
   </div>
   <div class='ocr_carea' id='block_1_39' title="bbox 480 2318 2068 2377">
    <p class='ocr_par' dir='ltr' id='par_1_39' title="bbox 480 2318 2068 2377">
     <span class='ocr_line' id='line_1_39' title="bbox 480 2318 2068 2377; baseline -0.001 0"><span class='ocrx_word' id='word_1_290' title='bbox 480 2338 540 2377; x_wconf 88' lang='lat' dir='ltr'><strong>se</strong></span> <span class='ocrx_word' id='word_1_291' title='bbox 559 2321 755 2375; x_wconf 76' lang='lat' dir='ltr'><strong>vidisse</strong></span> <span class='ocrx_word' id='word_1_292' title='bbox 778 2329 1002 2375; x_wconf 85' lang='lat' dir='ltr'><strong>testatur</strong></span> <span class='ocrx_word' id='word_1_293' title='bbox 1027 2337 1039 2372; x_wconf 91' lang='lat'><strong>:</strong></span> <span class='ocrx_word' id='word_1_294' title='bbox 1064 2318 1210 2374; x_wconf 88' lang='lat' dir='ltr'><strong>Lobii</strong></span> <span class='ocrx_word' id='word_1_295' title='bbox 1231 2331 1389 2374; x_wconf 72' lang='lat' dir='ltr'><strong>exstat</strong></span> <span class='ocrx_word' id='word_1_296' title='bbox 1410 2322 1639 2375; x_wconf 84' lang='lat' dir='ltr'><strong>narratio</strong></span> <span class='ocrx_word' id='word_1_297' title='bbox 1656 2322 1949 2375; x_wconf 84' lang='lat' dir='ltr'><strong>uenerabilis</strong></span> <span class='ocrx_word' id='word_1_298' title='bbox 1971 2320 2068 2375; x_wconf 80' lang='lat' dir='ltr'><strong>Co-</strong></span> 
     </span>
    </p>
   </div>
   <div class='ocr_carea' id='block_1_40' title="bbox 478 2412 2065 2485">
    <p class='ocr_par' dir='ltr' id='par_1_40' title="bbox 478 2412 2065 2485">
     <span class='ocr_line' id='line_1_40' title="bbox 478 2412 2065 2485; baseline 0 -17"><span class='ocrx_word' id='word_1_299' title='bbox 478 2416 667 2485; x_wconf 52' lang='lat' dir='ltr'><strong>gnati,</strong></span> <span class='ocrx_word' id='word_1_300' title='bbox 708 2413 1114 2469; x_wconf 80' lang='lat' dir='ltr'><strong>christianissimi</strong></span> <span class='ocrx_word' id='word_1_301' title='bbox 1144 2415 1327 2468; x_wconf 84' lang='lat' dir='ltr'><strong>natarii</strong></span> <span class='ocrx_word' id='word_1_302' title='bbox 1344 2434 1362 2483; x_wconf 89' lang='lat'><strong>;</strong></span> <span class='ocrx_word' id='word_1_303' title='bbox 1392 2425 1441 2469; x_wconf 89' lang='lat' dir='ltr'><strong>et</strong></span> <span class='ocrx_word' id='word_1_304' title='bbox 1470 2412 1607 2469; x_wconf 82' lang='lat' dir='ltr'><strong>forte</strong></span> <span class='ocrx_word' id='word_1_305' title='bbox 1633 2429 1697 2470; x_wconf 88' lang='lat' dir='ltr'><strong>eo</strong></span> <span class='ocrx_word' id='word_1_306' title='bbox 1724 2415 1879 2468; x_wconf 89' lang='lat' dir='ltr'><strong>allata</strong></span> <span class='ocrx_word' id='word_1_307' title='bbox 1913 2412 2010 2468; x_wconf 86' lang='lat' dir='ltr'><strong>fuit</strong></span> <span class='ocrx_word' id='word_1_308' title='bbox 2038 2429 2065 2468; x_wconf 84' lang='lat' dir='ltr'><strong>a</strong></span> 
     </span>
    </p>
   </div>
   <div class='ocr_carea' id='block_1_41' title="bbox 479 2506 2071 2578">
    <p class='ocr_par' dir='ltr' id='par_1_41' title="bbox 479 2506 2071 2578">
     <span class='ocr_line' id='line_1_41' title="bbox 479 2506 2071 2578; baseline 0 -15"><span class='ocrx_word' id='word_1_309' title='bbox 479 2508 737 2563; x_wconf 85' lang='lat' dir='ltr'><strong>Ratherio</strong></span> <span class='ocrx_word' id='word_1_310' title='bbox 764 2508 1017 2577; x_wconf 79' lang='lat' dir='ltr'><strong>episcopo</strong></span> <span class='ocrx_word' id='word_1_311' title='bbox 1034 2506 1349 2573; x_wconf 88' lang='lat' dir='ltr'><strong>Veronensi,</strong></span> <span class='ocrx_word' id='word_1_312' title='bbox 1373 2508 1459 2578; x_wconf 89' lang='lat' dir='ltr'><strong>qui</strong></span> <span class='ocrx_word' id='word_1_313' title='bbox 1488 2509 1698 2563; x_wconf 62' lang='lat' dir='ltr'><strong>saeculo</strong></span> <span class='ocrx_word' id='word_1_314' title='bbox 1726 2524 1778 2572; x_wconf 71' lang='grc' dir='ltr'><strong>κ,</strong></span> <span class='ocrx_word' id='word_1_315' title='bbox 1809 2507 1960 2562; x_wconf 92' lang='lat' dir='ltr'><strong>Lobii</strong></span> <span class='ocrx_word' id='word_1_316' title='bbox 1987 2523 2071 2563; x_wconf 90' lang='lat' dir='ltr'><strong>se-</strong></span> 
     </span>
    </p>
   </div>
   <div class='ocr_carea' id='block_1_42' title="bbox 481 2599 2066 2679">
    <p class='ocr_par' dir='ltr' id='par_1_42' title="bbox 481 2599 2066 2679">
     <span class='ocr_line' id='line_1_42' title="bbox 481 2599 2066 2679; baseline -0.003 -22"><span class='ocrx_word' id='word_1_317' title='bbox 481 2616 541 2657; x_wconf 90' lang='lat' dir='ltr'><strong>se</strong></span> <span class='ocrx_word' id='word_1_318' title='bbox 563 2601 781 2669; x_wconf 88' lang='lat' dir='ltr'><strong>recepit.</strong></span> <span class='ocrx_word' id='word_1_319' title='bbox 814 2600 1071 2670; x_wconf 83' lang='lat' dir='ltr'><strong>Equidem</strong></span> <span class='ocrx_word' id='word_1_320' title='bbox 1099 2616 1219 2654; x_wconf 89' lang='lat' dir='ltr'><strong>cum</strong></span> <span class='ocrx_word' id='word_1_321' title='bbox 1240 2600 1352 2655; x_wconf 68' lang='lat' dir='ltr'><strong>haec</strong></span> <span class='ocrx_word' id='word_1_322' title='bbox 1384 2602 1586 2671; x_wconf 89' lang='lat' dir='ltr'><strong>scripta</strong></span> <span class='ocrx_word' id='word_1_323' title='bbox 1605 2617 1633 2655; x_wconf 92' lang='lat' dir='ltr'><strong>a</strong></span> <span class='ocrx_word' id='word_1_324' title='bbox 1653 2601 1805 2679; x_wconf 82' lang='lat' dir='ltr'><strong>nobis</strong></span> <span class='ocrx_word' id='word_1_325' title='bbox 1824 2599 2066 2665; x_wconf 82' lang='lat' dir='ltr'><strong>fuissent,</strong></span> 
     </span>
    </p>
   </div>
   <div class='ocr_carea' id='block_1_43' title="bbox 484 2694 2071 2757">
    <p class='ocr_par' dir='ltr' id='par_1_43' title="bbox 484 2694 2071 2757">
     <span class='ocr_line' id='line_1_43' title="bbox 484 2694 2071 2757; baseline 0 -11"><span class='ocrx_word' id='word_1_326' title='bbox 484 2703 744 2750; x_wconf 83' lang='lat' dir='ltr'><strong>venerunt</strong></span> <span class='ocrx_word' id='word_1_327' title='bbox 784 2709 810 2746; x_wconf 92' lang='lat' dir='ltr'><strong>a</strong></span> <span class='ocrx_word' id='word_1_328' title='bbox 858 2694 1028 2749; x_wconf 90' lang='lat' dir='ltr'><strong>Lohio</strong></span> <span class='ocrx_word' id='word_1_329' title='bbox 1076 2694 1265 2749; x_wconf 72' lang='lat' dir='ltr'><strong>littera:</strong></span> <span class='ocrx_word' id='word_1_330' title='bbox 1317 2696 1383 2749; x_wconf 91' lang='lat' dir='ltr'><strong>ad</strong></span> <span class='ocrx_word' id='word_1_331' title='bbox 1434 2696 1736 2757; x_wconf 65' lang='lat' dir='ltr'><strong>Scipionem</strong></span> <span class='ocrx_word' id='word_1_332' title='bbox 1786 2694 2071 2757; x_wconf 72' lang='lat' dir='ltr'><strong>Malieium,</strong></span> 
     </span>
    </p>
   </div>
   <div class='ocr_carea' id='block_1_44' title="bbox 484 2785 2076 2857">
    <p class='ocr_par' dir='ltr' id='par_1_44' title="bbox 484 2785 2076 2857">
     <span class='ocr_line' id='line_1_44' title="bbox 484 2785 2076 2857; baseline -0.001 -18"><span class='ocrx_word' id='word_1_333' title='bbox 484 2786 675 2857; x_wconf 86' lang='lat' dir='ltr'><strong>quibus</strong></span> <span class='ocrx_word' id='word_1_334' title='bbox 699 2787 750 2839; x_wconf 91' lang='lat' dir='ltr'><strong>in</strong></span> <span class='ocrx_word' id='word_1_335' title='bbox 776 2785 962 2839; x_wconf 83' lang='lat' dir='ltr'><strong>codice</strong></span> <span class='ocrx_word' id='word_1_336' title='bbox 991 2786 1099 2854; x_wconf 89' lang='lat' dir='ltr'><strong>ipsa</strong></span> <span class='ocrx_word' id='word_1_337' title='bbox 1125 2787 1363 2853; x_wconf 78' lang='lat' dir='ltr'><strong>ejusdem</strong></span> <span class='ocrx_word' id='word_1_338' title='bbox 1396 2786 1635 2840; x_wconf 76' lang='lat' dir='ltr'><strong>Ratherii</strong></span> <span class='ocrx_word' id='word_1_339' title='bbox 1669 2801 1827 2838; x_wconf 79' lang='lat' dir='ltr'><strong>manu</strong></span> <span class='ocrx_word' id='word_1_340' title='bbox 1856 2796 2076 2839; x_wconf 80' lang='lat' dir='ltr'><strong>exarato</strong></span> 
     </span>
    </p>
   </div>
   <div class='ocr_carea' id='block_1_45' title="bbox 474 2878 2077 2948">
    <p class='ocr_par' dir='ltr' id='par_1_45' title="bbox 474 2878 2077 2948">
     <span class='ocr_line' id='line_1_45' title="bbox 474 2878 2077 2948; baseline -0.004 -11"><span class='ocrx_word' id='word_1_341' title='bbox 474 2880 622 2937; x_wconf 87' lang='lat' dir='ltr'><strong>inter</strong></span> <span class='ocrx_word' id='word_1_342' title='bbox 648 2880 816 2932; x_wconf 80' lang='lat' dir='ltr'><strong>multa</strong></span> <span class='ocrx_word' id='word_1_343' title='bbox 847 2879 1032 2933; x_wconf 85' lang='lat' dir='ltr'><strong>Sermo</strong></span> <span class='ocrx_word' id='word_1_344' title='bbox 1058 2879 1119 2932; x_wconf 85' lang='lat' dir='ltr'><strong>de</strong></span> <span class='ocrx_word' id='word_1_345' title='bbox 1156 2878 1274 2932; x_wconf 85' lang='lat' dir='ltr'><strong>Vita</strong></span> <span class='ocrx_word' id='word_1_346' title='bbox 1306 2879 1365 2932; x_wconf 86' lang='lat' dir='ltr'><strong>S.</strong></span> <span class='ocrx_word' id='word_1_347' title='bbox 1396 2879 1615 2932; x_wconf 81' lang='lat' dir='ltr'><strong>Zenonis</strong></span> <span class='ocrx_word' id='word_1_348' title='bbox 1653 2878 1875 2948; x_wconf 76' lang='lat' dir='ltr'><strong>episcopi</strong></span> <span class='ocrx_word' id='word_1_349' title='bbox 1914 2878 2077 2931; x_wconf 89' lang='lat' dir='ltr'><strong>conti-</strong></span> 
     </span>
    </p>
   </div>
   <div class='ocr_carea' id='block_1_46' title="bbox 486 2966 2076 3025">
    <p class='ocr_par' dir='ltr' id='par_1_46' title="bbox 486 2966 2076 3025">
     <span class='ocr_line' id='line_1_46' title="bbox 486 2966 2076 3025; baseline -0.004 0"><span class='ocrx_word' id='word_1_350' title='bbox 486 2972 599 3025; x_wconf 86' lang='lat' dir='ltr'><strong>neri</strong></span> <span class='ocrx_word' id='word_1_351' title='bbox 630 2970 875 3024; x_wconf 86' lang='lat' dir='ltr'><strong>traditur.</strong></span> <span class='ocrx_word' id='word_1_352' title='bbox 909 2970 1102 3024; x_wconf 85' lang='lat' dir='ltr'><strong>Petrus</strong></span> <span class='ocrx_word' id='word_1_353' title='bbox 1126 2969 1253 3023; x_wconf 80' lang='lat' dir='ltr'><strong>Calo</strong></span> <span class='ocrx_word' id='word_1_354' title='bbox 1275 2968 1517 3024; x_wconf 86' lang='lat' dir='ltr'><strong>eamdem</strong></span> <span class='ocrx_word' id='word_1_355' title='bbox 1543 2970 1592 3021; x_wconf 89' lang='lat' dir='ltr'><strong>in</strong></span> <span class='ocrx_word' id='word_1_356' title='bbox 1615 2983 1709 3023; x_wconf 90' lang='lat' dir='ltr'><strong>sua</strong></span> <span class='ocrx_word' id='word_1_357' title='bbox 1738 2966 2076 3022; x_wconf 81' lang='lat' dir='ltr'><strong>Collectanca</strong></span> 
     </span>
    </p>
   </div>
   <div class='ocr_carea' id='block_1_47' title="bbox 485 3060 2079 3133">
    <p class='ocr_par' dir='ltr' id='par_1_47' title="bbox 485 3060 2079 3133">
     <span class='ocr_line' id='line_1_47' title="bbox 485 3060 2079 3133; baseline -0.004 -14"><span class='ocrx_word' id='word_1_358' title='bbox 485 3064 815 3133; x_wconf 87' lang='lat' dir='ltr'><strong>conjecerat,</strong></span> <span class='ocrx_word' id='word_1_359' title='bbox 852 3072 908 3115; x_wconf 91' lang='lat' dir='ltr'><strong>ut</strong></span> <span class='ocrx_word' id='word_1_360' title='bbox 938 3063 996 3118; x_wconf 89' lang='lat' dir='ltr'><strong>P.</strong></span> <span class='ocrx_word' id='word_1_361' title='bbox 1046 3063 1415 3117; x_wconf 87' lang='lat' dir='ltr'><strong>llenschenius</strong></span> <span class='ocrx_word' id='word_1_362' title='bbox 1445 3062 1624 3115; x_wconf 76' lang='lat' dir='ltr'><strong>in‘nts.</strong></span> <span class='ocrx_word' id='word_1_363' title='bbox 1658 3060 1951 3115; x_wconf 73' lang='grc' dir='ltr'><strong>Β.ιι·ι)ει”ἰιιο</strong></span> <span class='ocrx_word' id='word_1_364' title='bbox 1986 3075 2079 3113; x_wconf 88' lang='lat' dir='ltr'><strong>au-</strong></span> 
     </span>
    </p>
   </div>
   <div class='ocr_carea' id='block_1_48' title="bbox 485 3154 2081 3226">
    <p class='ocr_par' dir='ltr' id='par_1_48' title="bbox 485 3154 2081 3226">
     <span class='ocr_line' id='line_1_48' title="bbox 485 3154 2081 3226; baseline -0.004 -14"><span class='ocrx_word' id='word_1_365' title='bbox 485 3158 709 3223; x_wconf 88' lang='lat' dir='ltr'><strong>notavit,</strong></span> <span class='ocrx_word' id='word_1_366' title='bbox 753 3171 873 3226; x_wconf 80' lang='lat' dir='ltr'><strong>pag.</strong></span> <span class='ocrx_word' id='word_1_367' title='bbox 905 3157 992 3211; x_wconf 78' lang='lat'><strong>75.</strong></span> <span class='ocrx_word' id='word_1_368' title='bbox 1026 3155 1261 3209; x_wconf 89' lang='lat' dir='ltr'><strong>Boninus</strong></span> <span class='ocrx_word' id='word_1_369' title='bbox 1283 3155 1617 3209; x_wconf 81' lang='lat' dir='ltr'><strong>Mombritius</strong></span> <span class='ocrx_word' id='word_1_370' title='bbox 1644 3155 1829 3224; x_wconf 81' lang='lat' dir='ltr'><strong>viginti</strong></span> <span class='ocrx_word' id='word_1_371' title='bbox 1868 3154 2081 3208; x_wconf 90' lang='lat' dir='ltr'><strong>circiter</strong></span> 
     </span>
    </p>
   </div>
   <div class='ocr_carea' id='block_1_49' title="bbox 484 3247 2075 3317">
    <p class='ocr_par' dir='ltr' id='par_1_49' title="bbox 484 3247 2075 3317">
     <span class='ocr_line' id='line_1_49' title="bbox 484 3247 2075 3317; baseline -0.002 -13"><span class='ocrx_word' id='word_1_372' title='bbox 484 3265 655 3304; x_wconf 90' lang='lat' dir='ltr'><strong>annos</strong></span> <span class='ocrx_word' id='word_1_373' title='bbox 693 3260 816 3305; x_wconf 91' lang='lat' dir='ltr'><strong>ante</strong></span> <span class='ocrx_word' id='word_1_374' title='bbox 860 3248 1042 3303; x_wconf 74' lang='lat' dir='ltr'><strong>szeculi</strong></span> <span class='ocrx_word' id='word_1_375' title='bbox 1088 3264 1174 3303; x_wconf 80' lang='lat' dir='ltr'><strong>xvi</strong></span> <span class='ocrx_word' id='word_1_376' title='bbox 1219 3248 1424 3302; x_wconf 89' lang='lat' dir='ltr'><strong>initium</strong></span> <span class='ocrx_word' id='word_1_377' title='bbox 1480 3248 1677 3317; x_wconf 87' lang='lat' dir='ltr'><strong>prinms</strong></span> <span class='ocrx_word' id='word_1_378' title='bbox 1718 3248 1857 3302; x_wconf 88' lang='lat' dir='ltr'><strong>illam</strong></span> <span class='ocrx_word' id='word_1_379' title='bbox 1908 3247 2075 3301; x_wconf 87' lang='lat' dir='ltr'><strong>edidit</strong></span> 
     </span>
    </p>
   </div>
   <div class='ocr_carea' id='block_1_50' title="bbox 489 3328 2073 3411">
    <p class='ocr_par' dir='ltr' id='par_1_50' title="bbox 489 3328 2073 3411">
     <span class='ocr_line' id='line_1_50' title="bbox 489 3328 2073 3411; baseline -0.003 -15"><span class='ocrx_word' id='word_1_380' title='bbox 489 3351 631 3396; x_wconf 80' lang='lat' dir='ltr'><strong>tom.</strong></span> <span class='ocrx_word' id='word_1_381' title='bbox 654 3357 689 3395; x_wconf 89' lang='grc' dir='ltr'><strong>ιι</strong></span> <span class='ocrx_word' id='word_1_382' title='bbox 725 3340 961 3396; x_wconf 74' lang='lat' dir='ltr'><strong>Vitarum</strong></span> <span class='ocrx_word' id='word_1_383' title='bbox 1001 3340 1096 3396; x_wconf 89' lang='lat' dir='ltr'><strong>SS.</strong></span> <span class='ocrx_word' id='word_1_384' title='bbox 1133 3340 1335 3396; x_wconf 86' lang='lat' dir='ltr'><strong>Deinde</strong></span> <span class='ocrx_word' id='word_1_385' title='bbox 1362 3356 1449 3411; x_wconf 84' lang='lat' dir='ltr'><strong>an.</strong></span> <span class='ocrx_word' id='word_1_386' title='bbox 1486 3340 1645 3407; x_wconf 74' lang='lat'><strong>1655,</strong></span> <span class='ocrx_word' id='word_1_387' title='bbox 1681 3328 1871 3402; x_wconf 79' lang='lat' dir='ltr'><strong>tom.,v</strong></span> <span class='ocrx_word' id='word_1_388' title='bbox 1905 3338 2073 3393; x_wconf 54' lang='lat' dir='ltr'><strong>Italiae</strong></span> 
     </span>
    </p>
   </div>
   <div class='ocr_carea' id='block_1_51' title="bbox 487 3429 2074 3491">
    <p class='ocr_par' dir='ltr' id='par_1_51' title="bbox 487 3429 2074 3491">
     <span class='ocr_line' id='line_1_51' title="bbox 487 3429 2074 3491; baseline -0.004 0"><span class='ocrx_word' id='word_1_389' title='bbox 487 3429 655 3491; x_wconf 63' lang='lat' dir='ltr'><strong>sac‘i‘a:</strong></span> <span class='ocrx_word' id='word_1_390' title='bbox 673 3453 737 3490; x_wconf 82' lang='lat' dir='ltr'><strong>ex</strong></span> <span class='ocrx_word' id='word_1_391' title='bbox 754 3436 1105 3491; x_wconf 77' lang='lat' dir='ltr'><strong>ms.Abbati:e</strong></span> <span class='ocrx_word' id='word_1_392' title='bbox 1125 3434 1181 3491; x_wconf 88' lang='lat' dir='ltr'><strong>S.</strong></span> <span class='ocrx_word' id='word_1_393' title='bbox 1198 3434 1494 3490; x_wconf 85' lang='lat' dir='ltr'><strong>Salvatoris</strong></span> <span class='ocrx_word' id='word_1_394' title='bbox 1507 3434 1701 3489; x_wconf 82' lang='lat' dir='ltr'><strong>Montis</strong></span> <span class='ocrx_word' id='word_1_395' title='bbox 1716 3434 1910 3489; x_wconf 85' lang='lat' dir='ltr'><strong>Amiati</strong></span> <span class='ocrx_word' id='word_1_396' title='bbox 1928 3450 2074 3487; x_wconf 81' lang='lat' dir='ltr'><strong>eam-</strong></span> 
     </span>
    </p>
   </div>
   <div class='ocr_carea' id='block_1_52' title="bbox 489 3523 2067 3607">
    <p class='ocr_par' dir='ltr' id='par_1_52' title="bbox 489 3523 2067 3607">
     <span class='ocr_line' id='line_1_52' title="bbox 489 3523 2067 3607; baseline -0.004 -24"><span class='ocrx_word' id='word_1_397' title='bbox 489 3528 558 3583; x_wconf 91' lang='lat' dir='ltr'><strong>de</strong></span> <span class='ocrx_word' id='word_1_398' title='bbox 584 3527 840 3583; x_wconf 87' lang='lat' dir='ltr'><strong>mrecusit</strong></span> <span class='ocrx_word' id='word_1_399' title='bbox 870 3527 1240 3607; x_wconf 21' lang='lat' dir='ltr'><strong>Ferdinan‘dus</strong></span> <span class='ocrx_word' id='word_1_400' title='bbox 1285 3523 1581 3597; x_wconf 78' lang='lat' dir='ltr'><strong>Ugbellius.</strong></span> <span class='ocrx_word' id='word_1_401' title='bbox 1616 3526 1849 3581; x_wconf 84' lang='lat' dir='ltr'><strong>&#39;l‘andem</strong></span> <span class='ocrx_word' id='word_1_402' title='bbox 1882 3541 1911 3580; x_wconf 88' lang='lat' dir='ltr'><strong>e</strong></span> <span class='ocrx_word' id='word_1_403' title='bbox 1939 3542 2067 3578; x_wconf 79' lang='lat' dir='ltr'><strong>mss.</strong></span> 
     </span>
    </p>
   </div>
   <div class='ocr_carea' id='block_1_53' title="bbox 486 3620 2071 3693">
    <p class='ocr_par' dir='ltr' id='par_1_53' title="bbox 486 3620 2071 3693">
     <span class='ocr_line' id='line_1_53' title="bbox 486 3620 2071 3693; baseline -0.003 -17"><span class='ocrx_word' id='word_1_404' title='bbox 486 3631 690 3688; x_wconf 83' lang='lat' dir='ltr'><strong>septem</strong></span> <span class='ocrx_word' id='word_1_405' title='bbox 723 3620 885 3693; x_wconf 70' lang='lat' dir='ltr'><strong>[cur]</strong></span> <span class='ocrx_word' id='word_1_406' title='bbox 921 3622 977 3675; x_wconf 86' lang='lat' dir='ltr'><strong>P.</strong></span> <span class='ocrx_word' id='word_1_407' title='bbox 1014 3620 1387 3675; x_wconf 87' lang='lat' dir='ltr'><strong>llcnschenius</strong></span> <span class='ocrx_word' id='word_1_408' title='bbox 1417 3621 1583 3689; x_wconf 87' lang='lat' dir='ltr'><strong>ipsam</strong></span> <span class='ocrx_word' id='word_1_409' title='bbox 1620 3620 1845 3675; x_wconf 88' lang='lat' dir='ltr'><strong>inseruit</strong></span> <span class='ocrx_word' id='word_1_410' title='bbox 1876 3628 2005 3673; x_wconf 90' lang='lat' dir='ltr'><strong>tom.</strong></span> <span class='ocrx_word' id='word_1_411' title='bbox 2039 3634 2071 3672; x_wconf 92' lang='lat' dir='ltr'><strong>Il</strong></span> 
     </span>
    </p>
   </div>
   <div class='ocr_carea' id='block_1_54' title="bbox 488 3710 2071 3782">
    <p class='ocr_par' dir='ltr' id='par_1_54' title="bbox 488 3710 2071 3782">
     <span class='ocr_line' id='line_1_54' title="bbox 488 3710 2071 3782; baseline -0.001 -16"><span class='ocrx_word' id='word_1_412' title='bbox 488 3710 688 3782; x_wconf 84' lang='lat' dir='ltr'><strong>Aprilis</strong></span> <span class='ocrx_word' id='word_1_413' title='bbox 729 3728 846 3782; x_wconf 74' lang='lat' dir='ltr'><strong>pag.</strong></span> <span class='ocrx_word' id='word_1_414' title='bbox 879 3712 964 3766; x_wconf 89' lang='lat'><strong>70.</strong></span> <span class='ocrx_word' id='word_1_415' title='bbox 1016 3712 1122 3767; x_wconf 85' lang='lat' dir='ltr'><strong>Nos</strong></span> <span class='ocrx_word' id='word_1_416' title='bbox 1172 3712 1454 3766; x_wconf 76' lang='lat' dir='ltr'><strong>Bernensis</strong></span> <span class='ocrx_word' id='word_1_417' title='bbox 1479 3711 1680 3767; x_wconf 91' lang='lat' dir='ltr'><strong>codicis</strong></span> <span class='ocrx_word' id='word_1_418' title='bbox 1719 3711 2071 3781; x_wconf 86' lang='lat' dir='ltr'><strong>antiquissimi</strong></span> 
     </span>
    </p>
   </div>
   <div class='ocr_carea' id='block_1_55' title="bbox 390 3801 2069 3877">
    <p class='ocr_par' dir='ltr' id='par_1_55' title="bbox 390 3801 2069 3877">
     <span class='ocr_line' id='line_1_55' title="bbox 390 3801 2069 3877; baseline -0.002 -16"><span class='ocrx_word' id='word_1_419' title='bbox 390 3801 398 3809; x_wconf 81' lang='grc'><strong>’</strong></span> <span class='ocrx_word' id='word_1_420' title='bbox 488 3808 769 3862; x_wconf 84' lang='lat' dir='ltr'><strong>lectiOnem</strong></span> <span class='ocrx_word' id='word_1_421' title='bbox 797 3808 961 3861; x_wconf 88' lang='lat' dir='ltr'><strong>secuti</strong></span> <span class='ocrx_word' id='word_1_422' title='bbox 992 3808 1305 3877; x_wconf 86' lang='lat' dir='ltr'><strong>plerumque</strong></span> <span class='ocrx_word' id='word_1_423' title='bbox 1328 3818 1533 3859; x_wconf 83' lang='lat' dir='ltr'><strong>smnus.</strong></span> <span class='ocrx_word' id='word_1_424' title='bbox 1566 3806 1620 3859; x_wconf 94' lang='lat' dir='ltr'><strong>ln</strong></span> <span class='ocrx_word' id='word_1_425' title='bbox 1642 3806 1741 3860; x_wconf 88' lang='lat' dir='ltr'><strong>hoc</strong></span> <span class='ocrx_word' id='word_1_426' title='bbox 1766 3813 1943 3859; x_wconf 71' lang='lat' dir='ltr'><strong>autem</strong></span> <span class='ocrx_word' id='word_1_427' title='bbox 1971 3806 2069 3857; x_wconf 80' lang='lat' dir='ltr'><strong>ms.</strong></span> 
     </span>
    </p>
   </div>
   <div class='ocr_carea' id='block_1_56' title="bbox 488 3890 2072 3969">
    <p class='ocr_par' dir='ltr' id='par_1_56' title="bbox 488 3890 2072 3969">
     <span class='ocr_line' id='line_1_56' title="bbox 488 3890 2072 3969; baseline -0.005 -12"><span class='ocrx_word' id='word_1_428' title='bbox 488 3902 625 3957; x_wconf 88' lang='lat' dir='ltr'><strong>sicut</strong></span> <span class='ocrx_word' id='word_1_429' title='bbox 654 3911 707 3956; x_wconf 90' lang='lat' dir='ltr'><strong>et</strong></span> <span class='ocrx_word' id='word_1_430' title='bbox 733 3903 783 3955; x_wconf 90' lang='lat' dir='ltr'><strong>in</strong></span> <span class='ocrx_word' id='word_1_431' title='bbox 813 3901 1063 3956; x_wconf 85' lang='lat' dir='ltr'><strong>Lohiensi</strong></span> <span class='ocrx_word' id='word_1_432' title='bbox 1097 3915 1191 3969; x_wconf 89' lang='lat' dir='ltr'><strong>per</strong></span> <span class='ocrx_word' id='word_1_433' title='bbox 1220 3898 1528 3953; x_wconf 81' lang='lat' dir='ltr'><strong>Ratberiuut</strong></span> <span class='ocrx_word' id='word_1_434' title='bbox 1562 3898 1781 3966; x_wconf 91' lang='lat' dir='ltr'><strong>scripto,</strong></span> <span class='ocrx_word' id='word_1_435' title='bbox 1813 3890 1927 3950; x_wconf 82' lang='lat' dir='ltr'><strong>haec</strong></span> <span class='ocrx_word' id='word_1_436' title='bbox 1954 3895 2072 3950; x_wconf 82' lang='lat' dir='ltr'><strong>Vita</strong></span> 
     </span>
    </p>
   </div>
   <div class='ocr_carea' id='block_1_57' title="bbox 492 3989 2074 4061">
    <p class='ocr_par' dir='ltr' id='par_1_57' title="bbox 492 3989 2074 4061">
     <span class='ocr_line' id='line_1_57' title="bbox 492 3989 2074 4061; baseline -0.004 -14"><span class='ocrx_word' id='word_1_437' title='bbox 492 3994 799 4048; x_wconf 88' lang='lat' dir='ltr'><strong>inscribitur</strong></span> <span class='ocrx_word' id='word_1_438' title='bbox 836 3992 1038 4057; x_wconf 80' lang='lat' dir='ltr'><strong>Sermo,</strong></span> <span class='ocrx_word' id='word_1_439' title='bbox 1071 3992 1163 4047; x_wconf 79' lang='lat' dir='ltr'><strong>St&#39;d</strong></span> <span class='ocrx_word' id='word_1_440' title='bbox 1196 3992 1370 4046; x_wconf 88' lang='lat' dir='ltr'><strong>minus</strong></span> <span class='ocrx_word' id='word_1_441' title='bbox 1402 3992 1637 4061; x_wconf 86' lang='lat' dir='ltr'><strong>proprie.</strong></span> <span class='ocrx_word' id='word_1_442' title='bbox 1669 3989 1923 4045; x_wconf 84' lang='lat' dir='ltr'><strong>Coronati</strong></span> <span class='ocrx_word' id='word_1_443' title='bbox 1950 4005 2074 4043; x_wconf 80' lang='lat' dir='ltr'><strong>vero</strong></span> 
     </span>
    </p>
   </div>
   <div class='ocr_carea' id='block_1_58' title="bbox 493 4083 2076 4155">
    <p class='ocr_par' dir='ltr' id='par_1_58' title="bbox 493 4083 2076 4155">
     <span class='ocr_line' id='line_1_58' title="bbox 493 4083 2076 4155; baseline -0.003 -13"><span class='ocrx_word' id='word_1_444' title='bbox 493 4098 648 4142; x_wconf 62' lang='lat' dir='ltr'><strong>aetate</strong></span> <span class='ocrx_word' id='word_1_445' title='bbox 673 4103 859 4155; x_wconf 89' lang='lat' dir='ltr'><strong>parum</strong></span> <span class='ocrx_word' id='word_1_446' title='bbox 879 4086 1162 4140; x_wconf 82' lang='lat' dir='ltr'><strong>admodum</strong></span> <span class='ocrx_word' id='word_1_447' title='bbox 1192 4086 1257 4141; x_wconf 91' lang='lat' dir='ltr'><strong>de</strong></span> <span class='ocrx_word' id='word_1_448' title='bbox 1274 4087 1330 4141; x_wconf 88' lang='lat' dir='ltr'><strong>S.</strong></span> <span class='ocrx_word' id='word_1_449' title='bbox 1362 4085 1594 4139; x_wconf 86' lang='lat' dir='ltr'><strong>Zenonis</strong></span> <span class='ocrx_word' id='word_1_450' title='bbox 1624 4085 1756 4149; x_wconf 88' lang='lat' dir='ltr'><strong>vita,</strong></span> <span class='ocrx_word' id='word_1_451' title='bbox 1787 4100 1904 4154; x_wconf 70' lang='lat' dir='ltr'><strong>qua:</strong></span> <span class='ocrx_word' id='word_1_452' title='bbox 1932 4083 2076 4137; x_wconf 91' lang='lat' dir='ltr'><strong>nullo</strong></span> 
     </span>
    </p>
   </div>
   <div class='ocr_carea' id='block_1_59' title="bbox 494 4176 2078 4248">
    <p class='ocr_par' dir='ltr' id='par_1_59' title="bbox 494 4176 2078 4248">
     <span class='ocr_line' id='line_1_59' title="bbox 494 4176 2078 4248; baseline -0.002 -16"><span class='ocrx_word' id='word_1_453' title='bbox 494 4178 794 4248; x_wconf 88' lang='lat' dir='ltr'><strong>antiquiore</strong></span> <span class='ocrx_word' id='word_1_454' title='bbox 827 4178 1152 4232; x_wconf 90' lang='lat' dir='ltr'><strong>documento</strong></span> <span class='ocrx_word' id='word_1_455' title='bbox 1197 4178 1402 4245; x_wconf 89' lang='lat' dir='ltr'><strong>prodita</strong></span> <span class='ocrx_word' id='word_1_456' title='bbox 1436 4178 1629 4242; x_wconf 88' lang='lat' dir='ltr'><strong>fuerat,</strong></span> <span class='ocrx_word' id='word_1_457' title='bbox 1667 4176 1955 4231; x_wconf 88' lang='lat' dir='ltr'><strong>universim</strong></span> <span class='ocrx_word' id='word_1_458' title='bbox 1985 4191 2078 4231; x_wconf 87' lang='lat' dir='ltr'><strong>co-</strong></span> 
     </span>
    </p>
   </div>
   <div class='ocr_carea' id='block_1_60' title="bbox 497 4267 2078 4339">
    <p class='ocr_par' dir='ltr' id='par_1_60' title="bbox 497 4267 2078 4339">
     <span class='ocr_line' id='line_1_60' title="bbox 497 4267 2078 4339; baseline -0.001 -16"><span class='ocrx_word' id='word_1_459' title='bbox 497 4272 723 4339; x_wconf 82' lang='lat' dir='ltr'><strong>gnitum,</strong></span> <span class='ocrx_word' id='word_1_460' title='bbox 769 4286 831 4323; x_wconf 89' lang='lat' dir='ltr'><strong>ac</strong></span> <span class='ocrx_word' id='word_1_461' title='bbox 862 4269 1177 4338; x_wconf 90' lang='lat' dir='ltr'><strong>populorum</strong></span> <span class='ocrx_word' id='word_1_462' title='bbox 1212 4270 1467 4323; x_wconf 86' lang='lat' dir='ltr'><strong>memoria</strong></span> <span class='ocrx_word' id='word_1_463' title='bbox 1506 4277 1881 4323; x_wconf 85' lang='lat' dir='ltr'><strong>conservatum</strong></span> <span class='ocrx_word' id='word_1_464' title='bbox 1914 4267 2078 4321; x_wconf 88' lang='lat' dir='ltr'><strong>fuisse</strong></span> 
     </span>
    </p>
   </div>
   <div class='ocr_carea' id='block_1_61' title="bbox 500 4357 2080 4435">
    <p class='ocr_par' dir='ltr' id='par_1_61' title="bbox 500 4357 2080 4435">
     <span class='ocr_line' id='line_1_61' title="bbox 500 4357 2080 4435; baseline -0.001 -22"><span class='ocrx_word' id='word_1_465' title='bbox 500 4361 630 4414; x_wconf 84' lang='lat' dir='ltr'><strong>satis</strong></span> <span class='ocrx_word' id='word_1_466' title='bbox 668 4374 933 4428; x_wconf 89' lang='lat' dir='ltr'><strong>superque</strong></span> <span class='ocrx_word' id='word_1_467' title='bbox 977 4360 1168 4427; x_wconf 86' lang='lat' dir='ltr'><strong>probat</strong></span> <span class='ocrx_word' id='word_1_468' title='bbox 1203 4359 1352 4424; x_wconf 90' lang='lat' dir='ltr'><strong>illud,</strong></span> <span class='ocrx_word' id='word_1_469' title='bbox 1396 4359 1535 4427; x_wconf 86' lang='lat' dir='ltr'><strong>quod</strong></span> <span class='ocrx_word' id='word_1_470' title='bbox 1575 4358 1666 4413; x_wconf 90' lang='lat' dir='ltr'><strong>ille</strong></span> <span class='ocrx_word' id='word_1_471' title='bbox 1707 4358 1838 4413; x_wconf 89' lang='lat' dir='ltr'><strong>nihil</strong></span> <span class='ocrx_word' id='word_1_472' title='bbox 1871 4357 2080 4435; x_wconf 85' lang='lat' dir='ltr'><strong>ferede</strong></span> 
     </span>
    </p>
   </div>
   <div class='ocr_carea' id='block_1_62' title="bbox 499 4450 2081 4521">
    <p class='ocr_par' dir='ltr' id='par_1_62' title="bbox 499 4450 2081 4521">
     <span class='ocr_line' id='line_1_62' title="bbox 499 4450 2081 4521; baseline 0 -16"><span class='ocrx_word' id='word_1_473' title='bbox 499 4452 710 4506; x_wconf 87' lang='lat' dir='ltr'><strong>Zenone</strong></span> <span class='ocrx_word' id='word_1_474' title='bbox 739 4450 939 4504; x_wconf 82' lang='lat' dir='ltr'><strong>scribat</strong></span> <span class='ocrx_word' id='word_1_475' title='bbox 970 4450 1070 4503; x_wconf 86' lang='lat' dir='ltr'><strong>nisi</strong></span> <span class='ocrx_word' id='word_1_476' title='bbox 1110 4452 1362 4505; x_wconf 82' lang='lat' dir='ltr'><strong>miracula</strong></span> <span class='ocrx_word' id='word_1_477' title='bbox 1394 4452 1632 4520; x_wconf 53' lang='lat' dir='ltr'><strong>quaedam</strong></span> <span class='ocrx_word' id='word_1_478' title='bbox 1665 4467 1852 4521; x_wconf 88' lang='lat' dir='ltr'><strong>pauca.</strong></span> <span class='ocrx_word' id='word_1_479' title='bbox 1886 4460 1939 4505; x_wconf 90' lang='lat' dir='ltr'><strong>et</strong></span> <span class='ocrx_word' id='word_1_480' title='bbox 1968 4451 2081 4505; x_wconf 82' lang='lat' dir='ltr'><strong>lncc</strong></span> 
     </span>
    </p>
   </div>
   <div class='ocr_carea' id='block_1_63' title="bbox 504 4530 2084 4613">
    <p class='ocr_par' dir='ltr' id='par_1_63' title="bbox 504 4530 2084 4613">
     <span class='ocr_line' id='line_1_63' title="bbox 504 4530 2084 4613; baseline 0.002 -17"><span class='ocrx_word' id='word_1_481' title='bbox 504 4546 614 4613; x_wconf 88' lang='lat' dir='ltr'><strong>ipsa</strong></span> <span class='ocrx_word' id='word_1_482' title='bbox 668 4543 870 4609; x_wconf 80' lang='lat' dir='ltr'><strong>vulgari</strong></span> <span class='ocrx_word' id='word_1_483' title='bbox 905 4541 1191 4596; x_wconf 90' lang='lat' dir='ltr'><strong>traditione</strong></span> <span class='ocrx_word' id='word_1_484' title='bbox 1233 4543 1458 4610; x_wconf 89' lang='lat' dir='ltr'><strong>prolata,</strong></span> <span class='ocrx_word' id='word_1_485' title='bbox 1492 4552 1547 4596; x_wconf 91' lang='lat' dir='ltr'><strong>ut</strong></span> <span class='ocrx_word' id='word_1_486' title='bbox 1573 4558 1637 4596; x_wconf 83' lang='lat' dir='ltr'><strong>ex</strong></span> <span class='ocrx_word' id='word_1_487' title='bbox 1677 4530 2021 4599; x_wconf 86' lang='lat' dir='ltr'><strong>annotatioue</strong></span> <span class='ocrx_word' id='word_1_488' title='bbox 2051 4547 2084 4599; x_wconf 77' lang='lat'><strong>5</strong></span> 
     </span>
    </p>
   </div>
   <div class='ocr_carea' id='block_1_64' title="bbox 502 4634 2091 4704">
    <p class='ocr_par' dir='ltr' id='par_1_64' title="bbox 502 4634 2091 4704">
     <span class='ocr_line' id='line_1_64' title="bbox 502 4634 2091 4704; baseline 0.002 -15"><span class='ocrx_word' id='word_1_489' title='bbox 502 4636 630 4689; x_wconf 85' lang='lat' dir='ltr'><strong>satis</strong></span> <span class='ocrx_word' id='word_1_490' title='bbox 653 4636 871 4704; x_wconf 81' lang='lat' dir='ltr'><strong>colliges</strong></span> <span class='ocrx_word' id='word_1_491' title='bbox 904 4653 915 4687; x_wconf 89' lang='lat'>:</span> <span class='ocrx_word' id='word_1_492' title='bbox 948 4634 1088 4689; x_wconf 90' lang='lat' dir='ltr'><strong>unde</strong></span> <span class='ocrx_word' id='word_1_493' title='bbox 1116 4635 1301 4704; x_wconf 81' lang='lat' dir='ltr'><strong>paucis</strong></span> <span class='ocrx_word' id='word_1_494' title='bbox 1328 4635 1415 4688; x_wconf 83' lang='lat' dir='ltr'><strong>vix</strong></span> <span class='ocrx_word' id='word_1_495' title='bbox 1439 4637 1649 4690; x_wconf 86' lang='lat' dir='ltr'><strong>attactis</strong></span> <span class='ocrx_word' id='word_1_496' title='bbox 1674 4638 1845 4704; x_wconf 91' lang='lat' dir='ltr'><strong>primo</strong></span> <span class='ocrx_word' id='word_1_497' title='bbox 1867 4654 2091 4692; x_wconf 89' lang='lat' dir='ltr'><strong>numero</strong></span> 
     </span>
    </p>
   </div>
   <div class='ocr_carea' id='block_1_65' title="bbox 507 4726 2093 4797">
    <p class='ocr_par' dir='ltr' id='par_1_65' title="bbox 507 4726 2093 4797">
     <span class='ocr_line' id='line_1_65' title="bbox 507 4726 2093 4797; baseline 0.001 -14"><span class='ocrx_word' id='word_1_498' title='bbox 507 4729 577 4783; x_wconf 85' lang='lat' dir='ltr'><strong>de</strong></span> <span class='ocrx_word' id='word_1_499' title='bbox 614 4727 715 4781; x_wconf 89' lang='lat' dir='ltr'><strong>vita</strong></span> <span class='ocrx_word' id='word_1_500' title='bbox 749 4726 954 4792; x_wconf 89' lang='lat' dir='ltr'><strong>Sancti,</strong></span> <span class='ocrx_word' id='word_1_501' title='bbox 998 4729 1177 4781; x_wconf 90' lang='lat' dir='ltr'><strong>statim</strong></span> <span class='ocrx_word' id='word_1_502' title='bbox 1206 4728 1271 4782; x_wconf 90' lang='lat' dir='ltr'><strong>ad</strong></span> <span class='ocrx_word' id='word_1_503' title='bbox 1312 4729 1563 4797; x_wconf 86' lang='lat' dir='ltr'><strong>miracula</strong></span> <span class='ocrx_word' id='word_1_504' title='bbox 1596 4730 1653 4783; x_wconf 84' lang='lat' dir='ltr'><strong>fit</strong></span> <span class='ocrx_word' id='word_1_505' title='bbox 1695 4731 1966 4795; x_wconf 88' lang='lat' dir='ltr'><strong>transitus,</strong></span> <span class='ocrx_word' id='word_1_506' title='bbox 2011 4731 2093 4785; x_wconf 93' lang='lat' dir='ltr'><strong>his</strong></span> 
     </span>
    </p>
   </div>
   <div class='ocr_carea' id='block_1_66' title="bbox 508 4821 2093 4892">
    <p class='ocr_par' dir='ltr' id='par_1_66' title="bbox 508 4821 2093 4892">
     <span class='ocr_line' id='line_1_66' title="bbox 508 4821 2093 4892; baseline 0.001 -17"><span class='ocrx_word' id='word_1_507' title='bbox 508 4822 607 4875; x_wconf 90' lang='lat' dir='ltr'><strong>sub</strong></span> <span class='ocrx_word' id='word_1_508' title='bbox 638 4822 875 4887; x_wconf 86' lang='lat' dir='ltr'><strong>ejusdem</strong></span> <span class='ocrx_word' id='word_1_509' title='bbox 918 4822 1123 4876; x_wconf 89' lang='lat' dir='ltr'><strong>numeri</strong></span> <span class='ocrx_word' id='word_1_510' title='bbox 1161 4821 1319 4875; x_wconf 89' lang='lat' dir='ltr'><strong>linem</strong></span> <span class='ocrx_word' id='word_1_511' title='bbox 1352 4823 1662 4891; x_wconf 88' lang='lat' dir='ltr'><strong>perscriptis</strong></span> <span class='ocrx_word' id='word_1_512' title='bbox 1695 4840 1708 4876; x_wconf 92' lang='lat'>:</span> <span class='ocrx_word' id='word_1_513' title='bbox 1756 4823 1979 4877; x_wconf 80' lang='lat' dir='ltr'><strong>Audiam</strong></span> <span class='ocrx_word' id='word_1_514' title='bbox 2004 4841 2093 4892; x_wconf 84' lang='lat' dir='ltr'><strong>p0-</strong></span> 
     </span>
    </p>
   </div>
   <div class='ocr_carea' id='block_1_67' title="bbox 423 4905 2089 4986">
    <p class='ocr_par' dir='ltr' id='par_1_67' title="bbox 423 4905 2089 4986">
     <span class='ocr_line' id='line_1_67' title="bbox 423 4905 2089 4986; baseline 0.001 -19"><span class='ocrx_word' id='word_1_515' title='bbox 423 4905 436 4922; x_wconf 85' lang='grc'><em>’</em></span> <span class='ocrx_word' id='word_1_516' title='bbox 511 4916 619 4983; x_wconf 84' lang='lat' dir='ltr'><strong>puli</strong></span> <span class='ocrx_word' id='word_1_517' title='bbox 650 4932 842 4980; x_wconf 88' lang='lat' dir='ltr'><strong>omnes,</strong></span> <span class='ocrx_word' id='word_1_518' title='bbox 879 4913 962 4984; x_wconf 86' lang='lat' dir='ltr'><strong>qui</strong></span> <span class='ocrx_word' id='word_1_519' title='bbox 999 4918 1108 4986; x_wconf 87' lang='lat' dir='ltr'><strong>ejus</strong></span> <span class='ocrx_word' id='word_1_520' title='bbox 1153 4915 1362 4981; x_wconf 84' lang='lat' dir='ltr'><strong>cupiunt</strong></span> <span class='ocrx_word' id='word_1_521' title='bbox 1400 4914 1683 4979; x_wconf 85' lang='lat' dir='ltr'><strong>miracula;</strong></span> <span class='ocrx_word' id='word_1_522' title='bbox 1710 4922 1766 4969; x_wconf 87' lang='lat' dir='ltr'><strong>et</strong></span> <span class='ocrx_word' id='word_1_523' title='bbox 1796 4932 2003 4969; x_wconf 72' lang='lat' dir='ltr'><strong>rursum</strong></span> <span class='ocrx_word' id='word_1_524' title='bbox 2040 4917 2089 4969; x_wconf 92' lang='lat' dir='ltr'><strong>in</strong></span> 
     </span>
    </p>
   </div>
   <div class='ocr_carea' id='block_1_68' title="bbox 514 5008 2093 5075">
    <p class='ocr_par' dir='ltr' id='par_1_68' title="bbox 514 5008 2093 5075">
     <span class='ocr_line' id='line_1_68' title="bbox 514 5008 2093 5075; baseline 0.002 -14"><span class='ocrx_word' id='word_1_525' title='bbox 514 5008 616 5062; x_wconf 81' lang='lat' dir='ltr'><strong>line</strong></span> <span class='ocrx_word' id='word_1_526' title='bbox 651 5024 712 5062; x_wconf 83' lang='lat' dir='ltr'><strong>ex</strong></span> <span class='ocrx_word' id='word_1_527' title='bbox 737 5023 866 5063; x_wconf 83' lang='lat' dir='ltr'><strong>mss.</strong></span> <span class='ocrx_word' id='word_1_528' title='bbox 895 5008 1237 5072; x_wconf 71' lang='lat' dir='ltr'><strong>Henscbeuii,</strong></span> <span class='ocrx_word' id='word_1_529' title='bbox 1267 5009 1518 5075; x_wconf 72' lang='lat' dir='ltr'><strong>Ughellii,</strong></span> <span class='ocrx_word' id='word_1_530' title='bbox 1541 5022 1592 5065; x_wconf 89' lang='lat' dir='ltr'><strong>et</strong></span> <span class='ocrx_word' id='word_1_531' title='bbox 1614 5010 1896 5065; x_wconf 81' lang='lat' dir='ltr'><strong>Mombritii</strong></span> <span class='ocrx_word' id='word_1_532' title='bbox 1923 5030 1935 5065; x_wconf 92' lang='lat'><strong>:</strong></span> <span class='ocrx_word' id='word_1_533' title='bbox 1960 5012 2093 5064; x_wconf 79' lang='lat' dir='ltr'><strong>Ecce</strong></span> 
     </span>
    </p>
   </div>
   <div class='ocr_carea' id='block_1_69' title="bbox 514 5100 2095 5172">
    <p class='ocr_par' dir='ltr' id='par_1_69' title="bbox 514 5100 2095 5172">
     <span class='ocr_line' id='line_1_69' title="bbox 514 5100 2095 5172; baseline 0.002 -20"><span class='ocrx_word' id='word_1_534' title='bbox 514 5102 575 5152; x_wconf 84' lang='lat' dir='ltr'><strong>tle</strong></span> <span class='ocrx_word' id='word_1_535' title='bbox 599 5102 768 5154; x_wconf 86' lang='lat' dir='ltr'><strong>multis</strong></span> <span class='ocrx_word' id='word_1_536' title='bbox 786 5104 895 5172; x_wconf 87' lang='lat' dir='ltr'><strong>ejus</strong></span> <span class='ocrx_word' id='word_1_537' title='bbox 909 5101 1169 5153; x_wconf 85' lang='lat' dir='ltr'><strong>miraculis</strong></span> <span class='ocrx_word' id='word_1_538' title='bbox 1196 5117 1284 5171; x_wconf 87' lang='lat' dir='ltr'><strong>ego</strong></span> <span class='ocrx_word' id='word_1_539' title='bbox 1309 5102 1505 5156; x_wconf 86' lang='lat' dir='ltr'><strong>inutilis</strong></span> <span class='ocrx_word' id='word_1_540' title='bbox 1532 5100 1812 5157; x_wconf 87' lang='lat' dir='ltr'><strong>Coronatus</strong></span> <span class='ocrx_word' id='word_1_541' title='bbox 1847 5101 2095 5156; x_wconf 86' lang='lat' dir='ltr'><strong>Notarius</strong></span> 
     </span>
    </p>
   </div>
   <div class='ocr_carea' id='block_1_70' title="bbox 517 5194 2096 5264">
    <p class='ocr_par' dir='ltr' id='par_1_70' title="bbox 517 5194 2096 5264">
     <span class='ocr_line' id='line_1_70' title="bbox 517 5194 2096 5264; baseline 0.003 -21"><span class='ocrx_word' id='word_1_542' title='bbox 517 5194 651 5259; x_wconf 78' lang='lat' dir='ltr'><strong>quod</strong></span> <span class='ocrx_word' id='word_1_543' title='bbox 679 5204 985 5264; x_wconf 85' lang='lat' dir='ltr'><strong>compertum</strong></span> <span class='ocrx_word' id='word_1_544' title='bbox 1017 5196 1171 5258; x_wconf 84' lang='lat' dir='ltr'><strong>tenui,</strong></span> <span class='ocrx_word' id='word_1_545' title='bbox 1199 5204 1331 5258; x_wconf 90' lang='lat' dir='ltr'><strong>etc.,</strong></span> <span class='ocrx_word' id='word_1_546' title='bbox 1362 5210 1481 5263; x_wconf 72' lang='lat' dir='ltr'><strong>qua:</strong></span> <span class='ocrx_word' id='word_1_547' title='bbox 1504 5206 1702 5257; x_wconf 84' lang='lat' dir='ltr'><strong>tamen,</strong></span> <span class='ocrx_word' id='word_1_548' title='bbox 1735 5195 1811 5248; x_wconf 88' lang='lat' dir='ltr'><strong>uti</strong></span> <span class='ocrx_word' id='word_1_549' title='bbox 1841 5212 1866 5247; x_wconf 91' lang='lat' dir='ltr'><strong>a</strong></span> <span class='ocrx_word' id='word_1_550' title='bbox 1899 5194 2096 5264; x_wconf 88' lang='lat' dir='ltr'><strong>populo</strong></span> 
     </span>
    </p>
   </div>
   <div class='ocr_carea' id='block_1_71' title="bbox 518 5286 2095 5355">
    <p class='ocr_par' dir='ltr' id='par_1_71' title="bbox 518 5286 2095 5355">
     <span class='ocr_line' id='line_1_71' title="bbox 518 5286 2095 5355; baseline 0.003 -18"><span class='ocrx_word' id='word_1_551' title='bbox 518 5297 827 5339; x_wconf 80' lang='lat' dir='ltr'><strong>censervata</strong></span> <span class='ocrx_word' id='word_1_552' title='bbox 870 5296 923 5340; x_wconf 89' lang='lat' dir='ltr'><strong>et</strong></span> <span class='ocrx_word' id='word_1_553' title='bbox 954 5288 1144 5352; x_wconf 81' lang='lat' dir='ltr'><strong>relata,</strong></span> <span class='ocrx_word' id='word_1_554' title='bbox 1188 5286 1444 5340; x_wconf 81' lang='lat' dir='ltr'><strong>additittis</strong></span> <span class='ocrx_word' id='word_1_555' title='bbox 1482 5302 1623 5355; x_wconf 72' lang='lat' dir='ltr'><strong>smpe</strong></span> <span class='ocrx_word' id='word_1_556' title='bbox 1670 5286 1874 5342; x_wconf 90' lang='lat' dir='ltr'><strong>fabellis</strong></span> <span class='ocrx_word' id='word_1_557' title='bbox 1907 5288 2095 5343; x_wconf 88' lang='lat' dir='ltr'><strong>infarta</strong></span> 
     </span>
    </p>
   </div>
   <div class='ocr_carea' id='block_1_72' title="bbox 521 5380 2095 5452">
    <p class='ocr_par' dir='ltr' id='par_1_72' title="bbox 521 5380 2095 5452">
     <span class='ocr_line' id='line_1_72' title="bbox 521 5380 2095 5452; baseline 0.004 -21"><span class='ocrx_word' id='word_1_558' title='bbox 521 5392 638 5432; x_wconf 88' lang='lat' dir='ltr'><strong>esse</strong></span> <span class='ocrx_word' id='word_1_559' title='bbox 680 5380 877 5435; x_wconf 89' lang='lat' dir='ltr'><strong>solent.</strong></span> <span class='ocrx_word' id='word_1_560' title='bbox 914 5380 1047 5434; x_wconf 88' lang='lat' dir='ltr'><strong>Dum</strong></span> <span class='ocrx_word' id='word_1_561' title='bbox 1086 5381 1385 5451; x_wconf 82' lang='lat' dir='ltr'><strong>antiquiora</strong></span> <span class='ocrx_word' id='word_1_562' title='bbox 1427 5389 1480 5435; x_wconf 90' lang='lat' dir='ltr'><strong>et</strong></span> <span class='ocrx_word' id='word_1_563' title='bbox 1514 5382 1682 5452; x_wconf 82' lang='lat' dir='ltr'><strong>magis</strong></span> <span class='ocrx_word' id='word_1_564' title='bbox 1716 5385 1943 5452; x_wconf 75' lang='lat' dir='ltr'><strong>genuina</strong></span> <span class='ocrx_word' id='word_1_565' title='bbox 1990 5399 2095 5437; x_wconf 90' lang='lat' dir='ltr'><strong>non</strong></span> 
     </span>
    </p>
   </div>
   <div class='ocr_carea' id='block_1_73' title="bbox 521 5476 2089 5541">
    <p class='ocr_par' dir='ltr' id='par_1_73' title="bbox 521 5476 2089 5541">
     <span class='ocr_line' id='line_1_73' title="bbox 521 5476 2089 5541; baseline 0.004 -18"><span class='ocrx_word' id='word_1_566' title='bbox 521 5483 807 5540; x_wconf 88' lang='lat' dir='ltr'><strong>suppetunt</strong></span> <span class='ocrx_word' id='word_1_567' title='bbox 853 5476 1193 5541; x_wconf 88' lang='lat' dir='ltr'><strong>documenta,</strong></span> <span class='ocrx_word' id='word_1_568' title='bbox 1242 5478 1339 5529; x_wconf 92' lang='lat' dir='ltr'><strong>hoc</strong></span> <span class='ocrx_word' id='word_1_569' title='bbox 1379 5476 1729 5530; x_wconf 85' lang='lat' dir='ltr'><strong>omittendum</strong></span> <span class='ocrx_word' id='word_1_570' title='bbox 1779 5477 1933 5532; x_wconf 88' lang='lat' dir='ltr'><strong>nobis</strong></span> <span class='ocrx_word' id='word_1_571' title='bbox 1985 5493 2089 5531; x_wconf 87' lang='lat' dir='ltr'><strong>non</strong></span> 
     </span>
    </p>
   </div>
   <div class='ocr_carea' id='block_1_74' title="bbox 522 5560 2091 5639">
    <p class='ocr_par' dir='ltr' id='par_1_74' title="bbox 522 5560 2091 5639">
     <span class='ocr_line' id='line_1_74' title="bbox 522 5560 2091 5639; baseline 0.005 -26"><span class='ocrx_word' id='word_1_572' title='bbox 522 5560 712 5617; x_wconf 85' lang='lat' dir='ltr'><strong>fuerat.</strong></span> <span class='ocrx_word' id='word_1_573' title='bbox 745 5566 1017 5620; x_wconf 89' lang='lat' dir='ltr'><strong>Postremo</strong></span> <span class='ocrx_word' id='word_1_574' title='bbox 1034 5569 1424 5633; x_wconf 80' lang='lat' dir='ltr'><strong>annotationes,</strong></span> <span class='ocrx_word' id='word_1_575' title='bbox 1453 5584 1584 5638; x_wconf 88' lang='lat' dir='ltr'><strong>quas</strong></span> <span class='ocrx_word' id='word_1_576' title='bbox 1604 5570 1654 5623; x_wconf 91' lang='lat' dir='ltr'><strong>in</strong></span> <span class='ocrx_word' id='word_1_577' title='bbox 1681 5571 1938 5639; x_wconf 80' lang='lat' dir='ltr'><strong>procemio</strong></span> <span class='ocrx_word' id='word_1_578' title='bbox 1959 5570 2091 5625; x_wconf 88' lang='lat' dir='ltr'><strong>diss.</strong></span> 
     </span>
    </p>
   </div>
   <div class='ocr_carea' id='block_1_75' title="bbox 522 5656 2095 5731">
    <p class='ocr_par' dir='ltr' id='par_1_75' title="bbox 522 5656 2095 5731">
     <span class='ocr_line' id='line_1_75' title="bbox 522 5656 2095 5731; baseline 0.004 -25"><span class='ocrx_word' id='word_1_579' title='bbox 522 5666 578 5706; x_wconf 84' lang='grc' dir='ltr'><strong>ιιι</strong></span> <span class='ocrx_word' id='word_1_580' title='bbox 625 5669 719 5707; x_wconf 83' lang='lat' dir='ltr'><strong>nos</strong></span> <span class='ocrx_word' id='word_1_581' title='bbox 766 5656 887 5708; x_wconf 85' lang='lat' dir='ltr'><strong>huic</strong></span> <span class='ocrx_word' id='word_1_582' title='bbox 918 5656 1048 5709; x_wconf 71' lang='lat' dir='ltr'><strong>Vita:</strong></span> <span class='ocrx_word' id='word_1_583' title='bbox 1076 5661 1410 5723; x_wconf 79' lang='lat' dir='ltr'><strong>apposituros</strong></span> <span class='ocrx_word' id='word_1_584' title='bbox 1443 5663 1756 5725; x_wconf 73' lang='lat' dir='ltr'><strong>recepimus,</strong></span> <span class='ocrx_word' id='word_1_585' title='bbox 1791 5664 1973 5731; x_wconf 78' lang='lat' dir='ltr'><strong>paucis</strong></span> <span class='ocrx_word' id='word_1_586' title='bbox 2002 5661 2095 5716; x_wconf 58' lang='lat' dir='ltr'><strong>dae</strong></span> 
     </span>
    </p>
   </div>
   <div class='ocr_carea' id='block_1_76' title="bbox 530 5736 2063 5815">
    <p class='ocr_par' dir='ltr' id='par_1_76' title="bbox 530 5736 2063 5815">
     <span class='ocr_line' id='line_1_76' title="bbox 530 5736 2063 5815; baseline 0.003 -20"><span class='ocrx_word' id='word_1_587' title='bbox 530 5744 703 5802; x_wconf 71' lang='lat' dir='ltr'><strong>uritur.</strong></span> <span class='ocrx_word' id='word_1_588' title='bbox 734 5756 801 5802; x_wconf 78' lang='lat' dir='ltr'><strong>ett</strong></span> <span class='ocrx_word' id='word_1_589' title='bbox 839 5741 1029 5815; x_wconf 79' lang='lat' dir='ltr'><strong>quibus</strong></span> <span class='ocrx_word' id='word_1_590' title='bbox 1060 5737 1385 5802; x_wconf 60' lang='lat' dir='ltr'><strong>incredibilia</strong></span> <span class='ocrx_word' id='word_1_591' title='bbox 1418 5743 1679 5815; x_wconf 58' lang='grc' dir='ltr'><strong><em>τιιιειξειιιτιε,</em></strong></span> <span class='ocrx_word' id='word_1_592' title='bbox 1732 5746 1809 5803; x_wconf 63' lang='grc' dir='ltr'><strong><em>τιτι</em></strong></span> <span class='ocrx_word' id='word_1_593' title='bbox 1843 5740 1969 5807; x_wconf 69' lang='lat' dir='ltr'><strong>fatui</strong></span> <span class='ocrx_word' id='word_1_594' title='bbox 2002 5736 2063 5805; x_wconf 56' lang='lat' dir='ltr'><strong>ei.</strong></span> 
     </span>
    </p>
   </div>
   <div class='ocr_carea' id='block_1_77' title="bbox 2169 1836 3785 1931">
    <p class='ocr_par' dir='ltr' id='par_1_77' title="bbox 2169 1836 3785 1931">
     <span class='ocr_line' id='line_1_77' title="bbox 2169 1836 3785 1931; baseline 0.003 -20"><span class='ocrx_word' id='word_1_595' title='bbox 2169 1856 2267 1923; x_wconf 80' lang='lat' dir='ltr'><strong>llic</strong></span> <span class='ocrx_word' id='word_1_596' title='bbox 2294 1868 2469 1910; x_wconf 90' lang='lat' dir='ltr'><strong>autem</strong></span> <span class='ocrx_word' id='word_1_597' title='bbox 2490 1855 2792 1927; x_wconf 72' lang='lat' dir='ltr'><strong>lthythmus</strong></span> <span class='ocrx_word' id='word_1_598' title='bbox 2814 1871 2935 1910; x_wconf 91' lang='lat' dir='ltr'><strong>cum</strong></span> <span class='ocrx_word' id='word_1_599' title='bbox 2967 1845 3151 1912; x_wconf 72' lang='lat' dir='ltr'><strong>eadem</strong></span> <span class='ocrx_word' id='word_1_600' title='bbox 3182 1868 3408 1927; x_wconf 85' lang='lat' dir='ltr'><strong>repetat,</strong></span> <span class='ocrx_word' id='word_1_601' title='bbox 3440 1877 3553 1931; x_wconf 69' lang='lat' dir='ltr'><strong>quin</strong></span> <span class='ocrx_word' id='word_1_602' title='bbox 3570 1860 3724 1931; x_wconf 58' lang='lat' dir='ltr'><strong>Coro-</strong></span> <span class='ocrx_word' id='word_1_603' title='bbox 3784 1836 3785 1883; x_wconf 50' lang='grc' dir='ltr'>Ῑ</span> 
     </span>
    </p>
   </div>
   <div class='ocr_carea' id='block_1_78' title="bbox 2169 1932 3785 2020">
    <p class='ocr_par' dir='ltr' id='par_1_78' title="bbox 2169 1932 3785 2020">
     <span class='ocr_line' id='line_1_78' title="bbox 2169 1932 3785 2020; baseline 0.002 -17"><span class='ocrx_word' id='word_1_604' title='bbox 2169 1960 2350 2016; x_wconf 89' lang='lat' dir='ltr'><strong>natus,</strong></span> <span class='ocrx_word' id='word_1_605' title='bbox 2401 1952 2707 2018; x_wconf 72' lang='lat' dir='ltr'><strong>Auctorque</strong></span> <span class='ocrx_word' id='word_1_606' title='bbox 2754 1949 2940 2003; x_wconf 90' lang='lat' dir='ltr'><strong>eadem</strong></span> <span class='ocrx_word' id='word_1_607' title='bbox 2993 1952 3137 2020; x_wconf 57' lang='lat' dir='ltr'><strong>saepe</strong></span> <span class='ocrx_word' id='word_1_608' title='bbox 3189 1932 3439 2006; x_wconf 53' lang='lat' dir='ltr'><strong>Coronati</strong></span> <span class='ocrx_word' id='word_1_609' title='bbox 3484 1954 3633 2008; x_wconf 82' lang='lat' dir='ltr'><strong>verba</strong></span> <span class='ocrx_word' id='word_1_610' title='bbox 3676 1954 3720 2007; x_wconf 88' lang='lat' dir='ltr'><strong>in</strong></span> 
     </span>
    </p>
   </div>
   <div class='ocr_carea' id='block_1_79' title="bbox 2170 2040 3725 2113">
    <p class='ocr_par' dir='ltr' id='par_1_79' title="bbox 2170 2040 3725 2113">
     <span class='ocr_line' id='line_1_79' title="bbox 2170 2040 3725 2113; baseline 0.001 -16"><span class='ocrx_word' id='word_1_611' title='bbox 2170 2042 2422 2113; x_wconf 77' lang='lat' dir='ltr'><strong>lthythmi</strong></span> <span class='ocrx_word' id='word_1_612' title='bbox 2470 2041 2694 2097; x_wconf 86' lang='lat' dir='ltr'><strong>formam</strong></span> <span class='ocrx_word' id='word_1_613' title='bbox 2750 2040 3059 2109; x_wconf 82' lang='lat' dir='ltr'><strong>deﬂectens,</strong></span> <span class='ocrx_word' id='word_1_614' title='bbox 3111 2058 3296 2112; x_wconf 88' lang='lat' dir='ltr'><strong>parum</strong></span> <span class='ocrx_word' id='word_1_615' title='bbox 3356 2042 3495 2101; x_wconf 90' lang='lat' dir='ltr'><strong>felici</strong></span> <span class='ocrx_word' id='word_1_616' title='bbox 3539 2045 3725 2100; x_wconf 87' lang='lat' dir='ltr'><strong>calamo</strong></span> 
     </span>
    </p>
   </div>
   <div class='ocr_carea' id='block_1_80' title="bbox 2170 2137 3726 2208">
    <p class='ocr_par' dir='ltr' id='par_1_80' title="bbox 2170 2137 3726 2208">
     <span class='ocr_line' id='line_1_80' title="bbox 2170 2137 3726 2208; baseline 0.002 -19"><span class='ocrx_word' id='word_1_617' title='bbox 2170 2150 2297 2189; x_wconf 91' lang='lat' dir='ltr'><strong>usus</strong></span> <span class='ocrx_word' id='word_1_618' title='bbox 2327 2137 2414 2201; x_wconf 91' lang='lat' dir='ltr'><strong>sit,</strong></span> <span class='ocrx_word' id='word_1_619' title='bbox 2446 2151 2935 2207; x_wconf 89' lang='lat' dir='ltr'><strong>amanuensemque</strong></span> <span class='ocrx_word' id='word_1_620' title='bbox 2965 2137 3033 2191; x_wconf 86' lang='lat' dir='ltr'><strong>sit</strong></span> <span class='ocrx_word' id='word_1_621' title='bbox 3053 2137 3274 2192; x_wconf 90' lang='lat' dir='ltr'><strong>sortitus</strong></span> <span class='ocrx_word' id='word_1_622' title='bbox 3300 2138 3455 2194; x_wconf 85' lang='lat' dir='ltr'><strong>valde</strong></span> <span class='ocrx_word' id='word_1_623' title='bbox 3482 2139 3726 2208; x_wconf 59' lang='lat' dir='ltr'><strong>negligeno</strong></span> 
     </span>
    </p>
   </div>
   <div class='ocr_carea' id='block_1_81' title="bbox 2172 2229 3785 2300">
    <p class='ocr_par' dir='ltr' id='par_1_81' title="bbox 2172 2229 3785 2300">
     <span class='ocr_line' id='line_1_81' title="bbox 2172 2229 3785 2300; baseline 0.001 -17"><span class='ocrx_word' id='word_1_624' title='bbox 2172 2238 2299 2296; x_wconf 89' lang='lat' dir='ltr'><strong>tem,</strong></span> <span class='ocrx_word' id='word_1_625' title='bbox 2348 2229 2437 2299; x_wconf 90' lang='lat' dir='ltr'><strong>qui</strong></span> <span class='ocrx_word' id='word_1_626' title='bbox 2497 2229 2750 2284; x_wconf 90' lang='lat' dir='ltr'><strong>nonnulla</strong></span> <span class='ocrx_word' id='word_1_627' title='bbox 2777 2230 3080 2300; x_wconf 87' lang='lat' dir='ltr'><strong>corrupisse</strong></span> <span class='ocrx_word' id='word_1_628' title='bbox 3118 2229 3347 2297; x_wconf 83' lang='lat' dir='ltr'><strong>videtur,</strong></span> <span class='ocrx_word' id='word_1_629' title='bbox 3397 2242 3453 2286; x_wconf 87' lang='lat' dir='ltr'><strong>et</strong></span> <span class='ocrx_word' id='word_1_630' title='bbox 3478 2231 3597 2286; x_wconf 88' lang='lat' dir='ltr'><strong>duas</strong></span> <span class='ocrx_word' id='word_1_631' title='bbox 3634 2229 3727 2285; x_wconf 83' lang='lat' dir='ltr'><strong>l‘or-</strong></span> <span class='ocrx_word' id='word_1_632' title='bbox 3784 2232 3785 2277; x_wconf 65' lang='lat'>1</span> 
     </span>
    </p>
   </div>
   <div class='ocr_carea' id='block_1_82' title="bbox 2174 2323 3731 2393">
    <p class='ocr_par' dir='ltr' id='par_1_82' title="bbox 2174 2323 3731 2393">
     <span class='ocr_line' id='line_1_82' title="bbox 2174 2323 3731 2393; baseline 0.001 -16"><span class='ocrx_word' id='word_1_633' title='bbox 2174 2323 2328 2377; x_wconf 79' lang='lat' dir='ltr'><strong>lassis</strong></span> <span class='ocrx_word' id='word_1_634' title='bbox 2358 2324 2516 2377; x_wconf 90' lang='lat' dir='ltr'><strong>etiam</strong></span> <span class='ocrx_word' id='word_1_635' title='bbox 2559 2324 2810 2393; x_wconf 85' lang='lat' dir='ltr'><strong>strophas</strong></span> <span class='ocrx_word' id='word_1_636' title='bbox 2844 2325 2996 2393; x_wconf 83' lang='lat' dir='ltr'><strong>(quot</strong></span> <span class='ocrx_word' id='word_1_637' title='bbox 3027 2323 3237 2389; x_wconf 88' lang='lat' dir='ltr'><strong>desunt,</strong></span> <span class='ocrx_word' id='word_1_638' title='bbox 3283 2337 3339 2380; x_wconf 91' lang='lat' dir='ltr'><strong>ut</strong></span> <span class='ocrx_word' id='word_1_639' title='bbox 3370 2325 3579 2381; x_wconf 87' lang='lat' dir='ltr'><strong>totidem</strong></span> <span class='ocrx_word' id='word_1_640' title='bbox 3606 2337 3731 2381; x_wconf 83' lang='lat' dir='ltr'><strong>stro-</strong></span> 
     </span>
    </p>
   </div>
   <div class='ocr_carea' id='block_1_83' title="bbox 2173 2415 3728 2487">
    <p class='ocr_par' dir='ltr' id='par_1_83' title="bbox 2173 2415 3728 2487">
     <span class='ocr_line' id='line_1_83' title="bbox 2173 2415 3728 2487; baseline 0.003 -20"><span class='ocrx_word' id='word_1_641' title='bbox 2173 2415 2291 2484; x_wconf 74' lang='lat' dir='ltr'><strong>pha:</strong></span> <span class='ocrx_word' id='word_1_642' title='bbox 2343 2416 2561 2470; x_wconf 89' lang='lat' dir='ltr'><strong>totidem</strong></span> <span class='ocrx_word' id='word_1_643' title='bbox 2613 2417 2804 2470; x_wconf 87' lang='lat' dir='ltr'><strong>litteris</strong></span> <span class='ocrx_word' id='word_1_644' title='bbox 2858 2416 3125 2487; x_wconf 88' lang='lat' dir='ltr'><strong>alphabeti</strong></span> <span class='ocrx_word' id='word_1_645' title='bbox 3171 2417 3272 2472; x_wconf 90' lang='lat' dir='ltr'><strong>sibi</strong></span> <span class='ocrx_word' id='word_1_646' title='bbox 3321 2420 3389 2473; x_wconf 92' lang='lat' dir='ltr'><strong>ab</strong></span> <span class='ocrx_word' id='word_1_647' title='bbox 3432 2423 3652 2474; x_wconf 77' lang='lat' dir='ltr'><strong>Auctore</strong></span> <span class='ocrx_word' id='word_1_648' title='bbox 3686 2420 3728 2472; x_wconf 87' lang='lat' dir='ltr'><strong>in</strong></span> 
     </span>
    </p>
   </div>
   <div class='ocr_carea' id='block_1_84' title="bbox 2176 2505 3730 2581">
    <p class='ocr_par' dir='ltr' id='par_1_84' title="bbox 2176 2505 3730 2581">
     <span class='ocr_line' id='line_1_84' title="bbox 2176 2505 3730 2581; baseline 0.003 -22"><span class='ocrx_word' id='word_1_649' title='bbox 2176 2505 2449 2577; x_wconf 85' lang='lat' dir='ltr'><strong>Rbythmo</strong></span> <span class='ocrx_word' id='word_1_650' title='bbox 2467 2506 2796 2561; x_wconf 89' lang='lat' dir='ltr'><strong>lueubrando</strong></span> <span class='ocrx_word' id='word_1_651' title='bbox 2818 2507 3099 2576; x_wconf 71' lang='lat' dir='ltr'><strong>prresﬁtuti</strong></span> <span class='ocrx_word' id='word_1_652' title='bbox 3133 2508 3543 2581; x_wconf 86' lang='lat' dir='ltr'><strong>respondeant);</strong></span> <span class='ocrx_word' id='word_1_653' title='bbox 3563 2510 3655 2571; x_wconf 84' lang='lat' dir='ltr'><strong>his,</strong></span> <span class='ocrx_word' id='word_1_654' title='bbox 3672 2512 3730 2563; x_wconf 25' lang='lat' dir='ltr'><strong>iui</strong></span> 
     </span>
    </p>
   </div>
   <div class='ocr_carea' id='block_1_85' title="bbox 2176 2597 3727 2669">
    <p class='ocr_par' dir='ltr' id='par_1_85' title="bbox 2176 2597 3727 2669">
     <span class='ocr_line' id='line_1_85' title="bbox 2176 2597 3727 2669; baseline 0.003 -21"><span class='ocrx_word' id='word_1_655' title='bbox 2176 2614 2353 2669; x_wconf 88' lang='lat' dir='ltr'><strong>quam,</strong></span> <span class='ocrx_word' id='word_1_656' title='bbox 2383 2598 2450 2653; x_wconf 90' lang='lat' dir='ltr'><strong>de</strong></span> <span class='ocrx_word' id='word_1_657' title='bbox 2491 2599 2666 2652; x_wconf 91' lang='lat' dir='ltr'><strong>causis</strong></span> <span class='ocrx_word' id='word_1_658' title='bbox 2716 2598 2767 2652; x_wconf 90' lang='lat' dir='ltr'><strong>in</strong></span> <span class='ocrx_word' id='word_1_659' title='bbox 2807 2599 3017 2668; x_wconf 81' lang='lat' dir='ltr'><strong>generis</strong></span> <span class='ocrx_word' id='word_1_660' title='bbox 3060 2597 3362 2669; x_wconf 82' lang='lat' dir='ltr'><strong>Rbythmus</strong></span> <span class='ocrx_word' id='word_1_661' title='bbox 3400 2600 3536 2655; x_wconf 89' lang='lat' dir='ltr'><strong>haud</strong></span> <span class='ocrx_word' id='word_1_662' title='bbox 3566 2600 3727 2668; x_wconf 58' lang='lat' dir='ltr'><strong>impriv</strong></span> 
     </span>
    </p>
   </div>
   <div class='ocr_carea' id='block_1_86' title="bbox 2178 2686 3785 2761">
    <p class='ocr_par' dir='ltr' id='par_1_86' title="bbox 2178 2686 3785 2761">
     <span class='ocr_line' id='line_1_86' title="bbox 2178 2686 3785 2761; baseline 0.001 -18"><span class='ocrx_word' id='word_1_663' title='bbox 2178 2690 2401 2743; x_wconf 88' lang='lat' dir='ltr'><strong>tuendus</strong></span> <span class='ocrx_word' id='word_1_664' title='bbox 2427 2688 2718 2744; x_wconf 83' lang='lat' dir='ltr'><strong>videbatur.</strong></span> <span class='ocrx_word' id='word_1_665' title='bbox 2752 2692 2816 2741; x_wconf 85' lang='lat' dir='ltr'><strong>At</strong></span> <span class='ocrx_word' id='word_1_666' title='bbox 2837 2699 2891 2741; x_wconf 90' lang='grc' dir='ltr'><strong>ιιι</strong></span> <span class='ocrx_word' id='word_1_667' title='bbox 2914 2688 3253 2743; x_wconf 86' lang='lat' dir='ltr'><strong>manifestum</strong></span> <span class='ocrx_word' id='word_1_668' title='bbox 3282 2690 3390 2754; x_wconf 87' lang='lat' dir='ltr'><strong>fiat,</strong></span> <span class='ocrx_word' id='word_1_669' title='bbox 3416 2704 3731 2761; x_wconf 67' lang='lat' dir='ltr'><strong>quaecumque</strong></span> 
     </span>
    </p>
   </div>
   <div class='ocr_carea' id='block_1_87' title="bbox 2178 2780 3731 2853">
    <p class='ocr_par' dir='ltr' id='par_1_87' title="bbox 2178 2780 3731 2853">
     <span class='ocr_line' id='line_1_87' title="bbox 2178 2780 3731 2853; baseline 0.001 -18"><span class='ocrx_word' id='word_1_670' title='bbox 2178 2780 2245 2835; x_wconf 90' lang='lat' dir='ltr'><strong>de</strong></span> <span class='ocrx_word' id='word_1_671' title='bbox 2272 2781 2501 2837; x_wconf 84' lang='lat' dir='ltr'><strong>Gallieni</strong></span> <span class='ocrx_word' id='word_1_672' title='bbox 2529 2796 2643 2835; x_wconf 68' lang='lat' dir='ltr'><strong>(evo</strong></span> <span class='ocrx_word' id='word_1_673' title='bbox 2671 2782 2939 2837; x_wconf 77' lang='lat' dir='ltr'><strong>Zenonem</strong></span> <span class='ocrx_word' id='word_1_674' title='bbox 2968 2780 3260 2852; x_wconf 80' lang='lat' dir='ltr'><strong>attingente</strong></span> <span class='ocrx_word' id='word_1_675' title='bbox 3298 2784 3500 2853; x_wconf 88' lang='lat' dir='ltr'><strong>prodita</strong></span> <span class='ocrx_word' id='word_1_676' title='bbox 3526 2794 3638 2837; x_wconf 84' lang='lat' dir='ltr'><strong>sunt</strong></span> <span class='ocrx_word' id='word_1_677' title='bbox 3661 2783 3731 2837; x_wconf 92' lang='lat' dir='ltr'><strong>lit-</strong></span> 
     </span>
    </p>
   </div>
   <div class='ocr_carea' id='block_1_88' title="bbox 2181 2871 3785 2946">
    <p class='ocr_par' dir='ltr' id='par_1_88' title="bbox 2181 2871 3785 2946">
     <span class='ocr_line' id='line_1_88' title="bbox 2181 2871 3785 2946; baseline 0.001 -19"><span class='ocrx_word' id='word_1_678' title='bbox 2181 2876 2327 2936; x_wconf 88' lang='lat' dir='ltr'><strong>teris,</strong></span> <span class='ocrx_word' id='word_1_679' title='bbox 2356 2888 2418 2928; x_wconf 88' lang='lat' dir='ltr'><strong>ea</strong></span> <span class='ocrx_word' id='word_1_680' title='bbox 2448 2889 2479 2927; x_wconf 89' lang='lat' dir='ltr'><strong>a</strong></span> <span class='ocrx_word' id='word_1_681' title='bbox 2507 2871 2783 2946; x_wconf 26' lang='lat' dir='ltr'><strong>Coronato‘</strong></span> <span class='ocrx_word' id='word_1_682' title='bbox 2799 2885 3019 2943; x_wconf 77' lang='lat' dir='ltr'><strong>excepta</strong></span> <span class='ocrx_word' id='word_1_683' title='bbox 3057 2874 3260 2939; x_wconf 78' lang='lat' dir='ltr'><strong>fuisse;</strong></span> <span class='ocrx_word' id='word_1_684' title='bbox 3281 2876 3624 2931; x_wconf 89' lang='lat' dir='ltr'><strong>omittendum</strong></span> <span class='ocrx_word' id='word_1_685' title='bbox 3652 2876 3735 2930; x_wconf 88' lang='lat' dir='ltr'><strong>hoc</strong></span> <span class='ocrx_word' id='word_1_686' title='bbox 3784 2918 3785 2921; x_wconf 55' lang='grc' dir='ltr'><strong>η</strong></span> 
     </span>
    </p>
   </div>
   <div class='ocr_carea' id='block_1_89' title="bbox 2181 2967 3785 3037">
    <p class='ocr_par' dir='ltr' id='par_1_89' title="bbox 2181 2967 3785 3037">
     <span class='ocr_line' id='line_1_89' title="bbox 2181 2967 3785 3037; baseline 0.001 -16"><span class='ocrx_word' id='word_1_687' title='bbox 2181 2969 2459 3037; x_wconf 88' lang='lat' dir='ltr'><strong>antiquum</strong></span> <span class='ocrx_word' id='word_1_688' title='bbox 2480 2972 2717 3037; x_wconf 83' lang='lat' dir='ltr'><strong>ignotum</strong></span> <span class='ocrx_word' id='word_1_689' title='bbox 2749 2967 3003 3023; x_wconf 86' lang='lat' dir='ltr'><strong>hactenus</strong></span> <span class='ocrx_word' id='word_1_690' title='bbox 3025 2968 3407 3025; x_wconf 89' lang='lat' dir='ltr'><strong>documentum</strong></span> <span class='ocrx_word' id='word_1_691' title='bbox 3427 2986 3528 3026; x_wconf 92' lang='lat' dir='ltr'><strong>non</strong></span> <span class='ocrx_word' id='word_1_692' title='bbox 3556 2970 3732 3037; x_wconf 80' lang='lat' dir='ltr'><strong>putari-</strong></span> <span class='ocrx_word' id='word_1_693' title='bbox 3784 2967 3785 3031; x_wconf 58' lang='grc' dir='ltr'><strong>ἶ</strong></span> 
     </span>
    </p>
   </div>
   <div class='ocr_carea' id='block_1_90' title="bbox 2176 3046 3785 3132">
    <p class='ocr_par' dir='ltr' id='par_1_90' title="bbox 2176 3046 3785 3132">
     <span class='ocr_line' id='line_1_90' title="bbox 2176 3046 3785 3132; baseline 0.003 -19"><span class='ocrx_word' id='word_1_694' title='bbox 2176 3073 2325 3125; x_wconf 85' lang='lat' dir='ltr'><strong>mus,</strong></span> <span class='ocrx_word' id='word_1_695' title='bbox 2368 3060 2521 3128; x_wconf 88' lang='lat' dir='ltr'><strong>cujus</strong></span> <span class='ocrx_word' id='word_1_696' title='bbox 2541 3071 2726 3114; x_wconf 91' lang='lat' dir='ltr'><strong>auctor</strong></span> <span class='ocrx_word' id='word_1_697' title='bbox 2750 3057 3074 3115; x_wconf 85' lang='lat' dir='ltr'><strong>Coronatum</strong></span> <span class='ocrx_word' id='word_1_698' title='bbox 3096 3061 3422 3121; x_wconf 86' lang='lat' dir='ltr'><strong>adamussim</strong></span> <span class='ocrx_word' id='word_1_699' title='bbox 3444 3073 3645 3119; x_wconf 90' lang='lat' dir='ltr'><strong>secutus</strong></span> <span class='ocrx_word' id='word_1_700' title='bbox 3667 3077 3737 3132; x_wconf 86' lang='lat' dir='ltr'><strong>ap-</strong></span> <span class='ocrx_word' id='word_1_701' title='bbox 3784 3046 3785 3075; x_wconf 31' lang='grc' dir='ltr'>Ξ</span> 
     </span>
    </p>
   </div>
   <div class='ocr_carea' id='block_1_91' title="bbox 2187 3153 3785 3227">
    <p class='ocr_par' dir='ltr' id='par_1_91' title="bbox 2187 3153 3785 3227">
     <span class='ocr_line' id='line_1_91' title="bbox 2187 3153 3785 3227; baseline 0.003 -23"><span class='ocrx_word' id='word_1_702' title='bbox 2187 3154 2411 3221; x_wconf 89' lang='lat' dir='ltr'><strong>parebit,</strong></span> <span class='ocrx_word' id='word_1_703' title='bbox 2443 3165 2499 3208; x_wconf 90' lang='lat' dir='ltr'><strong>ut</strong></span> <span class='ocrx_word' id='word_1_704' title='bbox 2550 3154 2600 3208; x_wconf 91' lang='lat' dir='ltr'><strong>id</strong></span> <span class='ocrx_word' id='word_1_705' title='bbox 2647 3153 2818 3222; x_wconf 92' lang='lat' dir='ltr'><strong>ipsum</strong></span> <span class='ocrx_word' id='word_1_706' title='bbox 2859 3154 2925 3207; x_wconf 90' lang='lat' dir='ltr'><strong>dc</strong></span> <span class='ocrx_word' id='word_1_707' title='bbox 2965 3154 3085 3209; x_wconf 90' lang='lat' dir='ltr'><strong>aliis</strong></span> <span class='ocrx_word' id='word_1_708' title='bbox 3111 3171 3325 3226; x_wconf 91' lang='lat' dir='ltr'><strong>quoque</strong></span> <span class='ocrx_word' id='word_1_709' title='bbox 3364 3158 3619 3227; x_wconf 88' lang='lat' dir='ltr'><strong>sequioris</strong></span> <span class='ocrx_word' id='word_1_710' title='bbox 3654 3157 3733 3210; x_wconf 66' lang='grc' dir='ltr'><strong>τριί</strong></span> <span class='ocrx_word' id='word_1_711' title='bbox 3784 3153 3785 3195; x_wconf 64' lang='lat' dir='ltr'><strong>l</strong></span> 
     </span>
    </p>
   </div>
   <div class='ocr_carea' id='block_1_92' title="bbox 2188 3246 3785 3320">
    <p class='ocr_par' dir='ltr' id='par_1_92' title="bbox 2188 3246 3785 3320">
     <span class='ocr_line' id='line_1_92' title="bbox 2188 3246 3785 3320; baseline 0 -21"><span class='ocrx_word' id='word_1_712' title='bbox 2188 3246 2544 3302; x_wconf 88' lang='lat' dir='ltr'><strong>monumentis</strong></span> <span class='ocrx_word' id='word_1_713' title='bbox 2562 3246 3001 3314; x_wconf 88' lang='lat' dir='ltr'><strong>sitjudieandum.</strong></span> <span class='ocrx_word' id='word_1_714' title='bbox 3024 3248 3234 3320; x_wconf 85' lang='lat' dir='ltr'><strong>Ignotos</strong></span> <span class='ocrx_word' id='word_1_715' title='bbox 3256 3248 3465 3301; x_wconf 86' lang='lat' dir='ltr'><strong>Patrias</strong></span> <span class='ocrx_word' id='word_1_716' title='bbox 3488 3248 3734 3320; x_wconf 76' lang='lat' dir='ltr'><strong>legendum</strong></span> <span class='ocrx_word' id='word_1_717' title='bbox 3784 3246 3785 3315; x_wconf 49' lang='grc' dir='ltr'>ἦ</span> 
     </span>
    </p>
   </div>
   <div class='ocr_carea' id='block_1_93' title="bbox 2186 3332 3785 3407">
    <p class='ocr_par' dir='ltr' id='par_1_93' title="bbox 2186 3332 3785 3407">
     <span class='ocr_line' id='line_1_93' title="bbox 2186 3332 3785 3407; baseline 0 -16"><span class='ocrx_word' id='word_1_718' title='bbox 2186 3338 2324 3407; x_wconf 89' lang='lat' dir='ltr'><strong>apud</strong></span> <span class='ocrx_word' id='word_1_719' title='bbox 2347 3337 2693 3403; x_wconf 89' lang='lat' dir='ltr'><strong>Coronatum,</strong></span> <span class='ocrx_word' id='word_1_720' title='bbox 2719 3348 2768 3392; x_wconf 91' lang='lat' dir='ltr'><strong>ut</strong></span> <span class='ocrx_word' id='word_1_721' title='bbox 2795 3355 2860 3394; x_wconf 80' lang='lat' dir='ltr'><strong>ex</strong></span> <span class='ocrx_word' id='word_1_722' title='bbox 2887 3332 3138 3395; x_wconf 44' lang='lat' dir='ltr'><strong>Rem&#39;ensi</strong></span> <span class='ocrx_word' id='word_1_723' title='bbox 3175 3339 3363 3394; x_wconf 82' lang='lat' dir='ltr'><strong>codice</strong></span> <span class='ocrx_word' id='word_1_724' title='bbox 3402 3340 3629 3401; x_wconf 85' lang='lat' dir='ltr'><strong>edemus,</strong></span> <span class='ocrx_word' id='word_1_725' title='bbox 3662 3338 3728 3391; x_wconf 88' lang='lat' dir='ltr'><strong>hic</strong></span> <span class='ocrx_word' id='word_1_726' title='bbox 3784 3346 3785 3407; x_wconf 44' lang='grc' dir='ltr'><strong>ι</strong></span> 
     </span>
    </p>
   </div>
   <div class='ocr_carea' id='block_1_94' title="bbox 2181 3430 3785 3509">
    <p class='ocr_par' dir='ltr' id='par_1_94' title="bbox 2181 3430 3785 3509">
     <span class='ocr_line' id='line_1_94' title="bbox 2181 3430 3785 3509; baseline 0.001 -26"><span class='ocrx_word' id='word_1_727' title='bbox 2181 3432 2409 3499; x_wconf 85' lang='lat' dir='ltr'><strong>hymnus</strong></span> <span class='ocrx_word' id='word_1_728' title='bbox 2428 3430 2862 3499; x_wconf 83' lang='lat' dir='ltr'><strong>probat.Juverit</strong></span> <span class='ocrx_word' id='word_1_729' title='bbox 2903 3432 3059 3488; x_wconf 87' lang='lat' dir='ltr'><strong>etiam</strong></span> <span class='ocrx_word' id='word_1_730' title='bbox 3084 3432 3324 3501; x_wconf 65' lang='lat' dir='ltr'><strong>quaedam</strong></span> <span class='ocrx_word' id='word_1_731' title='bbox 3354 3432 3728 3503; x_wconf 67' lang='lat' dir='ltr'><strong>ltalicazliugua:</strong></span> 
     </span>
    </p>
   </div>
   <div class='ocr_carea' id='block_1_95' title="bbox 2177 3513 3726 3593">
    <p class='ocr_par' dir='ltr' id='par_1_95' title="bbox 2177 3513 3726 3593">
     <span class='ocr_line' id='line_1_95' title="bbox 2177 3513 3726 3593; baseline 0.001 -20"><span class='ocrx_word' id='word_1_732' title='bbox 2177 3521 2377 3573; x_wconf 88' lang='lat' dir='ltr'><strong>semina</strong></span> <span class='ocrx_word' id='word_1_733' title='bbox 2412 3521 2603 3576; x_wconf 86' lang='lat' dir='ltr'><strong>ibidem</strong></span> <span class='ocrx_word' id='word_1_734' title='bbox 2627 3513 3047 3593; x_wconf 78' lang='lat' dir='ltr'><strong>deprehendere,</strong></span> <span class='ocrx_word' id='word_1_735' title='bbox 3080 3523 3151 3576; x_wconf 89' lang='lat' dir='ltr'><strong>uti</strong></span> <span class='ocrx_word' id='word_1_736' title='bbox 3196 3522 3507 3592; x_wconf 81' lang='lat' dir='ltr'><strong>particulam</strong></span> <span class='ocrx_word' id='word_1_737' title='bbox 3552 3540 3726 3593; x_wconf 80' lang='lat' dir='ltr'><strong>perque,</strong></span> 
     </span>
    </p>
   </div>
   <div class='ocr_carea' id='block_1_96' title="bbox 2177 3611 3785 3691">
    <p class='ocr_par' dir='ltr' id='par_1_96' title="bbox 2177 3611 3785 3691">
     <span class='ocr_line' id='line_1_96' title="bbox 2177 3611 3785 3691; baseline 0.004 -30"><span class='ocrx_word' id='word_1_738' title='bbox 2177 3625 2334 3679; x_wconf 89' lang='lat' dir='ltr'><strong>quam</strong></span> <span class='ocrx_word' id='word_1_739' title='bbox 2361 3611 2538 3667; x_wconf 88' lang='lat' dir='ltr'><strong>ltalice</strong></span> <span class='ocrx_word' id='word_1_740' title='bbox 2554 3616 2735 3684; x_wconf 82' lang='lat' dir='ltr'><strong>perc/te</strong></span> <span class='ocrx_word' id='word_1_741' title='bbox 2750 3614 3033 3669; x_wconf 73' lang='lat' dir='ltr'><strong>efferimus.</strong></span> <span class='ocrx_word' id='word_1_742' title='bbox 3062 3614 3302 3670; x_wconf 86' lang='lat' dir='ltr'><strong>Notanda</strong></span> <span class='ocrx_word' id='word_1_743' title='bbox 3330 3628 3577 3685; x_wconf 62' lang='lat' dir='ltr'><strong>praeterea</strong></span> <span class='ocrx_word' id='word_1_744' title='bbox 3597 3626 3738 3670; x_wconf 87' lang='lat' dir='ltr'><strong>erunt</strong></span> 
     </span>
    </p>
   </div>
   <div class='ocr_carea' id='block_1_97' title="bbox 2178 3696 3785 3783">
    <p class='ocr_par' dir='ltr' id='par_1_97' title="bbox 2178 3696 3785 3783">
     <span class='ocr_line' id='line_1_97' title="bbox 2178 3696 3785 3783; baseline 0.005 -26"><span class='ocrx_word' id='word_1_745' title='bbox 2178 3707 2419 3777; x_wconf 70' lang='lat' dir='ltr'><strong>quaedam</strong></span> <span class='ocrx_word' id='word_1_746' title='bbox 2463 3711 2748 3779; x_wconf 65' lang='lat' dir='ltr'><strong>pra‘cipua,</strong></span> <span class='ocrx_word' id='word_1_747' title='bbox 2780 3711 2852 3764; x_wconf 91' lang='lat' dir='ltr'><strong>uti</strong></span> <span class='ocrx_word' id='word_1_748' title='bbox 2888 3726 3003 3764; x_wconf 89' lang='lat' dir='ltr'><strong>cum</strong></span> <span class='ocrx_word' id='word_1_749' title='bbox 3035 3712 3255 3782; x_wconf 85' lang='lat' dir='ltr'><strong>imperii,</strong></span> <span class='ocrx_word' id='word_1_750' title='bbox 3293 3714 3580 3783; x_wconf 85' lang='lat' dir='ltr'><strong>imperium,</strong></span> <span class='ocrx_word' id='word_1_751' title='bbox 3622 3721 3727 3766; x_wconf 67' lang='lat' dir='ltr'><strong>etc.,</strong></span> <span class='ocrx_word' id='word_1_752' title='bbox 3784 3696 3785 3765; x_wconf 55' lang='grc' dir='ltr'><strong>ι</strong></span> 
     </span>
    </p>
   </div>
   <div class='ocr_carea' id='block_1_98' title="bbox 2180 3802 3649 3873">
    <p class='ocr_par' dir='ltr' id='par_1_98' title="bbox 2180 3802 3649 3873">
     <span class='ocr_line' id='line_1_98' title="bbox 2180 3802 3649 3873; baseline 0 -17"><span class='ocrx_word' id='word_1_753' title='bbox 2180 3817 2274 3872; x_wconf 90' lang='lat' dir='ltr'><strong>pro</strong></span> <span class='ocrx_word' id='word_1_754' title='bbox 2326 3802 2664 3867; x_wconf 79' lang='lat' dir='ltr'><strong>imperatoris,</strong></span> <span class='ocrx_word' id='word_1_755' title='bbox 2708 3804 2983 3873; x_wconf 85' lang='lat' dir='ltr'><strong>imperator</strong></span> <span class='ocrx_word' id='word_1_756' title='bbox 3030 3815 3339 3859; x_wconf 59' lang='lat' dir='ltr'><strong>constanter</strong></span> <span class='ocrx_word' id='word_1_757' title='bbox 3387 3805 3649 3860; x_wconf 90' lang='lat' dir='ltr'><strong>scribitur.</strong></span> 
     </span>
    </p>
   </div>
   <div class='ocr_carea' id='block_1_99' title="bbox 2250 3893 3785 3967">
    <p class='ocr_par' dir='ltr' id='par_1_99' title="bbox 2250 3893 3785 3967">
     <span class='ocr_line' id='line_1_99' title="bbox 2250 3893 3785 3967; baseline -0.003 -18"><span class='ocrx_word' id='word_1_758' title='bbox 2250 3894 2435 3967; x_wconf 78' lang='lat' dir='ltr'><strong>]cr.vn]</strong></span> <span class='ocrx_word' id='word_1_759' title='bbox 2470 3894 2556 3949; x_wconf 87' lang='lat' dir='ltr'><strong>Ill.</strong></span> <span class='ocrx_word' id='word_1_760' title='bbox 2584 3895 2845 3966; x_wconf 86' lang='lat' dir='ltr'><strong>Sequetur</strong></span> <span class='ocrx_word' id='word_1_761' title='bbox 2887 3895 3108 3951; x_wconf 88' lang='lat' dir='ltr'><strong>historia</strong></span> <span class='ocrx_word' id='word_1_762' title='bbox 3138 3895 3531 3952; x_wconf 84' lang='lat' dir='ltr'><strong>Translationis</strong></span> <span class='ocrx_word' id='word_1_763' title='bbox 3571 3896 3625 3950; x_wconf 92' lang='lat' dir='ltr'><strong>S.</strong></span> <span class='ocrx_word' id='word_1_764' title='bbox 3654 3893 3736 3947; x_wconf 83' lang='lat' dir='ltr'><strong>Zc-</strong></span> <span class='ocrx_word' id='word_1_765' title='bbox 3784 3898 3785 3967; x_wconf 28' lang='grc' dir='ltr'><strong>ί</strong></span> 
     </span>
    </p>
   </div>
   <div class='ocr_carea' id='block_1_100' title="bbox 2181 3988 3736 4063">
    <p class='ocr_par' dir='ltr' id='par_1_100' title="bbox 2181 3988 3736 4063">
     <span class='ocr_line' id='line_1_100' title="bbox 2181 3988 3736 4063; baseline -0.002 -21"><span class='ocrx_word' id='word_1_766' title='bbox 2181 3989 2357 4052; x_wconf 87' lang='lat' dir='ltr'><strong>nouis,</strong></span> <span class='ocrx_word' id='word_1_767' title='bbox 2391 4004 2509 4059; x_wconf 70' lang='lat' dir='ltr'><strong>qua}</strong></span> <span class='ocrx_word' id='word_1_768' title='bbox 2548 4005 2689 4042; x_wconf 89' lang='lat' dir='ltr'><strong>nono</strong></span> <span class='ocrx_word' id='word_1_769' title='bbox 2720 3990 2937 4043; x_wconf 85' lang='lat' dir='ltr'><strong>ineunte</strong></span> <span class='ocrx_word' id='word_1_770' title='bbox 2977 3990 3175 4044; x_wconf 67' lang='lat' dir='ltr'><strong>smequ</strong></span> <span class='ocrx_word' id='word_1_771' title='bbox 3211 4001 3426 4059; x_wconf 88' lang='lat' dir='ltr'><strong>peracta</strong></span> <span class='ocrx_word' id='word_1_772' title='bbox 3460 3989 3572 4063; x_wconf 75' lang='lat' dir='ltr'><strong>fuit.</strong></span> <span class='ocrx_word' id='word_1_773' title='bbox 3604 3988 3736 4055; x_wconf 84' lang='lat' dir='ltr'><strong>llujus</strong></span> 
     </span>
    </p>
   </div>
   <div class='ocr_carea' id='block_1_101' title="bbox 2195 4077 3739 4151">
    <p class='ocr_par' dir='ltr' id='par_1_101' title="bbox 2195 4077 3739 4151">
     <span class='ocr_line' id='line_1_101' title="bbox 2195 4077 3739 4151; baseline -0.001 -19"><span class='ocrx_word' id='word_1_774' title='bbox 2195 4081 2431 4133; x_wconf 68' lang='lat' dir='ltr'><strong>historiw</strong></span> <span class='ocrx_word' id='word_1_775' title='bbox 2459 4090 2668 4144; x_wconf 85' lang='lat' dir='ltr'><strong>auctor,</strong></span> <span class='ocrx_word' id='word_1_776' title='bbox 2694 4081 2782 4149; x_wconf 89' lang='lat' dir='ltr'><strong>qui</strong></span> <span class='ocrx_word' id='word_1_777' title='bbox 2811 4079 2867 4136; x_wconf 88' lang='lat' dir='ltr'><strong>S.</strong></span> <span class='ocrx_word' id='word_1_778' title='bbox 2895 4077 3124 4135; x_wconf 87' lang='lat' dir='ltr'><strong>Zenonis</strong></span> <span class='ocrx_word' id='word_1_779' title='bbox 3154 4080 3328 4135; x_wconf 86' lang='lat' dir='ltr'><strong>Vitam</strong></span> <span class='ocrx_word' id='word_1_780' title='bbox 3354 4082 3622 4151; x_wconf 69' lang='lat' dir='ltr'><strong>prmmisit,</strong></span> <span class='ocrx_word' id='word_1_781' title='bbox 3649 4094 3739 4133; x_wconf 86' lang='lat' dir='ltr'><strong>mo-</strong></span> 
     </span>
    </p>
   </div>
   <div class='ocr_carea' id='block_1_102' title="bbox 2181 4171 3737 4242">
    <p class='ocr_par' dir='ltr' id='par_1_102' title="bbox 2181 4171 3737 4242">
     <span class='ocr_line' id='line_1_102' title="bbox 2181 4171 3737 4242; baseline -0.001 -18"><span class='ocrx_word' id='word_1_782' title='bbox 2181 4171 2411 4224; x_wconf 89' lang='lat' dir='ltr'><strong>nachum</strong></span> <span class='ocrx_word' id='word_1_783' title='bbox 2455 4186 2512 4224; x_wconf 85' lang='lat' dir='ltr'><strong>se</strong></span> <span class='ocrx_word' id='word_1_784' title='bbox 2539 4172 2764 4240; x_wconf 89' lang='lat' dir='ltr'><strong>prodere</strong></span> <span class='ocrx_word' id='word_1_785' title='bbox 2815 4171 3045 4237; x_wconf 78' lang='lat' dir='ltr'><strong>videtur,</strong></span> <span class='ocrx_word' id='word_1_786' title='bbox 3081 4172 3172 4241; x_wconf 88' lang='lat' dir='ltr'><strong>qui</strong></span> <span class='ocrx_word' id='word_1_787' title='bbox 3220 4172 3543 4242; x_wconf 88' lang='lat' dir='ltr'><strong>aliquamdiu</strong></span> <span class='ocrx_word' id='word_1_788' title='bbox 3573 4175 3621 4226; x_wconf 90' lang='lat' dir='ltr'><strong>in</strong></span> <span class='ocrx_word' id='word_1_789' title='bbox 3648 4174 3737 4240; x_wconf 85' lang='lat' dir='ltr'><strong>ipso</strong></span> 
     </span>
    </p>
   </div>
   <div class='ocr_carea' id='block_1_103' title="bbox 2181 4258 3732 4339">
    <p class='ocr_par' dir='ltr' id='par_1_103' title="bbox 2181 4258 3732 4339">
     <span class='ocr_line' id='line_1_103' title="bbox 2181 4258 3732 4339; baseline -0.002 -20"><span class='ocrx_word' id='word_1_790' title='bbox 2181 4264 2238 4319; x_wconf 91' lang='lat' dir='ltr'><strong>S.</strong></span> <span class='ocrx_word' id='word_1_791' title='bbox 2272 4258 2509 4318; x_wconf 83' lang='lat' dir='ltr'><strong>Zénouis</strong></span> <span class='ocrx_word' id='word_1_792' title='bbox 2555 4263 2883 4319; x_wconf 89' lang='lat' dir='ltr'><strong>monasterio</strong></span> <span class='ocrx_word' id='word_1_793' title='bbox 2930 4264 3156 4339; x_wconf 77' lang='lat' dir='ltr'><strong>vixerit;</strong></span> <span class='ocrx_word' id='word_1_794' title='bbox 3200 4266 3372 4335; x_wconf 86' lang='lat' dir='ltr'><strong>inquit</strong></span> <span class='ocrx_word' id='word_1_795' title='bbox 3413 4267 3551 4320; x_wconf 90' lang='lat' dir='ltr'><strong>enim</strong></span> <span class='ocrx_word' id='word_1_796' title='bbox 3599 4264 3732 4337; x_wconf 87' lang='lat' dir='ltr'><strong>paulo</strong></span> 
     </span>
    </p>
   </div>
   <div class='ocr_carea' id='block_1_104' title="bbox 2186 4351 3738 4423">
    <p class='ocr_par' dir='ltr' id='par_1_104' title="bbox 2186 4351 3738 4423">
     <span class='ocr_line' id='line_1_104' title="bbox 2186 4351 3738 4423; baseline -0.003 -17"><span class='ocrx_word' id='word_1_797' title='bbox 2186 4364 2305 4423; x_wconf 89' lang='lat' dir='ltr'><strong>post</strong></span> <span class='ocrx_word' id='word_1_798' title='bbox 2331 4355 2556 4418; x_wconf 82' lang='lat' dir='ltr'><strong>initium.</strong></span> <span class='ocrx_word' id='word_1_799' title='bbox 2578 4352 2714 4408; x_wconf 71' lang='lat' dir='ltr'><strong>Vitae</strong></span> <span class='ocrx_word' id='word_1_800' title='bbox 2741 4371 2753 4405; x_wconf 91' lang='lat'><strong>:</strong></span> <span class='ocrx_word' id='word_1_801' title='bbox 2780 4351 2961 4423; x_wconf 83' lang='lat' dir='ltr'><strong>Neque</strong></span> <span class='ocrx_word' id='word_1_802' title='bbox 3000 4354 3355 4421; x_wconf 69' lang='lat' dir='ltr'><strong>pretereunda</strong></span> <span class='ocrx_word' id='word_1_803' title='bbox 3386 4365 3499 4407; x_wconf 84' lang='lat' dir='ltr'><strong>sunt</strong></span> <span class='ocrx_word' id='word_1_804' title='bbox 3545 4370 3650 4423; x_wconf 77' lang='lat' dir='ltr'><strong>qua:</strong></span> <span class='ocrx_word' id='word_1_805' title='bbox 3682 4368 3738 4403; x_wconf 74' lang='lat' dir='ltr'><strong>re-</strong></span> 
     </span>
    </p>
   </div>
   <div class='ocr_carea' id='block_1_105' title="bbox 2186 4444 3738 4517">
    <p class='ocr_par' dir='ltr' id='par_1_105' title="bbox 2186 4444 3738 4517">
     <span class='ocr_line' id='line_1_105' title="bbox 2186 4444 3738 4517; baseline -0.004 -17"><span class='ocrx_word' id='word_1_806' title='bbox 2186 4448 2357 4517; x_wconf 84' lang='lat' dir='ltr'><strong>ligiosi</strong></span> <span class='ocrx_word' id='word_1_807' title='bbox 2388 4448 2506 4513; x_wconf 82' lang='lat' dir='ltr'><strong>viri,</strong></span> <span class='ocrx_word' id='word_1_808' title='bbox 2564 4445 2868 4517; x_wconf 82' lang='lat' dir='ltr'><strong>quibuscum</strong></span> <span class='ocrx_word' id='word_1_809' title='bbox 2898 4447 3148 4510; x_wconf 85' lang='lat' dir='ltr'><strong>stetimus,</strong></span> <span class='ocrx_word' id='word_1_810' title='bbox 3177 4446 3414 4515; x_wconf 79' lang='lat' dir='ltr'><strong>ﬁdelibus</strong></span> <span class='ocrx_word' id='word_1_811' title='bbox 3448 4448 3604 4501; x_wconf 82' lang='lat' dir='ltr'><strong>oculis</strong></span> <span class='ocrx_word' id='word_1_812' title='bbox 3629 4444 3738 4499; x_wconf 74' lang='lat' dir='ltr'><strong>ride-</strong></span> 
     </span>
    </p>
   </div>
   <div class='ocr_carea' id='block_1_106' title="bbox 2113 4538 3729 4613">
    <p class='ocr_par' dir='ltr' id='par_1_106' title="bbox 2113 4538 3729 4613">
     <span class='ocr_line' id='line_1_106' title="bbox 2113 4538 3729 4613; baseline -0.004 -19"><span class='ocrx_word' id='word_1_813' title='bbox 2113 4555 2159 4613; x_wconf 79' lang='grc' dir='ltr'><strong><em>ι)</em></strong></span> <span class='ocrx_word' id='word_1_814' title='bbox 2185 4551 2345 4605; x_wconf 84' lang='lat' dir='ltr'><strong>runt;</strong></span> <span class='ocrx_word' id='word_1_815' title='bbox 2374 4552 2425 4596; x_wconf 91' lang='lat' dir='ltr'><strong>et</strong></span> <span class='ocrx_word' id='word_1_816' title='bbox 2458 4542 2578 4595; x_wconf 91' lang='lat' dir='ltr'><strong>hinc</strong></span> <span class='ocrx_word' id='word_1_817' title='bbox 2606 4542 2767 4595; x_wconf 89' lang='lat' dir='ltr'><strong>etiam</strong></span> <span class='ocrx_word' id='word_1_818' title='bbox 2794 4539 3021 4609; x_wconf 87' lang='lat' dir='ltr'><strong>peritum</strong></span> <span class='ocrx_word' id='word_1_819' title='bbox 3053 4553 3112 4594; x_wconf 87' lang='lat' dir='ltr'><strong>se</strong></span> <span class='ocrx_word' id='word_1_820' title='bbox 3135 4538 3185 4592; x_wconf 91' lang='lat' dir='ltr'><strong>in</strong></span> <span class='ocrx_word' id='word_1_821' title='bbox 3220 4540 3283 4593; x_wconf 90' lang='lat' dir='ltr'><strong>iis</strong></span> <span class='ocrx_word' id='word_1_822' title='bbox 3312 4539 3642 4594; x_wconf 87' lang='lat' dir='ltr'><strong>documentis</strong></span> <span class='ocrx_word' id='word_1_823' title='bbox 3662 4551 3729 4590; x_wconf 54' lang='lat' dir='ltr'><strong>os.</strong></span> 
     </span>
    </p>
   </div>
   <div class='ocr_carea' id='block_1_107' title="bbox 2203 4626 3737 4701">
    <p class='ocr_par' dir='ltr' id='par_1_107' title="bbox 2203 4626 3737 4701">
     <span class='ocr_line' id='line_1_107' title="bbox 2203 4626 3737 4701; baseline -0.003 -16"><span class='ocrx_word' id='word_1_824' title='bbox 2203 4631 2391 4697; x_wconf 88' lang='lat' dir='ltr'><strong>tendit,</strong></span> <span class='ocrx_word' id='word_1_825' title='bbox 2424 4648 2540 4700; x_wconf 85' lang='lat' dir='ltr'><strong>quae</strong></span> <span class='ocrx_word' id='word_1_826' title='bbox 2568 4647 2671 4686; x_wconf 90' lang='lat' dir='ltr'><strong>non</strong></span> <span class='ocrx_word' id='word_1_827' title='bbox 2699 4632 2798 4685; x_wconf 91' lang='lat' dir='ltr'><strong>nisi</strong></span> <span class='ocrx_word' id='word_1_828' title='bbox 2831 4633 2881 4685; x_wconf 90' lang='lat' dir='ltr'><strong>in</strong></span> <span class='ocrx_word' id='word_1_829' title='bbox 2910 4630 3106 4696; x_wconf 39' lang='lat' dir='ltr'><strong>eodem,</strong></span> <span class='ocrx_word' id='word_1_830' title='bbox 3124 4626 3453 4686; x_wconf 83' lang='lat' dir='ltr'><strong>monasterio</strong></span> <span class='ocrx_word' id='word_1_831' title='bbox 3476 4632 3645 4701; x_wconf 78' lang='lat' dir='ltr'><strong>legere</strong></span> <span class='ocrx_word' id='word_1_832' title='bbox 3668 4641 3737 4698; x_wconf 75' lang='lat' dir='ltr'><strong>po-</strong></span> 
     </span>
    </p>
   </div>
   <div class='ocr_carea' id='block_1_108' title="bbox 2203 4708 3735 4791">
    <p class='ocr_par' dir='ltr' id='par_1_108' title="bbox 2203 4708 3735 4791">
     <span class='ocr_line' id='line_1_108' title="bbox 2203 4708 3735 4791; baseline -0.003 -18"><span class='ocrx_word' id='word_1_833' title='bbox 2203 4731 2376 4775; x_wconf 88' lang='lat' dir='ltr'><strong>tnerat</strong></span> <span class='ocrx_word' id='word_1_834' title='bbox 2408 4739 2420 4775; x_wconf 88' lang='lat'>:</span> <span class='ocrx_word' id='word_1_835' title='bbox 2456 4737 2555 4776; x_wconf 91' lang='lat' dir='ltr'><strong>nec</strong></span> <span class='ocrx_word' id='word_1_836' title='bbox 2599 4722 2701 4775; x_wconf 91' lang='lat' dir='ltr'><strong>alia</strong></span> <span class='ocrx_word' id='word_1_837' title='bbox 2749 4719 2888 4776; x_wconf 90' lang='lat' dir='ltr'><strong>forte</strong></span> <span class='ocrx_word' id='word_1_838' title='bbox 2914 4721 2980 4776; x_wconf 88' lang='lat' dir='ltr'><strong>de</strong></span> <span class='ocrx_word' id='word_1_839' title='bbox 3006 4736 3168 4775; x_wconf 85' lang='lat' dir='ltr'><strong>causa</strong></span> <span class='ocrx_word' id='word_1_840' title='bbox 3197 4721 3249 4775; x_wconf 89' lang='lat' dir='ltr'><strong>in</strong></span> <span class='ocrx_word' id='word_1_841' title='bbox 3278 4722 3515 4791; x_wconf 88' lang='lat' dir='ltr'><strong>ejusdem</strong></span> <span class='ocrx_word' id='word_1_842' title='bbox 3542 4708 3735 4778; x_wconf 73' lang='lat' dir='ltr'><strong>emnobii</strong></span> 
     </span>
    </p>
   </div>
   <div class='ocr_carea' id='block_1_109' title="bbox 2201 4808 3736 4885">
    <p class='ocr_par' dir='ltr' id='par_1_109' title="bbox 2201 4808 3736 4885">
     <span class='ocr_line' id='line_1_109' title="bbox 2201 4808 3736 4885; baseline 0.001 -21"><span class='ocrx_word' id='word_1_843' title='bbox 2201 4812 2386 4866; x_wconf 88' lang='lat' dir='ltr'><strong>laudes</strong></span> <span class='ocrx_word' id='word_1_844' title='bbox 2412 4817 2532 4867; x_wconf 90' lang='lat' dir='ltr'><strong>eu&#39;m</strong></span> <span class='ocrx_word' id='word_1_845' title='bbox 2573 4814 2875 4868; x_wconf 79' lang='lat' dir='ltr'><strong>excurrisse</strong></span> <span class='ocrx_word' id='word_1_846' title='bbox 2912 4813 3169 4869; x_wconf 86' lang='lat' dir='ltr'><strong>credibile</strong></span> <span class='ocrx_word' id='word_1_847' title='bbox 3210 4825 3314 4880; x_wconf 90' lang='lat' dir='ltr'><strong>est,</strong></span> <span class='ocrx_word' id='word_1_848' title='bbox 3356 4824 3513 4885; x_wconf 85' lang='lat' dir='ltr'><strong>quam</strong></span> <span class='ocrx_word' id='word_1_849' title='bbox 3539 4812 3667 4885; x_wconf 90' lang='lat' dir='ltr'><strong>quod</strong></span> <span class='ocrx_word' id='word_1_850' title='bbox 3700 4808 3736 4863; x_wconf 58' lang='lat' dir='ltr'><strong>ill</strong></span> 
     </span>
    </p>
   </div>
   <div class='ocr_carea' id='block_1_110' title="bbox 2201 4904 3735 4978">
    <p class='ocr_par' dir='ltr' id='par_1_110' title="bbox 2201 4904 3735 4978">
     <span class='ocr_line' id='line_1_110' title="bbox 2201 4904 3735 4978; baseline 0.002 -21"><span class='ocrx_word' id='word_1_851' title='bbox 2201 4904 2485 4973; x_wconf 91' lang='lat' dir='ltr'><strong>plurimum</strong></span> <span class='ocrx_word' id='word_1_852' title='bbox 2518 4905 2583 4959; x_wconf 89' lang='lat' dir='ltr'><strong>ad</strong></span> <span class='ocrx_word' id='word_1_853' title='bbox 2633 4919 2691 4959; x_wconf 90' lang='lat' dir='ltr'><strong>se</strong></span> <span class='ocrx_word' id='word_1_854' title='bbox 2722 4906 3032 4974; x_wconf 89' lang='lat' dir='ltr'><strong>pertineret.</strong></span> <span class='ocrx_word' id='word_1_855' title='bbox 3064 4905 3248 4965; x_wconf 85' lang='lat' dir='ltr'><strong>Solum</strong></span> <span class='ocrx_word' id='word_1_856' title='bbox 3286 4909 3448 4963; x_wconf 88' lang='lat' dir='ltr'><strong>verba</strong></span> <span class='ocrx_word' id='word_1_857' title='bbox 3478 4908 3735 4978; x_wconf 71' lang='lat' dir='ltr'><strong>quibusth</strong></span> 
     </span>
    </p>
   </div>
   <div class='ocr_carea' id='block_1_111' title="bbox 2198 5000 3735 5071">
    <p class='ocr_par' dir='ltr' id='par_1_111' title="bbox 2198 5000 3735 5071">
     <span class='ocr_line' id='line_1_111' title="bbox 2198 5000 3735 5071; baseline -0.003 -17"><span class='ocrx_word' id='word_1_858' title='bbox 2198 5000 2446 5061; x_wconf 84' lang='lat' dir='ltr'><strong>stetimus,</strong></span> <span class='ocrx_word' id='word_1_859' title='bbox 2487 5010 2533 5053; x_wconf 86' lang='lat' dir='ltr'><strong>et</strong></span> <span class='ocrx_word' id='word_1_860' title='bbox 2559 5000 2698 5053; x_wconf 84' lang='lat' dir='ltr'><strong>locus</strong></span> <span class='ocrx_word' id='word_1_861' title='bbox 2725 5000 2833 5067; x_wconf 86' lang='lat' dir='ltr'><strong>ille,</strong></span> <span class='ocrx_word' id='word_1_862' title='bbox 2866 5003 3055 5070; x_wconf 86' lang='lat' dir='ltr'><strong>quibus</strong></span> <span class='ocrx_word' id='word_1_863' title='bbox 3098 5001 3271 5071; x_wconf 90' lang='lat' dir='ltr'><strong>ipsum</strong></span> <span class='ocrx_word' id='word_1_864' title='bbox 3319 5001 3375 5057; x_wconf 92' lang='lat' dir='ltr'><strong>S.</strong></span> <span class='ocrx_word' id='word_1_865' title='bbox 3406 5003 3629 5058; x_wconf 88' lang='lat' dir='ltr'><strong>Zenonis</strong></span> <span class='ocrx_word' id='word_1_866' title='bbox 3654 5012 3735 5054; x_wconf 83' lang='lat' dir='ltr'><strong>mo-</strong></span> 
     </span>
    </p>
   </div>
   <div class='ocr_carea' id='block_1_112' title="bbox 2201 5093 3729 5167">
    <p class='ocr_par' dir='ltr' id='par_1_112' title="bbox 2201 5093 3729 5167">
     <span class='ocr_line' id='line_1_112' title="bbox 2201 5093 3729 5167; baseline 0 -20"><span class='ocrx_word' id='word_1_867' title='bbox 2201 5094 2491 5148; x_wconf 85' lang='lat' dir='ltr'><strong>nasterium</strong></span> <span class='ocrx_word' id='word_1_868' title='bbox 2547 5093 2836 5163; x_wconf 83' lang='lat' dir='ltr'><strong>intelligit,</strong></span> <span class='ocrx_word' id='word_1_869' title='bbox 2890 5096 3247 5164; x_wconf 88' lang='lat' dir='ltr'><strong>suspicionem</strong></span> <span class='ocrx_word' id='word_1_870' title='bbox 3297 5097 3541 5167; x_wconf 80' lang='lat' dir='ltr'><strong>ingerunt</strong></span> <span class='ocrx_word' id='word_1_871' title='bbox 3614 5108 3729 5149; x_wconf 76' lang='lat' dir='ltr'><strong>euut.</strong></span> 
     </span>
    </p>
   </div>
   <div class='ocr_carea' id='block_1_113' title="bbox 2198 5187 3730 5258">
    <p class='ocr_par' dir='ltr' id='par_1_113' title="bbox 2198 5187 3730 5258">
     <span class='ocr_line' id='line_1_113' title="bbox 2198 5187 3730 5258; baseline 0 -18"><span class='ocrx_word' id='word_1_872' title='bbox 2198 5202 2316 5241; x_wconf 90' lang='lat' dir='ltr'><strong>cum</strong></span> <span class='ocrx_word' id='word_1_873' title='bbox 2362 5190 2473 5241; x_wconf 78' lang='lat' dir='ltr'><strong>lucc</strong></span> <span class='ocrx_word' id='word_1_874' title='bbox 2516 5187 2793 5254; x_wconf 88' lang='lat' dir='ltr'><strong>scriberet,</strong></span> <span class='ocrx_word' id='word_1_875' title='bbox 2838 5190 3026 5245; x_wconf 89' lang='lat' dir='ltr'><strong>eodem</strong></span> <span class='ocrx_word' id='word_1_876' title='bbox 3070 5192 3121 5245; x_wconf 90' lang='lat' dir='ltr'><strong>in</strong></span> <span class='ocrx_word' id='word_1_877' title='bbox 3174 5194 3503 5247; x_wconf 88' lang='lat' dir='ltr'><strong>monasterio</strong></span> <span class='ocrx_word' id='word_1_878' title='bbox 3540 5188 3730 5258; x_wconf 75' lang='lat' dir='ltr'><strong>amplius</strong></span> 
     </span>
    </p>
   </div>
   <div class='ocr_carea' id='block_1_114' title="bbox 2202 5280 3732 5351">
    <p class='ocr_par' dir='ltr' id='par_1_114' title="bbox 2202 5280 3732 5351">
     <span class='ocr_line' id='line_1_114' title="bbox 2202 5280 3732 5351; baseline -0.001 -16"><span class='ocrx_word' id='word_1_879' title='bbox 2202 5298 2305 5335; x_wconf 91' lang='lat' dir='ltr'><strong>non</strong></span> <span class='ocrx_word' id='word_1_880' title='bbox 2334 5281 2498 5336; x_wconf 84' lang='lat' dir='ltr'><strong>fuisse</strong></span> <span class='ocrx_word' id='word_1_881' title='bbox 2531 5301 2542 5333; x_wconf 89' lang='lat'>:</span> <span class='ocrx_word' id='word_1_882' title='bbox 2577 5298 2693 5351; x_wconf 76' lang='lat' dir='ltr'><strong>qua:</strong></span> <span class='ocrx_word' id='word_1_883' title='bbox 2725 5292 2901 5339; x_wconf 82' lang='lat' dir='ltr'><strong>tamen</strong></span> <span class='ocrx_word' id='word_1_884' title='bbox 2942 5285 3217 5339; x_wconf 72' lang='lat' dir='ltr'><strong>conciliari</strong></span> <span class='ocrx_word' id='word_1_885' title='bbox 3256 5301 3376 5339; x_wconf 87' lang='lat' dir='ltr'><strong>cum</strong></span> <span class='ocrx_word' id='word_1_886' title='bbox 3407 5280 3732 5351; x_wconf 85' lang='lat' dir='ltr'><strong>superioribus</strong></span> 
     </span>
    </p>
   </div>
   <div class='ocr_carea' id='block_1_115' title="bbox 2171 5374 3727 5445">
    <p class='ocr_par' dir='ltr' id='par_1_115' title="bbox 2171 5374 3727 5445">
     <span class='ocr_line' id='line_1_115' title="bbox 2171 5374 3727 5445; baseline -0.004 -18"><span class='ocrx_word' id='word_1_887' title='bbox 2171 5374 2756 5431; x_wconf 63' lang='lat' dir='ltr'><strong>animadversionibus</strong></span> <span class='ocrx_word' id='word_1_888' title='bbox 2802 5392 2862 5431; x_wconf 90' lang='lat' dir='ltr'><strong>ea</strong></span> <span class='ocrx_word' id='word_1_889' title='bbox 2908 5377 3113 5431; x_wconf 90' lang='lat' dir='ltr'><strong>ratione</strong></span> <span class='ocrx_word' id='word_1_890' title='bbox 3157 5388 3396 5445; x_wconf 88' lang='lat' dir='ltr'><strong>possunt,</strong></span> <span class='ocrx_word' id='word_1_891' title='bbox 3447 5379 3490 5432; x_wconf 89' lang='lat' dir='ltr'><strong>si</strong></span> <span class='ocrx_word' id='word_1_892' title='bbox 3532 5378 3727 5431; x_wconf 80' lang='lat' dir='ltr'><strong>dicamus</strong></span> 
     </span>
    </p>
   </div>
   <div class='ocr_carea' id='block_1_116' title="bbox 2205 5468 3729 5537">
    <p class='ocr_par' dir='ltr' id='par_1_116' title="bbox 2205 5468 3729 5537">
     <span class='ocr_line' id='line_1_116' title="bbox 2205 5468 3729 5537; baseline -0.004 -16"><span class='ocrx_word' id='word_1_893' title='bbox 2205 5468 2366 5522; x_wconf 84' lang='lat' dir='ltr'><strong>fuisse</strong></span> <span class='ocrx_word' id='word_1_894' title='bbox 2392 5468 2609 5537; x_wconf 85' lang='lat' dir='ltr'><strong>quidem</strong></span> <span class='ocrx_word' id='word_1_895' title='bbox 2638 5484 2757 5523; x_wconf 90' lang='lat' dir='ltr'><strong>eum</strong></span> <span class='ocrx_word' id='word_1_896' title='bbox 2783 5470 3089 5525; x_wconf 87' lang='lat' dir='ltr'><strong>monasterii</strong></span> <span class='ocrx_word' id='word_1_897' title='bbox 3115 5471 3409 5525; x_wconf 87' lang='lat' dir='ltr'><strong>Zeuoniani</strong></span> <span class='ocrx_word' id='word_1_898' title='bbox 3432 5471 3729 5525; x_wconf 80' lang='lat' dir='ltr'><strong>monachum,</strong></span> 
     </span>
    </p>
   </div>
   <div class='ocr_carea' id='block_1_117' title="bbox 2204 5562 3732 5633">
    <p class='ocr_par' dir='ltr' id='par_1_117' title="bbox 2204 5562 3732 5633">
     <span class='ocr_line' id='line_1_117' title="bbox 2204 5562 3732 5633; baseline -0.004 -18"><span class='ocrx_word' id='word_1_899' title='bbox 2204 5572 2258 5615; x_wconf 86' lang='lat' dir='ltr'><strong>at</strong></span> <span class='ocrx_word' id='word_1_900' title='bbox 2283 5562 2511 5617; x_wconf 90' lang='lat' dir='ltr'><strong>subinde</strong></span> <span class='ocrx_word' id='word_1_901' title='bbox 2541 5564 2589 5616; x_wconf 93' lang='lat' dir='ltr'><strong>in</strong></span> <span class='ocrx_word' id='word_1_902' title='bbox 2631 5563 3009 5633; x_wconf 86' lang='lat' dir='ltr'><strong>aliquaeidem</strong></span> <span class='ocrx_word' id='word_1_903' title='bbox 3041 5565 3367 5618; x_wconf 89' lang='lat' dir='ltr'><strong>monasterio</strong></span> <span class='ocrx_word' id='word_1_904' title='bbox 3398 5564 3625 5629; x_wconf 82' lang='lat' dir='ltr'><strong>subjecta</strong></span> <span class='ocrx_word' id='word_1_905' title='bbox 3649 5569 3732 5613; x_wconf 75' lang='lat' dir='ltr'><strong>cm-</strong></span> 
     </span>
    </p>
   </div>
   <div class='ocr_carea' id='block_1_118' title="bbox 2208 5644 3731 5723">
    <p class='ocr_par' dir='ltr' id='par_1_118' title="bbox 2208 5644 3731 5723">
     <span class='ocr_line' id='line_1_118' title="bbox 2208 5644 3731 5723; baseline -0.005 -18"><span class='ocrx_word' id='word_1_906' title='bbox 2208 5654 2417 5708; x_wconf 86' lang='lat' dir='ltr'><strong>uobiola</strong></span> <span class='ocrx_word' id='word_1_907' title='bbox 2451 5654 2729 5719; x_wconf 72' lang='lat' dir='ltr'><strong>utigrasse,</strong></span> <span class='ocrx_word' id='word_1_908' title='bbox 2753 5654 2842 5707; x_wconf 85' lang='lat' dir='ltr'><strong>ubi</strong></span> <span class='ocrx_word' id='word_1_909' title='bbox 2873 5656 2973 5711; x_wconf 83' lang='lat' dir='ltr'><strong>hoc</strong></span> <span class='ocrx_word' id='word_1_910' title='bbox 3001 5651 3317 5723; x_wconf 80' lang='lat' dir='ltr'><strong>opusculum</strong></span> <span class='ocrx_word' id='word_1_911' title='bbox 3349 5648 3641 5707; x_wconf 70' lang='lat' dir='ltr'><strong>ltlr‘ttbl‘al&#39;ll-</strong></span> <span class='ocrx_word' id='word_1_912' title='bbox 3666 5644 3731 5700; x_wconf 79' lang='lat' dir='ltr'><strong>llii</strong></span> 
     </span>
    </p>
   </div>
   <div class='ocr_carea' id='block_1_119' title="bbox 2206 5725 3729 5811">
    <p class='ocr_par' dir='ltr' id='par_1_119' title="bbox 2206 5725 3729 5811">
     <span class='ocr_line' id='line_1_119' title="bbox 2206 5725 3729 5811; baseline -0.008 -10"><span class='ocrx_word' id='word_1_913' title='bbox 2206 5742 2381 5800; x_wconf 51' lang='lat' dir='ltr'><strong>autem</strong></span> <span class='ocrx_word' id='word_1_914' title='bbox 2430 5736 2752 5811; x_wconf 59' lang='lat' dir='ltr'><strong>argumentis</strong></span> <span class='ocrx_word' id='word_1_915' title='bbox 2787 5731 2952 5805; x_wconf 70' lang='lat' dir='ltr'><strong>duell;</strong></span> <span class='ocrx_word' id='word_1_916' title='bbox 2995 5725 3235 5811; x_wconf 55' lang='lat' dir='ltr'><strong>animauit</strong></span> <span class='ocrx_word' id='word_1_917' title='bbox 3284 5730 3729 5798; x_wconf 59' lang='lat' dir='ltr'><strong>insanare-tinum:</strong></span> 
     </span>
    </p>
   </div>
  </div>
