3820 6220
138 205 217 258 105

128 428 476 495 appellandum
506 434 920 513 censuimus,‘ut
956 451 1024 489 ne
1066 446 1242 492 tamen
1284 440 1383 494 hac
1412 440 1479 495 de
1525 457 1601 505 re,
1640 443 1683 496 si

127 518 229 589 quis
247 530 422 573 contra
448 524 672 590 sentiat,
696 525 916 581 velimus
940 527 1207 585 laborare.
1236 529 1315 586 Ad
1339 533 1682 588 statuendum

126 627 237 667 vero
265 612 418 683 hujus
460 618 702 671 auctoris
733 627 959 688 tempus,
999 620 1105 674 duo
1142 621 1482 678 characteres
1524 639 1681 678 manu

127 704 324 760 ducunt.
357 705 580 763 Nostros
616 709 951 782 liitperatores
976 715 1149 782 primo
1176 716 1474 784 appellans,
1507 717 1550 771 si
1578 716 1683 772 Ve-

126 815 253 855 rona:
288 801 606 870 opusculum
647 804 877 874 scripsit,
906 816 961 859 ιιι
998 806 1347 875 probabiliter
1388 808 1689 877 credimus,

124 891 299 946 rixisse
329 908 387 947 se
414 895 596 961 prodit
647 911 762 951 eum
793 896 1004 951 Verona
1045 899 1145 951 sub
1179 899 1567 971 imperatorum
1596 900 1679 954 dio

123 984 249 1038 tione
272 974 490 1059 95591"?
520 987 907 1056 quasubducta
937 988 1030 1042 fitit
1057 992 1162 1043 sub
1190 984 1349 1045 tinem
1378 991 1673 1047 saaculixn.

126 1078 237 1132 Dein
263 1087 589 1148 postremum
623 1082 932 1136 miraculum
961 1098 1209 1148 narrans,
1243 1084 1569 1141 mentionem
1602 1086 1676 1139 fa-

120 1171 181 1224 cit
210 1171 398 1226 inventi
427 1170 657 1227 Mantua:
705 1174 977 1244 sanguinis
1020 1174 1241 1240 Christi,
1269 1177 1356 1246 qui
1391 1176 1472 1230 bis
1495 1179 1679 1231 inven-

122 1274 191 1317 tus
224 1263 460 1330 traditur,
506 1267 730 1333 primum
771 1262 1013 1327 M3804.
1060 1275 1113 1321 et
1160 1284 1344 1323 rursus
1389 1268 1673 1325 ati.1049.

121 1356 234 1411 Vide
258 1357 615 1411 Donesmondi
640 1357 771 1412 llist.
804 1359 953 1413 Eccl.
976 1359 1168 1427 Mant.,
1202 1360 1296 1416 lib.
1320 1377 1399 1428 ιιι,
1424 1376 1546 1433 pag.
1574 1362 1678 1417 159

121 1458 170 1503 ct
207 1465 369 1520 seqq.,
420 1460 474 1505 et
518 1467 637 1522 pag.
670 1452 774 1507 195
822 1464 877 1508 et
907 1467 1057 1523 seqq.
1091 1454 1219 1509 Cum
1267 1466 1443 1510 autem
1476 1456 1540 1511 ad
1573 1457 1679 1525 pri-

120 1558 244 1597 mum
272 1550 495 1612 tempus,
540 1559 647 1615 quo
672 1542 809 1600 forte
859 1546 915 1601 8.
950 1546 1183 1602 Zenonis
1228 1550 1507 1604 translatio
1538 1566 1674 1605 non-

123 1633 230 1687 dum
256 1635 570 1704 contigerat,
604 1637 729 1691 illud
763 1638 1081 1693 miraculum
1112 1649 1231 1708 post
1264 1641 1670 1697 translationem

994 210 1058 268 IN
1088 211 1517 272 MONUMENTA
1548 217 1637 274 DE
1670 199 1726 276 s.
1764 184 2043 312 Zenone.
2075 227 2472 290 ADMONITIO.

130 350 248 395 rciu.
304 346 353 387 ut
405 336 880 410 distingueremus,
930 343 1294 402 Zenonianum
1349 350 1666 406 monachum
1716 335 1962 397 AdiVisa
2009 355 2228 409 θρυπτθῑ

3273 251 3374 309 194

2286 364 2299 399 :
2348 348 2402 401 in
2456 363 2555 403 ins.
2605 367 2781 409 aurem
2844 361 3156 418 monialium
3218 367 3368 423 ordi-

1794 427 1875 483 nis
1922 430 1977 485 S.
2034 432 2304 493 Francisci
2352 441 2402 494 in
2460 442 2716 500 lectiones
2754 464 2941 506 novem
3002 454 3149 524 Vita,
3209 470 3261 514 et
3316 462 3368 518 in

1789 521 2007 578 totidem
2042 525 2342 583 Translatio
2367 531 2644 604 dispertita
2664 538 2870 610 .legitur
2896 561 2908 596 :
2938 545 3024 601 ubi
3058 521 3235 605 tamen
3276 553 3369 607 ad-

1788 614 2101 670 vertendum
2133 630 2237 686 est,
2277 620 2329 675 in
2362 623 2415 677 id
2456 627 2667 696 generis
2702 629 2852 687 libris
2892 636 3094 694 omisso
3134 645 3367 712 auctoris

1787 705 2027 776 prologo,
2059 710 2147 779 qui
2176 711 2229 767 in
2257 713 2375 795 aliis
2406 732 2530 773 mss.
2570 719 2780 795 legitur,
2812 725 2946 782 Vitae
2984 706 3192 787 initium
3221 736 3365 793 aliud

1786 812 1906 854 esse
1941 801 1992 856 in
2021 818 2122 858 ms.
2175 791 2503 877 monialium,
2552 814 2603 867 in
2647 833 2746 872 ins.
2775 817 3152 894 Compagnolze
3195 830 3362 900 aliud,

1786 888 1917 959 illud
1951 902 2153 961 autem,
2186 902 2325 967 quod
2367 913 2575 973 prOStat
2623 908 2675 963 in
2706 926 2807 967 ms.
2860 915 3188 989 mmiiuliuin,
3223 923 3362 980 idem

1784 986 2003 1041 omnino
2034 993 2259 1059 reperiri
2300 1000 2350 1049 in
2399 999 2504 1055 alio
2548 1002 2864 1063 lectionario
2891 1011 3169 1083 Brixiano,
3209 1021 3364 1090 cujus

1786 1080 2029 1135 meminit
2056 1082 2236 1154 Scipio
2285 1088 2544 1157 Maiieius,
2577 1111 2697 1168 pag.
2732 1100 2836 1155 516
2870 1103 3004 1160 Hist.
3049 1080 3364 1179 Diplomdti-

1784 1182 1881 1234 cas,
1966 1188 2174 1230 necnon
2235 1178 2287 1233 in
2376 1183 2691 1243 lectionario
2742 1192 3363 1275 Vullicellanosiguato

1785 1275 1931 1313 num.
1960 1277 2037 1324 ιιι.
2071 1268 2211 1335 quod
2244 1266 2443 1329 saeculo
2468 1290 2566 1331 xm
2595 1282 2852 1351 scriptum
2898 1266 3254 1361 existimatur,
3284 1307 3367 1353 at-

1782 1366 1884 1421 que
1913 1355 1961 1407 in
1992 1370 2299 1426 pervetusto
2323 1365 2637 1426 lectionario
2669 1378 3103 1449 niembranaceo,
3135 1390 3275 1458 quod
3306 1391 3361 1448 in

1782 1444 2022 1503 archivio
2075 1453 2292 1521 capituli
2351 1456 2608 1517 Ecclesiae
2674 1464 3008 1529 Tridentinus
3072 1444 3357 1537 ser-vatur:

1778 1548 1897 1603 qua:
1928 1546 2102 1596 tamen
2136 1546 2231 1598 tria
2252 1546 2579 1607 lectionuria
2626 1555 2685 1612 S.
2715 1557 2950 1619 Zenonis
2996 1566 3164 1624 Vitam
3196 1587 3224 1627 a
3255 1573 3360 1630 Co-

1780 1641 1990 1697 ronato,
2036 1650 2142 1690 non
2190 1648 2368 1695 autem
2417 1658 2447 1697 a
2488 1649 2752 1705 monacho
2782 1656 3035 1725 scriptam
3083 1665 3356 1722 exhibent.

119 1742 353 1801 patratum
386 1734 652 1800 pertinere
680 1744 931 1802 nequeat,
983 1742 1037 1788 et
1062 1735 1240 1809 minus
1293 1736 1461 1789 multo
1488 1735 1671 1792 Muna-
1704 1740 1748 1799 Β
1780 1719 1938 1827 Hanc.
1959 1729 2207 1827 monachi
2240 1732 2417 1790 Vitam
2446 1740 2629 1795 eadem
2660 1758 2690 1797 e
2732 1746 3001 1804 Coronato
3028 1764 3357 1827 repetentem

118 1824 189 1877 chi
212 1834 349 1888 tetas,
378 1823 468 1893 qui
500 1826 727 1891 plurium
770 1827 1153 1895 imperatorum
1190 1827 1329 1880 dona
1374 1838 1490 1896 post
1518 1828 1669 1898 Pipi~

121 1930 228 1969 num
264 1920 317 1969 8.
347 1913 578 1969 Zenonis
621 1916 943 1970 monasterio
973 1917 1166 1993 tradita
1217 1928 1517 1985 memorat;
1560 1921 1670 1989 jam

120 2008 313 2061 alterum
339 2008 610 2077 sanguinis
640 2007 1000 2063 inventionem
1046 2020 1374 2078 postremum
1406 2009 1537 2083 illud
1568 2012 1670 2065 iiii-

121 2102 327 2157 raculiim
370 2111 591 2171 spectat.
637 2100 896 2171 Equidem
937 2102 1076 2156 idem
1131 2102 1447 2157 miraculum
1486 2113 1672 2159 auctor

121 2209 335 2258 narrans,
372 2194 615 2247 meminit
648 2194 863 2247 excelsa:
907 2195 1082 2259 turris,
1121 2210 1234 2265 qua:
1272 2194 1669 2264 aedificabatur:

122 2286 253 2355 hujus
277 2296 440 2341 autem
468 2286 632 2340 turris
648 2286 1113 2357 :edificari'coaptce
1140 2296 1354 2359 tempus
1383 2290 1669 2359 perSpieue

120 2378 254 2432 docet
288 2378 559 2449 inscriptio
607 2378 659 2432 in
703 2378 948 2447 ejusdem
996 2379 1158 2433 turris
1188 2380 1337 2435 calce
1366 2382 1561 2450 posita,
1616 2382 1667 2436 in

122 2486 203 2539 qua
250 2487 306 2527 ea
364 2486 503 2526 anno
571 2471 707 2527 1045
757 2472 993 2526 inchoata
1050 2482 1295 2541 notatur,
1351 2473 1491 2545 quod
1549 2491 1668 2529 eum

122 2576 192 2615 an.
225 2562 368 2629 1049,
409 2563 534 2617 dum
564 2562 738 2619 adhuc
785 2563 1067 2619 :edilicatio
1098 2564 1432 2633 procederet,
1467 2567 1669 2635 Optime

122 2657 350 2724 congruit.
394 2654 575 2726 Itaque
613 2656 858 2711 monachi
892 2666 1021 2711 tetas
1052 2658 1192 2713 inter
1218 2658 1450 2713 medium
1485 2675 1535 2713 XI
1568 2674 1670 2713 sre-

112 2750 290 2813 rculum,
318 2760 366 2803 et
394 2760 519 2805 ante
546 2730 705 2805 ﬁnem
733 2749 1140 2805 xiicollocanda
1166 2762 1267 2806 eSt.
1293 2750 1444 2817 Quod
1478 2752 1521 2807 si
1548 2767 1670 2821 pos—

125 2852 316 2897 tt‘ctnum
341 2844 527 2899 saltent
559 2845 689 2900 illud
718 2848 1031 2903 miraculum
1064 2864 1128 2901 ex
1159 2847 1263 2903 illis
1292 2848 1407 2911 fuit,
1436 2865 1556 2917 qth
1584 2864 1668 2906 re-

124 2935 289 3003 ligiosi,
315 2937 628 3006 quibuscum
660 2948 906 3004 steterat,
940 2941 1164 2995 suismet
1186 2941 1356 2997 oculis
1383 2941 1662 3010 viderunt;

124 3028 296 3093 nquius
319 3029 369 3083 in
400 3030 557 3084 tinem
592 3032 776 3086 saeculi
818 3047 873 3086 χι
900 3033 1066 3102 ipsius
1108 3042 1238 3086 mtas
1275 3035 1554 3088 referenda
1587 3035 1665 3088 ri-

1777 1814 2036 1871 recudere
2078 1820 2301 1877 nimium
2344 1838 2488 1883 esset
2520 1832 2823 1891 molestum.
2870 1840 3012 1898 Satis
3051 1824 3232 1917 itaque
3260 1852 3361 1906 erit

1775 1920 2015 1974 monere,
2045 1926 2164 1980 quae
2209 1919 2503 1977 monachus
2542 1937 2739 1994 prmter
2768 1931 3093 1992 Coronatuin
3140 1942 3357 2011 adjecit.

1772 1993 1888 2049 Non
1912 1994 2154 2057 Gallieni
2184 2005 2525 2075 imperatoris
2546 1993 2749 2087 solum,
2776 2024 2867 2078 sed
2893 2025 2948 2081 8.
2984 1993 3222 2103 Dionysii
3249 2036 3360 2093 Ro-

1775 2090 1918 2143 mani
1942 2094 2209 2156 pontificis
2234 2101 2396 2156 etiam
2420 2110 2752 2173 temporibus
2776 2115 3046 2175 Zenonem
3076 2090 3354 2185 florentem

1777 2179 1970 2265 prodit,
2013 2193 2065 2238 et
2114 2188 2428 2249 miraculum
2468 2199 2715 2261 referens
2769 2223 2875 2276 quo
2918 2210 3025 2267 {ilia
3056 2213 3285 2274 Gallieni
3326 2236 3356 2277 a

1734 2320 1746 2331 ,
1774 2272 2019 2333 dtemone
2051 2281 2272 2339 liberata
2307 2287 2424 2357 fuit,
2466 2299 2719 2353 nonnulla
2776 2299 2965 2360 ftisiori
3013 2311 3220 2367 calamo
3266 2317 3360 2371 ad-

1773 2365 1879 2431 dit,
1911 2371 1985 2424 uti
2028 2372 2157 2428 illud
2209 2378 2366 2436 trium
2404 2384 2665 2455 piscium,
2697 2407 2830 2461 quos
2874 2395 2928 2453 S.
2980 2399 3276 2475 Episcopus
3326 2424 3357 2465 e

1774 2459 2027 2526 piscando
2066 2467 2253 2535 redux,
2304 2473 2494 2542 legatis
2524 2481 2591 2533 ali
2632 2459 2958 2552 imperatore
2989 2459 3357 2556 tnissisldono

1772 2548 1941 2617 dedit,
1984 2564 2037 2609 et
2068 2564 2238 2626 quarti
2270 2577 2365 2631 per
2394 2568 2613 2622 eosdem
2644 2548 2860 2638 sublati.
2894 2583 2980 2650 qui
3021 2598 3144 2640 cum
3190 2600 3354 2646 caete-

1772 2642 1847 2699 ris
1877 2648 2030 2715 οοιιιιί
2065 2666 2174 2705 non
2208 2656 2397 2722 potuit.
2427 2657 2691 2721 Mortuuin
2726 2665 2888 2747 ﬂuvio
2909 2642 3199 2747 abreptum
3232 2681 3354 2738 vita:

1771 2734 2038 2794 redditum
2074 2756 2355 2814 memorat,
2389 2750 2539 2821 cujus
2570 2755 2837 2826 miraculi,
2873 2742 2899 2815 ἐι
2929 2734 3199 2825 (ἷοι-ιίιιιιιο
3232 2772 3356 2830 licet
3420 2818 3425 2823 -

1774 2834 2146 2901 przetcrmissi,
2200 2842 2561 2899 testimonium
2596 2848 2802 2917 profert
2852 2855 3166 2929 Anonymus
3206 2862 3354 2933 Pipi-

1773 2928 1985 2989 nianus,
2037 2939 2095 2982 ut
2133 2945 2228 2985 nos
2278 2948 2344 2988 ex
2389 2935 2601 2994 duobus
2647 2954 2777 2997 mss.
2833 2928 3184 3008 restituimus.
3218 2955 3351 3013 Tum

1770 3015 2023 3075 Sanctum
2070 3022 2274 3079 inducit
2319 3028 2663 3101 loquentem,
2709 3036 2979 3112 descripto
3031 3063 3125 3113 pro
3178 3052 3352 3118 prima

125 3120 267 3175 detur.
296 3112 413 3177 Haec
441 3124 660 3193 quidem
689 3124 795 3178 duo
827 3124 1076 3181 mooachi
1106 3127 1366 3196 opuscula
1396 3128 1661 3202 descripta

1772 3112 2028 3169 concione
2058 3124 2169 3170 toto
2198 3116 2427 3177 tractatu
2448 3124 2536 3191 52,
2564 3127 2654 3183 lib.
2684 3146 2742 3197 ιι,
2774 3141 2827 3186 et
2850 3112 3142 3207 fragmento
3162 3112 3355 3200 tracta-

126 3215 332 3284 leguntur
355 3233 450 3272 ms.
482 3218 804 3273 lectionario
844 3221 1025 3274 szeculi
1065 3236 1161 3285 xli,
1191 3219 1333 3289 quod
1380 3221 1663 3275 Bartliolo-

126 3322 259 3361 iurem
284 3307 634 3379 Compagnola
664 3311 723 3377 8.
764 3311 990 3367 Cmciliae
1020 3311 1460 3384 archipresbyter
1486 3313 1657 3383 possi-

125 3399 207 3453 det
234 3400 368 3465 Quod
403 3405 443 3455 si
478 3402 628 3457 Zeno
657 3402 747 3457 ille
792 3406 1111 3473 prmpositus
1153 3405 1485 3470 monasterii,
1517 3421 1664 3473 quem

125 3493 172 3543 ob
197 3492 426 3565 religionis
452 3505 499 3549 et
530 3496 800 3564 sapientia:
822 3497 1053 3549 meritum
1086 3495 1414 3551 Salomonem
1441 3498 1663 3568 agnomi-

126 3586 273 3639 naliaiit
298 3588 367 3660 (ut
391 3586 441 3643 iu
471 3605 582 3643 uno
608 3605 640 3643 e
678 3589 948 3644 miraculis
978 3590 1241 3683 prqditiir)
1274 3600 1357 3645 est
1384 3590 1471 3644 ille
1502 3591 1659 3647 Salo-

126 3694 241 3743 mon,
265 3683 344 3751 qui
371 3691 700 3738 memoratur
733 3683 783 3736 in
816 3682 1167 3752 inscriptione
1206 3683 1442 3738 basilica:
1470 3683 1525 3737 S.
1563 3683 1663 3737 Ze-

126 3771 248 3823 nonis
270 3772 459 3843 sculpta
488 3789 578 3826 an.
608 3772 768 3838 H78,
794 3788 855 3826 ac
878 3773 977 3827 sita
1010 3774 1062 3827 in
1090 3775 1311 3842 pariete,
1344 3775 1433 3828 ubi
1454 3775 1663 3844 insigne

126 3876 198 3916 tas
220 3864 637 3935 propliyreticum
680 3876 959 3931 servatur;
993 3868 1214 3935 sequior
1252 3866 1528 3935 aliquanto
1561 3868 1662 3921 hu-

121 3953 190 4020 jus
226 3959 445 4013 monachi
493 3966 629 4011 a'tas
658 3957 967 4012 collocanda
1013 3968 1175 4015 esset.
1209 3961 1279 4013 At
1321 3960 1457 4013 alius
1504 3976 1530 4013 a
1564 3959 1663 4016 Ze-

127 4062 238 4102 none
263 4052 538 4121 phcposito
568 4050 658 4105 hic
683 4048 935 4105 Salomon
968 4065 1088 4106 esse
1112 4060 1315 4121 potest;
1351 4062 1401 4105 et
1434 4052 1477 4104 si
1504 4052 1552 4106 in
1574 4068 1661 4106 or-

125 4136 268 4194 dinem
296 4154 589 4212 temporum
622 4142 880 4197 miracula
902 4142 969 4197 ab
1010 4152 1228 4198 auctore
1259 4144 1464 4212 prodita
1513 4154 1654 4213 sunt,

126 4232 237 4288 Zeno
269 4235 505 4293 Silanion
553 4238 766 4292 ab~hoe
810 4247 1159 4302 memoratus,
1204 4248 1329 4293 ante
1372 4254 1459 4293 an.
1495 4239 1653 4308 1049,

126 4342 218 4381 οιιιιι
258 4330 464 4385 Mantua:
512 4329 713 4385 Christi
757 4329 972 4399 sanguis
1020 4330 1269 4383 inventus
1315 4340 1420 4396 est,
1456 4343 1660 4417 postref

126 4435 329 4491 mutaque
365 4424 581 4479 Zenone
627 4422 994 4495 intercedente
1046 4421 1359 4476 miraculum
1407 4424 1654 4492 contigit,

1772 3214 1857 3259 tus
1882 3205 1952 3259 42
1995 3208 2238 3277 ejusdem
2288 3215 2430 3281 libri,
2484 3234 2579 3287 pro
2619 3226 2851 3280 secunda
2903 3205 3081 3286 autem
3116 3235 3268 3290 initio
3299 3247 3353 3294 et

1770 3297 1876 3353 ﬁne
1906 3310 2163 3358 tractatus
2200 3304 2233 3360 6
2265 3307 2358 3362 lil).
2396 3326 2428 3363 I.
2465 3311 2701 3370 Tandem
2735 3320 2899 3375 multa
2943 3325 3043 3379 sub
3074 3328 3193 3382 vita!
3232 3332 3350 3385 exi-

1770 3396 1878 3443 tum
1908 3392 1974 3445 ab
2001 3408 2067 3448 eo
2088 3396 2153 3449 ad
2182 3412 2309 3452 suos
2336 3400 2472 3456 dicta
2502 3403 2615 3459 fuse
2640 3422 3047 3479 commemorat,
3078 3420 3352 3475 eumdem-

1768 3500 1891 3551 qtie,
1918 3502 2071 3556 quem
2102 3488 2346 3551 Gallieno
2368 3500 2652 3565 Suppurem
2685 3501 2828 3567 fecit,
2854 3506 3055 3563 oliiisse
3086 3512 3260 3579 prodit
3281 3531 3345 3570 ex

1768 3576 2002 3632 editione
2031 3579 2308 3639 Mafl'i'iana
2360 3590 2526 3655 pridie
2566 3591 2693 3646 ldus
2737 3595 2929 3665 Aprilis
2974 3576 3108 3655 anno
3140 3601 3350 3660 Domini

1767 3674 2112 3726 lci-centesimo
2140 3676 2348 3743 primo;
2386 3696 2502 3747 quae
2544 3693 2719 3757 tamen
2760 3689 2883 3741 anni
2913 3695 3186 3748 anii0tatio
3222 3711 3344 3753 cum

1766 3760 1817 3815 in
1850 3764 2035 3820 codice
2063 3766 2435 3826 Bartliolomtci
2468 3773 2839 3846 Compagnolae
2870 3796 3073 3837 necnon
3127 3787 3180 3840 in
3230 3788 3348 3844 Mu-

1767 3853 1991 3908 selliano
2019 3857 2177 3921 desit,
2207 3858 2258 3912 in
2283 3859 2592 3929 Pompeiani
2621 3879 2794 3922 autem
2836 3875 3073 3942 margine
3100 3880 3345 3947 apposita

1770 3948 2046 4013 posteriori
2079 3964 2235 4003 manu
2270 3952 2497 4021 legatur,
2550 3972 2669 4011 eam
2700 3976 2802 4014 non
2834 3964 2901 4017 ab
2932 3964 3049 4033 ipso
3080 3972 3347 4027 monacho

1766 4045 1984 4093 auctore
2014 4043 2287 4111 scriptam,
2324 4046 2415 4099 sed
2445 4062 2508 4102 ex
2538 4053 2778 4122 margine
2810 4055 2862 4110 in
2897 4065 3105 4116 textum
3139 4064 3347 4136 aliquo-

1767 4148 1880 4186 ium
1910 4148 2037 4189 mss.
2074 4135 2354 4206 irrepsisse
2385 4143 2515 4197 satis
2544 4145 2801 4202 credibile
2822 4161 2923 4211 est,
2958 4154 3033 4207 uti
3069 4135 3259 4227 legitur
3289 4160 3341 4215 in

1764 4238 1829 4278 eo
1856 4240 1959 4295 quo
1989 4225 2341 4286 Mam-iusest
2385 4249 2534 4301 usus,
2587 4253 2793 4294 necnon
2820 4241 2870 4296 in
2908 4225 3341 4307 Vaticano1235.

1765 4318 1862 4373 llic
1908 4334 2035 4374 vero
2073 4331 2334 4380 annotare
2384 4327 2559 4383 obiter
2608 4330 2757 4399 liliet,
2807 4335 2947 4404 quod
2986 4339 3029 4392 si
3075 4342 3233 4395 etiam
3276 4343 3344 4398 ab

1764 4414 1881 4469 aliis
1912 4414 2023 4468 litec
2052 4420 2329 4474 annotatio
2365 4422 2572 4487 adjecta
2607 4423 2725 4491 fuit,
2755 4439 2811 4482 ut
2842 4430 3168 4497 probabilius
3195 4433 3344 4490 vide-

128 4511 267 4567 vivere
288 4515 472 4571 debuit.
509 4514 618 4570 Sed
661 4515 729 4569 de
757 4514 1006 4569 monachi
1032 4522 1188 4567 wtate
1219 4514 1371 4567 satis.
1407 4513 1655 4568 Transla-
1686 4520 1738 4580 D
1767 4516 1868 4573 tur,
1897 4519 1950 4561 et
1981 4508 2030 4561 in
2055 4509 2175 4563 aliis
2202 4512 2363 4567 etiam
2389 4513 2613 4569 aliorum
2636 4517 2903 4574 inferioris
2934 4524 3105 4576 aetatis
3127 4525 3341 4593 quidem

128 4605 251 4661 tionis
290 4609 514 4665 historia:
560 4620 747 4664 auctor
784 4609 944 4662 vitam
992 4607 1060 4664 8..
1091 4606 1327 4662 Zenonis
1378 4610 1656 4677 praemisit,

128 4713 218 4764 qua:
235 4715 261 4753 e
279 4699 538 4756 Coronato
557 4700 780 4755 Notario
797 4700 849 4754 iu
876 4707 1080 4769 partem
1108 4701 1398 4754 maximam
1422 4710 1630 4770 sumpta
1643 4742 1656 4766 ,

129 4786 166 4836 iii
193 4772 308 4843 mss:
333 4792 385 4849 S.
416 4793 677 4857 Zenonis,
706 4802 761 4846 et
782 4792 835 4845 in
858 4794 1027 4846 Sacris
1056 4790 1248 4845 ofﬁciis
1273 4807 1367 4859 pro
1405 4792 1659 4846 Coronati

131 4875 223 4931 Vita
243 4864 391 4939 locum
420 4886 536 4941 fere
584 4884 887 4952 occupavit.
919 4883 1134 4950 Legitur
1164 4883 1369 4938 scilicet
1396 4884 1576 4937 multis
1608 4885 1658 4937 in

131 4985 229 5023 mss.
258 4987 361 5042 post
378 4992 659 5032 sermones
682 4974 886 5049 [CLVIII]
919 4975 975 5031 S.
1007 4975 1240 5029 Zenonis
1272 4976 1322 5027 in
1348 4973 1661 5028 Tuli-utina-

134 5072 183 5129 ιε,
201 5063 495 5131 Zeiioniano,
518 5070 872 5139 Pompeiano,
898 5083 959 5122 ac
983 5069 1033 5121 in
1062 5067 1270 5121 duobus
1292 5066 1415 5120 item
1448 5065 1654 5119 Vatica-

134 5158 194 5209 nis
219 5158 331 5216 19.35
354 5173 401 5218 et
426 5164 587 5228 {235,
618 5178 847 5232 quorum
874 5162 1118 5215 notitiam
1149 5175 1321 5229 nuper
1349 5158 1655 5221 habuimus,

134 5262 180 5301 ac
202 5265 415 5317 praterea
448 5255 503 5308 in
534 5270 665 5307 mss.
687 5254 908 5307 alterius
934 5268 1145 5325 generis
1177 5251 1510 5313 Muselliinu,
1541 5247 1659 5303 Sai-

135 5338 314 5407 banteo,
356 5348 635 5401 Maﬂ'eiano
662 5386 676 5407 ,
728 5354 826 5409 et,
876 5356 933 5397 ut
991 5347 1264 5399 mittamus
1305 5343 1441 5397 alios
1508 5342 1658 5395 codi-

136 5448 217 5500 ces,
244 5438 287 5491 in
309 5436 612 5493 lectionario
651 5436 1029 5491 Bartholomzei
1060 5435 1452 5504 Campagnolaa,
1497 5447 1559 5485 ac
1602 5432 1655 5485 in

138 5524 266 5580 altero
315 5529 614 5585 monialium
688 5527 747 5581 8.
814 5526 993 5582 Maria:
1050 5528 1119 5581 de
1190 5526 1379 5592 campo
1443 5524 1654 5577 Martio.

140 5608 465 5675 liileotitinario
496 5618 901 5689 Campagnolm,
941 5634 1060 5695 cum
1106 5616 1170 5670 ad
1204 5613 1493 5682 marginem
1540 5624 1661 5669 oeto

143 5710 298 5765 umeri
332 5712 548 5783 appositi
608 5720 921 5777 cernantur,
971 5712 1083 5765 Vita
1140 5711 1191 5763 in
1229 5716 1350 5761 octo
1404 5707 1661 5762 lectiones

1762 4608 2037 4654 auctorum
2067 4601 2341 4658 eiidicibus
2360 4620 2477 4659 eam
2494 4622 2592 4681 nos
2615 4608 2805 4677 legisse
2820 4615 3157 4667 meminimus
3176 4618 3270 4681 (uti
3288 4616 3342 4670 iu

1764 4704 1925 4758 opere
1956 4709 2054 4747 ms.
2102 4694 2386 4751 Saibanteo
2428 4680 2551 4761 658,
2588 4701 2727 4766 quod
2759 4702 2965 4756 Blasius
2996 4680 3249 4761 Boss‘etus
3281 4708 3344 4762 de

1764 4782 2034 4853 Ερίεσορίδ
2068 4785 2445 4843 Veronensibus
2474 4791 2538 4843 ad
2572 4792 2788 4847 Petrum
2830 4793 3215 4865 Lipponiaiium
3260 4799 3345 4855 itt-

1765 4877 1998 4945 scripsit,
2031 4879 2117 4932 tibi
2167 4882 2217 4933 in
2268 4880 2487 4938 Zenone
2540 4884 2653 4939 haec
2696 4885 2896 4939 habet:
2932 4888 3067 4940 Obiit
3110 4895 3341 4960 egregius

1766 4969 1994 5036 ponti/ea:
2022 4978 2068 5021 et
2098 4980 2239 5037 pater
2267 4975 2446 5039 patria:
2477 4975 2557 5027 die
2586 4976 2802 5038 sabbati,
2836 4979 3001 5044 pridie
3026 4977 3153 5032 ldus
3185 4984 3342 5051 Apri-

1765 5056 1825 5112 lis
1851 5076 1984 5113 anno
2015 5077 2045 5113 a
2070 5059 2268 5114 Christo
2288 5074 2412 5133 nato
2434 5080 2568 5127 ccet,
2596 5075 2648 5120 et
2670 5069 2919 5121 similiter
2960 5070 3009 5122 in
3038 5073 3341 5142 antiquiore

1763 5164 1863 5201 ms.
1894 5153 2206 5205 monasterii
2240 5153 2294 5206 8.
2331 5154 2559 5208 Zenonis
2590 5154 2787 5222 scripto
2828 5157 2963 5210 circa
2996 5162 3231 5219 medium
3269 5184 3341 5223 xv

1761 5243 2041 5306 sreculum,
2078 5244 2125 5295 in
2154 5245 2396 5311 catalogo
2426 5247 2521 5301 SS.
2549 5246 2917 5313 episcoporum
2947 5251 3337 5317 Veronensium

1764 5336 1875 5388 Ιιιιξο
1919 5333 2139 5387 alterius
2184 5335 2493 5399 posterioris
2545 5351 2733 5391 manus
2780 5345 3055 5396 annotatio
3107 5348 3337 5419 legitur;

1765 5423 1987 5476 Μονίμη·
2028 5439 2113 5474 ait.
2165 5424 2288 5489 301,
2318 5427 2463 5494 cujus
2494 5439 2676 5497 corpus
2702 5432 2971 5500 requiescit
3018 5438 3070 5490 in
3099 5456 3178 5507 ea,
3233 5461 3340 5503 non

1764 5514 1982 5570 omnino
2012 5524 2262 5568 constans
2295 5516 2451 5584 igitur
2494 5520 2698 5574 exstitit
2720 5522 2793 5578 de
2819 5535 2976 5581 aetate
3008 5531 3062 5586 S.
3108 5528 3341 5597 Zenonis

1765 5605 1991 5661 Gallieni
2036 5604 2324 5673 imperium
2363 5609 2673 5680 attingentis
2730 5620 3029 5685 sententia,
3075 5627 3201 5694 quin
3249 5632 3343 5689 alii

1767 5697 2224 5753 aliti-rscnserint.
2273 5700 2405 5756 lline
2432 5703 2591 5760 etiam
2626 5706 2678 5761 in
2712 5724 2811 5764 ms.
2856 5711 3201 5777 Bibliotheca:
3226 5724 3344 5785 Mu-
