3820 6220
146 194 221 256 i0?

966 197 1031 254 ΙΝ
1076 196 1506 256 MONUMENTA
1567 194 1653 250 DE
1702 192 1759 251 S.
1812 190 2082 251 ZENONE
2111 191 2509 251 ADMONITIO.
2581 233 2594 243 .

3258 194 3357 246 {98

146 313 467 381 reperiuntur,
498 276 772 380 propterea
820 309 952 380 quod
996 324 1114 364 cum
1158 311 1271 364 haec
1302 309 1416 364 dies
1447 324 1499 362 vi
1537 306 1662 382 idus
1690 322 1739 380 Α
1761 305 2012 376 jicientur
2038 306 2242 377 reliqua
2273 308 2325 361 in
2351 304 2525 362 Missis
2552 303 2801 372 dicenda,
2830 319 2947 377 quae
2973 321 3039 362 ex
3068 322 3167 364 ms.
3197 309 3351 376 toties

147 406 416 460 Decembris
447 404 607 473 prima
635 404 704 456 sit
727 418 792 457 ex
826 402 925 456 illis
954 402 1123 456 tribus
1145 445 1159 469 ,
1199 418 1318 472 que
1363 400 1420 456 S.
1463 400 1668 455 Zenoni

146 505 430 553 consecrata;
455 504 577 550 sunt
598 493 841 567 (Missale
879 494 1027 550 enim
1061 494 1243 565 incipit
1272 494 1340 550 ab
1372 492 1669 564 Adventu),

149 589 239 641 iure
287 585 460 642 eadem
510 585 669 640 missa
717 583 838 639 aliis
881 600 1091 655 quoque
1134 584 1323 641 diebus
1374 584 1669 654 legebatur.

152 681 305 734 Exitst
329 691 531 749 quoque
566 676 775 732 Missale
808 692 910 732 ms.
941 676 1126 731 szeculi
1158 693 1248 731 xiv
1277 678 1513 741 circiter,
1545 689 1671 745 perv

154 769 380 826 εἱειειειρά
424 770 806 825 monasterium
850 768 908 825 8.
946 767 1177 824 ZenOnis
1204 764 1441 838 majoris,
1490 769 1675 838 inquo

151 870 337 931 quatuor
363 859 535 917 misszn
563 859 805 929 ejusdem
836 859 1017 915 Sancti
1049 859 1388 926 exhibentur,
1420 860 1671 916 nimirum

1774 392 1990 454 laudato
2021 385 2334 455 Zenoniimu
2366 399 2535 455 tribus
2578 398 2847 469 prioribus
2873 398 3051 455 Missis
3077 400 3315 469 subjecta
3337 441 3352 467 ,

1774 491 1963 547 iisdem
1996 491 2245 546 videntur
2281 491 2453 555 fuisse,
2486 492 2810 547 communia.
2851 491 2923 548 At
2970 495 3352 548 inouaclmrum

1774 591 2038 651 apparent
2071 581 2315 653 propria;
2352 583 2588 638 Ecclesia
2618 582 2765 637 enim
2798 582 3124 638 Veronensis
3151 584 3253 637 alio
3278 586 3359 638 in-

1778 675 1963 739 troitu,
1995 684 2129 741 ete.,
2166 680 2270 729 usa
2297 676 2639 745 cognoscitur
2669 691 2735 729 ex
2764 673 2968 745 Carpso
2999 676 3201 744 pluries
3238 693 3354 731 me-

1776 774 2007 831 morato,-
2039 767 2129 836 qui
2157 766 2221 821 ad
2251 767 2392 821 diem
2416 767 2766 836 depositionis
2792 768 2909 821 haec
2934 766 3095 821 habet
3125 785 3138 821 :
3174 768 3253 820 Ad
3278 768 3359 821 in—

1781 859 2008 915 troitum.
2034 877 2085 915 α.
2113 859 2189 929 (id
2213 871 2292 916 est
2315 860 2603 930 antipbona
2630 858 2968 931 )‘Protean'sti
3000 877 3078 915 me
3102 859 3320 915 Domine
3341 877 3361 913 :

157 962 244 1009 tres
261 965 344 1024 pro
363 952 527 1013 tribus
545 951 737 1008 diebus
753 950 925 1019 festis,
948 965 1052 1006 una
1076 966 1172 1022 pro
1197 952 1283 1007 die
1304 951 1675 1022 depositionis,
1702 997 1726 1015 ,.
1779 968 1832 1021 p.
1862 951 1935 1022 (id
1964 959 2048 1025 est
2076 952 2312 1021 psalmus
2335 950 2352 1022 )
2377 952 2583 1006 Exaudi
2608 969 2685 1005 ον.
2711 969 2822 1005 cum
2844 943 3111 1021 deprecor
3138 970 3150 1005 :
3182 952 3274 1006 all.
3299 953 3364 1007 de

150 1047 286 1101 altera
307 1058 399 1116 pro
425 1043 512 1100 die
539 1043 929 1110 translationis,
963 1046 1119 1100 tertia
1146 1060 1242 1115 pro
1266 1044 1353 1099 die
1382 1044 1678 1099 ordinatio-

146 1139 231 1203 nis,
253 1145 421 1208 quarta
451 1153 576 1195 vero
603 1139 737 1194 nulli
770 1137 908 1194 festo
933 1142 1226 1210 assignata,
1259 1141 1559 1196 communis
1588 1154 1677 1193 sa-

143 1232 201 1286 tis
230 1231 462 1302 proditur.
502 1231 559 1287 In
605 1231 711 1289 hoc
747 1225 925 1288 autem
968 1232 1141 1302 prima
1196 1233 1313 1289 hrec
1361 1231 1523 1290 missa
1570 1229 1681 1291 diei

148 1323 449 1394 depositionis
493 1324 807 1382 attribuitur
834 1340 956 1381 cum
987 1325 1141 1382 titulo
1197 1322 1465 1395 Depositio
1491 1324 1554 1380 S.
1583 1323 1681 1378 Ze-

150 1398 286 1472 nonis.
312 1416 478 1487 Itaque
504 1417 622 1473 haec
664 1418 840 1488 prima
876 1404 1461 1491 Missa'manuscriptis
1500 1415 1556 1471 in
1584 1430 1682 1472 sex

150 1508 275 1563 libris
299 1508 753 1564 Sacramentorum
787 1508 1113 1565 Veronensis
1150 1507 1411 1564 Ecclesiae
1437 1508 1677 1563 contine-

149 1612 235 1668 tur,
260 1616 315 1656 ac
337 1601 548 1672 proinde
588 1602 681 1657 illa
711 1616 832 1656 esse
856 1602 1221 1671 cognoscitur,
1248 1617 1365 1671 qua:
1389 1599 1679 1655 universim

1781 1044 2168 1098 resurrectione.
2216 1044 2312 1099 all.
2356 1045 2447 1099 all.
2523 1045 2595 1113 ἡ.
2640 1044 3124 1118 (responsorium)
3176 1046 3366 1102 Sancte

1783 1139 2042 1207 confessor
2060 1135 2201 1191 Zeno
2240 1138 2377 1210 :oﬂ‘.
2399 1138 2422 1210 (
2446 1138 2780 1203 oll'ertorium
2822 1137 2842 1211 )
2867 1138 3095 1195 Posuisti
3124 1138 3366 1197 Domine.

1784 1246 1868 1284 co.
1919 1230 2323 1303 (communio)
2376 1231 2662 1288 Laetabitur
2703 1234 2898 1304 justus.
2959 1232 3088 1299 lla'c
3138 1235 3368 1305 excipiet

1786 1322 1946 1385 Missa
2005 1316 2397 1391 Ambrosiana,
2446 1339 2608 1395 quam
2648 1308 3016 1399 excerpsimus
3061 1340 3125 1379 ex
3167 1325 3366 1389 Μίδωιί

1785 1413 2144 1487 Ambrosiano
2170 1416 2316 1473 edito
2338 1433 2365 1472 a
2396 1417 2600 1473 Jacobo
2629 1418 2887 1485 Pamelio,
2921 1427 3052 1473 tom.
3081 1434 3101 1473 1
3130 1418 3362 1490 Liturgi-

1785 1523 1887 1564 con
1916 1510 2168 1566 Ecclesiae
2193 1510 2399 1567 Latinae
2450 1526 2569 1582 pag.
2605 1510 2734 1577 438,
2780 1524 2987 1566 necnon
3018 1526 3082 1566 ex
3131 1512 3251 1566 aliis
3282 1514 3371 1567 tri—

1787 1601 1889 1658 bus
1937 1603 2241 1663 Missalibus
2273 1602 2646 1660 Ambrosianis
2672 1604 2833 1660 editis
2872 1620 2963 1659 an.
3010 1604 3181 1672 1522,
3211 1605 3373 1669 1548,

150 1693 191 1747 in
211 1702 360 1748 nostra
386 1692 620 1749 Ecclesia
651 1692 887 1748 adhibita
915 1692 1033 1747 fuit.
1066 1692 1280 1747 Missam
1312 1692 1602 1748 secundum
1625 1692 1691 1746 in
1712 1715 1761 1774 Β
1786 1702 1842 1748 ct
1867 1696 2028 1750 1560.
2056 1695 2114 1749 Ρ.
2137 1696 2406 1766 Josephus
2437 1696 2809 1762 Blanchinius,
2828 1696 2918 1767 qui
2945 1712 3041 1767 pro
3062 1712 3157 1761 sua
3180 1698 3373 1753 eximia

146 1782 453 1837 Translatione
476 1783 535 1838 S.
564 1782 788 1837 Zenonis
804 1784 856 1836 in
879 1783 998 1837 solo
1017 1797 1120 1836 ms.
1145 1783 1339 1836 Missnli
1370 1783 1683 1838 monasterii

146 1875 391 1931 Zenoniani
413 1876 727 1945 reperimus.
747 1875 901 1929 Missa
918 1889 1046 1928 vero
1065 1874 1217 1928 tertia
1236 1874 1286 1927 in
1310 1874 1684 1929 Sacramenta-

147 1970 213 2021 rio
236 1969 391 2023 πρεειί
413 1985 464 2033 x,
492 1967 707 2023 Othone
731 1982 880 2037 rege,
904 1974 963 2022 ut
991 1976 1146 2021 antea
1172 1967 1428 2032 diximus,
1457 1968 1677 2036 scripto,

147 2071 188 2114 et
213 2062 286 2115 die
323 2061 523 2131 quidem
552 2060 749 2115 vr'ldus
778 2059 1092 2117 Decembris
1133 2060 1347 2128 legitur,
1402 2058 1564 2131 [om]
1597 2060 1683 2114 cui

148 2153 768 2225 pnuligituninscriptio:
820 2157 871 2206 in
919 2150 1046 2205 ldus
1097 2149 1406 2215 Decembris,
1474 2150 1685 2209 Natalis

148 2243 598 2311 S.Zenonis;cum
643 2256 817 2299 tamen
860 2258 924 2299 ea
955 2245 1043 2299 die
1089 2245 1139 2298 in
1178 2241 1495 2298 Calendariu
1547 2258 1681 2311 prae-

148 2336 291 2392 tnisso
317 2347 630 2393 aunotetur:
681 2336 747 2392 S.
779 2322 999 2390 Zenonis
1041 2337 1347 2405 confessoris
1377 2345 1422 2400 et
1458 2334 1685 2405 episcopi

147 2430 376 2484 dedicatio.
411 2431 692 2502 Reperitur
720 2431 881 2486 etiam
911 2432 1081 2485 multo
1109 2431 1441 2485 cmendatior
1486 2431 1537 2484 in
1568 2430 1681 2483 lau—

144 2522 251 2574 datu
271 2522 449 2579 Missali
481 2525 790 2580 monasterii
824 2523 880 2579 S.
911 2522 1149 2580 Zenonis
1176 2538 1297 2579 cum
1335 2523 1435 2578 hac
1459 2523 1687 2593 inscrip—

148 2625 267 2668 tone
296 2615 386 2671 :ln
408 2621 532 2688 festo
560 2616 623 2673 S.
664 2616 888 2673 Zenonis
928 2619 982 2671 in
1022 2618 1249 2673 Adventu
1278 2597 1483 2675 Domini
1526 2618 1687 2679 nostri

145 2704 249 2766 Iesu
272 2706 461 2764 Christi.
503 2710 628 2766 Haec
654 2711 845 2767 eadem
894 2711 1056 2767 Missa
1102 2719 1196 2781 per
1224 2726 1463 2767 errorem
1495 2727 1528 2767 ν
1558 2711 1687 2766 ldus

148 2818 225 2871 pro
252 2820 296 2858 tu
322 2804 445 2860 Idus
467 2803 761 2861 Decembris
788 2806 1079 2876 assignata,
1135 2805 1325 2861 eodem
1373 2805 1524 2860 titulo
1577 2821 1686 2876 quo

146 2897 188 2949 in
224 2895 490 2968 Capitulari
527 2888 1201 2968 manuscriptoibabetur
1223 2897 1382 2952 etiam
1416 2897 1467 2951 in
1499 2897 1686 2953 codice

147 2987 533 3056 \’:uicano‘5806,
559 2992 798 3060 qniauro
827 2989 1099 3058 miniOquc
1126 2989 1483 3058 conscriptus,
1506 2989 1681 3057 ntiju-
1717 2977 1733 2982 ’

1788 1785 1841 1840 in
1866 1786 2155 1841 Putronmn
2180 1795 2420 1841 nostrum
2446 1788 2709 1857 pietatein
2735 1789 3086 1857 procurandis
3101 1789 3377 1851 transmit-

1754 1869 2071 1947 tendisque
2122 1879 2186 1933 ad
2232 1894 2330 1934 nos
2380 1880 2543 1934 variis
2594 1880 2934 1935 documentis
2992 1897 3058 1937 ex
3106 1882 3377 1938 nonnullis

1784 1970 1955 2025 sacris
1993 1971 2297 2036 codicibus,
2325 1972 2581 2027 Romanis
2615 1976 2911 2042 praesertim
2937 2015 2953 2043 ,
2989 1974 3195 2030 naviter
3225 1975 3376 2035 labo—

1784 2062 1946 2129 rauit,
1987 2064 2126 2121 hanc
2173 2074 2380 2121 sextam
2434 2066 2649 2120 Missam
2699 2068 2927 2137 reperiri
2982 2067 3299 2137 signiﬁcavit
3328 2068 3379 2121 in

1788 2173 1889 2215 ms.
1916 2156 2173 2223 Vaticano
2197 2158 2444 2213 Palatino
2466 2159 2571 2215 506
2595 2161 2796 2228 scripto
2817 2162 2959 2215 circa
2980 2161 3233 2215 saeculum
3260 2177 3372 2227 Χιιε,

1785 2256 1872 2307 cui
1893 2252 1985 2310 hic
2009 2262 2091 2307 est
2122 2252 2308 2308 titulus
2336 2273 2347 2305 :
2383 2252 2594 2307 Missale
2619 2255 2817 2324 yemale
2844 2263 2893 2308 et
2918 2255 3145 2309 activum
3168 2254 3379 2308 Ambro-

1754 2418 1761 2421 ν
1786 2346 1990 2402 sianum
2016 2345 2083 2399 ad
2106 2346 2352 2402 honorem
2380 2346 2510 2399 beati
2540 2345 2803 2411 Mauritii,
2835 2347 2923 2416 qui
2949 2348 3163 2400 natione
3185 2345 3375 2401 Medio-

1791 2435 2065 2501 lanensis,
2123 2435 2180 2491 S.
2232 2434 2504 2492 Ambrosii
2564 2436 2855 2506 discipulus
2912 2435 3078 2491 fuisse
3128 2434 3373 2491 traditur.

1788 2524 1945 2586 liune
1966 2535 2144 2581 autem
2167 2524 2406 2581 codicem
2441 2526 2768 2595 pertinuisse
2787 2526 2852 2581 ad
2879 2525 3173 2582 Ecclesiam
3200 2525 3380 2582 Aude-

1786 2635 2078 2691 gnvensem
2122 2622 2227 2674 duo
2266 2619 2511 2675 suadent.
2554 2620 2789 2675 Primum
2832 2622 2885 2675 in
2932 2620 3155 2689 prtelixo
3188 2618 3384 2687 Calen-

1787 2710 1941 2769 dario
1997 2711 2184 2767 die-15
2237 2710 2574 2780 Septembris
2632 2712 2749 2766 base
2797 2712 3088 2782 leguntur:
3120 2709 3385 2778 Depositio

1790 2806 1854 2863 S.
1882 2805 2125 2861 llauritii
2154 2806 2382 2875 episcopi
2406 2813 2452 2859 et
2476 2805 2800 2875 confessoris.
2838 2803 2905 2859 Et
2917 2808 3057 2877 jacet
3086 2804 3139 2857 in
3168 2802 3383 2861 Civitate

1787 2878 2163 2968 Audepavensi,
2194 2912 2310 2964 quin
2337 2906 2411 2955 est
2448 2898 2501 2951 in
2532 2896 2817 2967 conﬁnibus
2854 2894 3309 2951 inter’Fransiam
3334 2903 3382 2950 et

1789 2989 2104 3055 Britaneam,
2131 2994 2281 3063 cujus
2295 3000 2377 3046 est
2403 2991 2541 3046 istud
2566 2990 2800 3046 Missale.
2850 2991 2979 3045 Dein
3014 2990 3065 3045 in
3088 2991 3235 3045 calce
3265 2989 3387 3044 libri

145 3081 338 3149 dicatur,
366 3086 555 3139 sszculo
582 3084 800 3139 circiter
825 3099 902 3148 ιι,
935 3082 1073 3137 hanc
1112 3083 1516 3152 inscriptionem
1545 3096 1686 3165 prce:
1708 3091 1752 3152 (ζ
1786 3082 2080 3139 recentiori
2116 3098 2276 3138 manu
2327 3083 2446 3138 bmc
2489 3085 2768 3138 annotatio
2819 3083 3065 3154 apposita
3092 3094 3213 3147 est:
3273 3081 3385 3152 Ego

146 3171 264 3227 lett:
292 3173 430 3229 Liber
470 3174 921 3232 Sacramentorum
966 3175 1230 3242 expositus
1274 3191 1305 3226 a
1348 3172 1409 3227 S.
1441 3172 1684 3243 Gregorio

144 3280 256 3331 papa
284 3264 501 3320 Romano
523 3308 536 3329 ,
580 3268 745 3321 editus
782 3281 847 3321 ea:
874 3266 1161 3319 authentico
1205 3263 1518 3318 bibliothecae
1544 3262 1685 3316 cubi-

144 3358 258 3409 culi:
278 3368 324 3411 et
346 3357 480 3413 hunc
504 3343 742 3413 codicem
769 3373 890 3413 eum
920 3356 1084 3420 fuisse
1105 3357 1374 3412 credimus
1421 3371 1527 3428 quo
1557 3372 1684 3412 usus

145 3458 207 3500 est
246 3450 461 3519 Angelus
492 3449 689 3515 Bucca,
720 3464 846 3505 cum
882 3448 1357 3503 sacramentarium
1394 3444 1683 3518 Gregoriu-

144 3555 248 3593 num
286 3557 349 3597 ex
383 3542 790 3612 antiquissimo,
824 3542 898 3596 nti
948 3549 1136 3606 vocat,
1170 3556 1270 3595 ms.
1329 3540 1586 3596 Vaticano
1632 3541 1682 3593 in

143 3629 352 3689 Romana
377 3634 430 3690 8.
458 3634 706 3705 Gregorii
751 3634 992 3689 editione
1034 3633 1366 3703 publicavit,
1420 3633 1511 3686 ubi
1555 3648 1685 3688 sane

140 3724 302 3779 eodem
347 3742 525 3782 errore
559 3727 747 3781 eadem
780 3726 836 3782 S.
882 3723 1115 3779 Zenonis
1153 3723 1325 3780 Missa
1354 3741 1382 3777 v
1420 3722 1547 3778 Idus
1578 3722 1685 3777 De-

140 3816 323 3875 mnbris
349 3818 536 3890 legitur
566 3828 699 3874 tom.
735 3834 785 3884 ν,
818 3832 939 3888 pag.
971 3817 1099 3872 265.
1135 3816 1270 3871 lliuc
1302 3832 1461 3887 porro
1486 3816 1688 3887 colligi-

141 3918 229 3977 tur,
255 3911 381 3967 hanc
404 3913 639 3979 Missam,
680 3912 955 3968 erroribus
977 3910 1100 3966 licet
1122 3904 1393 3964 nonnullis
1425 3910 1681 3972 vitiatam,

141 4004 273 4060 valde
298 4006 560 4078 antiquam
582 4022 724 4068 esse,
756 4014 813 4062 et
840 4005 906 4060 ab
934 4004 1052 4061 aliis
1082 4005 1242 4060 etiam
1268 4004 1525 4067 Ecclesiis
1543 4044 1560 4071 ,
1594 4004 1686 4058 ubi
1727 4062 1729 4070 ,

138 4097 341 4156 S.-Zeno
366 4101 651 4168 colebatur,
694 4099 860 4154 fuisse
885 4107 1211 4167 susceptam.
1264 4097 1317 4151 lu
1363 4097 1466 4152 hac
1508 4104 1684 4152 autem

140 4191 272 4247 liissa
309 4196 663 4249 annotandum
704 4194 975 4265 prmcipue
1017 4202 1119 4257 est,
1165 4191 1303 4262 quod
1348 4192 1412 4254 S.
1454 4192 1688 4247 Zenonis

139 4284 443 4351 pontiﬁcatus
468 4295 818 4351 memoratur,
848 4301 912 4341 ac
936 4285 983 4341 si
1012 4300 1073 4340 ea
1102 4276 1190 4341 die
1219 4286 1275 4340 S.
1320 4284 1571 4356 Episcopi
1593 4298 1688 4352 or-

137 4376 314 4435 dinatio
339 4381 720 4437 celebraretur.
745 4379 999 4447 Quartam
1034 4379 1249 4459 Missam
1282 4379 1517 4447 suppetit
1544 4375 1683 4431 idem
1715 4437 1718 4441 ,

1786 3175 2045 3243 presbyter
2072 3170 2351 3227 Gervasius
2405 3172 2468 3226 de
2507 3173 2750 3227 Bruzano
2805 3172 3153 3247 Cappellanus
3202 3172 3384 3245 [cuti]

1787 3262 2034 3318 Ecclesia:
2076 3264 2135 3320 S.
2194 3262 2449 3330 Mauritii,
2503 3276 2549 3320 et
2590 3265 2911 3320 Masiconius
2960 3267 3165 3321 Sancta:
3206 3266 3389 3321 Marica

1790 3354 2018 3427 Majoris-
2062 3354 2250 3409 devouo
2293 3355 2387 3409 hoc
2433 3371 2601 3409 meum
2658 3355 2874 3411 Missale
2922 3357 3167 3412 Ecclesiae
3208 3358 3389 3413 Sancti

1790 3447 2026 3502 Mauritii
2068 3465 2161 3517 pro
2210 3449 2428 3503 utilitate
2472 3450 2689 3504 canendi
2719 3449 2968 3517 Missam,
3013 3468 3070 3505 eo
3099 3461 3302 3518 tenore,
3332 3460 3390 3505 ut

1789 3540 2041 3611 ofﬁciales
2093 3540 2371 3612 presbyteri
2427 3540 2584 3609 hujus
2642 3540 2867 3594 ecclesia
2921 3558 3120 3612 semper
3171 3541 3389 3601 habeant

1790 3633 2087 3688 memoriam
2132 3633 2227 3686 hoc
2254 3648 2434 3700 parum
2460 3631 2757 3701 bene/icium
2784 3636 2981 3708 factum
3018 3651 3051 3685 a
3082 3649 3180 3700 me,
3207 3642 3258 3693 et
3283 3650 3388 3689 non

1789 3725 1855 3778 sit
1905 3725 2109 3777 licentia
2154 3724 2311 3777 alicui
2346 3723 2612 3793 episcopo,
2652 3725 2938 3787 sacerdoti,
2974 3741 3065 3778 nec
3093 3727 3269 3779 vicinis
3295 3726 3390 3781 do-

1790 3815 1973 3881 nandi,
2007 3814 2273 3880 vendendi,
2306 3813 2599 3884 pignorare.
2631 3828 2720 3868 nec
2768 3824 3127 3881 transmittare,
3158 3824 3287 3884 etc.,
3320 3831 3385 3871 ex

1790 3909 1986 3978 quibus
2016 3909 2067 3962 in
2114 3924 2211 3963 usu
2245 3908 2491 3978 ejusdem
2538 3908 2941 3979 Andegavensis
2976 3909 3236 3969 Ecclesia:
3284 3912 3388 3969 hoc

1792 4002 2003 4075 Missalc
2034 4004 2199 4059 fuisse
2221 4002 2453 4058 videtur.
2490 4003 2587 4074 llic
2620 4013 2801 4059 autem
2828 4004 2957 4059 illud
3007 4014 3263 4074 praeterea
3293 4022 3385 4067 an-

1794 4107 1988 4151 notare
2019 4096 2169 4161 libet,
2202 4097 2335 4153 (luas
2361 4095 2561 4166 primas
2593 4097 2750 4166 hujus
2782 4107 2953 4153 sexlm
2983 4099 3157 4154 Missae
3186 4099 3388 4153 oratio-

1794 4204 1890 4244 nes
1918 4189 2020 4259 lrgi
2054 4190 2104 4243 in
2137 4189 2413 4245 Breviario
2455 4189 2812 4245 Ambrosiano
2841 4192 2966 4256 anni
2998 4191 3158 4249 1549.
3205 4191 3386 4246 Adde-

1793 4296 1915 4335 mus
1970 4281 2184 4337 tandem
2239 4282 2513 4342 orationes
2584 4291 2717 4349 tres,
2761 4298 2881 4353 qute
2922 4283 2973 4338 in
3026 4283 3197 4337 tribus
3240 4282 3386 4338 festis

1793 4372 1853 4428 8,
1908 4372 2140 4428 Zenonis
2194 4374 2245 4427 in
2302 4371 2549 4443 Collegia
2597 4372 2993 4437 canonicos-um
3037 4373 3383 4443 Begularium

137 4466 319 4526 Mi~sale
343 4471 651 4527 monasterii
677 4471 735 4526 8.
766 4469 1021 4533 Zenonis,
1045 4483 1166 4540 quae
1192 4468 1494 4522 communis
1521 4467 1685 4521 luisse
1710 4464 1851 4532 DS.
1884 4465 2165 4544 Augustini
2195 4464 2533 4519 Reichenhall
2560 4474 2870 4533 nuncupato
2894 4480 3035 4519 nunc
3057 4480 3270 4534 quoque
3299 4482 3388 4521 re-

136 4566 483 4628 cognoscitur;
517 4575 627 4620 tum
652 4563 794 4635 quod
827 4561 975 4615 nullo
1005 4559 1160 4615 titulo
1187 4568 1505 4629 praenotata,
1554 4557 1685 4611 nulli

136 4651 223 4709 diei
266 4656 497 4728 nullique
548 4655 689 4711 {esto
732 4653 1104 4723 adjudicatur,
1155 4660 1268 4707 tum
1330 4652 1491 4707 etiam
1546 4649 1686 4720 quod

138 4744 281 4810 [trima
305 4749 416 4818 ejus
442 4748 619 4804 oratio
645 4747 939 4827 Propitiare
964 4746 1016 4801 in
1038 4744 1145 4799 alio
1177 4760 1278 4799 ms.
1305 4743 1545 4812 ejusdem
1572 4758 1691 4798 mu—
1768 4806 1769 4809 η

138 4840 328 4895 na~terii
356 4843 412 4897 S.
444 4841 706 4913 Lupicino
733 4843 988 4911 episcopo
1016 4838 1311 4894 Veronensi
1344 4836 1396 4891 in
1425 4835 1482 4892 8.
1515 4834 1690 4892 Zeno—

138 4933 206 4983 nis
244 4931 449 4990 basilica
492 4935 712 5005 sepulto
760 4932 1100 4995 attribuitur;
1147 4941 1201 4993 et
1244 4932 1297 4986 in
1345 4946 1446 4985 ms.
1475 4930 1685 4999 capitu-

140 5016 220 5075 lari
246 5039 333 5079 xm
357 5027 558 5093 szeculi,
586 5025 680 5097 qui
701 5026 987 5091 lectiones,
1013 5025 1307 5088 orationes,
1350 5032 1404 5078 et
1428 5023 1685 5091 antipbo-

140 5128 220 5166 ms
252 5116 315 5172 de
357 5117 567 5173 Sanctis
614 5126 673 5172 et
714 5132 811 5188 per
854 5132 1052 5171 annum
1096 5117 1398 5172 recitandae
1440 5116 1685 5183 exhibet,

140 5204 297 5261 eadem
343 5212 513 5267 oratio
553 5192 756 5279 legitur
805 5200 1259 5271 ante’commune
1309 5205 1689 5263 Confessorum

141 5309 241 5349 cum
264 5299 358 5353 hac.
384 5285 740 5368 inscriptione
773 5313 787 5349 :
814 5297 878 5352 8.
908 5296 1131 5351 Zenonis
1154 5299 1234 5352 uel
1258 5299 1469 5351 alterius
1495 5298 1682 5355 oratio.

134 5383 308 5454 Quinta
342 5378 502 5444 missa
533 5389 586 5442 in
616 5401 727 5442 uno
753 5401 855 5440 ms.
888 5386 1087 5441 schola
1116 5386 1173 5442 S.
1207 5388 1385 5441 Maria:
1423 5388 1491 5441 de
1517 5387 1686 5441 Domo

142 5474 257 5532 inter
275 5490 481 5538 satiatos
500 5474 817 5539 Decembris
836 5476 1124 5547 descripta,
1151 5487 1393 5547 spectare
1412 5479 1690 5547 cognosci-

143 5566 293 5622 turad
315 5569 453 5629 diem
494 5577 742 5627 octauum
784 5566 1024 5637 ejusdem
1057 5567 1283 5623 mensis.
1327 5567 1629 5638 Antequam
1656 5586 1686 5625 a

150 5651 437 5719 Veronensis
458 5659 728 5719 Ecclesiae
759 5656 937 5715 Missis
965 5656 1030 5713 ad
1070 5658 1175 5713 alia
1205 5656 1495 5714 transimus
1515 5699 1530 5726 ,
1563 5659 1688 5716 sub—

1793 4557 2050 4636 citantnr,
2075 4565 2128 4610 et
2148 4572 2215 4611 ex
2236 4555 2469 4625 antiquis
2499 4555 2805 4613 Missalibus
2832 4554 3080 4622 videntur
3099 4566 3385 4627 excerptas,

1795 4658 1851 4705 ut
1878 4649 1979 4705 dis.
2013 4659 2227 4717 ttt,7cap.
2255 4647 2313 4715 4,
2343 4646 2371 4719 §
2403 4647 2458 4711 5,
2492 4648 2820 4701 monuimus.

1866 4741 1957 4797 Vl.
1984 4742 2067 4797 De
2090 4738 2265 4794 Missis
2295 4738 2576 4796 hactenus.
2606 4737 2687 4793 Ad
2716 4736 2951 4793 officium
2983 4754 3111 4794 vero
3136 4738 3278 4809 quod
3306 4746 3389 4795 at-

1794 4832 2212 4902 tinet,'primnm
2242 4828 2493 4889 dabimus
2522 4824 2847 4900 antiphonas
2870 4845 2992 4886 cum
3025 4831 3386 4899 responsoriis

1794 4941 1862 4987 ex
1882 4940 1990 4988 ius.
2030 4921 2323 4994 Capitulari
2371 4912 2555 4976 saeculi
2598 4921 2816 4977 circiter
2844 4927 3040 4991 mante
3083 4920 3287 4977 eaedem
3333 4922 3387 4975 in

1798 5015 2108 5073 ms.s:eculi
2141 5031 2210 5070 xv
2240 5014 2549 5070 Monialium
2581 5013 2638 5070 8.
2668 5014 2851 5070 Marim
2879 5016 2944 5070 de
2964 5013 3169 5086 Campo
3196 5015 3390 5072 Martio

1799 5111 2163 5172 continentur,
2198 5108 2613 5189 indicanturqtte
2644 5107 2887 5168 etiamin
2916 5105 3122 5179 Carpso
3150 5126 3163 5161 :
3194 5109 3245 5163 in
3272 5107 3395 5179 quid

1798 5200 1925 5266 bus,
1957 5200 2004 5257 si
2032 5198 2160 5269 quid
2204 5199 2309 5256 erit
2354 5199 2650 5265 diversum,
2699 5200 2751 5254 in
2787 5200 3044 5269 subjectis
3090 5200 3391 5265 adnotatio-

1796 5291 1958 5347 nibus
1999 5292 2275 5360 iunuetur.
2321 5292 2453 5348 Dein
2480 5308 2550 5348 ex
2592 5294 2811 5349 aliorms
2838 5295 3118 5366 capituiari
3146 5296 3391 5363 saeculis

1794 5383 1988 5442 breves
2035 5383 2295 5438 lectiones
2337 5391 2394 5437 et
2444 5378 2675 5452 hymnos
2714 5384 2849 5457 duo;
2887 5386 2952 5454 ps.
3004 5385 3235 5453 Zenonis
3266 5402 3401 5456 ριοο..

1793 5478 1965 5551 prius,
1981 5492 2043 5539 ac
2055 5483 2236 5539 nostra
2259 5475 2312 5529 in
2336 5473 2834 5541 Ecclesiausitatos
2848 5478 3223 5548 sulﬁiciemus.
3249 5480 3385 5538 Tum

1795 5584 1864 5626 ex
1893 5584 1996 5626 ms.
2024 5566 2345 5625 monasterii
2374 5566 2433 5630 S.
2463 5564 2707 5623 Zenonis.
2744 5566 2930 5623 saeculi
2960 5584 3030 5623 xv
3076 5577 3188 5626 tres
3230 5570 3387 5643 bym-

1772 5672 1899 5719 -nos
1920 5642 2217 5726 addemus;
2243 5657 2334 5730 qui
2363 5655 2727 5717 Benedictinis
2753 5659 3025 5720 Monacbis
3049 5664 3168 5721 usui
3196 5663 3344 5722 fuere
3368 5705 3385 5734 ,
