3820 6220
502 207 608 263 199

1940 194 2446 255 PBOLEGOMENA
2460 234 2474 249 .
3630 191 3709 246 900

490 332 545 379 et
575 324 627 376 hi
654 329 794 389 sunt,
828 320 913 391 qui
945 319 1127 388 paucis
1159 318 1541 399 mutatis‘nunc
1568 318 1620 373 in
1653 315 1954 372 Veronensi
1987 314 2065 367 οἵ·
2098 321 2150 379 Α
2176 322 2348 379 cetur,
2395 326 2461 367 ex
2490 309 2597 365 alio
2641 317 2819 365 tamen
2865 322 2968 364 ms.
3016 305 3333 376 Capitulari;
3374 304 3459 377 qui
3487 290 3709 361 orationes

491 413 613 469 licio
651 413 973 467 adhibentur
1002 429 1014 464 :
1050 409 1266 465 tertium
1300 426 1431 465 vero
1458 425 1488 464 e
1516 410 1724 479 duobus
1766 423 1895 463 mss.
1941 406 2071 462 Bre-

490 504 672 558 viariis
718 502 1022 557 .‘llonialium
1068 500 1125 557 S.
1171 500 1352 556 Lucia:
1395 500 1503 571 jam
1557 500 1951 569 promulgatum
2002 497 2069 551 ab

470 593 795 651 Editorihus
813 592 1227 656 Veronensibus,
1246 590 1523 647 codicibus
1541 600 1861 645 tractatuum
1886 590 1942 645 S.
1970 588 2070 645 Ze-

489 688 641 743 nonis
671 688 1003 756 prtemissmn
1036 685 1283 741 Barthius
1309 702 1587 757 perperam
1620 685 1848 741 credidit
1879 685 1972 739 lib.
2008 701 2066 753 ιι,

488 781 713 838 Advers.
747 795 864 850 cap.
899 779 987 843 12,
1017 792 1069 835 et
1101 778 1191 834 lib.
1228 794 1335 845 xlv,
1366 794 1484 846 cap.
1517 778 1814 837 ‘20..Alium
1843 776 2069 833 subinde

487 875 704 930 edemus
756 875 1032 945 hymnum,
1063 873 1153 944 qui
1187 874 1239 927 in
1270 886 1373 927 ms.
1420 872 1678 928 Vaticano
1718 870 1855 927 1255
1885 870 1942 927 S.
1973 870 2071 925 Zer

486 971 640 1023 nonis
673 967 983 1023 tractatibus
1014 962 1290 1037 subjectus
1318 967 1534 1037 legitur.
1565 965 1874 1021 Orationem
1906 980 2070 1036 porro

485 1060 538 1116 in
569 1061 888 1117 Veronensis
927 1059 1182 1115 Ecclesia:
1223 1059 1399 1114 officio
1431 1058 1644 1115 recitari
1684 1059 1894 1121 solitam
1926 1056 2070 1113 haud

486 1154 761 1219 dabimus;
795 1154 907 1209 haec
938 1153 1082 1208 enim
1114 1151 1215 1207 etsi
1246 1151 1300 1206 in
1332 1150 1557 1206 laudatis
1592 1165 1724 1205 mss.
1789 1167 1894 1206 non
1926 1150 2067 1205 indi-

2174 405 2241 460 ad
2270 406 2432 459 horas
2459 403 2719 467 continet,
2751 408 2807 457 et
2844 418 2912 456 ex
2952 397 3333 470 Martyrologio
3360 397 3636 451 Monialium
3658 398 3708 453 de

2174 497 2378 568 Campo
2416 496 2605 552 Martio
2647 494 2919 565 colligitur
2950 492 3113 547 fuisse
3141 490 3316 567 oratio
3356 488 3491 544 Deus
3517 491 3592 556 qui
3613 506 3708 555 nos,

2173 607 2293 662 qua:
2322 591 2378 645 in
2407 594 2573 658 prima
2603 587 2761 643 Missa
2789 584 3026 642 secundo
3053 584 3172 639 loco
3203 582 3538 639 describitur.
3566 581 3709 635 Mona-

2174 685 2306 740 chos
2333 699 2461 740 vero
2498 681 2837 738 Z’enouianos
2889 680 3113 751 primam
3158 678 3456 733 orationem
3502 672 3711 746 cujusqué

2173 780 2347 837 Missae
2374 794 2468 849 pro
2489 794 2699 850 quoque
2728 777 2865 833 festo
2893 775 3159 847 propriam
3191 775 3329 829 inter
3356 771 3524 827 ofﬁcia
3552 771 3711 825 dixisse

2173 873 2546 945 cognoscimus
2574 889 2637 927 ex
2665 871 2873 926 duobus
2902 885 3030 924 mss.
3056 867 3145 935 qui
3175 867 3240 921 ad
3264 865 3439 921 ofﬁcia
3469 881 3606 920 sacra
3624 880 3710 919 mo-

2175 964 2396 1020 nasterii
2425 963 2720 1018 Zenoniani
2764 969 3027 1033 spectant.
3062 958 3299 1015 Tandem
3346 956 3581 1012 dabimus
3606 954 3710 1011 auti-

2174 1072 2279 1128 qua
2308 1056 2556 1127 suffragia
2604 1058 2671 1111 de
2701 1054 2758 1111 S.
2792 1054 3028 1121 Zenone,
3052 1067 3131 1107 ac
3158 1049 3575 1112 alialnonnulla;
3626 1061 3716 1116 qua

2177 1150 2319 1207 unde
2341 1159 2553 1222 sumpta
2580 1149 2799 1216 fuerint,
2825 1162 2924 1204 suo
2950 1148 3070 1202 loco
3097 1144 3356 1201 dicemus.

501 1278 3713 1315 ___________________________.___________.____

614 1380 821 1455 [εικηιι
896 1374 1299 1458 SERMO
1356 1374 2095 1459 VENERABILIE

2192 1374 2806 1463 CORONATI
2864 1368 3358 1458 ΝΟΤΑΒΙΙ

1383 1531 1525 1600 DE
1577 1531 1845 1602 VITA
1911 1531 2321 1604 SANCTI
2373 1531 2868 1605 ZENONIS.

553 1807 591 1862 l.
624 1806 678 1860 lu
701 1804 887 1861 diebus
910 1804 1015 1860 illis
1044 1803 1121 1875 (a)
1166 1803 1218 1859 in
1246 1802 1522 1875 provincia
1546 1802 1621 1877 (ὁ)
1650 1804 1821 1875 Italia,
1856 1805 1908 1859 in
1939 1804 2071 1860 civi-
2098 1808 2146 1869 B
2175 1816 2228 1861 et
2259 1806 2380 1863 ideo
2407 1807 2527 1878 quia
2561 1808 2611 1863 in
2653 1822 2868 1864 omnem
2903 1816 3100 1863 terram
3128 1807 3258 1862 exiit
3286 1821 3453 1862 sonus
3479 1818 3726 1861 conversa-
3818 1802 3820 1865 ἶ

485 1910 594 1957 tate
616 1900 851 1965 Verona,
886 1900 937 1953 in
978 1913 1077 1967 qua
1106 1899 1244 1954 beati
1293 1899 1529 1955 Zenonis
1576 1912 1695 1956 acta
1738 1903 2067 1967 claruerunt,

486 1993 560 2067 (ε)
609 1993 910 2049 evolvimus
959 1993 1091 2047 tanti
1134 1994 1232 2049 viri
1279 1995 1525 2048 virtutes.
1557 1994 1645 2049 Sic
1686 1996 1827 2051 enim
1860 2004 1944 2050 est
1971 1996 2071 2050 hu-

488 2102 639 2141 mana
682 2100 834 2140 meus
862 2085 927 2139 ad
960 2086 1355 2155 investigandas
1388 2086 1707 2145 Sanctorum
1738 2089 1893 2154 vitas,
1929 2098 2071 2143 tam-

486 2193 646 2248 quam
676 2177 794 2247 quis
837 2176 927 2231 ille
972 2176 1160 2231 sitiens
1206 2172 1399 2231 ardore
1430 2180 1560 2233 solis
1605 2182 1844 2240 adustus,
1875 2195 2073 2234 concu-

488 2269 654 2338 piscat
701 2266 924 2322 fontium
979 2268 1199 2336 ﬂuenta,
1252 2276 1344 2322 aut
1391 2271 1519 2339 quis
1553 2269 2072 2326 desideratissimum

487 2362 726 2416 nuntium
778 2362 963 2417 audire
1011 2363 1225 2431 cupiat,
1273 2364 1351 2418 vel
1382 2369 1546 2418 etiam
1590 2365 1711 2434 quis
1758 2364 2073 2420 deliciarum

486 2457 653 2527 epulis
697 2459 987 2523 enutritus,
1014 2458 1067 2513 in
1113 2457 1343 2527 quodam
1386 2459 1675 2529 longinquo
1708 2459 1901 2515 itinere
1931 2460 2076 2530 posi-

488 2558 593 2611 tus.
624 2549 690 2603 ad
720 2565 831 2605 rem
863 2550 1146 2619 pervenire
1172 2564 1281 2605 sua:
1309 2550 1505 2606 mentis
1533 2552 1836 2606 satietatem
1869 2552 2070 2621 cupiat.

486 2640 563 2695 Ita
594 2650 647 2696 et
672 2656 771 2711 ego
799 2641 929 2694 tanti
976 2642 1096 2708 viri,
1121 2643 1362 2711 quamvis
1400 2642 1465 2696 ad
1504 2643 1682 2696 omnia
1713 2657 1938 2712 quicque
1968 2644 2077 2712 egit

488 2734 571 2789 vel
614 2735 666 2787 in
693 2733 1128 2799 conversatione,
1160 2734 1241 2787 vel
1264 2732 1423 2787 etiam
1451 2734 1501 2787 in
1534 2733 1826 2797 miraculis,
1857 2733 2076 2801 explere

490 2842 595 2883 non
642 2826 839 2889 valeo;
887 2810 1134 2879 attamen
1165 2835 1419 2894 quantum
1471 2826 1736 2894 attingere
1784 2842 1879 2895 pro
1925 2838 2077 2895 parte

489 2934 727 2989 possum,
774 2933 1029 2974 enarrare
1076 2934 1181 2971 non
1232 2918 1453 2983 desisto,
1504 2932 1573 2972 ne
1614 2918 1734 2985 quis
1782 2918 1871 2972 ille
1907 2914 2076 2973 lector

487 3014 736 3085 deroget,
768 3021 860 3067 ant
889 3011 1115 3066 audiens
1160 3011 1427 3081 legentem
1473 3010 1744 3064 desidioso
1773 3011 1954 3066 animo
1979 3012 2075 3068 de-

489 3108 683 3171 trahat,
715 3122 836 3161 cum
880 3114 1134 3175 scriptum
1169 3105 1274 3156 sit:
1309 3103 1413 3168 Qui
1443 3103 1724 3157 retribuam
1770 3104 1894 3157 milii
1940 3106 2078 3159 mala

2176 1901 2338 1955 tionis
2389 1900 2527 1971 ejus,
2574 1898 2630 1957 et
2678 1904 2936 1958 sanctitas
2984 1902 3205 1957 emicuit
3247 1918 3261 1954 :
3318 1900 3535 1955 audiant
3579 1897 3725 1970 populi
3818 1897 3820 1971 ξ

2174 2011 2383 2063 omnes,
2414 1999 2501 2066 qui
2533 1997 2651 2065 ejus
2677 1998 2899 2067 cupiunt
2925 1996 3202 2051 miracula.

2245 2088 2290 2143 ll
2338 2089 2467 2143 Erat
2496 2090 2637 2145 enim
2684 2090 2876 2144 sedens
2922 2089 2971 2143 in
3016 2087 3085 2161 (ε)
3130 2088 3480 2155 monasterio,
3504 2087 3553 2141 iu
3580 2099 3727 2140 secreto
3818 2080 3820 2135 ξ

2174 2181 2295 2235 tiori
2322 2190 2498 2250 parte,
2528 2183 2579 2237 in
2610 2183 2808 2252 oppido
2830 2175 3146 2245 Veronensi,
3170 2181 3443 2237 continuis
3463 2179 3662 2249 jejuniis
3684 2186 3727 2230 ct

2176 2276 2379 2330 crebris
2408 2277 2741 2330 orationibus
2766 2292 2793 2329 a
2844 2276 3072 2336 Domino
3102 2285 3311 2345 petens,
3353 2284 3411 2328 ut
3446 2274 3543 2330 sibi
3571 2272 3727 2341 digna-

2178 2376 2326 2421 retur
2349 2368 2548 2422 aditum
2581 2369 2974 2437 praedicationis
3002 2370 3054 2423 in
3088 2368 3316 2439 populos
3340 2365 3571 2437 aperire.
3598 2364 3728 2418 Deni-

2176 2475 2279 2530 que
2310 2459 2375 2514 ad
2407 2460 2797 2515 convertendos
2830 2461 2879 2515 in
2906 2460 3106 2515 Christi
3152 2474 3390 2514 amorem
3437 2458 3632 2510 animos
3653 2454 3729 2506 ho-

2180 2554 2379 2607 minum
2422 2553 2491 2609 de
2519 2553 2607 2609 die
2638 2551 2689 2608 in
2722 2554 2865 2609 diem
2897 2555 3111 2609 deditus
3149 2562 3282 2609 erat.
3320 2552 3525 2607 Revera
3555 2550 3659 2619 quia
3685 2547 3729 2599 in
3818 2547 3820 2623 l

2178 2646 2293 2715 ipso
2326 2646 2557 2715 Spiritus
2584 2656 2800 2702 sanctus
2831 2648 3019 2703 doetor
3063 2656 3209 2709 erat.
3252 2647 3390 2700 sicut
3421 2645 3534 2715 ipsa
3563 2640 3730 2696 veritas
3818 2650 3820 2717 ξ

2180 2755 2274 2809 per
2302 2755 2359 2794 se
2380 2740 2613 2809 loquitur
2635 2741 2818 2796 dicens
2853 2758 2865 2795 :
2904 2761 2921 2792 ι
2952 2740 3067 2795 Non
3092 2742 3234 2794 enim
3266 2754 3363 2793 vos
3408 2737 3539 2791 estis
3565 2734 3642 2801 qui
3668 2734 3730 2786 l0-
3818 2732 3820 2803 ξ

2179 2832 2434 2908 quiutiqi,
2482 2834 2573 2889 sed
2614 2835 2836 2903 Spiritus
2880 2835 3045 2905 patris
3095 2834 3282 2897 vestri,
3313 2832 3402 2902 qui
3452 2830 3728 2900 loquitur’in

2180 2925 2350 2980 vobis.
2376 2945 2392 2977 ι
2425 2924 2485 2980 Et
2513 2926 2674 2985 illud:
2713 2945 2731 2978 ι
2760 2926 2872 2996 Ego
2892 2942 3009 2981 sum
3032 2937 3215 2996 pastor
3232 2926 3426 2988 bonus,
3454 2932 3507 2978 et
3528 2922 3730 2976 animam

2183 3033 2353 3071 meam
2380 3034 2521 3087 pono
2549 3002 2644 3089 pro
2672 3020 2861 3074 ovihus
2891 3021 3045 3073 meis.
3085 3037 3103 3070 ι
3131 3016 3206 3070 Ita
3254 3032 3384 3088 ergo
3434 3015 3487 3069 in
3516 3023 3733 3068 sermone

2180 3107 2406 3164 all‘abilis
2433 3120 2567 3175 erat,
2599 3121 2653 3165 et
2682 3112 2731 3164 in
2755 3111 3186 3176 mansuetudine,
3219 3110 3347 3165 etin
3381 3107 3565 3163 habitu
3595 3104 3732 3172 mitis,

490 3216 583 3271 pro
610 3200 775 3263 bonis,
801 3198 1073 3253 detrahunt
1100 3197 1245 3251 mihi.
1270 3196 1339 3251 Et
1366 3197 1488 3266 quia
1519 3196 1631 3264 ipse
1664 3196 1916 3250 Dominus
1944 3198 2076 3252 dixit
2102 3187 2147 3250 C
2181 3210 2236 3253 ut
2265 3201 2403 3254 Deus
2430 3206 2481 3254 in
2508 3201 2623 3271 ipso
2643 3201 3124 3263 collaudaretnrab
3146 3199 3398 3256 omnibus
3431 3196 3735 3253 venientibus

492 3292 626 3348 bona
658 3292 1045 3355 operantibus:
1080 3290 1387 3360 Priusquam
1427 3298 1475 3343 te
1519 3291 1791 3360 {Ormarcm
1835 3290 1888 3342 in
1932 3298 2075 3344 utero

492 3385 610 3438 ιιουὶ
635 3395 700 3449 te,
725 3394 770 3437 et
790 3398 1065 3452 antequam
1082 3383 1245 3437 exire:
1269 3382 1330 3435 de
1360 3390 1530 3435 ventre
1548 3381 1859 3447 sanctiﬁcavi
1888 3390 1954 3435 te.
1983 3382 2076 3437 lllc

491 3479 632 3535 enim
663 3494 692 3531 a
722 3476 1001 3532 cunabulis
1033 3473 1232 3547 [cun]
1266 3472 1600 3539 benedictus,
1627 3484 1680 3527 et
1711 3473 1789 3542 (ά)
1822 3490 1847 3525 a
1888 3484 2077 3529 ventre

488 3569 850 3626 sanctilicatus
878 3576 1025 3634 erat,
1061 3577 1116 3621 et
1159 3566 1225 3621 ad
1268 3566 1371 3620 hoc
1418 3566 1721 3636 pertingere
1752 3566 1966 3629 meruit,
2020 3574 2077 3619 ut

490 3678 585 3732 per
613 3664 786 3717 vitam
805 3669 1045 3717 sanctam
1074 3670 1261 3730 pastor
1288 3657 1341 3712 in
1376 3657 1571 3727 populo
1602 3670 1723 3711 esse
1748 3666 2075 3722 mereretur;

564 3822 638 3894 (a)
679 3821 762 3878 Ab
790 3823 894 3877 hoc
922 3819 1192 3894 discrepat
1232 3818 1487 3894 prologus
1512 3814 1650 3886 apud
1681 3812 1981 3894 Ughellium
2023 3821 2081 3894 et

494 3884 887 3948 lle'nscheuium
912 3934 925 3955 ,
970 3893 1057 3959 qui
1091 3884 1410 3959 postremus
1440 3884 1709 3959 observat.
1742 3884 1989 3959 eu_t_ndet_n
2024 3885 2075 3938 in

494 3962 763 4033 plerisque
792 3978 921 4017 mss.
946 3956 1158 4015 diver'sa
1189 3958 1512 4033 phrasiascd
1543 3957 1743 4033 absque
1768 3956 1878 4033 ullu
1909 3956 2078 4033 biso-

494 4026 586 4088 ria:
609 4026 956 4093 .detrimento
988 4026 1232 4097 preponi.
1267 4029 1451 4083 Leetio
1484 4029 1685 4097 prologi
1741 4027 1876 4095 apud
1910 4026 2077 4080 Mom-

493 4105 709 4161 bt'iliutn
740 4102 804 4155 ad
835 4118 935 4156 ms.
964 4101 1282 4155 Remensem
1314 4099 1627 4165 plerumque
1654 4098 1883 4151 accedit.

590 4174 639 4239 b)
670 4173 825 4239 Apud
858 4171 1217 4227 Mombritium
1247 4184 1525 4239 perperam
1559 4167 1774 4221 Tusciaz.

590 4176 615 4227 b
670 4174 825 4239 Apud
858 4174 1217 4227 Mombritium
1247 4184 1525 4239 perperam
1559 4174 1774 4221 Tusciaz.

565 4174 639 4317 ie;
666 4245 863 4319 CaveL
887 4257 954 4297 ne
990 4260 1051 4296 ex
1094 4241 1193 4294 hac
1220 4254 1354 4319 voce
1389 4239 1660 4319 evolvimur!
1691 4240 1948 4319 scriptum
1975 4236 2074 4319 ali-

490 4308 627 4387 quid
659 4325 783 4370 ante
824 4313 1151 4387 Coronatum
1201 4310 1476 4387 existimes
1518 4308 1845 4387 delationis
1874 4309 2072 4377 gestis,

494 4378 631 4442 unde
656 4388 722 4453 is,
758 4402 875 4457 qua:
904 4385 1098 4457 litteris
1121 4380 1471 4451 consignavil,
1505 4379 1750 4457 ebiberit:
1781 4378 1923 4457 Nam_
1943 4394 2076 4457 prte-

493 4448 735 4529 terquam
774 4448 921 4528 'quod
972 4448 1366 4529 iiieertttiii__}3st
1411 4466 1476 4504 au
1511 4450 1597 4503 hic
1630 4448 1880 4529 protegas
1910 4449 2078 4529 ipsius

490 4519 742 4584 Coriiitati
792 4519 879 4593 sit,
932 4540 1054 4581 cum
1100 4526 1151 4580 in
1200 4522 1318 4577 aliis
1367 4537 1494 4575 mss.
1536 4531 1589 4575 et
1618 4519 1941 4593 editisnihil
1972 4520 2076 4574 tale

492 4600 714 4667 legatur.
753 4590 1023 4653 evotuimita
1065 4613 1160 4665 pro
1187 4594 1550 4667 descripsimus
1592 4608 1653 4645 ex
1688 4592 1915 4644 barbaro
1946 4606 2078 4656 quo-

2177 3290 2242 3345 ad
2272 3307 2363 3356 se;
2403 3300 2457 3346 et
2497 3292 2565 3346 ita
2608 3293 2807 3361 alacer,
2853 3302 2911 3349 ut
2956 3308 3080 3347 mox
3120 3292 3324 3347 relictis
3354 3290 3510 3345 idolis
3543 3288 3734 3343 Domino

2179 3384 2302 3439 Je‘su
2328 3382 2542 3438 Christo
2577 3387 2883 3461 crederent.

2252 3476 2336 3529 lll.
2386 3475 2487 3529 Per
2528 3476 2668 3531 idem
2710 3493 2839 3532 vero
2887 3486 3098 3547 tempus
3141 3491 3261 3531 eum
3298 3474 3452 3545 juxta
3498 3476 3733 3528 civitatem
3818 3522 3820 3529 .

2184 3566 2472 3629 Veronam,
2512 3584 2630 3636 qua:
2660 3569 2712 3622 in
2763 3569 3066 3639 propinquo
3115 3576 3231 3623 erat
3262 3568 3473 3633 itinere,
3519 3576 3571 3622 et
3610 3575 3736 3633 egre-

2182 3658 2362 3713 dienle
2405 3658 2593 3714 eodem
2640 3660 2756 3715 viro
2796 3677 2825 3715 a
2869 3660 3229 3725 monasterio,
3275 3659 3331 3714 in
3377 3658 3539 3715 ﬂuvio
3578 3652 3737 3711 Athesi
3818 3642 3820 3689 ἓ

2183 3832 2315 3875 mus,
2347 3832 2495 3886 quam
2524 3818 2687 3871 tacitis
2731 3818 2996 3872 virtutibus
3022 3820 3161 3884 eius,
3196 3818 3329 3870 unde
3356 3817 3610 3886 quondam
3635 3812 3738 3886 satis

2184 3884 2447 3948 micuerat,
2478 3888 2777 3957 ignorantia:
2800 3890 3013 3943 tenebris
3053 3889 3296 3942 habeatur
3335 3884 3596 3942 obscurus.
3640 3884 3740 3957 Sci:
3818 3888 3820 3891 ’

2183 3972 2293 4008 mus
2340 3952 2544 4025 quippe,
2594 3972 2708 4009 eum
2756 3958 3063 4013 Sanctorum
3110 3960 3259 4021 (armi
3290 3961 3416 4027 jure
3460 3958 3640 4019 deberi.
3667 3952 3740 4027 ted

2181 4028 2346 4099 multo
2379 4028 2537 4099 magis
2565 4028 2806 4099 humanis
2829 4029 3079 4098 obsequiis
3108 4024 3374 4093 honorari,
3407 4046 3524 4083 cum
3554 4024 3740 4099 populo-

2183 4113 2294 4148 rum
2322 4095 2598 4170 inteltectui
2625 4098 2737 4165 ejus
2781 4097 2919 4165 facta
2947 4095 3139 4169 scripta
3169 4100 3382 4168 fuerint,
3413 4116 3527 4170 qua:
3554 4095 3739 4152 debeant

2182 4167 2407 4219 recitari.
3056 4167 3061 4169 ⁷
3118 4206 3121 4207 ν
3171 4167 3176 4168 ⁷
3425 4167 3435 4170 ⁷
3818 4178 3820 4223 ;

2252 4237 2335 4305 (d)
2390 4235 2517 4291 Hmc
2558 4236 2693 4304 apud
2737 4235 3035 4304 Ughellium
3087 4239 3328 4294 desunt:
3362 4243 3557 4295 similia
3590 4250 3738 4293 tamen
3818 4242 3820 4305 ξ

2178 4308 2484 4382 apudahos
2535 4306 2803 4373 leguntur,
2835 4324 2954 4376 qua:
3001 4310 3198 4363 nemini
3248 4312 3411 4369 docto
3456 4324 3739 4382 per5uasuui
3818 4306 3820 4379 ί

2183 4378 2243 4431 iri
2276 4377 2615 4433 confidimus.

2252 4449 2322 4515 (e)
2350 4446 2726 4519 Monasterium
2760 4448 2882 4514 hoc,
2914 4448 2980 4503 de
3011 4465 3116 4519 quo
3140 4450 3340 4518 pluries
3371 4452 3589 4507 inferius
3618 4466 3742 4505 men-

2182 4518 2256 4572 tio
2286 4519 2395 4577 [ἴθι.
2427 4520 2468 4571 si
2496 4516 2771 4572 Coroiiato
2797 4516 3120 4575 credendum
3143 4516 3209 4573 Sit
3232 4561 3247 4582 ,
3282 4522 3467 4575 multis
3493 4522 3741 4576 monachis

2182 4605 2283 4641 una
2312 4604 2431 4642 cmn
2463 4590 2517 4641 S.
2557 4587 2823 4657 Episcopo
2849 4590 3168 4657 degentibus
3211 4591 3463 4654 irequens
3492 4603 3622 4645 erat.
3654 4593 3743 4643 Illo-

492 4659 617 4725 da'm
644 4659 889 4740 loquendi
921 4659 1120 4740 genere
1144 4659 1372 4740 positum
1401 4664 1632 4740 videtur,
1660 4672 2077 4740 uteri-outexm
2109 4659 2155 4718 D
2184 4660 2417 4740 [materia
2443 4666 2763 4740 autemcnin
2791 4676 2894 4713 non
2923 4661 3021 4715 nisi
3046 4662 3456 4740 quat-tq'szeeulo
3482 4664 3738 4731 ceperint,

492 4742 667 4812 colligi
702 4732 895 4808 potest.
923 4732 1188 4795 Caeterum
1223 4737 1273 4791 in
1310 4737 1571 4812 prooemio
1606 4734 1745 4800 apud
1770 4732 2074 4812 Ughellium

495 4808 685 4865 tomfv
717 4812 879 4867 ltalite
922 4814 1123 4874 Sacrae,
1158 4826 1274 4879 pag.
1318 4810 1442 4870 680.
1474 4809 1571 4862 alia
1608 4821 1829 4879 prorsus
1870 4808 2077 4879 ratione

497 4883 624 4935 nihil
653 4882 909 4941 scriptum
944 4884 1116 4951 palam
1147 4875 1411 4952 proditur.
1446 4879 1545 4952 nisi
1591 4879 1641 4931 in
1674 4878 1854 4945 populi
1885 4875 2077 4952 menti-

496 4952 613 5016 bus,
647 4969 675 5006 e
699 4954 889 5021 quibus
916 4947 1121 5006 tantum
1145 4947 1316 5015 eruta,
1359 4968 1452 5005 seu
1479 4949 1557 5022 (ut
1586 4960 1882 5022 memorato
1908 4947 2075 5022 verbo

496 5014 730 5091 utamur}
765 5022 965 5077 evoluta
992 5034 1271 5092 apparent,
1310 5038 1427 5091 qtue
1457 5014 1506 5074 in
1538 5021 1677 5075 hanc
1708 5019 1876 5092 Vitam
1899 5014 2072 5092 Coro-

498 5100 648 5145 natus
675 5089 922 5160 coniecit.
972 5089 1181 5161 Integra
1207 5089 1337 5161 ejus
1360 5095 1599 5161 prooemii
1652 5090 1809 5144 verba
1856 5089 1942 5142 hic
1979 5103 2077 5156 ap-

498 5162 800 5227 pendimus,
831 5179 948 5217 cum
978 5171 1234 5229 praetcrea
1258 5166 1387 5217 satis
1412 5164 1703 5227 insinuent,
1728 5162 2077 5215 continuent-

496 5246 620 5297 que,
647 5247 764 5301 qua:
790 5235 911 5288 alibi
936 5233 1185 5298 diximus,
1213 5236 1343 5289 nihil
1366 5235 1432 5287 de
1455 5234 1511 5288 S.
1537 5232 1768 5288 Zenonis
1792 5230 2075 5283 virtutibus

501 5303 762 5364 proditum
799 5306 979 5364 tuisse,
1012 5303 1104 5355 sed
1134 5304 1199 5356 de
1228 5305 1497 5357 miraculis
1527 5311 1755 5363 tmtum,
1788 5302 1852 5354 de
1883 5302 2075 5370 quibus

502 5376 677 5440 tamen
724 5374 832 5438 ipsa
863 5374 976 5425 sola
1005 5374 1177 5438 populi
1211 5378 1469 5426 memoria
1496 5382 1792 5440 supererat.
1826 5370 1886 5425 Β.
1919 5370 2075 5423 Zeno-

500 5438 577 5508 nis
614 5438 969 5492 Veromnsium
1014 5440 1279 5503 Prwsutis,
1310 5444 1425 5496 licet
1466 5438 1637 5496 omnia
1664 5442 1931 5499 miracula,
1962 5442 2073 5508 qui-

498 5507 589 5591 ὺιιε
614 5509 819 5593 claruit,
862 5511 891 5562 i.
924 5512 1029 5564 mei
1060 5514 1518 5593 non-inveniamur
1547 5529 1694 5593 posse
1721 5511 1857 5593 vobis
1884 5507 2071 5563 narra-

500 5580 631 5633 tione
666 5580 863 5648 tradere
890 5583 1207 5652 competenti,
1242 5584 1403 5652 magis
1430 5580 1603 5652 tamen
1634 5592 1689 5631 ut
1715 5580 2074 5652 videreturgra-

501 5658 605 5701 tum
646 5660 737 5715 cst,
772 5660 821 5701 ut
850 5647 1090 5704 sermonis
1118 5647 1489 5716 oﬂ'eusa'seric,
1534 5650 1709 5717 aliqua
1748 5664 1809 5700 ea:
1838 5664 1895 5700 eo
1933 5647 2072 5699 dica-

2182 4729 2406 4784 Gallieui
2442 4729 2668 4796 imperio
2700 4745 2803 4783 non
2833 4732 3181 4786 conveniunt.
3215 4730 3401 4798 Neque
3434 4729 3627 4787 vero—tv
3651 4745 3739 4785 διιτ-
3818 4729 3820 4799 Ι

2181 4803 2302 4854 culo
2351 4801 2406 4857 S.
2455 4800 2725 4871 Zettunem
2774 4801 2825 4852 in
2880 4804 3207 4854 monasterio
3237 4801 3452 4871 degisse
3500 4812 3739 4871 putamus.

2181 4872 2330 4927 Licet
2360 4873 2500 4925 enim
2539 4870 2820 4924 mulierum
2855 4871 3238 4925 monasterium
3287 4870 3513 4927 Verona:
3555 4875 3601 4928 id
3632 4883 3742 4926 temo

2183 4946 2327 5012 poris
2357 4959 2451 5014 per
2479 4941 2749 5014 zenmiem
2777 4940 2936 5014 fuerit
2961 4943 3254 5014 conditum.
3283 4943 3358 4995 uti
3387 4943 3742 5000 dissertatione

2180 5032 2259 5080 Ill,
2284 5012 2402 5083 cap.
2438 5028 2476 5073 ι.
2510 5012 2617 5083 §5.
2678 5013 3009 5067 ostendimus
3041 5030 3052 5065 :
3084 5012 3215 5065 nihil
3261 5022 3437 5068 tamen
3467 5021 3531 5067 it:
3558 5026 3743 5067 monas-

2182 5095 2315 5142 terio
2359 5087 2595 5139 virorum
2645 5083 2895 5155 traditum
2932 5084 3248 5155 accepimus
3282 5102 3294 5134 :
3334 5099 3436 5139 nec
3460 5084 3743 5155 Episcopus

2180 5164 2453 5227 tamquam
2501 5154 2808 5227 monasterii
2848 5154 3103 5227 Abbuleut
3133 5168 3189 5207 se
3216 5155 3472 5227 gessisse.
3514 5153 3741 5227 sedeam

2162 5244 2278 5289 ,suo
2313 5223 2469 5282 'elero
2516 5225 2582 5281 ad
2611 5242 2878 5281 summum
2927 5226 3199 5280 exstitisse
3228 5226 3331 5278 dici
3363 5234 3555 5292 potest.
3586 5223 3743 5286 Neque

2177 5311 2414 5372 opponat
2443 5299 2670 5372 qui..,_in
2704 5300 2851 5352 Actis
2884 5296 2981 5372 SS.
3015 5297 3188 5372 Firmi
3204 5306 3254 5351 et
3286 5294 3488 5372 Rustici
3519 5302 3742 5372 ntonasle—

2179 5362 2391 5423 rii'esse
2444 5362 2789 5427 mentionem,
2827 5372 2876 5423 in
2905 5364 3010 5438 quo
3054 5367 3111 5423 S.
3158 5367 3414 5438 Proculus
3445 5366 3503 5422 S.
3538 5362 3742 5419 Zenbuis

2184 5440 2549 5507 praedecessor
2578 5443 2677 5492 sub
2702 5442 2869 5507 ipsum
2900 5437 3215 5495 Diocletiani
3238 5448 3287 5492 et
3318 5437 3616 5493 Maximiani
3649 5448 3743 5502 per-

2180 5510 2509 5563 secutionem
2540 5510 2780 5563 latitasse
2805 5512 3053 5577 proditur,
3083 5528 3095 5562 :
3131 5524 3250 5573 nam
3281 5508 3351 5563 ibi
3383 5508 3741 5564 manuaterium

2184 5577 2357 5633 locum
2407 5586 2675 5634 remotum
2722 5578 3006 5646 signiﬁcat,
3039 5580 3090 5633 in
3135 5593 3241 5646 quo
3283 5592 3423 5632 unus
3468 5578 3740 5632 solitariam

2184 5648 2343 5701 vitam
2396 5648 2642 5715 exigebat
2692 5665 2701 5700 :
2762 5665 2920 5715 quam
2978 5649 3251 5718 antiquam
3317 5648 3740 5717 signiﬁcationem
