3820 6220
500 295 609 351 9.οῖ
650 282 655 287 ’

500 503 686 559 dicens
711 517 725 554 :
756 498 875 555 Tali
904 498 1134 562 medico,
1164 495 1257 567 qui
1284 509 1469 548 sanam
1497 492 1708 549 unicam
1737 491 1899 545 tiliam
1927 504 2104 545 meam

500 597 759 660 restituit,
792 593 951 648 nullis
983 590 1102 645 aliis
1133 586 1453 644 muneribus
1484 584 1698 655 placere
1727 597 1976 654 possum,
2000 580 2105 637 nisi

497 690 548 744 ei
590 689 793 757 ipsam,
853 699 1012 755 quam
1055 681 1263 747 habeo,
1317 692 1574 735 coronam
1620 691 1797 732 meam
1854 674 2103 731 oti‘eram.

496 777 650 847 Quod
692 777 889 832 factum
926 774 1054 830 dum
1102 779 1409 844 gereretur,
1455 769 1646 825 videns
1683 766 1979 841 multitudo
2011 782 2121 838 po-.

496 871 632 944 puli,
665 870 754 940 qui
779 867 1127 939 ad'palatinm
1152 871 1512 931 convenerat,
1538 863 1819 921 ab'errore
1840 874 2102 922 conversa

494 962 679 1035 gentili
729 958 1078 1016 crediderunt
1133 958 1187 1013 in
1242 956 1517 1033 Christum
1575 954 1759 1010 Jesum
1816 952 2102 1007 Dominum

496 1064 766 1119 nostrum,
797 1062 1046 1123 petentes
1078 1047 1430 1107 Sacerdotem
1460 1046 1661 1101 Christi
1692 1054 1750 1100 ut
1774 1043 2106 1100 docerentur

493 1148 635 1204 viam
666 1148 876 1214 salutis,
905 1155 960 1201 et
1005 1144 1334 1217 baptismum
1362 1142 1417 1198 in
1449 1132 1826 1196 remissidnem
1854 1136 2104 1211 percipe-

491 1253 615 1299 rent
645 1250 1011 1313 peccatorum.
1064 1242 1129 1295 At
1163 1238 1257 1293 ubi
1295 1236 1563 1294 Sacerdos
1603 1234 1815 1305 accepit
1841 1231 2099 1289 ceronam

492 1332 857 1404 imperatoris.
890 1333 1072 1387 statim
1102 1329 1378 1386 distribuit
1412 1328 1738 1398 pauperibus
1781 1325 2009 1411 dicens:
2042 1324 2100 1382 Si

491 1426 754 1482 Dominus
781 1432 1041 1496 operatur
1083 1422 1329 1485 excelsa.
1370 1422 1476 1492 ipsi
1515 1421 1780 1476 referatur
1819 1429 1875 1474 et
1903 1418 2095 1490 gloria.

561 1517 673 1573 νη.
728 1517 822 1572 llis
852 1518 926 1572 ita
955 1517 1123 1587 gestis
1157 1514 1310 1585 petiit
1336 1513 1685 1569 beatissimus
1722 1510 1901 1577 Zeno,
1950 1516 2010 1563 ut
2046 1507 2097 1564 ei

489 1610 708 1667 licentia
739 1611 1087 1676 tribueretur,
1142 1608 1322 1664 omnia
1369 1606 1513 1662 idola
1557 1602 1894 1670 destruendi,
1939 1611 1996 1660 et
2039 1600 2093 1656 in

491 1705 690 1760 Christi
738 1703 959 1759 nomine
987 1702 1245 1757 ecclesias
1282 1696 1601 1755 fabricandi.
1630 1695 1798 1767 Cujus
1841 1694 2095 1767 precibus

491 1795 717 1870 [cum]
747 1794 863 1868 (Π)
896 1793 1170 1865 adquievit
1197 1793 1493 1859 imperator
1513 1788 1797 1853 omnibus,
1832 1786 1947 1859 (18)
1976 1799 2095 1856 qua:
2126 1785 2173 1845 B
2201 1805 2382 1852 autem
2413 1805 2540 1852 ante
2564 1795 2786 1866 januam
2816 1794 2886 1852 ad
2929 1795 3323 1873 ostendendum
3375 1797 3585 1853 cunctis
3623 1796 3745 1850 meri.

414 1874 419 1887 ’
491 1889 581 1944 ille
604 1897 945 1960 poposcerat.
975 1887 1101 1941 Post
1116 1884 1523 1955 ha'cingressus
1543 1881 1811 1938 Sacerdos
1826 1879 2093 1934 Veronam

487 1985 759 2044 civitatem
791 1981 1097 2050 intrepidus
1154 1977 1486 2051 praedicabat
1532 1974 1584 2029 in
1626 1973 1829 2029 Christi
1871 1974 2092 2029 nomine

486 2076 731 2142 verbum,
764 2085 823 2129 ut
849 2074 1049 2129 diaboli
1084 2072 1222 2127 idola
1250 2070 1687 2133 destrucrcntur,
1719 2075 1776 2121 et
1806 2065 1858 2119 in
1885 2064 2089 2120 Christi

487 2170 707 2223 nomine
747 2173 1194 2223 construerentur
1223 2162 1492 2218 ecclesiae.
1526 2159 1645 2226 Quo
1679 2158 1821 2213 facto
1852 2157 2092 2211 multitu-

485 2263 555 2317 do
582 2261 761 2332 populi
794 2273 1129 2331 paganorum
1160 2256 1392 2312 smviens
1423 2248 1761 2309 incessanter
1788 2245 2001 2322 agebat,
2034 2259 2091 2306 ut

483 2353 932 2424 impedimentum
975 2350 1182 2407 Chriin
1208 2350 1438 2404 famulus
1471 2353 1764 2417 pateretur.
1805 2344 1920 2414 Sed
1947 2344 2088 2416 vigi-

386 2456 407 2468 ‘
483 2448 602 2504 laus
640 2446 693 2500 in
737 2445 849 2500 suis
888 2443 1063 2499 servis
1109 2441 1360 2497 Christus
1406 2438 1663 2494 vincebat
1711 2436 2087 2504 mendacium,

481 2539 626 2610 quod
649 2552 780 2609 pura
809 2537 946 2592 ﬁdes
971 2536 1190 2591 tenebat
1240 2533 1295 2588 in
1326 2531 1491 2589 corde
1525 2531 1659 2606 (sic).

559 2632 690 2687 Vlll.
733 2629 998 2687 Perfectis
1029 2630 1191 2699 igitur
1221 2626 1306 2682 his
1329 2626 1523 2695 agebat
1565 2625 1823 2680 salutaria
1855 2639 1953 2694 pro
1983 2639 2083 2693 po-

482 2728 591 2798 puli
625 2726 1049 2789 intercessione,
1082 2720 1225 2792 quod
1272 2720 1340 2776 ab
1371 2720 1591 2775 ineunte
1618 2727 1778 2774 {etate
1806 2719 1860 2773 in
1880 2717 2086 2775 Christi

480 2803 681 2877 amore
718 2819 907 2875 solitus
957 2826 1092 2872 erat.
1133 2814 1391 2882 Quidum
1438 2813 1541 2869 hoc
1570 2813 1835 2869 instanter
1864 2820 2081 2884 ageret,

485 2915 578 2969 Dei
626 2912 906 2967 voluntate
937 2925 1041 2965 non
1076 2907 1245 2963 multo
1290 2915 1413 2978 post
1445 2917 1694 2975 receptus
1722 2906 1774 2961 in
1816 2920 1945 2976 pace
1974 2915 2079 2963 est.

484 3007 550 3062 Et
579 3007 699 3076 quia
730 3006 781 3058 in
815 3002 1087 3057 miraculis
1114 3000 1261 3054 omni
1294 2999 1495 3069 populo
1527 2999 1760 3065 claruit,
1796 2999 1847 3054 in
1877 2998 2084 3072 honore

482 3101 575 3156 Dei
609 3110 663 3155 et
710 3100 759 3152 in
794 3097 964 3167 ipsius
1017 3096 1191 3151 sancti
1248 3092 1559 3149 Sacerdotis
1588 3092 1707 3165 (l9)
1744 3084 1969 3165 quidam
2009 3107 2077 3147 ex

1875 277 2411 340 PROLEGOMENA.

426 374 429 378 ι
497 423 659 482 quam
687 406 863 478 capite
894 418 995 464 suo
1042 401 1327 476 gestabat,
1361 407 1552 455 sancto
1590 396 1873 454 Sacerdoti
1901 395 2104 453 obtulit
2130 399 2181 458 Α
2206 393 2370 465 Cujus
2394 380 2643 451 ecclesiae
2665 391 2793 449 dum
2808 403 2995 461 essent
3010 394 3189 466 ianua!
3207 399 3431 465 apertae,
3455 405 3585 464 aqua
3605 394 3649 449 in
3665 411 3740 451 eam

2138 1412 2144 1421 ’
2202 1421 2270 1477 ad
2303 1421 2616 1489 bibendum,
2647 1422 2970 1479 hauriebant
2997 1438 3191 1494 aquam
3212 1464 3229 1491 ,
3252 1430 3378 1495 qua:
3401 1464 3417 1492 ,
3450 1432 3508 1478 ut
3534 1423 3743 1494 predixi,

2155 2628 2350 2690 .timor
2397 2629 2543 2685 circa
2587 2628 2789 2686 Christi
2836 2629 3223 2699 Sacerdotem,
3284 2643 3342 2689 ut
3388 2634 3557 2689 etiam
3595 2633 3636 2687 si
3670 2632 3743 2686 title

2149 3024 2151 3026 -
2186 2996 2334 3052 Multi
2365 3000 2564 3055 etenim
2591 2999 2661 3056 de
2689 3002 2994 3073 longinquis
3023 3003 3337 3075 regionibus
3374 3006 3653 3073 venientes
3676 3004 3745 3060 ob-

3674 280 3741 336 904

2212 485 2434 561 minime
2460 484 2707 550 intravit,
2739 487 2927 557 sicque
2955 496 3106 541 stans
3130 502 3268 558 aqua
3296 485 3544 541 ecclesias
3577 485 3738 555 januam

2210 577 2439 645 clausit,
2470 572 2535 634 ac
2565 578 2610 633 si
2634 577 2767 633 illud
2806 578 3131 635 elementum
3174 576 3438 649 liquidum
3474 574 3527 630 in
3565 576 3741 637 selidiu.

2211 660 2319 729 tem
2349 670 2573 742 parietis
2610 669 2802 728 fuisset
2842 674 3205 729 immutatum.
3234 668 3390 738 Quod
3420 668 3579 725 etiam
3604 667 3741 723 factum

2210 766 2400 822 videns
2441 766 2671 837 populus
2695 765 3055 825 admiratione
3082 762 3545 836 comprehensus,
3571 764 3646 832 qui
3672 764 3744 818 iiiis

2186 862 2302 929 ad,
2332 861 2596 919 honorem
2629 862 2723 920 Dei
2770 872 2827 920 et
2869 865 3041 921 sancti
3086 862 3399 920 Sacerdotis
3436 875 3742 927 convenerat,

2207 953 2351 1012 fame
2392 957 2593 1027 sitique
2619 972 2681 1015 se
2707 958 2888 1030 perire
2911 957 3266 1016 acclamabat.
3306 956 3442 1014 Cum
3470 969 3595 1028 ergo
3616 964 3745 1011 emerit

2207 1048 2365 1105 multi
2393 1051 2625 1107 interius
2670 1052 2910 1118 inventi,
2962 1059 3019 1108 et
3049 1065 3310 1123 aquarum
3350 1048 3668 1105 multitudine
3686 1062 3745 1103 ec-

2205 1142 2374 1197 clesia
2416 1143 2595 1199 omnis
2637 1142 3005 1213 circumdata,
3039 1152 3097 1199 et
3144 1144 3245 1213 ipsi
3273 1128 3354 1200 in
3402 1157 3564 1215 quam
3592 1147 3745 1214 possint

2207 1241 2417 1302 partem
2446 1233 2629 1306 egredi
2653 1249 2761 1290 non
2790 1234 3084 1301 haberent,
3118 1234 3301 1306 ibique
3334 1250 3397 1290 se
3440 1234 3529 1290 siti
3566 1243 3617 1290 et
3647 1233 3745 1289 fama

2203 1324 2439 1383 deﬁcere
2468 1320 2866 1406 formidarent;
2900 1327 2968 1382 ad
2990 1328 3238 1384 erclesire
3264 1328 3489 1399 januam
3517 1328 3747 1385 veniebant

2200 1530 2373 1587 usque
2396 1515 2465 1572 ad
2492 1515 2761 1572 fenestras
2790 1526 3139 1583 excreverat,
3170 1524 3225 1572 et
3251 1525 3431 1572 tamen
3469 1516 3601 1573 intra
3621 1514 3746 1570 eccle-

2199 1609 2335 1693 siam
2385 1610 2531 1666 nullo
2560 1610 2722 1666 modo
2748 1609 3049 1685 difﬂuebat.
3099 1609 3316 1668 llaariri
3345 1611 3531 1683 itaque
3568 1620 3621 1665 ut
3640 1625 3737 1676 aqua

2199 1712 2443 1774 poterat,
2484 1704 2579 1760 sed
2624 1703 2874 1760 difﬂuere
2918 1713 2976 1760 ut
3026 1719 3167 1777 aqua
3215 1720 3321 1759 non
3354 1713 3584 1774 poterat.
3627 1704 3743 1759 Stans

2199 1898 2312 1945 tum
2350 1890 2737 1957 Confessoris,
2787 1899 2838 1947 et
2884 1904 3021 1962 aqua
3072 1901 3191 1946 erat
3240 1890 3308 1945 ad
3354 1886 3745 1961 adjutorium,et

2196 1980 2350 2049 quasi
2382 1996 2519 2051 aqua
2548 1996 2656 2036 non
2681 1992 2799 2037 erat
2836 1980 2904 2036 ad
2936 1980 3297 2037 invadendum
3327 1982 3528 2037 locum.
3562 1982 3623 2036 Et
3655 1981 3743 2035 dum

2194 2080 2341 2129 tanta
2368 2083 2514 2130 esset
2534 2058 2819 2131 inundatio
2847 2082 3023 2146 aquas,
3057 2076 3210 2132 velut
3237 2091 3427 2132 murus
3456 2076 3743 2145 circuman-

2191 2180 2298 2236 que
2326 2165 2574 2222 ecclesiae
2600 2174 2816 2223 erectus
2843 2176 2998 2234 erat,
3032 2176 3089 2223 et
3115 2168 3261 2223 intus
3283 2182 3425 2239 aqua
3466 2169 3671 2224 minime
3687 2167 3743 2221 in-

2191 2256 2559 2329 grediebatur.
2602 2260 2814 2328 Quanta
2845 2262 2992 2335 enim
3037 2271 3289 2332 putamus
3317 2262 3745 2331 virtusorationis

2193 2348 2440 2425 [cuvm]
2492 2352 2664 2423 ipsius
2712 2353 2855 2424 apud
2902 2354 3074 2411 Deum
3104 2355 3356 2413 obtinere
3389 2364 3742 2427 poterat,csm

2190 2450 2247 2498 et
2273 2458 2410 2521 aqua
2438 2442 2491 2498 in
2527 2446 2709 2517 specie
2741 2446 2877 2501 muri
2907 2455 3087 2503 erecta
3111 2459 3258 2514 erat,
3290 2457 3346 2505 et
3371 2448 3585 2520 ingredi
3614 2449 3743 2504 locum

2190 2536 2557 2593 venerabilem
2583 2554 2689 2594 non
2712 2539 2968 2596 audebat.
2996 2540 3149 2597 Unde
3166 2541 3410 2598 adcrevit
3431 2543 3694 2600 veneratio
3709 2552 3744 2595 et

2189 2720 2397 2793 exigat,
2425 2722 2629 2779 inﬁrmi
2676 2735 2969 2791 curentur,
3001 2725 3318 2784 daemoniaci
3350 2729 3605 2794 veniant,
3637 2738 3681 2782 et
3703 2726 3745 2780 li-

2188 2812 2467 2870 bereutur.
2503 2814 2572 2870 Et
2613 2812 2806 2886 Siquis
2854 2832 2917 2872 ex
2950 2831 3076 2872 vera
3115 2817 3224 2873 fide
3260 2827 3513 2874 sanctum
3546 2820 3652 2889 ejus
3674 2832 3743 2872 no-

2187 2920 2311 2962 men
2355 2907 2717 2973 inviieaverit,
2750 2908 2871 2965 sine
2906 2909 3073 2972 dubio
3096 2910 3213 2982 ejus
3235 2912 3491 2982 petitioni
3517 2913 3742 2996 annuitur.

2185 3103 2334 3145 sessa
2363 3089 2676 3169 inﬁrmitate
2703 3107 2931 3164 corpora
2962 3094 3030 3149 ad
3063 3094 3181 3167 ejus
3218 3096 3577 3167 sepulchrum
3602 3089 3771 3169 jacen-l

487 3211 685 3267 genere
714 3191 947 3249 Gallieni
985 3190 1112 3246 fecit
1147 3198 1334 3244 sancto
1362 3188 1565 3243 nomini
1599 3187 1769 3258 ipsius
1802 3181 2079 3242 basilicam
2106 3174 2153 3238 C
2187 3187 2270 3235 tes
2299 3168 2397 3251 per
2417 3181 2591 3253 ipsius
2631 3183 3083 3268 intercessionem
3132 3188 3198 3244 ad
3242 3190 3462 3261 prOpria
3490 3168 3613 3247 cum
3638 3184 3771 3263 sani-1

481 3288 623 3343 haud
654 3285 845 3357 procul
890 3300 919 3339 a
968 3281 1151 3349 fluvio,
1202 3281 1291 3337 ubi
1322 3296 1464 3336 nunc
1490 3291 1731 3336 sanctum
1760 3279 1927 3350 ipsius
1954 3295 2078 3335 cor-

480 3396 581 3454 pus
624 3378 933 3451 requiescit,
960 3375 1052 3448 qui
1077 3376 1239 3431 etiam
1258 3359 1597 3430 venerabilis
1622 3373 1772 3429 locus
1801 3374 1852 3427 in
1880 3372 2080 3428 Christi

481 3476 701 3531 nomine
722 3465 998 3528 miraculis
1025 3478 1295 3525 coruscat.

552 3568 644 3623 lx.
680 3568 809 3622 POSt
840 3556 970 3621 vero
1002 3562 1215 3633 aliquod
1263 3573 1474 3631 tempus
1512 3560 1654 3632 apud
1699 3560 1943 3618 eamdem
1979 3559 2080 3617 Vc-

478 3674 767 3718 rouensem
816 3657 1007 3713 urbem
1054 3652 1330 3728 cum'(‘20)
1362 3653 1452 3726 die
1505 3651 1689 3709 Sancti
1738 3653 1963 3708 natalitii
1996 3654 2077 3723 ip—

481 3756 593 3810 sius
622 3753 817 3809 devote
852 3749 1084 3821 populus
1110 3762 1214 3803 una
1248 3761 1371 3801 cum
1402 3746 1549 3801 clero
1577 3731 1659 3800 vel
1704 3745 2082 3803 sacerdotibus

480 3846 544 3911 ad
575 3845 858 3900 Missarum
885 3837 1150 3896 solemnia
1180 3838 1589 3901 convenissent,
1610 3833 1804 3891 ﬂuvius
1834 3834 2078 3902 Athesis,

479 3939 566 3993 ubi
596 3952 759 4007 super
800 3933 971 4003 ripam
1029 3930 1149 4001 ejus
1194 3927 1532 3984 reconditum
1577 3942 1699 3983 esse
1745 3926 2082 3999 dignoscitur

479 4046 674 4100 corpus
703 4069 716 4090 ,
763 4026 941 4081 subito
988 4032 1132 4077 tanta
1166 4020 1519 4076 inundatione
1547 4019 1824 4087 excrevit,
1854 4030 1915 4074 ut
1942 4032 2081 4089 aqua
2130 4080 2135 4085 ,
2218 4036 2234 4045 -

478 4121 715 4180 tlniuinis
740 4133 910 4190 usque
951 4116 1017 4172 ad
1046 4114 1347 4177 fenestras,
1392 4114 1477 4169 vel
1510 4122 1707 4169 tectum
1740 4111 2076 4171 ascenderet.

474 4312 623 4373 bant,
674 4304 742 4360 de
787 4316 894 4371 quo
935 4299 1055 4355 vide
1086 4296 1354 4353 laudatam
1399 4296 1833 4354 dissertationcm
1865 4314 1902 4366 l,
1948 4313 2067 4368 cap.

473 4378 674 4523 3’(§t7‘).
707 4445 1069 4523 Etlinieumno
1121 4441 1529 4523 imperatorem
1553 4439 1675 4495 huic
1732 4439 1807 4494 r'ei
1854 4419 2072 4523 acquie':

475 4510 617 4579 vissc
645 4510 919 4573 'credibile
948 4516 1071 4571 est?
1121 4511 1378 4567 Fabulam
1431 4510 1622 4567 eodem
1670 4510 2003 4582 paragrapho
2034 4510 2069 4564 4

474 4590 833 4651 ostendimus.
1730 4608 1731 4611 η

549 4661 663 4735 (ili)
708 4658 949 4735 l_ta_apud
983 4654 1380 4735 lglenschenium
1415 4671 1426 4706 :
1461 4652 1799 4735 iu_Rem_ensi
1827 4653 1982 4735 quod.
2032 4672 2053 4687 ι

467 4748 473 4756 ·
548 4724 662 4805 (19)
707 4724 927 4805 Qiiidnm
962 4744 1033 4782 ex
1078 4726 1383 4781 Mombritio
1409 4735 1460 4779 et
1492 4724 1833 4805 liensclienio
1858 4725 2059 4805 addere

475 4795 864 4864 necessei'uit;
895 4815 1120 4867 quorum
1168 4806 1470 4867 postremus
1514 4795 1579 4849 ad
1621 4796 1734 4850 h-t'c
1766 4796 1929 4867 verba
1959 4812 2057 4848 uo-

472 4887 550 4932 tat
585 4893 598 4927 :
639 4895 656 4926 r
700 4873 770 4926 Ita
804 4864 1054 4941 pler-aque
1084 4864 1213 4941 mss.
1247 4864 1469 4931 Quidum
1500 4882 1780 4941 exigenerc
1816 4864 2057 4933 Guliieui,

472 4958 585 5013 aut,
644 4938 866 5013 Quidum
919 4938 1099 4994 timens
1152 4938 1314 4991 Deum
1368 4953 1494 5013 cuni
1542 4940 1875 5013 aloubrittm,
1922 4946 2063 5013 aut,

473 5007 695 5086 Quidam
726 5014 1072 5086 nobilissimus
1123 5026 1183 5062 ea:
1220 5008 1695 5086 gericrenﬂuilieui.
1726 5007 2061 5086 dt‘Ug‘hellii

469 5078 752 5159 Exemplar
781 5098 833 5140 et
867 5085 1215 5159 ttnicttuitns.
1262 5097 1353 5133 reri;
1402 5078 1668 5159 Gai/ianus
1719 5080 1833 5159 fecit
1862 5078 2061 5159 pugili-

467 5150 651 5213 cmua'
674 5157 971 5225 Utrumque
996 5154 1173 5205 autem
1209 5166 1457 5225 peraeque
1486 5151 1821 5225 _l'alsuni,sive
1843 5151 1909 5204 de
1935 5150 2061 5225 Gal-

468 5232 612 5285 lieno
641 5221 1115 5295 iiiipei-ati'ii-o,<i\'c
1146 5225 1213 5276 de
1242 5223 1431 5295 aliqro
1451 5221 1691 5290 ejusdem
1714 5222 2058 5295 Imperatoris

470 5292 872 5370 enusauguitteu
913 5299 961 5353 id
1007 5295 1207 5350 factum
1270 5294 1529 5370 accipias,
1572 5309 1691 5370 cum
1727 5308 1916 5370 untncs
1943 5292 2058 5370 ejus

475 5364 752 5443 propiqui
788 5375 902 5440 ipso
932 5371 1200 5443 exstincto
1230 5366 1404 5418 necati
1454 5364 1681 5429 fuerint,
1717 5374 1772 5417 ttt
1806 5364 2057 5418 Aurelius

477 5438 655 5497 Virior
684 5438 956 5495 memorial:
976 5438 1239 5506 prodidit.
1604 5495 1607 5499 _

540 5515 654 5585 ('21))
696 5505 1026 5585 Muiubritius
1074 5521 1125 5563 et
1171 5508 1443 5585 llgltelli‘us
1488 5506 1569 5559 die
1617 5516 1790 5558 sancto
1830 5505 2049 5573 Natali,

472 5578 840 5638 llo‘nsohouius
870 5584 951 5635 die
1006 5591 1181 5635 sancto
1218 5578 1486 5632 Nalaliuut
1536 5590 1554 5630 :
1608 5592 1758 5630 error
1810 5586 2047 5643 apertus,

469 5675 588 5709 ('u'u
673 5656 895 5708 Sanctus
956 5653 1251 5719 Episcopus
1317 5650 1513 5703 obterit
1565 5647 1651 5700 die
1698 5648 1763 5699 ’12
1808 5647 2045 5719 Aprilis,

470 5730 567 5779 huc
599 5736 775 5779 autem
820 5724 1131 5778 miraculum
1178 5736 1361 5775 uicuso
1392 5720 1596 5774 Octobri
1631 5718 1946 5788 coutigerit,
1981 5720 2047 5773 de

464 5818 568 5871 quo
622 5798 768 5869 plura
820 5795 870 5850 in
918 5795 1131 5850 tlinSCl’L
1164 5793 1231 5859 5,
1276 5806 1393 5861 cup.
1452 5791 1497 5856 l,
1533 5791 1559 5858 ᾗ
1602 5788 1647 5843 ι.
1698 5788 1753 5844 In
1805 5792 2046 5860 margine

2186 3280 2296 3327 tate
2324 3283 2379 3330 et
2404 3275 2600 3346 gaudio
2637 3288 3003 3345 revertuntur,
3053 3279 3170 3352 (21)
3219 3276 3515 3351 praestante
3562 3272 3771 3361 Domino}

2186 3376 2372 3422 nostro
2417 3365 2549 3424 Iesu
2578 3369 2821 3437 Christo,
2854 3372 2940 3427 cui
2970 3380 3055 3427 est
3093 3371 3268 3447 honor
3296 3376 3548 3448 etgloria
3586 3380 3636 3432 in
3663 3380 3771 3453 σαξσῖ

2182 3459 2303 3516 cula
2334 3461 2676 3519 saeculorum.
2707 3462 2903 3521 Amen.
2994 3469 3005 3480 ‘

2379 3602 2998 3729 [cuuinnvruuus
3051 3647 3140 3706 DE
3192 3650 3251 3707 s.
3305 3651 3584 3715 aesone

2402 3785 2489 3842 Ea:
2530 3788 2704 3875 codice
2724 3787 3016 3862 Cdpitulari
3042 3792 3222 3849 seculi
3253 3794 3463 3851 circiter
3496 3813 3571 3853 ιι.

2260 3924 2495 3982 Audiam
2518 3927 2603 4001 (1)
2628 3928 2915 4000 principes,
2951 3931 3171 3988 audiant
3199 3914 3416 4007 populi,

2325 4022 2536 4097 Quanta
2572 4035 2785 4093 peracta
2816 4034 2941 4080 sunt
2970 4025 3036 4081 de
3073 4025 3565 4101 Sanctorhomine,

2327 4112 2539 4182 Quanta
2576 4115 2715 4171 Deus
2742 4117 2993 4172 concedit
3020 4116 3101 4189 (2)
3134 4117 3189 4172 in
3211 4133 3273 4175 se
3294 4119 3660 4189 credentibus.

2214 4314 2339 4355 orro
2370 4315 2471 4354 ms.
2501 4299 2782 4357 Remensis
2826 4302 2891 4357 ad
2946 4304 3084 4360 hanc
3124 4304 3371 4364 miraculi
3397 4310 3741 4366 narrationem

2216 4389 2258 4425 ac
2289 4381 2397 4427 tres
2426 4372 2620 4427 littera:
2657 4378 2916 4442 apposita:
2943 4388 3240 4432 cernuntur
3280 4396 3293 4431 :
3327 4378 3394 4435 (ἰ.
3434 4379 3502 4435 Ρ.
3534 4379 3599 4435 (ῖι
3626 4383 3738 4435 linea

2174 4442 2397 4521 singulis
2439 4444 2759 4521 superducta
2802 4463 2814 4521 ς
2848 4461 3076 4521 quarum
3118 4448 3333 4521 duabus
3378 4453 3579 4521 primis
3600 4451 3662 4508 G.
3693 4446 3743 4503 P.

2176 4512 2478 4597 Gregorium
2510 4512 2722 4597 Papam
2752 4512 3059 4597 signiﬁcari
3105 4520 3238 4597 nihil
3269 4512 3629 4597 ambigimus
3658 4523 3676 4597 (
3695 4521 3745 4576 de

2093 4611 2147 4672 D
2174 4585 2329 4672 tertia
2359 4584 2800 4672 aliiconjiciaut)
2827 4584 2964 4672 cum
3009 4604 3077 4645 ex
3105 4590 3224 4661 ejus
3250 4584 3485 4672 dialogis
3539 4584 3739 4672 totidem

2172 4670 2317 4724 saepe
2362 4656 2535 4710 verbis
2582 4671 2643 4734 ea
2700 4656 2935 4712 narratio
2970 4656 3237 4734 expressa
3285 4656 3742 4734 deprehendatur;

2161 4740 2285 4796 quae
2318 4737 2511 4806 tamen.
2532 4727 2692 4783 verba
2719 4742 3032 4806 ._quateuti_s
3054 4727 3175 4806 2.__s.
3208 4727 3478 4806 Gregorio
3515 4727 3739 4806 sumpta.

2164 4812 2286 4879 cum
2315 4798 2382 4879 ab
2426 4798 2545 4879 aliis
2580 4813 2709 4879 mss.
2742 4799 3048 4879 Mnmbritii,
3080 4798 3347 4879 Ughelhi'
3360 4817 3416 4864 et
3447 4798 3745 4870 Heuscbenii

2162 4868 2420 4948 a_bsint,in
2448 4868 2702 4948 (Seronati
2740 4880 2943 4948 textum
2977 4868 3178 4948 intrus'a
3203 4878 3372 4933 videri
3401 4868 3648 4948 possunt.
3666 4879 3746 4932 Ea-

2165 4940 2285 5020 dem
2304 4950 2495 5020 tamen
2512 4940 2713 5020 additio
2740 4942 2928 5020 iisdem
2954 4946 3110 5020 plane
3134 4948 3312 5020 verbis
3345 4940 3746 5020 inserta‘pariter

2128 5034 2134 5041 α
2166 5012 2361 5083 legitur
2404 5013 2453 5063 in
2486 5009 2715 5083 antiquo
2748 5009 3090 5072 Leetionario
3120 5019 3365 5076 ecclesiae
3393 5009 3745 5083 Tridentinis.

2164 5082 2256 5151 qni
2278 5083 2524 5137 eamdem
2548 5082 2801 5138 Cornuati
2834 5087 2998 5141 vitam
3039 5090 3090 5143 in
3130 5106 3324 5147 novem
3353 5096 3622 5151 lectiones
3648 5082 3741 5148 dis4

2167 5154 2413 5220 pertitam
2442 5154 2677 5208 exhibet.

2204 5292 2215 5303 '
2237 5222 2563 5303 (2l)_-Apud_
2590 5224 2952 5303 liiornhritium
2975 5271 2988 5290 ,
3024 5227 3329 5303 Ugliellium
3353 5275 3370 5300 ,
3404 5245 3462 5291 et
3490 5234 3740 5291 Heuschc-

2164 5295 2311 5377 nium
2360 5295 2474 5379 lucc
2500 5295 2769 5379 adduntur
2800 5314 2813 5351 :
2849 5296 2983 5379 (Ecce
3024 5295 3096 5379 ea
3136 5304 3310 5358 multis
3342 5295 3461 5379 ejus
3492 5305 3739 5362 miraculis

2163 5382 2254 5444 ego
2286 5366 2483 5444 inutilis
2528 5365 2814 5444 Coronatus
2834 5368 3098 5444 Notarius
3117 5414 3133 5439 ,
3164 5376 3302 5444 quod
3332 5365 3651 5443 compertum
3682 5388 3740 5430 te.

2162 5437 2283 5518 nui,
2310 5437 2386 5518 “in
2416 5453 2573 5505 parvo
2618 5439 2843 5494 conclusi
2869 5483 2884 5507 ,
2915 5459 2976 5496 ne
3007 5437 3285 5514 legentibus
3327 5450 3408 5502 uel
3435 5437 3736 5511 audienti!!!"

2162 5507 2431 5578 fastidium
2457 5523 2771 5577 generarem.

2236 5580 2549 5663 Ιὶηχτιξξιυδι
2579 5609 2647 5663 --ξ
2680 5580 2768 5663 (1)⁸
2801 5581 2893 5663 Ms.
2946 5585 3165 5641 Audierit
3187 5586 3485 5663 Principes
3506 5636 3522 5663 ,
3553 5591 3737 5655 audient

2236 5608 2543 5663 ηιιξιιιξιυο.
2579 5609 2647 5620 --
2680 5608 2768 5664 χι),
2801 5608 2893 5637 tua.
2946 5608 3165 5641 riualem
3210 5608 3387 5643 ιΤυισι
3429 5608 3522 5663 88,
3553 5608 3737 5655 quath

2160 5650 2355 5732 populi.
2405 5655 2702 5737 (.orouatus
2750 5670 2808 5733 in
2847 5656 2965 5737 title
2994 5673 3142 5713 num.
3184 5659 3201 5711 l
3231 5701 3246 5725 ,
3282 5608 3514 5718 [iurgant
3544 5663 3738 5737 populi.

2155 5724 2243 5790 qui
2287 5724 2399 5792 ejus
2454 5724 2660 5789 cupiunt
2693 5724 2961 5781 miracula.
3235 5724 3238 5725 ⁷
3508 5783 3516 5792 ,

2229 5792 2310 5861 (2)
2352 5794 2446 5848 illa.
2483 5792 2741 5848 coudcdit.
3554 5809 3565 5814 ”
