  <div class='ocr_page' id='page_1' title='image "/cluster/home/n/w/nwhite01/storage/ocr_20150623/11/uva.x000826576/112.png"; bbox 0 0 3820 6220; ppageno 0'>
   <div class='ocr_carea' id='block_1_1' title="bbox 70 239 179 296">
    <p class='ocr_par' dir='ltr' id='par_1_1' title="bbox 70 239 179 296">
     <span class='ocr_line' id='line_1_1' title="bbox 70 239 179 296; baseline 0 -3"><span class='ocrx_word' id='word_1_1' title='bbox 70 239 179 296; x_wconf 69' lang='lat'><strong>209</strong></span> 
     </span>
    </p>
   </div>
   <div class='ocr_carea' id='block_1_2' title="bbox 968 230 2519 299">
    <p class='ocr_par' dir='ltr' id='par_1_2' title="bbox 968 230 2519 299">
     <span class='ocr_line' id='line_1_2' title="bbox 968 230 2519 299; baseline 0.001 -5"><span class='ocrx_word' id='word_1_2' title='bbox 968 230 1286 295; x_wconf 77' lang='lat' dir='ltr'><strong>HISTORIA</strong></span> <span class='ocrx_word' id='word_1_3' title='bbox 1331 233 1881 293; x_wconf 74' lang='lat' dir='ltr'><strong>TRANSLATIONIS</strong></span> <span class='ocrx_word' id='word_1_4' title='bbox 1922 237 2171 294; x_wconf 71' lang='lat' dir='ltr'><strong>SANCTI</strong></span> <span class='ocrx_word' id='word_1_5' title='bbox 2211 239 2519 299; x_wconf 80' lang='lat' dir='ltr'><strong>ZENO‘NIS.</strong></span> 
     </span>
    </p>
   </div>
   <div class='ocr_carea' id='block_1_3' title="bbox 3267 248 3373 303">
    <p class='ocr_par' dir='ltr' id='par_1_3' title="bbox 3267 248 3373 303">
     <span class='ocr_line' id='line_1_3' title="bbox 3267 248 3373 303; baseline 0 -1"><span class='ocrx_word' id='word_1_6' title='bbox 3267 248 3373 303; x_wconf 76' lang='lat' dir='ltr'><strong>9J0</strong></span> 
     </span>
    </p>
   </div>
   <div class='ocr_carea' id='block_1_4' title="bbox 73 352 3374 431">
    <p class='ocr_par' dir='ltr' id='par_1_4' title="bbox 73 352 3374 431">
     <span class='ocr_line' id='line_1_4' title="bbox 73 352 3374 431; baseline 0.001 -18"><span class='ocrx_word' id='word_1_7' title='bbox 73 358 171 413; x_wconf 83' lang='lat' dir='ltr'><strong>bus</strong></span> <span class='ocrx_word' id='word_1_8' title='bbox 200 359 475 418; x_wconf 74' lang='lat' dir='ltr'><strong>reditibus</strong></span> <span class='ocrx_word' id='word_1_9' title='bbox 504 360 732 431; x_wconf 88' lang='lat' dir='ltr'><strong>subjecit</strong></span> <span class='ocrx_word' id='word_1_10' title='bbox 756 359 988 428; x_wconf 72' lang='lat' dir='ltr'><strong>,-&#39;silvam</strong></span> <span class='ocrx_word' id='word_1_11' title='bbox 1018 372 1232 428; x_wconf 86' lang='lat' dir='ltr'><strong>quoque</strong></span> <span class='ocrx_word' id='word_1_12' title='bbox 1257 354 1489 410; x_wconf 83' lang='lat' dir='ltr'><strong>Mantico</strong></span> <span class='ocrx_word' id='word_1_13' title='bbox 1512 352 1673 408; x_wconf 84' lang='lat' dir='ltr'><strong>tradi-</strong></span> <span class='ocrx_word' id='word_1_14' title='bbox 1701 354 1754 415; x_wconf 80' lang='grc' dir='ltr'><strong>Λ</strong></span> <span class='ocrx_word' id='word_1_15' title='bbox 1781 368 2095 422; x_wconf 89' lang='lat' dir='ltr'><strong>spumosum</strong></span> <span class='ocrx_word' id='word_1_16' title='bbox 2123 369 2185 411; x_wconf 93' lang='lat' dir='ltr'><strong>os</strong></span> <span class='ocrx_word' id='word_1_17' title='bbox 2214 371 2321 411; x_wconf 89' lang='lat' dir='ltr'><strong>non</strong></span> <span class='ocrx_word' id='word_1_18' title='bbox 2346 357 2617 414; x_wconf 84' lang='lat' dir='ltr'><strong>hominem</strong></span> <span class='ocrx_word' id='word_1_19' title='bbox 2648 358 2907 427; x_wconf 90' lang='lat' dir='ltr'><strong>sonabat,</strong></span> <span class='ocrx_word' id='word_1_20' title='bbox 2939 369 2992 415; x_wconf 91' lang='lat' dir='ltr'><strong>et</strong></span> <span class='ocrx_word' id='word_1_21' title='bbox 3021 361 3221 430; x_wconf 84' lang='lat' dir='ltr'><strong>apertis</strong></span> <span class='ocrx_word' id='word_1_22' title='bbox 3244 375 3374 415; x_wconf 85' lang='lat' dir='ltr'><strong>ocu-</strong></span> 
     </span>
    </p>
   </div>
   <div class='ocr_carea' id='block_1_5' title="bbox 73 442 1679 528">
    <p class='ocr_par' dir='ltr' id='par_1_5' title="bbox 73 442 1679 528">
     <span class='ocr_line' id='line_1_5' title="bbox 73 442 1679 528; baseline -0.005 -22"><span class='ocrx_word' id='word_1_23' title='bbox 73 452 193 519; x_wconf 85' lang='lat' dir='ltr'><strong>dit;</strong></span> <span class='ocrx_word' id='word_1_24' title='bbox 225 470 497 513; x_wconf 77' lang='lat' dir='ltr'><strong>vasorum</strong></span> <span class='ocrx_word' id='word_1_25' title='bbox 536 442 933 528; x_wconf 85' lang='lat' dir='ltr'><strong>argenteorum,</strong></span> <span class='ocrx_word' id='word_1_26' title='bbox 960 462 1012 507; x_wconf 90' lang='lat' dir='ltr'><strong>et</strong></span> <span class='ocrx_word' id='word_1_27' title='bbox 1052 466 1339 507; x_wconf 83' lang='lat' dir='ltr'><strong>aureorum</strong></span> <span class='ocrx_word' id='word_1_28' title='bbox 1378 446 1679 519; x_wconf 75' lang='lat' dir='ltr'><strong>anaglypha</strong></span> 
     </span>
    </p>
   </div>
   <div class='ocr_carea' id='block_1_6' title="bbox 77 542 1682 621">
    <p class='ocr_par' dir='ltr' id='par_1_6' title="bbox 77 542 1682 621">
     <span class='ocr_line' id='line_1_6' title="bbox 77 542 1682 621; baseline -0.004 -19"><span class='ocrx_word' id='word_1_29' title='bbox 77 547 700 621; x_wconf 84' lang='lat' dir='ltr'><strong>plurima,Evaugelium</strong></span> <span class='ocrx_word' id='word_1_30' title='bbox 722 560 1074 620; x_wconf 87' lang='lat' dir='ltr'><strong>gemmarum,</strong></span> <span class='ocrx_word' id='word_1_31' title='bbox 1094 553 1255 615; x_wconf 84' lang='lat' dir='ltr'><strong>atque</strong></span> <span class='ocrx_word' id='word_1_32' title='bbox 1268 542 1682 614; x_wconf 73' lang='lat' dir='ltr'><strong>margaritarum</strong></span> 
     </span>
    </p>
   </div>
   <div class='ocr_carea' id='block_1_7' title="bbox 71 636 1683 713">
    <p class='ocr_par' dir='ltr' id='par_1_7' title="bbox 71 636 1683 713">
     <span class='ocr_line' id='line_1_7' title="bbox 71 636 1683 713; baseline -0.002 -20"><span class='ocrx_word' id='word_1_33' title='bbox 71 642 464 712; x_wconf 76' lang='lat' dir='ltr'><strong>compositura,</strong></span> <span class='ocrx_word' id='word_1_34' title='bbox 497 655 555 698; x_wconf 89' lang='lat' dir='ltr'><strong>et</strong></span> <span class='ocrx_word' id='word_1_35' title='bbox 579 641 824 713; x_wconf 80' lang='lat' dir='ltr'><strong>Speciosa</strong></span> <span class='ocrx_word' id='word_1_36' title='bbox 857 638 970 694; x_wconf 85' lang='lat' dir='ltr'><strong>auri</strong></span> <span class='ocrx_word' id='word_1_37' title='bbox 999 637 1250 706; x_wconf 73' lang='lat' dir='ltr'><strong>caelatura</strong></span> <span class='ocrx_word' id='word_1_38' title='bbox 1273 636 1478 692; x_wconf 87' lang='lat' dir='ltr'><strong>editum</strong></span> <span class='ocrx_word' id='word_1_39' title='bbox 1514 636 1683 690; x_wconf 88' lang='lat' dir='ltr'><strong>dona-</strong></span> 
     </span>
    </p>
   </div>
   <div class='ocr_carea' id='block_1_8' title="bbox 75 727 1682 807">
    <p class='ocr_par' dir='ltr' id='par_1_8' title="bbox 75 727 1682 807">
     <span class='ocr_line' id='line_1_8' title="bbox 75 727 1682 807; baseline -0.001 -22"><span class='ocrx_word' id='word_1_40' title='bbox 75 732 192 798; x_wconf 83' lang='lat' dir='ltr'><strong>vit,</strong></span> <span class='ocrx_word' id='word_1_41' title='bbox 242 743 296 789; x_wconf 87' lang='lat' dir='ltr'><strong>et</strong></span> <span class='ocrx_word' id='word_1_42' title='bbox 338 735 443 790; x_wconf 85' lang='lat' dir='ltr'><strong>alia</strong></span> <span class='ocrx_word' id='word_1_43' title='bbox 473 734 675 807; x_wconf 88' lang='lat' dir='ltr'><strong>quibus</strong></span> <span class='ocrx_word' id='word_1_44' title='bbox 706 732 899 805; x_wconf 87' lang='lat' dir='ltr'><strong>regalis</strong></span> <span class='ocrx_word' id='word_1_45' title='bbox 944 730 1179 803; x_wconf 80' lang='lat' dir='ltr'><strong>dignitas</strong></span> <span class='ocrx_word' id='word_1_46' title='bbox 1212 730 1486 785; x_wconf 86' lang='lat' dir='ltr'><strong>affluebat.</strong></span> <span class='ocrx_word' id='word_1_47' title='bbox 1518 727 1682 799; x_wconf 85' lang='lat' dir='ltr'><strong>Cujus</strong></span> 
     </span>
    </p>
   </div>
   <div class='ocr_carea' id='block_1_9' title="bbox 74 822 1679 898">
    <p class='ocr_par' dir='ltr' id='par_1_9' title="bbox 74 822 1679 898">
     <span class='ocr_line' id='line_1_9' title="bbox 74 822 1679 898; baseline -0.001 -21"><span class='ocrx_word' id='word_1_48' title='bbox 74 826 311 893; x_wconf 79' lang='lat' dir='ltr'><strong>exempli</strong></span> <span class='ocrx_word' id='word_1_49' title='bbox 339 842 602 898; x_wconf 84' lang='lat' dir='ltr'><strong>sequaces</strong></span> <span class='ocrx_word' id='word_1_50' title='bbox 626 826 795 882; x_wconf 88' lang='lat' dir='ltr'><strong>nostri</strong></span> <span class='ocrx_word' id='word_1_51' title='bbox 817 826 1172 896; x_wconf 81' lang='lat' dir='ltr'><strong>imperatores</strong></span> <span class='ocrx_word' id='word_1_52' title='bbox 1198 822 1477 894; x_wconf 81' lang='lat' dir='ltr'><strong>praefatum</strong></span> <span class='ocrx_word' id='word_1_53' title='bbox 1504 824 1679 878; x_wconf 73' lang='lat' dir='ltr'><strong>locum</strong></span> 
     </span>
    </p>
   </div>
   <div class='ocr_carea' id='block_1_10' title="bbox 75 918 1494 988">
    <p class='ocr_par' dir='ltr' id='par_1_10' title="bbox 75 918 1494 988">
     <span class='ocr_line' id='line_1_10' title="bbox 75 918 1494 988; baseline 0.003 -19"><span class='ocrx_word' id='word_1_54' title='bbox 75 929 299 988; x_wconf 84' lang='lat' dir='ltr'><strong>semper</strong></span> <span class='ocrx_word' id='word_1_55' title='bbox 326 920 657 983; x_wconf 82' lang='lat' dir='ltr'><strong>dilexerunt.</strong></span> <span class='ocrx_word' id='word_1_56' title='bbox 689 934 754 975; x_wconf 88' lang='lat' dir='ltr'><strong>ac</strong></span> <span class='ocrx_word' id='word_1_57' title='bbox 777 935 872 974; x_wconf 91' lang='lat' dir='ltr'><strong>sua</strong></span> <span class='ocrx_word' id='word_1_58' title='bbox 903 934 1130 974; x_wconf 88' lang='lat' dir='ltr'><strong>munera</strong></span> <span class='ocrx_word' id='word_1_59' title='bbox 1160 918 1494 975; x_wconf 90' lang='lat' dir='ltr'><strong>obtulerunt.</strong></span> 
     </span>
    </p>
   </div>
   <div class='ocr_carea' id='block_1_11' title="bbox 147 1010 1681 1086">
    <p class='ocr_par' dir='ltr' id='par_1_11' title="bbox 147 1010 1681 1086">
     <span class='ocr_line' id='line_1_11' title="bbox 147 1010 1681 1086; baseline 0 -19"><span class='ocrx_word' id='word_1_60' title='bbox 147 1010 665 1086; x_wconf 70' lang='lat' dir='ltr'><strong>[ccxxtvjltotaldus</strong></span> <span class='ocrx_word' id='word_1_61' title='bbox 679 1011 905 1080; x_wconf 64' lang='lat' dir='ltr'><strong>Presul,</strong></span> <span class='ocrx_word' id='word_1_62' title='bbox 926 1013 1083 1068; x_wconf 88' lang='lat' dir='ltr'><strong>dives</strong></span> <span class='ocrx_word' id='word_1_63' title='bbox 1114 1011 1538 1081; x_wconf 78' lang='lat' dir='ltr'><strong>possessionum,</strong></span> <span class='ocrx_word' id='word_1_64' title='bbox 1568 1011 1681 1067; x_wconf 87' lang='lat' dir='ltr'><strong>suis</strong></span> 
     </span>
    </p>
   </div>
   <div class='ocr_carea' id='block_1_12' title="bbox 73 1105 1680 1177">
    <p class='ocr_par' dir='ltr' id='par_1_12' title="bbox 73 1105 1680 1177">
     <span class='ocr_line' id='line_1_12' title="bbox 73 1105 1680 1177; baseline 0.001 -18"><span class='ocrx_word' id='word_1_65' title='bbox 73 1106 327 1161; x_wconf 89' lang='lat' dir='ltr'><strong>omnibus</strong></span> <span class='ocrx_word' id='word_1_66' title='bbox 340 1108 623 1167; x_wconf 86' lang='lat' dir='ltr'><strong>ecclesiam</strong></span> <span class='ocrx_word' id='word_1_67' title='bbox 641 1108 930 1164; x_wconf 64' lang='lat' dir='ltr'><strong>haeredavit</strong></span> <span class='ocrx_word' id='word_1_68' title='bbox 951 1128 965 1174; x_wconf 84' lang='lat'>;</span> <span class='ocrx_word' id='word_1_69' title='bbox 986 1122 1107 1162; x_wconf 91' lang='lat' dir='ltr'><strong>nam</strong></span> <span class='ocrx_word' id='word_1_70' title='bbox 1121 1117 1174 1162; x_wconf 91' lang='lat' dir='ltr'><strong>et</strong></span> <span class='ocrx_word' id='word_1_71' title='bbox 1192 1105 1451 1162; x_wconf 84' lang='lat' dir='ltr'><strong>nobilium</strong></span> <span class='ocrx_word' id='word_1_72' title='bbox 1465 1106 1680 1177; x_wconf 86' lang='lat' dir='ltr'><strong>plurimi</strong></span> 
     </span>
    </p>
   </div>
   <div class='ocr_carea' id='block_1_13' title="bbox 76 1198 1679 1269">
    <p class='ocr_par' dir='ltr' id='par_1_13' title="bbox 76 1198 1679 1269">
     <span class='ocr_line' id='line_1_13' title="bbox 76 1198 1679 1269; baseline 0.002 -17"><span class='ocrx_word' id='word_1_73' title='bbox 76 1212 303 1268; x_wconf 79' lang='lat' dir='ltr'><strong>magnas</strong></span> <span class='ocrx_word' id='word_1_74' title='bbox 325 1198 603 1269; x_wconf 79' lang='lat' dir='ltr'><strong>portiones</strong></span> <span class='ocrx_word' id='word_1_75' title='bbox 631 1216 851 1256; x_wconf 90' lang='lat' dir='ltr'><strong>suarum</strong></span> <span class='ocrx_word' id='word_1_76' title='bbox 880 1201 1193 1260; x_wconf 76' lang='lat' dir='ltr'><strong>facultatum</strong></span> <span class='ocrx_word' id='word_1_77' title='bbox 1229 1202 1474 1255; x_wconf 87' lang='lat' dir='ltr'><strong>certatim</strong></span> <span class='ocrx_word' id='word_1_78' title='bbox 1527 1199 1679 1255; x_wconf 89' lang='lat' dir='ltr'><strong>adhi-</strong></span> 
     </span>
    </p>
   </div>
   <div class='ocr_carea' id='block_1_14' title="bbox 74 1287 1701 1363">
    <p class='ocr_par' dir='ltr' id='par_1_14' title="bbox 74 1287 1701 1363">
     <span class='ocr_line' id='line_1_14' title="bbox 74 1287 1701 1363; baseline 0.003 -21"><span class='ocrx_word' id='word_1_79' title='bbox 74 1287 311 1343; x_wconf 89' lang='lat' dir='ltr'><strong>buerunt</strong></span> <span class='ocrx_word' id='word_1_80' title='bbox 341 1289 403 1362; x_wconf 87' lang='lat' dir='ltr'><strong>(f.</strong></span> <span class='ocrx_word' id='word_1_81' title='bbox 432 1291 835 1363; x_wconf 76' lang='lat' dir='ltr'><strong>adtribuerunt),</strong></span> <span class='ocrx_word' id='word_1_82' title='bbox 887 1292 1029 1348; x_wconf 89' lang='lat' dir='ltr'><strong>unde</strong></span> <span class='ocrx_word' id='word_1_83' title='bbox 1050 1301 1337 1363; x_wconf 89' lang='lat' dir='ltr'><strong>antequam</strong></span> <span class='ocrx_word' id='word_1_84' title='bbox 1361 1292 1701 1348; x_wconf 55' lang='lat' dir='ltr'><strong>soloecum»</strong></span> 
     </span>
    </p>
   </div>
   <div class='ocr_carea' id='block_1_15' title="bbox 76 1382 1679 1464">
    <p class='ocr_par' dir='ltr' id='par_1_15' title="bbox 76 1382 1679 1464">
     <span class='ocr_line' id='line_1_15' title="bbox 76 1382 1679 1464; baseline 0.003 -27"><span class='ocrx_word' id='word_1_85' title='bbox 76 1382 266 1447; x_wconf 84' lang='lat' dir='ltr'><strong>beret,</strong></span> <span class='ocrx_word' id='word_1_86' title='bbox 307 1383 397 1438; x_wconf 86' lang='lat' dir='ltr'><strong>illa</strong></span> <span class='ocrx_word' id='word_1_87' title='bbox 436 1385 670 1441; x_wconf 83' lang='lat' dir='ltr'><strong>ecclesia</strong></span> <span class='ocrx_word' id='word_1_88' title='bbox 712 1384 974 1441; x_wconf 85' lang='lat' dir='ltr'><strong>ditissima</strong></span> <span class='ocrx_word' id='word_1_89' title='bbox 1017 1386 1157 1441; x_wconf 85' lang='lat' dir='ltr'><strong>facta</strong></span> <span class='ocrx_word' id='word_1_90' title='bbox 1202 1395 1306 1441; x_wconf 91' lang='lat' dir='ltr'><strong>est.</strong></span> <span class='ocrx_word' id='word_1_91' title='bbox 1349 1386 1430 1464; x_wconf 39' lang='lat' dir='ltr'><strong>At,</strong></span> <span class='ocrx_word' id='word_1_92' title='bbox 1461 1388 1543 1440; x_wconf 83' lang='lat' dir='ltr'><strong>vir</strong></span> <span class='ocrx_word' id='word_1_93' title='bbox 1585 1386 1679 1442; x_wconf 89' lang='lat' dir='ltr'><strong>Dei</strong></span> 
     </span>
    </p>
   </div>
   <div class='ocr_carea' id='block_1_16' title="bbox 74 1471 1674 1544">
    <p class='ocr_par' dir='ltr' id='par_1_16' title="bbox 74 1471 1674 1544">
     <span class='ocr_line' id='line_1_16' title="bbox 74 1471 1674 1544; baseline 0.004 -19"><span class='ocrx_word' id='word_1_94' title='bbox 74 1471 268 1528; x_wconf 81' lang='lat' dir='ltr'><strong>avidus</strong></span> <span class='ocrx_word' id='word_1_95' title='bbox 293 1473 551 1531; x_wconf 88' lang='lat' dir='ltr'><strong>redeundi</strong></span> <span class='ocrx_word' id='word_1_96' title='bbox 574 1475 642 1530; x_wconf 91' lang='lat' dir='ltr'><strong>ad</strong></span> <span class='ocrx_word' id='word_1_97' title='bbox 668 1476 974 1544; x_wconf 90' lang='lat' dir='ltr'><strong>heremum,</strong></span> <span class='ocrx_word' id='word_1_98' title='bbox 1005 1477 1111 1532; x_wconf 87' lang='lat' dir='ltr'><strong>iter</strong></span> <span class='ocrx_word' id='word_1_99' title='bbox 1133 1493 1288 1532; x_wconf 89' lang='lat' dir='ltr'><strong>suum</strong></span> <span class='ocrx_word' id='word_1_100' title='bbox 1311 1478 1674 1534; x_wconf 82' lang='lat' dir='ltr'><strong>aceelerabat.</strong></span> 
     </span>
    </p>
   </div>
   <div class='ocr_carea' id='block_1_17' title="bbox 76 1565 1679 1650">
    <p class='ocr_par' dir='ltr' id='par_1_17' title="bbox 76 1565 1679 1650">
     <span class='ocr_line' id='line_1_17' title="bbox 76 1565 1679 1650; baseline 0.004 -30"><span class='ocrx_word' id='word_1_101' title='bbox 76 1565 173 1622; x_wconf 84' lang='lat' dir='ltr'><strong>Hie</strong></span> <span class='ocrx_word' id='word_1_102' title='bbox 198 1565 326 1621; x_wconf 89' lang='lat' dir='ltr'><strong>dum</strong></span> <span class='ocrx_word' id='word_1_103' title='bbox 356 1566 636 1624; x_wconf 88' lang='lat' dir='ltr'><strong>domicilio</strong></span> <span class='ocrx_word' id='word_1_104' title='bbox 665 1570 1148 1640; x_wconf 87' lang='lat' dir='ltr'><strong>appropinquaret,</strong></span> <span class='ocrx_word' id='word_1_105' title='bbox 1172 1569 1304 1650; x_wconf 83' lang='lat' dir='ltr'><strong>vidit</strong></span> <span class='ocrx_word' id='word_1_106' title='bbox 1335 1571 1598 1627; x_wconf 90' lang='lat' dir='ltr'><strong>merulam</strong></span> <span class='ocrx_word' id='word_1_107' title='bbox 1625 1571 1679 1626; x_wconf 90' lang='lat' dir='ltr'><strong>in</strong></span> 
     </span>
    </p>
   </div>
   <div class='ocr_carea' id='block_1_18' title="bbox 72 1658 1678 1735">
    <p class='ocr_par' dir='ltr' id='par_1_18' title="bbox 72 1658 1678 1735">
     <span class='ocr_line' id='line_1_18' title="bbox 72 1658 1678 1735; baseline 0.004 -22"><span class='ocrx_word' id='word_1_108' title='bbox 72 1658 299 1729; x_wconf 68' lang='lat' dir='ltr'><strong>praecisa</strong></span> <span class='ocrx_word' id='word_1_109' title='bbox 341 1676 476 1731; x_wconf 90' lang='lat' dir='ltr'><strong>rupe</strong></span> <span class='ocrx_word' id='word_1_110' title='bbox 517 1661 813 1731; x_wconf 88' lang='lat' dir='ltr'><strong>jacentem,</strong></span> <span class='ocrx_word' id='word_1_111' title='bbox 864 1677 1026 1734; x_wconf 90' lang='lat' dir='ltr'><strong>quam</strong></span> <span class='ocrx_word' id='word_1_112' title='bbox 1073 1671 1221 1718; x_wconf 91' lang='lat' dir='ltr'><strong>ratus</strong></span> <span class='ocrx_word' id='word_1_113' title='bbox 1273 1664 1575 1735; x_wconf 87' lang='lat' dir='ltr'><strong>quiescere,</strong></span> <span class='ocrx_word' id='word_1_114' title='bbox 1623 1674 1678 1720; x_wconf 91' lang='lat' dir='ltr'><strong>et</strong></span> 
     </span>
    </p>
   </div>
   <div class='ocr_carea' id='block_1_19' title="bbox 1790 446 3378 528">
    <p class='ocr_par' dir='ltr' id='par_1_19' title="bbox 1790 446 3378 528">
     <span class='ocr_line' id='line_1_19' title="bbox 1790 446 3378 528; baseline 0.003 -26"><span class='ocrx_word' id='word_1_115' title='bbox 1790 446 1858 503; x_wconf 89' lang='lat' dir='ltr'><strong>lis</strong></span> <span class='ocrx_word' id='word_1_116' title='bbox 1890 462 1995 504; x_wconf 90' lang='lat' dir='ltr'><strong>non</strong></span> <span class='ocrx_word' id='word_1_117' title='bbox 2051 449 2268 506; x_wconf 86' lang='lat' dir='ltr'><strong>videbat</strong></span> <span class='ocrx_word' id='word_1_118' title='bbox 2297 469 2310 518; x_wconf 92' lang='lat'><strong>;</strong></span> <span class='ocrx_word' id='word_1_119' title='bbox 2344 452 2408 507; x_wconf 86' lang='lat' dir='ltr'><strong>ad</strong></span> <span class='ocrx_word' id='word_1_120' title='bbox 2432 469 2567 524; x_wconf 91' lang='lat' dir='ltr'><strong>quos</strong></span> <span class='ocrx_word' id='word_1_121' title='bbox 2598 469 2717 509; x_wconf 91' lang='lat' dir='ltr'><strong>cum</strong></span> <span class='ocrx_word' id='word_1_122' title='bbox 2752 453 2854 527; x_wconf 91' lang='lat' dir='ltr'><strong>(al.</strong></span> <span class='ocrx_word' id='word_1_123' title='bbox 2888 452 3049 528; x_wconf 84' lang='lat' dir='ltr'><strong>dum)</strong></span> <span class='ocrx_word' id='word_1_124' title='bbox 3080 453 3250 509; x_wconf 75' lang='lat' dir='ltr'><strong>hosds</strong></span> <span class='ocrx_word' id='word_1_125' title='bbox 3276 470 3378 511; x_wconf 69' lang='lat' dir='ltr'><strong>sas—</strong></span> 
     </span>
    </p>
   </div>
   <div class='ocr_carea' id='block_1_20' title="bbox 1785 530 3372 617">
    <p class='ocr_par' dir='ltr' id='par_1_20' title="bbox 1785 530 3372 617">
     <span class='ocr_line' id='line_1_20' title="bbox 1785 530 3372 617; baseline 0.006 -25"><span class='ocrx_word' id='word_1_126' title='bbox 1785 541 1936 599; x_wconf 88' lang='lat' dir='ltr'><strong>viens</strong></span> <span class='ocrx_word' id='word_1_127' title='bbox 1957 530 2235 611; x_wconf 86' lang='lat' dir='ltr'><strong>evolabat,</strong></span> <span class='ocrx_word' id='word_1_128' title='bbox 2281 546 2605 617; x_wconf 85' lang='lat' dir='ltr'><strong>sanguineos</strong></span> <span class='ocrx_word' id='word_1_129' title='bbox 2645 547 2939 616; x_wconf 85' lang='lat' dir='ltr'><strong>reddebat,</strong></span> <span class='ocrx_word' id='word_1_130' title='bbox 2982 558 3037 605; x_wconf 90' lang='lat' dir='ltr'><strong>et</strong></span> <span class='ocrx_word' id='word_1_131' title='bbox 3063 546 3372 603; x_wconf 88' lang='lat' dir='ltr'><strong>horribiles.</strong></span> 
     </span>
    </p>
   </div>
   <div class='ocr_carea' id='block_1_21' title="bbox 1786 634 3379 713">
    <p class='ocr_par' dir='ltr' id='par_1_21' title="bbox 1786 634 3379 713">
     <span class='ocr_line' id='line_1_21' title="bbox 1786 634 3379 713; baseline 0.004 -24"><span class='ocrx_word' id='word_1_132' title='bbox 1786 634 2007 691; x_wconf 88' lang='lat' dir='ltr'><strong>Occulta</strong></span> <span class='ocrx_word' id='word_1_133' title='bbox 2028 636 2304 693; x_wconf 83' lang='lat' dir='ltr'><strong>hominum</strong></span> <span class='ocrx_word' id='word_1_134' title='bbox 2334 638 2628 708; x_wconf 85' lang='lat' dir='ltr'><strong>fatebatur,</strong></span> <span class='ocrx_word' id='word_1_135' title='bbox 2659 651 2713 698; x_wconf 90' lang='lat' dir='ltr'><strong>et</strong></span> <span class='ocrx_word' id='word_1_136' title='bbox 2744 644 2907 698; x_wconf 88' lang='lat' dir='ltr'><strong>multa</strong></span> <span class='ocrx_word' id='word_1_137' title='bbox 2935 684 2947 709; x_wconf 92' lang='lat'><strong>,</strong></span> <span class='ocrx_word' id='word_1_138' title='bbox 2980 659 3100 713; x_wconf 80' lang='lat' dir='ltr'><strong>qua:</strong></span> <span class='ocrx_word' id='word_1_139' title='bbox 3132 643 3379 698; x_wconf 82' lang='lat' dir='ltr'><strong>humani—</strong></span> 
     </span>
    </p>
   </div>
   <div class='ocr_carea' id='block_1_22' title="bbox 1787 728 3376 801">
    <p class='ocr_par' dir='ltr' id='par_1_22' title="bbox 1787 728 3376 801">
     <span class='ocr_line' id='line_1_22' title="bbox 1787 728 3376 801; baseline 0.005 -19"><span class='ocrx_word' id='word_1_140' title='bbox 1787 728 1914 783; x_wconf 87' lang='lat' dir='ltr'><strong>tatis</strong></span> <span class='ocrx_word' id='word_1_141' title='bbox 1946 744 2049 783; x_wconf 92' lang='lat' dir='ltr'><strong>non</strong></span> <span class='ocrx_word' id='word_1_142' title='bbox 2076 740 2251 798; x_wconf 90' lang='lat' dir='ltr'><strong>erant,</strong></span> <span class='ocrx_word' id='word_1_143' title='bbox 2293 735 2652 801; x_wconf 86' lang='lat' dir='ltr'><strong>operabatur:</strong></span> <span class='ocrx_word' id='word_1_144' title='bbox 2700 746 2816 791; x_wconf 88' lang='lat' dir='ltr'><strong>erat</strong></span> <span class='ocrx_word' id='word_1_145' title='bbox 2855 736 3102 791; x_wconf 82' lang='lat' dir='ltr'><strong>omnibus</strong></span> <span class='ocrx_word' id='word_1_146' title='bbox 3131 735 3376 791; x_wconf 88' lang='lat' dir='ltr'><strong>mirabile</strong></span> 
     </span>
    </p>
   </div>
   <div class='ocr_carea' id='block_1_23' title="bbox 1785 823 3374 900">
    <p class='ocr_par' dir='ltr' id='par_1_23' title="bbox 1785 823 3374 900">
     <span class='ocr_line' id='line_1_23' title="bbox 1785 823 3374 900; baseline 0.004 -24"><span class='ocrx_word' id='word_1_147' title='bbox 1785 823 2173 891; x_wconf 81' lang='lat' dir='ltr'><strong>Spectaculum.</strong></span> <span class='ocrx_word' id='word_1_148' title='bbox 2225 825 2394 893; x_wconf 84' lang='lat' dir='ltr'><strong>Quem</strong></span> <span class='ocrx_word' id='word_1_149' title='bbox 2423 827 2549 882; x_wconf 90' lang='lat' dir='ltr'><strong>dum</strong></span> <span class='ocrx_word' id='word_1_150' title='bbox 2600 829 2901 900; x_wconf 79' lang='lat' dir='ltr'><strong>presbyter,</strong></span> <span class='ocrx_word' id='word_1_151' title='bbox 2956 839 3011 883; x_wconf 91' lang='lat' dir='ltr'><strong>ut</strong></span> <span class='ocrx_word' id='word_1_152' title='bbox 3059 830 3223 884; x_wconf 90' lang='lat' dir='ltr'><strong>moris</strong></span> <span class='ocrx_word' id='word_1_153' title='bbox 3269 837 3374 894; x_wconf 88' lang='lat' dir='ltr'><strong>est,</strong></span> 
     </span>
    </p>
   </div>
   <div class='ocr_carea' id='block_1_24' title="bbox 1786 915 3376 995">
    <p class='ocr_par' dir='ltr' id='par_1_24' title="bbox 1786 915 3376 995">
     <span class='ocr_line' id='line_1_24' title="bbox 1786 915 3376 995; baseline 0.003 -24"><span class='ocrx_word' id='word_1_154' title='bbox 1786 915 2055 986; x_wconf 86' lang='lat' dir='ltr'><strong>adjnravit</strong></span> <span class='ocrx_word' id='word_1_155' title='bbox 2076 958 2089 984; x_wconf 92' lang='lat'><strong>,</strong></span> <span class='ocrx_word' id='word_1_156' title='bbox 2113 917 2331 975; x_wconf 67' lang='lat' dir='ltr'><strong>daemon</strong></span> <span class='ocrx_word' id='word_1_157' title='bbox 2360 921 2666 976; x_wconf 86' lang='lat' dir='ltr'><strong>eunuchum</strong></span> <span class='ocrx_word' id='word_1_158' title='bbox 2693 923 2841 978; x_wconf 90' lang='lat' dir='ltr'><strong>illum</strong></span> <span class='ocrx_word' id='word_1_159' title='bbox 2873 923 3159 995; x_wconf 81' lang='lat' dir='ltr'><strong>appellavit</strong></span> <span class='ocrx_word' id='word_1_160' title='bbox 3184 964 3199 990; x_wconf 90' lang='lat'><strong>,</strong></span> <span class='ocrx_word' id='word_1_161' title='bbox 3230 921 3376 993; x_wconf 85' lang='lat' dir='ltr'><strong>quod</strong></span> 
     </span>
    </p>
   </div>
   <div class='ocr_carea' id='block_1_25' title="bbox 1784 1000 3374 1083">
    <p class='ocr_par' dir='ltr' id='par_1_25' title="bbox 1784 1000 3374 1083">
     <span class='ocr_line' id='line_1_25' title="bbox 1784 1000 3374 1083; baseline 0.004 -20"><span class='ocrx_word' id='word_1_162' title='bbox 1784 1011 1974 1066; x_wconf 88' lang='lat' dir='ltr'><strong>vitium</strong></span> <span class='ocrx_word' id='word_1_163' title='bbox 2017 1000 2250 1068; x_wconf 87' lang='lat' dir='ltr'><strong>nondum</strong></span> <span class='ocrx_word' id='word_1_164' title='bbox 2300 1024 2482 1083; x_wconf 80' lang='lat' dir='ltr'><strong>notum</strong></span> <span class='ocrx_word' id='word_1_165' title='bbox 2531 1023 2649 1070; x_wconf 87' lang='lat' dir='ltr'><strong>erat</strong></span> <span class='ocrx_word' id='word_1_166' title='bbox 2686 1016 3176 1071; x_wconf 86' lang='lat' dir='ltr'><strong>circumstantibus.</strong></span> <span class='ocrx_word' id='word_1_167' title='bbox 3219 1013 3374 1071; x_wconf 83' lang='lat' dir='ltr'><strong>Tunc</strong></span> 
     </span>
    </p>
   </div>
   <div class='ocr_carea' id='block_1_26' title="bbox 1786 1102 3374 1179">
    <p class='ocr_par' dir='ltr' id='par_1_26' title="bbox 1786 1102 3374 1179">
     <span class='ocr_line' id='line_1_26' title="bbox 1786 1102 3374 1179; baseline 0.003 -21"><span class='ocrx_word' id='word_1_168' title='bbox 1786 1103 1877 1159; x_wconf 92' lang='lat' dir='ltr'><strong>ille</strong></span> <span class='ocrx_word' id='word_1_169' title='bbox 1893 1102 2221 1174; x_wconf 88' lang='lat' dir='ltr'><strong>turpitudine</strong></span> <span class='ocrx_word' id='word_1_170' title='bbox 2243 1105 2339 1179; x_wconf 90' lang='lat' dir='ltr'><strong>(al.</strong></span> <span class='ocrx_word' id='word_1_171' title='bbox 2368 1104 2760 1178; x_wconf 81' lang='lat' dir='ltr'><strong>turpitudinem)</strong></span> <span class='ocrx_word' id='word_1_172' title='bbox 2783 1106 2907 1161; x_wconf 78' lang='lat' dir='ltr'><strong>illati</strong></span> <span class='ocrx_word' id='word_1_173' title='bbox 2924 1106 3231 1177; x_wconf 89' lang='lat' dir='ltr'><strong>improperii</strong></span> <span class='ocrx_word' id='word_1_174' title='bbox 3246 1121 3374 1162; x_wconf 87' lang='lat' dir='ltr'><strong>eru-</strong></span> 
     </span>
    </p>
   </div>
   <div class='ocr_carea' id='block_1_27' title="bbox 1784 1194 3377 1272">
    <p class='ocr_par' dir='ltr' id='par_1_27' title="bbox 1784 1194 3377 1272">
     <span class='ocr_line' id='line_1_27' title="bbox 1784 1194 3377 1272; baseline 0.003 -23"><span class='ocrx_word' id='word_1_175' title='bbox 1784 1194 1891 1249; x_wconf 88' lang='lat' dir='ltr'><strong>buit</strong></span> <span class='ocrx_word' id='word_1_176' title='bbox 1904 1238 1918 1261; x_wconf 94' lang='lat'><strong>,</strong></span> <span class='ocrx_word' id='word_1_177' title='bbox 1935 1205 1989 1250; x_wconf 90' lang='lat' dir='ltr'><strong>ct</strong></span> <span class='ocrx_word' id='word_1_178' title='bbox 2005 1196 2335 1252; x_wconf 80' lang='lat' dir='ltr'><strong>cxirit.Ecee</strong></span> <span class='ocrx_word' id='word_1_179' title='bbox 2352 1199 2571 1269; x_wconf 90' lang='lat' dir='ltr'><strong>quidam</strong></span> <span class='ocrx_word' id='word_1_180' title='bbox 2592 1198 2849 1254; x_wconf 77' lang='lat' dir='ltr'><strong>diaconus</strong></span> <span class='ocrx_word' id='word_1_181' title='bbox 2867 1200 3163 1272; x_wconf 65' lang='lat' dir='ltr'><strong>daemonem</strong></span> <span class='ocrx_word' id='word_1_182' title='bbox 3182 1198 3377 1266; x_wconf 90' lang='lat' dir='ltr'><strong>adivit,</strong></span> 
     </span>
    </p>
   </div>
   <div class='ocr_carea' id='block_1_28' title="bbox 1784 1286 3374 1364">
    <p class='ocr_par' dir='ltr' id='par_1_28' title="bbox 1784 1286 3374 1364">
     <span class='ocr_line' id='line_1_28' title="bbox 1784 1286 3374 1364; baseline 0.002 -21"><span class='ocrx_word' id='word_1_183' title='bbox 1784 1297 1838 1343; x_wconf 91' lang='lat' dir='ltr'><strong>et</strong></span> <span class='ocrx_word' id='word_1_184' title='bbox 1866 1288 2020 1358; x_wconf 90' lang='lat' dir='ltr'><strong>quasi</strong></span> <span class='ocrx_word' id='word_1_185' title='bbox 2049 1288 2113 1343; x_wconf 87' lang='lat' dir='ltr'><strong>ad</strong></span> <span class='ocrx_word' id='word_1_186' title='bbox 2143 1286 2401 1344; x_wconf 83' lang='lat' dir='ltr'><strong>ultionem</strong></span> <span class='ocrx_word' id='word_1_187' title='bbox 2429 1292 2731 1364; x_wconf 85' lang='lat' dir='ltr'><strong>presbyteri</strong></span> <span class='ocrx_word' id='word_1_188' title='bbox 2765 1290 2982 1364; x_wconf 70' lang='lat' dir='ltr'><strong>[ccxxv]</strong></span> <span class='ocrx_word' id='word_1_189' title='bbox 3011 1306 3130 1347; x_wconf 91' lang='lat' dir='ltr'><strong>eum</strong></span> <span class='ocrx_word' id='word_1_190' title='bbox 3157 1291 3374 1363; x_wconf 77' lang='lat' dir='ltr'><strong>gravius</strong></span> 
     </span>
    </p>
   </div>
   <div class='ocr_carea' id='block_1_29' title="bbox 1782 1376 3376 1455">
    <p class='ocr_par' dir='ltr' id='par_1_29' title="bbox 1782 1376 3376 1455">
     <span class='ocr_line' id='line_1_29' title="bbox 1782 1376 3376 1455; baseline 0.005 -23"><span class='ocrx_word' id='word_1_191' title='bbox 1782 1376 2068 1448; x_wconf 83' lang='lat' dir='ltr'><strong>adjuravit.</strong></span> <span class='ocrx_word' id='word_1_192' title='bbox 2104 1381 2254 1437; x_wconf 90' lang='lat' dir='ltr'><strong>Hunc</strong></span> <span class='ocrx_word' id='word_1_193' title='bbox 2274 1382 2485 1438; x_wconf 61' lang='lat' dir='ltr'><strong>daemon</strong></span> <span class='ocrx_word' id='word_1_194' title='bbox 2509 1387 2661 1455; x_wconf 89' lang='lat' dir='ltr'><strong>quasi</strong></span> <span class='ocrx_word' id='word_1_195' title='bbox 2690 1386 3030 1439; x_wconf 77' lang='lat' dir='ltr'><strong>notiSsimutn</strong></span> <span class='ocrx_word' id='word_1_196' title='bbox 3055 1385 3294 1455; x_wconf 82' lang='lat' dir='ltr'><strong>agnovit,</strong></span> <span class='ocrx_word' id='word_1_197' title='bbox 3320 1392 3376 1441; x_wconf 88' lang='lat' dir='ltr'><strong>et</strong></span> 
     </span>
    </p>
   </div>
   <div class='ocr_carea' id='block_1_30' title="bbox 1783 1474 3408 1557">
    <p class='ocr_par' dir='ltr' id='par_1_30' title="bbox 1783 1474 3408 1557">
     <span class='ocr_line' id='line_1_30' title="bbox 1783 1474 3408 1557; baseline 0.004 -31"><span class='ocrx_word' id='word_1_198' title='bbox 1783 1486 1846 1526; x_wconf 81' lang='lat' dir='ltr'><strong>ex</strong></span> <span class='ocrx_word' id='word_1_199' title='bbox 1893 1488 1961 1528; x_wconf 92' lang='lat' dir='ltr'><strong>eo</strong></span> <span class='ocrx_word' id='word_1_200' title='bbox 1997 1474 2215 1531; x_wconf 92' lang='lat' dir='ltr'><strong>nomine</strong></span> <span class='ocrx_word' id='word_1_201' title='bbox 2253 1477 2492 1541; x_wconf 87' lang='lat' dir='ltr'><strong>vocavit,</strong></span> <span class='ocrx_word' id='word_1_202' title='bbox 2535 1485 2591 1531; x_wconf 90' lang='lat' dir='ltr'><strong>ct</strong></span> <span class='ocrx_word' id='word_1_203' title='bbox 2627 1477 2886 1532; x_wconf 85' lang='lat' dir='ltr'><strong>ridiculus</strong></span> <span class='ocrx_word' id='word_1_204' title='bbox 2927 1478 3165 1547; x_wconf 89' lang='lat' dir='ltr'><strong>proditor</strong></span> <span class='ocrx_word' id='word_1_205' title='bbox 3197 1478 3368 1547; x_wconf 90' lang='lat' dir='ltr'><strong>plura,</strong></span> <span class='ocrx_word' id='word_1_206' title='bbox 3401 1548 3408 1557; x_wconf 25' lang='grc' dir='ltr'>ι</span> 
     </span>
    </p>
   </div>
   <div class='ocr_carea' id='block_1_31' title="bbox 1782 1564 3373 1639">
    <p class='ocr_par' dir='ltr' id='par_1_31' title="bbox 1782 1564 3373 1639">
     <span class='ocr_line' id='line_1_31' title="bbox 1782 1564 3373 1639; baseline 0.003 -20"><span class='ocrx_word' id='word_1_207' title='bbox 1782 1580 1903 1636; x_wconf 75' lang='lat' dir='ltr'><strong>qua:</strong></span> <span class='ocrx_word' id='word_1_208' title='bbox 1944 1564 2101 1621; x_wconf 90' lang='lat' dir='ltr'><strong>levita</strong></span> <span class='ocrx_word' id='word_1_209' title='bbox 2134 1568 2505 1636; x_wconf 83' lang='lat' dir='ltr'><strong>commiserat,</strong></span> <span class='ocrx_word' id='word_1_210' title='bbox 2550 1568 2839 1623; x_wconf 82' lang='lat' dir='ltr'><strong>iudicavit:</strong></span> <span class='ocrx_word' id='word_1_211' title='bbox 2880 1568 3021 1624; x_wconf 89' lang='lat' dir='ltr'><strong>unde</strong></span> <span class='ocrx_word' id='word_1_212' title='bbox 3044 1569 3242 1639; x_wconf 86' lang='lat' dir='ltr'><strong>aliquot</strong></span> <span class='ocrx_word' id='word_1_213' title='bbox 3271 1569 3373 1625; x_wconf 87' lang='lat' dir='ltr'><strong>sibi</strong></span> 
     </span>
    </p>
   </div>
   <div class='ocr_carea' id='block_1_32' title="bbox 1782 1658 3374 1733">
    <p class='ocr_par' dir='ltr' id='par_1_32' title="bbox 1782 1658 3374 1733">
     <span class='ocr_line' id='line_1_32' title="bbox 1782 1658 3374 1733; baseline 0.002 -21"><span class='ocrx_word' id='word_1_214' title='bbox 1782 1658 1987 1733; x_wconf 81' lang='lat' dir='ltr'><strong>conscii</strong></span> <span class='ocrx_word' id='word_1_215' title='bbox 2026 1674 2133 1713; x_wconf 92' lang='lat' dir='ltr'><strong>non</strong></span> <span class='ocrx_word' id='word_1_216' title='bbox 2183 1658 2453 1715; x_wconf 88' lang='lat' dir='ltr'><strong>audebant</strong></span> <span class='ocrx_word' id='word_1_217' title='bbox 2502 1659 2799 1725; x_wconf 85' lang='lat' dir='ltr'><strong>accedere;</strong></span> <span class='ocrx_word' id='word_1_218' title='bbox 2848 1659 2927 1715; x_wconf 68' lang='lat' dir='ltr'><strong>sic</strong></span> <span class='ocrx_word' id='word_1_219' title='bbox 2970 1658 3181 1713; x_wconf 66' lang='lat' dir='ltr'><strong>daemon</strong></span> <span class='ocrx_word' id='word_1_220' title='bbox 3222 1661 3374 1732; x_wconf 73' lang='lat' dir='ltr'><strong>quasi</strong></span> 
     </span>
    </p>
   </div>
   <div class='ocr_carea' id='block_1_33' title="bbox 72 1752 3365 1833">
    <p class='ocr_par' dir='ltr' id='par_1_33' title="bbox 72 1752 3365 1833">
     <span class='ocr_line' id='line_1_33' title="bbox 72 1752 3365 1833; baseline 0.002 -29"><span class='ocrx_word' id='word_1_221' title='bbox 72 1766 229 1807; x_wconf 84' lang='lat' dir='ltr'><strong>suum</strong></span> <span class='ocrx_word' id='word_1_222' title='bbox 255 1752 544 1808; x_wconf 84' lang='lat' dir='ltr'><strong>adventum</strong></span> <span class='ocrx_word' id='word_1_223' title='bbox 568 1756 871 1833; x_wconf 75' lang='lat' dir='ltr'><strong>prmstolari</strong></span> <span class='ocrx_word' id='word_1_224' title='bbox 897 1798 912 1823; x_wconf 82' lang='lat'><strong>,</strong></span> <span class='ocrx_word' id='word_1_225' title='bbox 942 1756 1171 1813; x_wconf 81' lang='lat' dir='ltr'><strong>accessit</strong></span> <span class='ocrx_word' id='word_1_226' title='bbox 1200 1767 1254 1812; x_wconf 81' lang='lat' dir='ltr'><strong>ut</strong></span> <span class='ocrx_word' id='word_1_227' title='bbox 1281 1758 1543 1813; x_wconf 73' lang='lat' dir='ltr'><strong>excitaret</strong></span> <span class='ocrx_word' id='word_1_228' title='bbox 1567 1802 1582 1827; x_wconf 68' lang='grc'><strong><em>,</em></strong></span> <span class='ocrx_word' id='word_1_229' title='bbox 1619 1769 1672 1816; x_wconf 76' lang='lat' dir='ltr'><strong>et</strong></span> <span class='ocrx_word' id='word_1_230' title='bbox 1704 1754 1752 1815; x_wconf 89' lang='lat' dir='ltr'><strong>B</strong></span> <span class='ocrx_word' id='word_1_231' title='bbox 1777 1752 2097 1809; x_wconf 86' lang='lat' dir='ltr'><strong>victoriosus</strong></span> <span class='ocrx_word' id='word_1_232' title='bbox 2126 1768 2223 1809; x_wconf 91' lang='lat' dir='ltr'><strong>sua</strong></span> <span class='ocrx_word' id='word_1_233' title='bbox 2251 1753 2481 1810; x_wconf 89' lang='lat' dir='ltr'><strong>ludibria</strong></span> <span class='ocrx_word' id='word_1_234' title='bbox 2506 1756 2793 1810; x_wconf 77' lang='lat' dir='ltr'><strong>excitabat.</strong></span> <span class='ocrx_word' id='word_1_235' title='bbox 2824 1753 2944 1808; x_wconf 81' lang='lat' dir='ltr'><strong>Mox</strong></span> <span class='ocrx_word' id='word_1_236' title='bbox 2976 1754 3188 1825; x_wconf 90' lang='lat' dir='ltr'><strong>quidam</strong></span> <span class='ocrx_word' id='word_1_237' title='bbox 3220 1754 3365 1809; x_wconf 88' lang='lat' dir='ltr'><strong>Zeno</strong></span> 
     </span>
    </p>
   </div>
   <div class='ocr_carea' id='block_1_34' title="bbox 71 1843 1673 1920">
    <p class='ocr_par' dir='ltr' id='par_1_34' title="bbox 71 1843 1673 1920">
     <span class='ocr_line' id='line_1_34' title="bbox 71 1843 1673 1920; baseline 0.007 -24"><span class='ocrx_word' id='word_1_238' title='bbox 71 1843 235 1898; x_wconf 90' lang='lat' dir='ltr'><strong>eundi</strong></span> <span class='ocrx_word' id='word_1_239' title='bbox 267 1845 538 1901; x_wconf 87' lang='lat' dir='ltr'><strong>licentiam</strong></span> <span class='ocrx_word' id='word_1_240' title='bbox 567 1846 723 1903; x_wconf 91' lang='lat' dir='ltr'><strong>daret</strong></span> <span class='ocrx_word' id='word_1_241' title='bbox 749 1866 761 1901; x_wconf 77' lang='grc' dir='ltr'>ε</span> <span class='ocrx_word' id='word_1_242' title='bbox 809 1859 863 1903; x_wconf 90' lang='lat' dir='ltr'><strong>at</strong></span> <span class='ocrx_word' id='word_1_243' title='bbox 892 1847 979 1903; x_wconf 91' lang='lat' dir='ltr'><strong>illa</strong></span> <span class='ocrx_word' id='word_1_244' title='bbox 1009 1848 1121 1919; x_wconf 88' lang='lat' dir='ltr'><strong>jam</strong></span> <span class='ocrx_word' id='word_1_245' title='bbox 1152 1850 1541 1920; x_wconf 83' lang='lat' dir='ltr'><strong>exspiraverat.</strong></span> <span class='ocrx_word' id='word_1_246' title='bbox 1577 1850 1673 1907; x_wconf 83' lang='lat' dir='ltr'><strong>Vir</strong></span> 
     </span>
    </p>
   </div>
   <div class='ocr_carea' id='block_1_35' title="bbox 72 1935 1672 2012">
    <p class='ocr_par' dir='ltr' id='par_1_35' title="bbox 72 1935 1672 2012">
     <span class='ocr_line' id='line_1_35' title="bbox 72 1935 1672 2012; baseline 0.006 -21"><span class='ocrx_word' id='word_1_247' title='bbox 72 1935 243 1993; x_wconf 86' lang='lat' dir='ltr'><strong>bonus</strong></span> <span class='ocrx_word' id='word_1_248' title='bbox 284 1940 621 2012; x_wconf 87' lang='lat' dir='ltr'><strong>compatiens</strong></span> <span class='ocrx_word' id='word_1_249' title='bbox 658 1941 707 1997; x_wconf 91' lang='lat' dir='ltr'><strong>ei</strong></span> <span class='ocrx_word' id='word_1_250' title='bbox 751 1940 921 1996; x_wconf 91' lang='lat' dir='ltr'><strong>dixit:</strong></span> <span class='ocrx_word' id='word_1_251' title='bbox 974 1942 1100 1997; x_wconf 71' lang='lat' dir='ltr'><strong>Haec</strong></span> <span class='ocrx_word' id='word_1_252' title='bbox 1145 1937 1672 2005; x_wconf 69' lang='lat' dir='ltr'><strong>aviculaDmmonis</strong></span> 
     </span>
    </p>
   </div>
   <div class='ocr_carea' id='block_1_36' title="bbox 71 2029 1672 2111">
    <p class='ocr_par' dir='ltr' id='par_1_36' title="bbox 71 2029 1672 2111">
     <span class='ocr_line' id='line_1_36' title="bbox 71 2029 1672 2111; baseline 0.007 -28"><span class='ocrx_word' id='word_1_253' title='bbox 71 2029 328 2088; x_wconf 88' lang='lat' dir='ltr'><strong>instinctu</strong></span> <span class='ocrx_word' id='word_1_254' title='bbox 351 2034 599 2106; x_wconf 86' lang='lat' dir='ltr'><strong>deliquit,</strong></span> <span class='ocrx_word' id='word_1_255' title='bbox 624 2044 679 2091; x_wconf 85' lang='lat' dir='ltr'><strong>et</strong></span> <span class='ocrx_word' id='word_1_256' title='bbox 702 2037 825 2107; x_wconf 82' lang='lat' dir='ltr'><strong>quia</strong></span> <span class='ocrx_word' id='word_1_257' title='bbox 855 2036 1241 2111; x_wconf 88' lang='lat' dir='ltr'><strong>irrationabilis</strong></span> <span class='ocrx_word' id='word_1_258' title='bbox 1269 2047 1408 2103; x_wconf 85' lang='lat' dir='ltr'><strong>erat,</strong></span> <span class='ocrx_word' id='word_1_259' title='bbox 1437 2047 1491 2093; x_wconf 83' lang='lat' dir='ltr'><strong>et</strong></span> <span class='ocrx_word' id='word_1_260' title='bbox 1519 2038 1672 2109; x_wconf 85' lang='lat' dir='ltr'><strong>igno-</strong></span> 
     </span>
    </p>
   </div>
   <div class='ocr_carea' id='block_1_37' title="bbox 71 2124 1669 2203">
    <p class='ocr_par' dir='ltr' id='par_1_37' title="bbox 71 2124 1669 2203">
     <span class='ocr_line' id='line_1_37' title="bbox 71 2124 1669 2203; baseline 0.009 -28"><span class='ocrx_word' id='word_1_261' title='bbox 71 2133 250 2180; x_wconf 87' lang='lat' dir='ltr'><strong>ranter</strong></span> <span class='ocrx_word' id='word_1_262' title='bbox 278 2124 499 2183; x_wconf 79' lang='lat' dir='ltr'><strong>oﬂ&#39;endit</strong></span> <span class='ocrx_word' id='word_1_263' title='bbox 516 2170 533 2195; x_wconf 95' lang='lat'><strong>,</strong></span> <span class='ocrx_word' id='word_1_264' title='bbox 557 2129 710 2183; x_wconf 87' lang='lat' dir='ltr'><strong>venia</strong></span> <span class='ocrx_word' id='word_1_265' title='bbox 730 2171 746 2196; x_wconf 90' lang='lat'><strong>,</strong></span> <span class='ocrx_word' id='word_1_266' title='bbox 774 2145 880 2184; x_wconf 90' lang='lat' dir='ltr'><strong>non</strong></span> <span class='ocrx_word' id='word_1_267' title='bbox 906 2140 1080 2186; x_wconf 90' lang='lat' dir='ltr'><strong>morte</strong></span> <span class='ocrx_word' id='word_1_268' title='bbox 1104 2130 1264 2203; x_wconf 89' lang='lat' dir='ltr'><strong>digna</strong></span> <span class='ocrx_word' id='word_1_269' title='bbox 1294 2130 1413 2187; x_wconf 90' lang='lat' dir='ltr'><strong>fuit.</strong></span> <span class='ocrx_word' id='word_1_270' title='bbox 1442 2131 1553 2188; x_wconf 86' lang='lat' dir='ltr'><strong>llac</strong></span> <span class='ocrx_word' id='word_1_271' title='bbox 1575 2147 1669 2189; x_wconf 89' lang='lat' dir='ltr'><strong>oe-</strong></span> 
     </span>
    </p>
   </div>
   <div class='ocr_carea' id='block_1_38' title="bbox 69 2217 1667 2301">
    <p class='ocr_par' dir='ltr' id='par_1_38' title="bbox 69 2217 1667 2301">
     <span class='ocr_line' id='line_1_38' title="bbox 69 2217 1667 2301; baseline 0.008 -33"><span class='ocrx_word' id='word_1_272' title='bbox 69 2217 285 2273; x_wconf 84' lang='lat' dir='ltr'><strong>easione</strong></span> <span class='ocrx_word' id='word_1_273' title='bbox 312 2219 665 2301; x_wconf 74' lang='lat' dir='ltr'><strong>quadraginta</strong></span> <span class='ocrx_word' id='word_1_274' title='bbox 708 2220 826 2277; x_wconf 87' lang='lat' dir='ltr'><strong>dies</strong></span> <span class='ocrx_word' id='word_1_275' title='bbox 868 2220 1229 2278; x_wconf 85' lang='lat' dir='ltr'><strong>arctissimum</strong></span> <span class='ocrx_word' id='word_1_276' title='bbox 1267 2224 1531 2295; x_wconf 87' lang='lat' dir='ltr'><strong>jejunium</strong></span> <span class='ocrx_word' id='word_1_277' title='bbox 1563 2224 1667 2280; x_wconf 88' lang='lat' dir='ltr'><strong>sibi</strong></span> 
     </span>
    </p>
   </div>
   <div class='ocr_carea' id='block_1_39' title="bbox 69 2310 1665 2387">
    <p class='ocr_par' dir='ltr' id='par_1_39' title="bbox 69 2310 1665 2387">
     <span class='ocr_line' id='line_1_39' title="bbox 69 2310 1665 2387; baseline 0.006 -23"><span class='ocrx_word' id='word_1_278' title='bbox 69 2310 291 2377; x_wconf 68' lang='lat' dir='ltr'><strong>indixit,</strong></span> <span class='ocrx_word' id='word_1_279' title='bbox 304 2313 445 2369; x_wconf 89' lang='lat' dir='ltr'><strong>unde</strong></span> <span class='ocrx_word' id='word_1_280' title='bbox 470 2330 620 2371; x_wconf 66' lang='lat' dir='ltr'><strong>aenea</strong></span> <span class='ocrx_word' id='word_1_281' title='bbox 654 2316 830 2387; x_wconf 84' lang='lat' dir='ltr'><strong>imago</strong></span> <span class='ocrx_word' id='word_1_282' title='bbox 857 2316 1081 2372; x_wconf 62' lang='lat' dir='ltr'><strong>merulae</strong></span> <span class='ocrx_word' id='word_1_283' title='bbox 1108 2316 1250 2373; x_wconf 80' lang='lat' dir='ltr'><strong>fusili</strong></span> <span class='ocrx_word' id='word_1_284' title='bbox 1281 2328 1397 2373; x_wconf 89' lang='lat' dir='ltr'><strong>arte</strong></span> <span class='ocrx_word' id='word_1_285' title='bbox 1422 2317 1563 2373; x_wconf 87' lang='lat' dir='ltr'><strong>facta</strong></span> <span class='ocrx_word' id='word_1_286' title='bbox 1593 2318 1665 2373; x_wconf 93' lang='lat' dir='ltr'><strong>ibi</strong></span> 
     </span>
    </p>
   </div>
   <div class='ocr_carea' id='block_1_40' title="bbox 71 2404 651 2479">
    <p class='ocr_par' dir='ltr' id='par_1_40' title="bbox 71 2404 651 2479">
     <span class='ocr_line' id='line_1_40' title="bbox 71 2404 651 2479; baseline 0.01 -22"><span class='ocrx_word' id='word_1_287' title='bbox 71 2404 343 2478; x_wconf 82' lang='lat' dir='ltr'><strong>hucusque</strong></span> <span class='ocrx_word' id='word_1_288' title='bbox 364 2408 651 2479; x_wconf 90' lang='lat' dir='ltr'><strong>dependet.</strong></span> 
     </span>
    </p>
   </div>
   <div class='ocr_carea' id='block_1_41' title="bbox 140 2494 1664 2572">
    <p class='ocr_par' dir='ltr' id='par_1_41' title="bbox 140 2494 1664 2572">
     <span class='ocr_line' id='line_1_41' title="bbox 140 2494 1664 2572; baseline 0.004 -18"><span class='ocrx_word' id='word_1_289' title='bbox 140 2494 395 2557; x_wconf 81' lang='lat' dir='ltr'><strong>Videntes</strong></span> <span class='ocrx_word' id='word_1_290' title='bbox 422 2494 603 2557; x_wconf 85' lang='lat' dir='ltr'><strong>autem</strong></span> <span class='ocrx_word' id='word_1_291' title='bbox 654 2518 748 2558; x_wconf 83' lang='lat' dir='ltr'><strong>rex</strong></span> <span class='ocrx_word' id='word_1_292' title='bbox 789 2512 839 2558; x_wconf 90' lang='lat' dir='ltr'><strong>et</strong></span> <span class='ocrx_word' id='word_1_293' title='bbox 893 2502 1136 2572; x_wconf 79' lang='lat' dir='ltr'><strong>pontifex</strong></span> <span class='ocrx_word' id='word_1_294' title='bbox 1168 2503 1394 2559; x_wconf 84' lang='lat' dir='ltr'><strong>virtutes</strong></span> <span class='ocrx_word' id='word_1_295' title='bbox 1424 2504 1664 2560; x_wconf 89' lang='lat' dir='ltr'><strong>Zenonis</strong></span> 
     </span>
    </p>
   </div>
   <div class='ocr_carea' id='block_1_42' title="bbox 72 2591 1667 2667">
    <p class='ocr_par' dir='ltr' id='par_1_42' title="bbox 72 2591 1667 2667">
     <span class='ocr_line' id='line_1_42' title="bbox 72 2591 1667 2667; baseline 0.006 -22"><span class='ocrx_word' id='word_1_296' title='bbox 72 2591 560 2659; x_wconf 86' lang='lat' dir='ltr'><strong>increbrescere,et</strong></span> <span class='ocrx_word' id='word_1_297' title='bbox 583 2609 671 2651; x_wconf 90' lang='lat' dir='ltr'><strong>res</strong></span> <span class='ocrx_word' id='word_1_298' title='bbox 698 2595 818 2667; x_wconf 91' lang='lat' dir='ltr'><strong>ejus</strong></span> <span class='ocrx_word' id='word_1_299' title='bbox 845 2596 994 2652; x_wconf 92' lang='lat' dir='ltr'><strong>velut</strong></span> <span class='ocrx_word' id='word_1_300' title='bbox 1022 2611 1235 2652; x_wconf 91' lang='lat' dir='ltr'><strong>amnem</strong></span> <span class='ocrx_word' id='word_1_301' title='bbox 1270 2597 1555 2667; x_wconf 88' lang='lat' dir='ltr'><strong>liquefacta</strong></span> <span class='ocrx_word' id='word_1_302' title='bbox 1586 2600 1667 2655; x_wconf 85' lang='lat' dir='ltr'><strong>ni-</strong></span> 
     </span>
    </p>
   </div>
   <div class='ocr_carea' id='block_1_43' title="bbox 70 2687 1664 2759">
    <p class='ocr_par' dir='ltr' id='par_1_43' title="bbox 70 2687 1664 2759">
     <span class='ocr_line' id='line_1_43' title="bbox 70 2687 1664 2759; baseline 0.006 -24"><span class='ocrx_word' id='word_1_303' title='bbox 70 2697 130 2738; x_wconf 79' lang='lat' dir='ltr'><strong>ve</strong></span> <span class='ocrx_word' id='word_1_304' title='bbox 156 2697 425 2752; x_wconf 85' lang='lat' dir='ltr'><strong>crescere,</strong></span> <span class='ocrx_word' id='word_1_305' title='bbox 459 2694 516 2741; x_wconf 92' lang='lat' dir='ltr'><strong>ut</strong></span> <span class='ocrx_word' id='word_1_306' title='bbox 543 2697 754 2743; x_wconf 86' lang='lat' dir='ltr'><strong>tutores</strong></span> <span class='ocrx_word' id='word_1_307' title='bbox 781 2698 832 2742; x_wconf 91' lang='lat' dir='ltr'><strong>et</strong></span> <span class='ocrx_word' id='word_1_308' title='bbox 863 2687 986 2743; x_wconf 87' lang='lat' dir='ltr'><strong>fidei</strong></span> <span class='ocrx_word' id='word_1_309' title='bbox 1020 2698 1424 2759; x_wconf 83' lang='lat' dir='ltr'><strong>procuratores,</strong></span> <span class='ocrx_word' id='word_1_310' title='bbox 1453 2706 1664 2746; x_wconf 86' lang='lat' dir='ltr'><strong>summa</strong></span> 
     </span>
    </p>
   </div>
   <div class='ocr_carea' id='block_1_44' title="bbox 70 2778 1664 2853">
    <p class='ocr_par' dir='ltr' id='par_1_44' title="bbox 70 2778 1664 2853">
     <span class='ocr_line' id='line_1_44' title="bbox 70 2778 1664 2853; baseline 0.003 -22"><span class='ocrx_word' id='word_1_311' title='bbox 70 2790 167 2846; x_wconf 79' lang='lat' dir='ltr'><strong>Ope</strong></span> <span class='ocrx_word' id='word_1_312' title='bbox 190 2778 521 2844; x_wconf 85' lang='lat' dir='ltr'><strong>nitebantur,</strong></span> <span class='ocrx_word' id='word_1_313' title='bbox 552 2795 622 2837; x_wconf 91' lang='lat' dir='ltr'><strong>ne</strong></span> <span class='ocrx_word' id='word_1_314' title='bbox 643 2780 795 2835; x_wconf 90' lang='lat' dir='ltr'><strong>locus</strong></span> <span class='ocrx_word' id='word_1_315' title='bbox 826 2779 1131 2848; x_wconf 82' lang='lat' dir='ltr'><strong>fortunatus</strong></span> <span class='ocrx_word' id='word_1_316' title='bbox 1162 2780 1341 2853; x_wconf 86' lang='lat' dir='ltr'><strong>copia,</strong></span> <span class='ocrx_word' id='word_1_317' title='bbox 1368 2782 1522 2838; x_wconf 85' lang='lat' dir='ltr'><strong>fieret</strong></span> <span class='ocrx_word' id='word_1_318' title='bbox 1550 2799 1664 2838; x_wconf 87' lang='lat' dir='ltr'><strong>ma-</strong></span> 
     </span>
    </p>
   </div>
   <div class='ocr_carea' id='block_1_45' title="bbox 71 2868 1663 2945">
    <p class='ocr_par' dir='ltr' id='par_1_45' title="bbox 71 2868 1663 2945">
     <span class='ocr_line' id='line_1_45' title="bbox 71 2868 1663 2945; baseline 0.006 -24"><span class='ocrx_word' id='word_1_319' title='bbox 71 2868 289 2931; x_wconf 79' lang='lat' dir='ltr'><strong>cilentus</strong></span> <span class='ocrx_word' id='word_1_320' title='bbox 317 2872 583 2927; x_wconf 83' lang='lat' dir='ltr'><strong>orationis</strong></span> <span class='ocrx_word' id='word_1_321' title='bbox 606 2872 806 2942; x_wconf 86' lang='lat' dir='ltr'><strong>inopia.</strong></span> <span class='ocrx_word' id='word_1_322' title='bbox 844 2871 990 2944; x_wconf 85' lang='lat' dir='ltr'><strong>Ergo</strong></span> <span class='ocrx_word' id='word_1_323' title='bbox 1018 2873 1131 2944; x_wconf 90' lang='lat' dir='ltr'><strong>pari</strong></span> <span class='ocrx_word' id='word_1_324' title='bbox 1172 2884 1321 2941; x_wconf 89' lang='lat' dir='ltr'><strong>voto,</strong></span> <span class='ocrx_word' id='word_1_325' title='bbox 1363 2884 1418 2928; x_wconf 92' lang='lat' dir='ltr'><strong>ut</strong></span> <span class='ocrx_word' id='word_1_326' title='bbox 1443 2874 1663 2945; x_wconf 90' lang='lat' dir='ltr'><strong>gemelli</strong></span> 
     </span>
    </p>
   </div>
   <div class='ocr_carea' id='block_1_46' title="bbox 73 2959 1694 3038">
    <p class='ocr_par' dir='ltr' id='par_1_46' title="bbox 73 2959 1694 3038">
     <span class='ocr_line' id='line_1_46' title="bbox 73 2959 1694 3038; baseline 0.006 -25"><span class='ocrx_word' id='word_1_327' title='bbox 73 2959 287 3028; x_wconf 80' lang='lat' dir='ltr'><strong>fratres,</strong></span> <span class='ocrx_word' id='word_1_328' title='bbox 320 2962 717 3019; x_wconf 87' lang='lat' dir='ltr'><strong>monasterium</strong></span> <span class='ocrx_word' id='word_1_329' title='bbox 741 2964 1116 3021; x_wconf 86' lang='lat' dir='ltr'><strong>olim~auctum</strong></span> <span class='ocrx_word' id='word_1_330' title='bbox 1150 2966 1242 3038; x_wconf 90' lang='lat' dir='ltr'><strong>(al.</strong></span> <span class='ocrx_word' id='word_1_331' title='bbox 1294 2966 1527 3038; x_wconf 86' lang='lat' dir='ltr'><strong>actum),</strong></span> <span class='ocrx_word' id='word_1_332' title='bbox 1566 2977 1694 3023; x_wconf 81' lang='lat' dir='ltr'><strong>au-&#39;</strong></span> 
     </span>
    </p>
   </div>
   <div class='ocr_carea' id='block_1_47' title="bbox 72 3058 1659 3132">
    <p class='ocr_par' dir='ltr' id='par_1_47' title="bbox 72 3058 1659 3132">
     <span class='ocr_line' id='line_1_47' title="bbox 72 3058 1659 3132; baseline 0.004 -22"><span class='ocrx_word' id='word_1_333' title='bbox 72 3069 188 3124; x_wconf 80' lang='lat' dir='ltr'><strong>gere</strong></span> <span class='ocrx_word' id='word_1_334' title='bbox 224 3065 542 3114; x_wconf 81' lang='lat' dir='ltr'><strong>sanxerunt.</strong></span> <span class='ocrx_word' id='word_1_335' title='bbox 595 3058 722 3114; x_wconf 86' lang='lat' dir='ltr'><strong>Erat</strong></span> <span class='ocrx_word' id='word_1_336' title='bbox 759 3058 871 3115; x_wconf 87' lang='lat' dir='ltr'><strong>illis</strong></span> <span class='ocrx_word' id='word_1_337' title='bbox 908 3060 1214 3115; x_wconf 86' lang='lat' dir='ltr'><strong>communis</strong></span> <span class='ocrx_word' id='word_1_338' title='bbox 1249 3075 1376 3117; x_wconf 89' lang='lat' dir='ltr'><strong>cura</strong></span> <span class='ocrx_word' id='word_1_339' title='bbox 1420 3060 1659 3132; x_wconf 67' lang='lat' dir='ltr'><strong>probatae</strong></span> 
     </span>
    </p>
   </div>
   <div class='ocr_carea' id='block_1_48' title="bbox 1780 1846 3409 1917">
    <p class='ocr_par' dir='ltr' id='par_1_48' title="bbox 1780 1846 3409 1917">
     <span class='ocr_line' id='line_1_48' title="bbox 1780 1846 3409 1917; baseline 0.002 -21"><span class='ocrx_word' id='word_1_340' title='bbox 1780 1846 2101 1915; x_wconf 60' lang='lat' dir='ltr'><strong>pra&#39;positus</strong></span> <span class='ocrx_word' id='word_1_341' title='bbox 2124 1846 2459 1913; x_wconf 84' lang='lat' dir='ltr'><strong>monasterii,</strong></span> <span class='ocrx_word' id='word_1_342' title='bbox 2495 1861 2651 1915; x_wconf 88' lang='lat' dir='ltr'><strong>quem</strong></span> <span class='ocrx_word' id='word_1_343' title='bbox 2669 1846 2754 1902; x_wconf 86' lang='lat' dir='ltr'><strong>&#39;ob</strong></span> <span class='ocrx_word' id='word_1_344' title='bbox 2777 1847 3053 1917; x_wconf 84' lang='lat' dir='ltr'><strong>religionis</strong></span> <span class='ocrx_word' id='word_1_345' title='bbox 3075 1855 3129 1901; x_wconf 91' lang='lat' dir='ltr'><strong>et</strong></span> <span class='ocrx_word' id='word_1_346' title='bbox 3156 1846 3376 1916; x_wconf 81' lang='lat' dir='ltr'><strong>sapien-</strong></span> <span class='ocrx_word' id='word_1_347' title='bbox 3405 1867 3409 1870; x_wconf 92' lang='grc'><strong>·</strong></span> 
     </span>
    </p>
   </div>
   <div class='ocr_carea' id='block_1_49' title="bbox 1774 1938 3365 2011">
    <p class='ocr_par' dir='ltr' id='par_1_49' title="bbox 1774 1938 3365 2011">
     <span class='ocr_line' id='line_1_49' title="bbox 1774 1938 3365 2011; baseline 0.001 -18"><span class='ocrx_word' id='word_1_348' title='bbox 1774 1940 1863 1993; x_wconf 66' lang='lat' dir='ltr'><strong>tiae</strong></span> <span class='ocrx_word' id='word_1_349' title='bbox 1895 1943 2146 1994; x_wconf 89' lang='lat' dir='ltr'><strong>meritum</strong></span> <span class='ocrx_word' id='word_1_350' title='bbox 2174 1938 2522 1995; x_wconf 84' lang='lat' dir='ltr'><strong>Salumonem</strong></span> <span class='ocrx_word' id='word_1_351' title='bbox 2553 1940 3008 2011; x_wconf 89' lang='lat' dir='ltr'><strong>agnominahant,</strong></span> <span class='ocrx_word' id='word_1_352' title='bbox 3042 1953 3148 1994; x_wconf 91' lang='lat' dir='ltr'><strong>non</strong></span> <span class='ocrx_word' id='word_1_353' title='bbox 3185 1938 3365 1997; x_wconf 88' lang='lat' dir='ltr'><strong>ferens</strong></span> 
     </span>
    </p>
   </div>
   <div class='ocr_carea' id='block_1_50' title="bbox 1778 2031 3370 2109">
    <p class='ocr_par' dir='ltr' id='par_1_50' title="bbox 1778 2031 3370 2109">
     <span class='ocr_line' id='line_1_50' title="bbox 1778 2031 3370 2109; baseline 0.001 -22"><span class='ocrx_word' id='word_1_354' title='bbox 1778 2032 2041 2087; x_wconf 65' lang='lat' dir='ltr'><strong>daemonis</strong></span> <span class='ocrx_word' id='word_1_355' title='bbox 2062 2032 2393 2102; x_wconf 90' lang='lat' dir='ltr'><strong>superbiam,</strong></span> <span class='ocrx_word' id='word_1_356' title='bbox 2414 2031 2603 2088; x_wconf 87' lang='lat' dir='ltr'><strong>dolens</strong></span> <span class='ocrx_word' id='word_1_357' title='bbox 2627 2032 2943 2109; x_wconf 67' lang='lat' dir='ltr'><strong>proditionis</strong></span> <span class='ocrx_word' id='word_1_358' title='bbox 2959 2033 3370 2101; x_wconf 90' lang='lat' dir='ltr'><strong>contumeliam,</strong></span> 
     </span>
    </p>
   </div>
   <div class='ocr_carea' id='block_1_51' title="bbox 1774 2117 3367 2189">
    <p class='ocr_par' dir='ltr' id='par_1_51' title="bbox 1774 2117 3367 2189">
     <span class='ocr_line' id='line_1_51' title="bbox 1774 2117 3367 2189; baseline 0.005 -21"><span class='ocrx_word' id='word_1_359' title='bbox 1774 2118 1894 2188; x_wconf 88' lang='lat' dir='ltr'><strong>plus</strong></span> <span class='ocrx_word' id='word_1_360' title='bbox 1931 2117 2093 2172; x_wconf 90' lang='lat' dir='ltr'><strong>etiam</strong></span> <span class='ocrx_word' id='word_1_361' title='bbox 2144 2117 2313 2172; x_wconf 77' lang='lat' dir='ltr'><strong>invasi</strong></span> <span class='ocrx_word' id='word_1_362' title='bbox 2356 2119 2633 2189; x_wconf 88' lang='lat' dir='ltr'><strong>plasmatis</strong></span> <span class='ocrx_word' id='word_1_363' title='bbox 2674 2118 2946 2188; x_wconf 86' lang='lat' dir='ltr'><strong>injuriam,</strong></span> <span class='ocrx_word' id='word_1_364' title='bbox 2997 2133 3147 2173; x_wconf 89' lang='lat' dir='ltr'><strong>aram</strong></span> <span class='ocrx_word' id='word_1_365' title='bbox 3189 2123 3367 2176; x_wconf 89' lang='lat' dir='ltr'><strong>sancti</strong></span> 
     </span>
    </p>
   </div>
   <div class='ocr_carea' id='block_1_52' title="bbox 1774 2209 3440 2285">
    <p class='ocr_par' dir='ltr' id='par_1_52' title="bbox 1774 2209 3440 2285">
     <span class='ocr_line' id='line_1_52' title="bbox 1774 2209 3440 2285; baseline 0.003 -22"><span class='ocrx_word' id='word_1_366' title='bbox 1774 2209 2007 2266; x_wconf 83' lang='lat' dir='ltr'><strong>Zenonis</strong></span> <span class='ocrx_word' id='word_1_367' title='bbox 2051 2210 2375 2284; x_wconf 79' lang='lat' dir='ltr'><strong>amplexus,</strong></span> <span class='ocrx_word' id='word_1_368' title='bbox 2413 2212 2712 2267; x_wconf 82' lang='lat' dir='ltr'><strong>visceribus</strong></span> <span class='ocrx_word' id='word_1_369' title='bbox 2751 2218 3087 2279; x_wconf 85' lang='lat' dir='ltr'><strong>commotus,</strong></span> <span class='ocrx_word' id='word_1_370' title='bbox 3119 2212 3371 2285; x_wconf 83' lang='lat' dir='ltr'><strong>lacrymis</strong></span> <span class='ocrx_word' id='word_1_371' title='bbox 3431 2232 3440 2241; x_wconf 64' lang='grc' dir='ltr'><em>ί</em></span> 
     </span>
    </p>
   </div>
   <div class='ocr_carea' id='block_1_53' title="bbox 1773 2305 3373 2377">
    <p class='ocr_par' dir='ltr' id='par_1_53' title="bbox 1773 2305 3373 2377">
     <span class='ocr_line' id='line_1_53' title="bbox 1773 2305 3373 2377; baseline 0.001 -17"><span class='ocrx_word' id='word_1_372' title='bbox 1773 2305 2044 2377; x_wconf 88' lang='lat' dir='ltr'><strong>irrigatus,</strong></span> <span class='ocrx_word' id='word_1_373' title='bbox 2065 2308 2364 2362; x_wconf 88' lang='lat' dir='ltr'><strong>orationem</strong></span> <span class='ocrx_word' id='word_1_374' title='bbox 2391 2306 2548 2371; x_wconf 87' lang='lat' dir='ltr'><strong>fudit,</strong></span> <span class='ocrx_word' id='word_1_375' title='bbox 2571 2322 2638 2361; x_wconf 92' lang='lat' dir='ltr'><strong>ne</strong></span> <span class='ocrx_word' id='word_1_376' title='bbox 2654 2306 2951 2362; x_wconf 62' lang='lat' dir='ltr'><strong>daemonica</strong></span> <span class='ocrx_word' id='word_1_377' title='bbox 2972 2306 3250 2373; x_wconf 81' lang='lat' dir='ltr'><strong>insultatio</strong></span> <span class='ocrx_word' id='word_1_378' title='bbox 3270 2307 3373 2361; x_wconf 87' lang='lat' dir='ltr'><strong>itu-</strong></span> 
     </span>
    </p>
   </div>
   <div class='ocr_carea' id='block_1_54' title="bbox 1740 2398 3367 2470">
    <p class='ocr_par' dir='ltr' id='par_1_54' title="bbox 1740 2398 3367 2470">
     <span class='ocr_line' id='line_1_54' title="bbox 1740 2398 3367 2470; baseline 0.002 -19"><span class='ocrx_word' id='word_1_379' title='bbox 1740 2400 1957 2468; x_wconf 82' lang='lat' dir='ltr'><strong>-puuita</strong></span> <span class='ocrx_word' id='word_1_380' title='bbox 1981 2400 2253 2454; x_wconf 89' lang='lat' dir='ltr'><strong>transiret.</strong></span> <span class='ocrx_word' id='word_1_381' title='bbox 2281 2398 2535 2454; x_wconf 84' lang='lat' dir='ltr'><strong>Protinus</strong></span> <span class='ocrx_word' id='word_1_382' title='bbox 2556 2400 2766 2455; x_wconf 66' lang='lat' dir='ltr'><strong>daemon</strong></span> <span class='ocrx_word' id='word_1_383' title='bbox 2802 2400 2910 2454; x_wconf 87' lang='lat' dir='ltr'><strong>vim</strong></span> <span class='ocrx_word' id='word_1_384' title='bbox 2940 2401 3200 2455; x_wconf 70' lang='lat' dir='ltr'><strong>orationis</strong></span> <span class='ocrx_word' id='word_1_385' title='bbox 3247 2416 3367 2470; x_wconf 90' lang='lat' dir='ltr'><strong>per-</strong></span> 
     </span>
    </p>
   </div>
   <div class='ocr_carea' id='block_1_55' title="bbox 1770 2491 3367 2561">
    <p class='ocr_par' dir='ltr' id='par_1_55' title="bbox 1770 2491 3367 2561">
     <span class='ocr_line' id='line_1_55' title="bbox 1770 2491 3367 2561; baseline 0 -16"><span class='ocrx_word' id='word_1_386' title='bbox 1770 2493 1960 2559; x_wconf 90' lang='lat' dir='ltr'><strong>sensit,</strong></span> <span class='ocrx_word' id='word_1_387' title='bbox 1984 2502 2040 2548; x_wconf 90' lang='lat' dir='ltr'><strong>et</strong></span> <span class='ocrx_word' id='word_1_388' title='bbox 2062 2492 2254 2547; x_wconf 88' lang='lat' dir='ltr'><strong>vasdiu</strong></span> <span class='ocrx_word' id='word_1_389' title='bbox 2284 2491 2591 2561; x_wconf 89' lang='lat' dir='ltr'><strong>injuriatum</strong></span> <span class='ocrx_word' id='word_1_390' title='bbox 2611 2492 2810 2546; x_wconf 88' lang='lat' dir='ltr'><strong>invitus</strong></span> <span class='ocrx_word' id='word_1_391' title='bbox 2826 2491 3058 2561; x_wconf 88' lang='lat' dir='ltr'><strong>reliquit.</strong></span> <span class='ocrx_word' id='word_1_392' title='bbox 3088 2491 3257 2547; x_wconf 85' lang='lat' dir='ltr'><strong>llomo</strong></span> <span class='ocrx_word' id='word_1_393' title='bbox 3277 2491 3367 2546; x_wconf 91' lang='lat' dir='ltr'><strong>ille</strong></span> 
     </span>
    </p>
   </div>
   <div class='ocr_carea' id='block_1_56' title="bbox 1772 2583 3360 2657">
    <p class='ocr_par' dir='ltr' id='par_1_56' title="bbox 1772 2583 3360 2657">
     <span class='ocr_line' id='line_1_56' title="bbox 1772 2583 3360 2657; baseline 0.002 -19"><span class='ocrx_word' id='word_1_394' title='bbox 1772 2585 2016 2655; x_wconf 91' lang='lat' dir='ltr'><strong>ingentes</strong></span> <span class='ocrx_word' id='word_1_395' title='bbox 2040 2595 2094 2641; x_wconf 93' lang='lat' dir='ltr'><strong>et</strong></span> <span class='ocrx_word' id='word_1_396' title='bbox 2121 2585 2359 2643; x_wconf 86' lang='lat' dir='ltr'><strong>illustres</strong></span> <span class='ocrx_word' id='word_1_397' title='bbox 2383 2585 2495 2639; x_wconf 92' lang='lat' dir='ltr'><strong>Deo</strong></span> <span class='ocrx_word' id='word_1_398' title='bbox 2515 2598 2578 2639; x_wconf 91' lang='lat' dir='ltr'><strong>ac</strong></span> <span class='ocrx_word' id='word_1_399' title='bbox 2613 2588 2807 2639; x_wconf 83' lang='lat' dir='ltr'><strong>sancto</strong></span> <span class='ocrx_word' id='word_1_400' title='bbox 2832 2583 3035 2640; x_wconf 87' lang='lat' dir='ltr'><strong>Zenoni</strong></span> <span class='ocrx_word' id='word_1_401' title='bbox 3057 2586 3257 2657; x_wconf 82' lang='lat' dir='ltr'><strong>gratias</strong></span> <span class='ocrx_word' id='word_1_402' title='bbox 3284 2600 3360 2641; x_wconf 82' lang='lat' dir='ltr'><strong>rc-</strong></span> 
     </span>
    </p>
   </div>
   <div class='ocr_carea' id='block_1_57' title="bbox 1769 2666 3365 2749">
    <p class='ocr_par' dir='ltr' id='par_1_57' title="bbox 1769 2666 3365 2749">
     <span class='ocr_line' id='line_1_57' title="bbox 1769 2666 3365 2749; baseline 0.001 -18"><span class='ocrx_word' id='word_1_403' title='bbox 1769 2666 1971 2744; x_wconf 80' lang='lat' dir='ltr'><strong>ferens,</strong></span> <span class='ocrx_word' id='word_1_404' title='bbox 2014 2677 2337 2733; x_wconf 90' lang='lat' dir='ltr'><strong>damnosum</strong></span> <span class='ocrx_word' id='word_1_405' title='bbox 2368 2678 2631 2748; x_wconf 90' lang='lat' dir='ltr'><strong>hospitem</strong></span> <span class='ocrx_word' id='word_1_406' title='bbox 2662 2677 2897 2749; x_wconf 88' lang='lat' dir='ltr'><strong>fugatum</strong></span> <span class='ocrx_word' id='word_1_407' title='bbox 2929 2693 3051 2734; x_wconf 89' lang='lat' dir='ltr'><strong>esse</strong></span> <span class='ocrx_word' id='word_1_408' title='bbox 3080 2677 3365 2749; x_wconf 82' lang='lat' dir='ltr'><strong>gaudebat.</strong></span> 
     </span>
    </p>
   </div>
   <div class='ocr_carea' id='block_1_58' title="bbox 1841 2771 3371 2842">
    <p class='ocr_par' dir='ltr' id='par_1_58' title="bbox 1841 2771 3371 2842">
     <span class='ocr_line' id='line_1_58' title="bbox 1841 2771 3371 2842; baseline -0.001 -15"><span class='ocrx_word' id='word_1_409' title='bbox 1841 2771 2108 2828; x_wconf 68' lang='lat' dir='ltr'><strong>Praeterea</strong></span> <span class='ocrx_word' id='word_1_410' title='bbox 2132 2772 2464 2839; x_wconf 86' lang='lat' dir='ltr'><strong>Willelmus,</strong></span> <span class='ocrx_word' id='word_1_411' title='bbox 2480 2773 2663 2828; x_wconf 87' lang='lat' dir='ltr'><strong>aridus</strong></span> <span class='ocrx_word' id='word_1_412' title='bbox 2686 2780 3086 2836; x_wconf 87' lang='lat' dir='ltr'><strong>etcontractus,</strong></span> <span class='ocrx_word' id='word_1_413' title='bbox 3107 2773 3196 2842; x_wconf 90' lang='lat' dir='ltr'><strong>qui</strong></span> <span class='ocrx_word' id='word_1_414' title='bbox 3225 2773 3371 2827; x_wconf 90' lang='lat' dir='ltr'><strong>sicut-</strong></span> 
     </span>
    </p>
   </div>
   <div class='ocr_carea' id='block_1_59' title="bbox 1768 2864 3356 2937">
    <p class='ocr_par' dir='ltr' id='par_1_59' title="bbox 1768 2864 3356 2937">
     <span class='ocr_line' id='line_1_59' title="bbox 1768 2864 3356 2937; baseline 0.002 -20"><span class='ocrx_word' id='word_1_415' title='bbox 1768 2864 2080 2937; x_wconf 89' lang='lat' dir='ltr'><strong>quadrupes</strong></span> <span class='ocrx_word' id='word_1_416' title='bbox 2110 2880 2334 2937; x_wconf 88' lang='lat' dir='ltr'><strong>pronus,</strong></span> <span class='ocrx_word' id='word_1_417' title='bbox 2362 2865 2610 2921; x_wconf 86' lang='lat' dir='ltr'><strong>manibus</strong></span> <span class='ocrx_word' id='word_1_418' title='bbox 2633 2874 2830 2921; x_wconf 90' lang='lat' dir='ltr'><strong>terram</strong></span> <span class='ocrx_word' id='word_1_419' title='bbox 2854 2867 3178 2931; x_wconf 85' lang='lat' dir='ltr'><strong>calcaverat,</strong></span> <span class='ocrx_word' id='word_1_420' title='bbox 3213 2878 3356 2937; x_wconf 85' lang='lat' dir='ltr'><strong>post-</strong></span> 
     </span>
    </p>
   </div>
   <div class='ocr_carea' id='block_1_60' title="bbox 1767 2949 3358 3034">
    <p class='ocr_par' dir='ltr' id='par_1_60' title="bbox 1767 2949 3358 3034">
     <span class='ocr_line' id='line_1_60' title="bbox 1767 2949 3358 3034; baseline 0.005 -21"><span class='ocrx_word' id='word_1_421' title='bbox 1767 2949 1928 3031; x_wconf 70' lang='lat' dir='ltr'><strong>quatit</strong></span> <span class='ocrx_word' id='word_1_422' title='bbox 1960 2962 2229 3032; x_wconf 67' lang='lat' dir='ltr'><strong>praeconia</strong></span> <span class='ocrx_word' id='word_1_423' title='bbox 2257 2962 2568 3034; x_wconf 89' lang='lat' dir='ltr'><strong>multiplicis</strong></span> <span class='ocrx_word' id='word_1_424' title='bbox 2591 2973 2864 3019; x_wconf 79' lang='lat' dir='ltr'><strong>curaturac</strong></span> <span class='ocrx_word' id='word_1_425' title='bbox 2894 2965 3133 3032; x_wconf 89' lang='lat' dir='ltr'><strong>audivit,</strong></span> <span class='ocrx_word' id='word_1_426' title='bbox 3169 2965 3358 3021; x_wconf 89' lang='lat' dir='ltr'><strong>lectica</strong></span> 
     </span>
    </p>
   </div>
   <div class='ocr_carea' id='block_1_61' title="bbox 1770 3054 3363 3128">
    <p class='ocr_par' dir='ltr' id='par_1_61' title="bbox 1770 3054 3363 3128">
     <span class='ocr_line' id='line_1_61' title="bbox 1770 3054 3363 3128; baseline 0.004 -21"><span class='ocrx_word' id='word_1_427' title='bbox 1770 3054 1897 3110; x_wconf 91' lang='lat' dir='ltr'><strong>illuc</strong></span> <span class='ocrx_word' id='word_1_428' title='bbox 1927 3070 1985 3110; x_wconf 93' lang='lat' dir='ltr'><strong>se</strong></span> <span class='ocrx_word' id='word_1_429' title='bbox 2012 3058 2211 3111; x_wconf 89' lang='lat' dir='ltr'><strong>vehere</strong></span> <span class='ocrx_word' id='word_1_430' title='bbox 2240 3056 2464 3127; x_wconf 80' lang='lat' dir='ltr'><strong>rogavit.</strong></span> <span class='ocrx_word' id='word_1_431' title='bbox 2516 3056 2651 3110; x_wconf 91' lang='lat' dir='ltr'><strong>Dum</strong></span> <span class='ocrx_word' id='word_1_432' title='bbox 2701 3058 3155 3128; x_wconf 87' lang='lat' dir='ltr'><strong>appropinquaret</strong></span> <span class='ocrx_word' id='word_1_433' title='bbox 3197 3058 3363 3114; x_wconf 84' lang='lat' dir='ltr'><strong>vesti—</strong></span> 
     </span>
    </p>
   </div>
   <div class='ocr_carea' id='block_1_62' title="bbox 73 3149 3361 3226">
    <p class='ocr_par' dir='ltr' id='par_1_62' title="bbox 73 3149 3361 3226">
     <span class='ocr_line' id='line_1_62' title="bbox 73 3149 3361 3226; baseline 0.002 -26"><span class='ocrx_word' id='word_1_434' title='bbox 73 3149 185 3202; x_wconf 63' lang='lat' dir='ltr'><strong>vit:</strong></span> <span class='ocrx_word' id='word_1_435' title='bbox 204 3151 499 3207; x_wconf 88' lang='lat' dir='ltr'><strong>monachos</strong></span> <span class='ocrx_word' id='word_1_436' title='bbox 533 3150 606 3206; x_wconf 93' lang='lat' dir='ltr'><strong>ibi</strong></span> <span class='ocrx_word' id='word_1_437' title='bbox 637 3151 946 3209; x_wconf 85' lang='lat' dir='ltr'><strong>habitantes</strong></span> <span class='ocrx_word' id='word_1_438' title='bbox 973 3155 1039 3209; x_wconf 90' lang='lat' dir='ltr'><strong>ad</strong></span> <span class='ocrx_word' id='word_1_439' title='bbox 1071 3155 1293 3210; x_wconf 84' lang='lat' dir='ltr'><strong>meliora</strong></span> <span class='ocrx_word' id='word_1_440' title='bbox 1325 3154 1659 3226; x_wconf 85' lang='lat' dir='ltr'><strong>provehere;</strong></span> <span class='ocrx_word' id='word_1_441' title='bbox 1691 3152 1738 3217; x_wconf 83' lang='lat' dir='ltr'>C</span> <span class='ocrx_word' id='word_1_442' title='bbox 1772 3149 1896 3206; x_wconf 92' lang='lat' dir='ltr'><strong>bulo</strong></span> <span class='ocrx_word' id='word_1_443' title='bbox 1924 3151 2109 3221; x_wconf 89' lang='lat' dir='ltr'><strong>templi</strong></span> <span class='ocrx_word' id='word_1_444' title='bbox 2136 3193 2149 3216; x_wconf 92' lang='lat'><strong>,</strong></span> <span class='ocrx_word' id='word_1_445' title='bbox 2192 3152 2381 3207; x_wconf 84' lang='lat' dir='ltr'><strong>alienis</strong></span> <span class='ocrx_word' id='word_1_446' title='bbox 2412 3160 2695 3223; x_wconf 81' lang='lat' dir='ltr'><strong>susceptus</strong></span> <span class='ocrx_word' id='word_1_447' title='bbox 2725 3152 2867 3207; x_wconf 90' lang='lat' dir='ltr'><strong>ulnis</strong></span> <span class='ocrx_word' id='word_1_448' title='bbox 2895 3152 3040 3207; x_wconf 91' lang='lat' dir='ltr'><strong>humi</strong></span> <span class='ocrx_word' id='word_1_449' title='bbox 3083 3152 3361 3222; x_wconf 75' lang='lat' dir='ltr'><strong>depositus</strong></span> 
     </span>
    </p>
   </div>
   <div class='ocr_carea' id='block_1_63' title="bbox 74 3245 1653 3319">
    <p class='ocr_par' dir='ltr' id='par_1_63' title="bbox 74 3245 1653 3319">
     <span class='ocr_line' id='line_1_63' title="bbox 74 3245 1653 3319; baseline 0.005 -22"><span class='ocrx_word' id='word_1_450' title='bbox 74 3245 199 3301; x_wconf 87' lang='lat' dir='ltr'><strong>sicut</strong></span> <span class='ocrx_word' id='word_1_451' title='bbox 225 3245 420 3302; x_wconf 88' lang='lat' dir='ltr'><strong>artifex</strong></span> <span class='ocrx_word' id='word_1_452' title='bbox 446 3261 707 3307; x_wconf 87' lang='lat' dir='ltr'><strong>coronam</strong></span> <span class='ocrx_word' id='word_1_453' title='bbox 736 3258 955 3304; x_wconf 89' lang='lat' dir='ltr'><strong>acturus</strong></span> <span class='ocrx_word' id='word_1_454' title='bbox 980 3290 993 3310; x_wconf 86' lang='lat'><strong>,</strong></span> <span class='ocrx_word' id='word_1_455' title='bbox 1026 3257 1615 3319; x_wconf 57' lang='lat' dir='ltr'><strong>praestantes-gemmas</strong></span> <span class='ocrx_word' id='word_1_456' title='bbox 1638 3292 1653 3316; x_wconf 90' lang='lat'><strong>,</strong></span> 
     </span>
    </p>
   </div>
   <div class='ocr_carea' id='block_1_64' title="bbox 75 3340 1656 3413">
    <p class='ocr_par' dir='ltr' id='par_1_64' title="bbox 75 3340 1656 3413">
     <span class='ocr_line' id='line_1_64' title="bbox 75 3340 1656 3413; baseline 0.004 -21"><span class='ocrx_word' id='word_1_457' title='bbox 75 3354 130 3393; x_wconf 88' lang='lat' dir='ltr'><strong>ac</strong></span> <span class='ocrx_word' id='word_1_458' title='bbox 143 3340 459 3411; x_wconf 85' lang='lat' dir='ltr'><strong>margaritas</strong></span> <span class='ocrx_word' id='word_1_459' title='bbox 477 3343 937 3413; x_wconf 30' lang='lat' dir='ltr'><strong>exornatLquihus</strong></span> <span class='ocrx_word' id='word_1_460' title='bbox 963 3357 1097 3413; x_wconf 90' lang='lat' dir='ltr'><strong>opus</strong></span> <span class='ocrx_word' id='word_1_461' title='bbox 1125 3354 1358 3413; x_wconf 71' lang='lat' dir='ltr'><strong>emptum</strong></span> <span class='ocrx_word' id='word_1_462' title='bbox 1389 3342 1656 3413; x_wconf 84' lang='lat' dir='ltr'><strong>perficiat.</strong></span> 
     </span>
    </p>
   </div>
   <div class='ocr_carea' id='block_1_65' title="bbox 75 3429 1657 3513">
    <p class='ocr_par' dir='ltr' id='par_1_65' title="bbox 75 3429 1657 3513">
     <span class='ocr_line' id='line_1_65' title="bbox 75 3429 1657 3513; baseline 0.004 -28"><span class='ocrx_word' id='word_1_463' title='bbox 75 3429 178 3485; x_wconf 77' lang='lat' dir='ltr'><strong>Non</strong></span> <span class='ocrx_word' id='word_1_464' title='bbox 203 3432 374 3489; x_wconf 84' lang='lat' dir='ltr'><strong>multo</strong></span> <span class='ocrx_word' id='word_1_465' title='bbox 396 3441 517 3513; x_wconf 76' lang='lat' dir='ltr'><strong>post</strong></span> <span class='ocrx_word' id='word_1_466' title='bbox 540 3433 733 3511; x_wconf 87' lang='lat' dir='ltr'><strong>eodem</strong></span> <span class='ocrx_word' id='word_1_467' title='bbox 758 3434 856 3504; x_wconf 89' lang='lat' dir='ltr'><strong>(al.</strong></span> <span class='ocrx_word' id='word_1_468' title='bbox 885 3432 1015 3506; x_wconf 88' lang='lat' dir='ltr'><strong>Deo)</strong></span> <span class='ocrx_word' id='word_1_469' title='bbox 1040 3433 1250 3488; x_wconf 86' lang='lat' dir='ltr'><strong>clavum</strong></span> <span class='ocrx_word' id='word_1_470' title='bbox 1272 3434 1607 3505; x_wconf 88' lang='lat' dir='ltr'><strong>gubernante</strong></span> <span class='ocrx_word' id='word_1_471' title='bbox 1641 3478 1657 3504; x_wconf 94' lang='lat'><strong>,</strong></span> 
     </span>
    </p>
   </div>
   <div class='ocr_carea' id='block_1_66' title="bbox 76 3522 1662 3593">
    <p class='ocr_par' dir='ltr' id='par_1_66' title="bbox 76 3522 1662 3593">
     <span class='ocr_line' id='line_1_66' title="bbox 76 3522 1662 3593; baseline 0.003 -15"><span class='ocrx_word' id='word_1_472' title='bbox 76 3527 302 3581; x_wconf 82' lang='lat' dir='ltr'><strong>seniores</strong></span> <span class='ocrx_word' id='word_1_473' title='bbox 323 3525 446 3582; x_wconf 88' lang='lat' dir='ltr'><strong>illos</strong></span> <span class='ocrx_word' id='word_1_474' title='bbox 471 3541 599 3593; x_wconf 29' lang='lat' dir='ltr'><strong>eum,</strong></span> <span class='ocrx_word' id='word_1_475' title='bbox 627 3526 838 3582; x_wconf 80' lang='lat' dir='ltr'><strong>Abbate</strong></span> <span class='ocrx_word' id='word_1_476' title='bbox 866 3526 1056 3583; x_wconf 90' lang='lat' dir='ltr'><strong>eadem</strong></span> <span class='ocrx_word' id='word_1_477' title='bbox 1081 3522 1366 3591; x_wconf 88' lang='lat' dir='ltr'><strong>institutio,</strong></span> <span class='ocrx_word' id='word_1_478' title='bbox 1402 3534 1455 3582; x_wconf 91' lang='lat' dir='ltr'><strong>el</strong></span> <span class='ocrx_word' id='word_1_479' title='bbox 1482 3542 1662 3583; x_wconf 89' lang='lat' dir='ltr'><strong>mora-</strong></span> 
     </span>
    </p>
   </div>
   <div class='ocr_carea' id='block_1_67' title="bbox 78 3613 1660 3687">
    <p class='ocr_par' dir='ltr' id='par_1_67' title="bbox 78 3613 1660 3687">
     <span class='ocr_line' id='line_1_67' title="bbox 78 3613 1660 3687; baseline 0.004 -19"><span class='ocrx_word' id='word_1_480' title='bbox 78 3613 134 3668; x_wconf 89' lang='lat' dir='ltr'><strong>lis</strong></span> <span class='ocrx_word' id='word_1_481' title='bbox 151 3616 377 3685; x_wconf 86' lang='lat' dir='ltr'><strong>gravitas</strong></span> <span class='ocrx_word' id='word_1_482' title='bbox 412 3616 548 3673; x_wconf 88' lang='lat' dir='ltr'><strong>tales</strong></span> <span class='ocrx_word' id='word_1_483' title='bbox 571 3616 839 3683; x_wconf 76' lang='lat' dir='ltr'><strong>exhibuit,</strong></span> <span class='ocrx_word' id='word_1_484' title='bbox 873 3617 1069 3687; x_wconf 89' lang='lat' dir='ltr'><strong>quibus</strong></span> <span class='ocrx_word' id='word_1_485' title='bbox 1090 3616 1514 3687; x_wconf 86' lang='lat' dir='ltr'><strong>gubernaculum</strong></span> <span class='ocrx_word' id='word_1_486' title='bbox 1544 3632 1630 3674; x_wconf 69' lang='lat' dir='ltr'><strong>cm</strong></span> <span class='ocrx_word' id='word_1_487' title='bbox 1647 3651 1660 3661; x_wconf 93' lang='lat'><em>-</em></span> 
     </span>
    </p>
   </div>
   <div class='ocr_carea' id='block_1_68' title="bbox 80 3707 1658 3782">
    <p class='ocr_par' dir='ltr' id='par_1_68' title="bbox 80 3707 1658 3782">
     <span class='ocr_line' id='line_1_68' title="bbox 80 3707 1658 3782; baseline 0.003 -23"><span class='ocrx_word' id='word_1_488' title='bbox 80 3707 289 3765; x_wconf 89' lang='lat' dir='ltr'><strong>nobialis</strong></span> <span class='ocrx_word' id='word_1_489' title='bbox 319 3709 523 3780; x_wconf 74' lang='lat' dir='ltr'><strong>regulze</strong></span> <span class='ocrx_word' id='word_1_490' title='bbox 548 3710 778 3764; x_wconf 80' lang='lat' dir='ltr'><strong>mirifice</strong></span> <span class='ocrx_word' id='word_1_491' title='bbox 806 3719 1116 3764; x_wconf 70' lang='lat' dir='ltr'><strong>servaretur</strong></span> <span class='ocrx_word' id='word_1_492' title='bbox 1141 3750 1155 3773; x_wconf 91' lang='lat'><strong>,</strong></span> <span class='ocrx_word' id='word_1_493' title='bbox 1202 3718 1255 3764; x_wconf 85' lang='lat' dir='ltr'><strong>et</strong></span> <span class='ocrx_word' id='word_1_494' title='bbox 1284 3710 1508 3764; x_wconf 81' lang='lat' dir='ltr'><strong>formula</strong></span> <span class='ocrx_word' id='word_1_495' title='bbox 1538 3710 1559 3782; x_wconf 95' lang='lat'><strong>(</strong></span> <span class='ocrx_word' id='word_1_496' title='bbox 1586 3709 1658 3764; x_wconf 90' lang='lat' dir='ltr'><strong>al.</strong></span> 
     </span>
    </p>
   </div>
   <div class='ocr_carea' id='block_1_69' title="bbox 80 3803 1664 3875">
    <p class='ocr_par' dir='ltr' id='par_1_69' title="bbox 80 3803 1664 3875">
     <span class='ocr_line' id='line_1_69' title="bbox 80 3803 1664 3875; baseline 0.004 -22"><span class='ocrx_word' id='word_1_497' title='bbox 80 3803 341 3874; x_wconf 69' lang='lat' dir='ltr'><strong>formula),</strong></span> <span class='ocrx_word' id='word_1_498' title='bbox 366 3813 531 3875; x_wconf 90' lang='lat' dir='ltr'><strong>atque</strong></span> <span class='ocrx_word' id='word_1_499' title='bbox 557 3803 836 3874; x_wconf 86' lang='lat' dir='ltr'><strong>speculum</strong></span> <span class='ocrx_word' id='word_1_500' title='bbox 878 3803 1201 3875; x_wconf 75' lang='lat' dir='ltr'><strong>quitacibus</strong></span> <span class='ocrx_word' id='word_1_501' title='bbox 1247 3815 1453 3871; x_wconf 87' lang='lat' dir='ltr'><strong>essent,</strong></span> <span class='ocrx_word' id='word_1_502' title='bbox 1503 3813 1558 3859; x_wconf 91' lang='lat' dir='ltr'><strong>et</strong></span> <span class='ocrx_word' id='word_1_503' title='bbox 1608 3813 1664 3859; x_wconf 91' lang='lat' dir='ltr'><strong>ut</strong></span> 
     </span>
    </p>
   </div>
   <div class='ocr_carea' id='block_1_70' title="bbox 80 3895 1659 3969">
    <p class='ocr_par' dir='ltr' id='par_1_70' title="bbox 80 3895 1659 3969">
     <span class='ocr_line' id='line_1_70' title="bbox 80 3895 1659 3969; baseline 0.003 -22"><span class='ocrx_word' id='word_1_504' title='bbox 80 3895 188 3950; x_wconf 86' lang='lat' dir='ltr'><strong>boni</strong></span> <span class='ocrx_word' id='word_1_505' title='bbox 211 3910 386 3969; x_wconf 78' lang='lat' dir='ltr'><strong>patres</strong></span> <span class='ocrx_word' id='word_1_506' title='bbox 412 3897 583 3953; x_wconf 90' lang='lat' dir='ltr'><strong>bonos</strong></span> <span class='ocrx_word' id='word_1_507' title='bbox 607 3896 851 3953; x_wconf 71' lang='lat' dir='ltr'><strong>hzeredes</strong></span> <span class='ocrx_word' id='word_1_508' title='bbox 872 3895 1173 3952; x_wconf 87' lang='lat' dir='ltr'><strong>efficerent.</strong></span> <span class='ocrx_word' id='word_1_509' title='bbox 1191 3896 1525 3952; x_wconf 82' lang='lat' dir='ltr'><strong>Jocundatur</strong></span> <span class='ocrx_word' id='word_1_510' title='bbox 1542 3912 1659 3964; x_wconf 86' lang='lat' dir='ltr'><strong>rex,</strong></span> 
     </span>
    </p>
   </div>
   <div class='ocr_carea' id='block_1_71' title="bbox 77 3987 1655 4060">
    <p class='ocr_par' dir='ltr' id='par_1_71' title="bbox 77 3987 1655 4060">
     <span class='ocr_line' id='line_1_71' title="bbox 77 3987 1655 4060; baseline 0.003 -21"><span class='ocrx_word' id='word_1_511' title='bbox 77 3987 382 4055; x_wconf 84' lang='lat' dir='ltr'><strong>jocundatur</strong></span> <span class='ocrx_word' id='word_1_512' title='bbox 432 3989 759 4060; x_wconf 86' lang='lat' dir='ltr'><strong>episcopus,</strong></span> <span class='ocrx_word' id='word_1_513' title='bbox 813 3988 1125 4060; x_wconf 89' lang='lat' dir='ltr'><strong>pullulantis</strong></span> <span class='ocrx_word' id='word_1_514' title='bbox 1174 3989 1376 4059; x_wconf 85' lang='lat' dir='ltr'><strong>segetis</strong></span> <span class='ocrx_word' id='word_1_515' title='bbox 1431 3988 1655 4053; x_wconf 85' lang='lat' dir='ltr'><strong>uberem</strong></span> 
     </span>
    </p>
   </div>
   <div class='ocr_carea' id='block_1_72' title="bbox 82 4080 1662 4154">
    <p class='ocr_par' dir='ltr' id='par_1_72' title="bbox 82 4080 1662 4154">
     <span class='ocr_line' id='line_1_72' title="bbox 82 4080 1662 4154; baseline 0.002 -20"><span class='ocrx_word' id='word_1_516' title='bbox 82 4080 291 4137; x_wconf 80' lang='lat' dir='ltr'><strong>fructum</strong></span> <span class='ocrx_word' id='word_1_517' title='bbox 312 4093 649 4154; x_wconf 88' lang='lat' dir='ltr'><strong>spectantes.</strong></span> <span class='ocrx_word' id='word_1_518' title='bbox 676 4082 849 4151; x_wconf 61' lang='lat' dir='ltr'><strong>Urbs,</strong></span> <span class='ocrx_word' id='word_1_519' title='bbox 872 4093 927 4138; x_wconf 91' lang='lat' dir='ltr'><strong>et</strong></span> <span class='ocrx_word' id='word_1_520' title='bbox 954 4082 1261 4138; x_wconf 80' lang='lat' dir='ltr'><strong>suburbana</strong></span> <span class='ocrx_word' id='word_1_521' title='bbox 1295 4085 1662 4138; x_wconf 85' lang='lat' dir='ltr'><strong>eotntnuniter</strong></span> 
     </span>
    </p>
   </div>
   <div class='ocr_carea' id='block_1_73' title="bbox 82 4172 1661 4249">
    <p class='ocr_par' dir='ltr' id='par_1_73' title="bbox 82 4172 1661 4249">
     <span class='ocr_line' id='line_1_73' title="bbox 82 4172 1661 4249; baseline 0.004 -23"><span class='ocrx_word' id='word_1_522' title='bbox 82 4174 368 4245; x_wconf 85' lang='lat' dir='ltr'><strong>hujusmodi</strong></span> <span class='ocrx_word' id='word_1_523' title='bbox 392 4172 772 4235; x_wconf 18' lang='lat' dir='ltr'><strong>ﬁcumubernio</strong></span> <span class='ocrx_word' id='word_1_524' title='bbox 797 4177 1143 4249; x_wconf 86' lang='lat' dir='ltr'><strong>gaudebant:</strong></span> <span class='ocrx_word' id='word_1_525' title='bbox 1180 4179 1321 4232; x_wconf 88' lang='lat' dir='ltr'><strong>unde</strong></span> <span class='ocrx_word' id='word_1_526' title='bbox 1349 4178 1531 4248; x_wconf 90' lang='lat' dir='ltr'><strong>plures</strong></span> <span class='ocrx_word' id='word_1_527' title='bbox 1564 4178 1661 4233; x_wconf 83' lang='lat' dir='ltr'><strong>fal-</strong></span> 
     </span>
    </p>
   </div>
   <div class='ocr_carea' id='block_1_74' title="bbox 83 4270 1658 4340">
    <p class='ocr_par' dir='ltr' id='par_1_74' title="bbox 83 4270 1658 4340">
     <span class='ocr_line' id='line_1_74' title="bbox 83 4270 1658 4340; baseline 0.003 -18"><span class='ocrx_word' id='word_1_528' title='bbox 83 4270 195 4325; x_wconf 84' lang='lat' dir='ltr'><strong>lacis</strong></span> <span class='ocrx_word' id='word_1_529' title='bbox 222 4273 407 4328; x_wconf 72' lang='lat' dir='ltr'><strong>smculi</strong></span> <span class='ocrx_word' id='word_1_530' title='bbox 438 4273 780 4328; x_wconf 73' lang='lat' dir='ltr'><strong>umbratilem</strong></span> <span class='ocrx_word' id='word_1_531' title='bbox 795 4287 981 4327; x_wconf 87' lang='lat' dir='ltr'><strong>auram</strong></span> <span class='ocrx_word' id='word_1_532' title='bbox 1012 4271 1658 4340; x_wconf 83' lang='lat' dir='ltr'><strong>vitantes,tttcontermini</strong></span> 
     </span>
    </p>
   </div>
   <div class='ocr_carea' id='block_1_75' title="bbox 82 4366 1665 4442">
    <p class='ocr_par' dir='ltr' id='par_1_75' title="bbox 82 4366 1665 4442">
     <span class='ocr_line' id='line_1_75' title="bbox 82 4366 1665 4442; baseline 0.005 -25"><span class='ocrx_word' id='word_1_533' title='bbox 82 4366 176 4433; x_wconf 82' lang='lat' dir='ltr'><strong>(al.</strong></span> <span class='ocrx_word' id='word_1_534' title='bbox 205 4370 453 4424; x_wconf 77' lang='lat' dir='ltr'><strong>conterini</strong></span> <span class='ocrx_word' id='word_1_535' title='bbox 482 4369 502 4439; x_wconf 90' lang='grc'><strong>)</strong></span> <span class='ocrx_word' id='word_1_536' title='bbox 560 4379 831 4423; x_wconf 87' lang='lat' dir='ltr'><strong>tantorum</strong></span> <span class='ocrx_word' id='word_1_537' title='bbox 882 4370 1121 4424; x_wconf 87' lang='lat' dir='ltr'><strong>virorum</strong></span> <span class='ocrx_word' id='word_1_538' title='bbox 1176 4368 1410 4436; x_wconf 84' lang='lat' dir='ltr'><strong>fierent,</strong></span> <span class='ocrx_word' id='word_1_539' title='bbox 1460 4377 1665 4442; x_wconf 87' lang='lat' dir='ltr'><strong>satage-</strong></span> 
     </span>
    </p>
   </div>
   <div class='ocr_carea' id='block_1_76' title="bbox 86 4454 1662 4533">
    <p class='ocr_par' dir='ltr' id='par_1_76' title="bbox 86 4454 1662 4533">
     <span class='ocr_line' id='line_1_76' title="bbox 86 4454 1662 4533; baseline 0.006 -23"><span class='ocrx_word' id='word_1_540' title='bbox 86 4458 234 4527; x_wconf 80' lang='lat' dir='ltr'><strong>bant;</strong></span> <span class='ocrx_word' id='word_1_541' title='bbox 262 4477 400 4533; x_wconf 88' lang='lat' dir='ltr'><strong>quos</strong></span> <span class='ocrx_word' id='word_1_542' title='bbox 430 4478 537 4516; x_wconf 90' lang='lat' dir='ltr'><strong>non</strong></span> <span class='ocrx_word' id='word_1_543' title='bbox 568 4462 791 4531; x_wconf 88' lang='lat' dir='ltr'><strong>penuria</strong></span> <span class='ocrx_word' id='word_1_544' title='bbox 831 4461 883 4516; x_wconf 93' lang='lat' dir='ltr'><strong>id</strong></span> <span class='ocrx_word' id='word_1_545' title='bbox 915 4463 1091 4517; x_wconf 87' lang='lat' dir='ltr'><strong>facere</strong></span> <span class='ocrx_word' id='word_1_546' title='bbox 1122 4454 1375 4533; x_wconf 63' lang='lat' dir='ltr'><strong>cogebat,</strong></span> <span class='ocrx_word' id='word_1_547' title='bbox 1415 4464 1511 4518; x_wconf 90' lang='lat' dir='ltr'><strong>sed</strong></span> <span class='ocrx_word' id='word_1_548' title='bbox 1538 4478 1662 4519; x_wconf 88' lang='lat' dir='ltr'><strong>estt-</strong></span> 
     </span>
    </p>
   </div>
   <div class='ocr_carea' id='block_1_77' title="bbox 1764 3244 3365 3316">
    <p class='ocr_par' dir='ltr' id='par_1_77' title="bbox 1764 3244 3365 3316">
     <span class='ocr_line' id='line_1_77' title="bbox 1764 3244 3365 3316; baseline 0 -16"><span class='ocrx_word' id='word_1_549' title='bbox 1764 3251 1868 3300; x_wconf 90' lang='lat' dir='ltr'><strong>est.</strong></span> <span class='ocrx_word' id='word_1_550' title='bbox 1920 3244 2115 3300; x_wconf 86' lang='lat' dir='ltr'><strong>Peetu‘s</strong></span> <span class='ocrx_word' id='word_1_551' title='bbox 2144 3244 2339 3315; x_wconf 85' lang='lat' dir='ltr'><strong>pugnis</strong></span> <span class='ocrx_word' id='word_1_552' title='bbox 2365 3244 2624 3301; x_wconf 87' lang='lat' dir='ltr'><strong>tundebat</strong></span> <span class='ocrx_word' id='word_1_553' title='bbox 2650 3286 2664 3312; x_wconf 94' lang='lat'><strong>,</strong></span> <span class='ocrx_word' id='word_1_554' title='bbox 2710 3260 2895 3302; x_wconf 89' lang='lat' dir='ltr'><strong>vocem</strong></span> <span class='ocrx_word' id='word_1_555' title='bbox 2924 3244 3244 3316; x_wconf 88' lang='lat' dir='ltr'><strong>singultibus</strong></span> <span class='ocrx_word' id='word_1_556' title='bbox 3268 3246 3365 3301; x_wconf 91' lang='lat' dir='ltr'><strong>im-</strong></span> 
     </span>
    </p>
   </div>
   <div class='ocr_carea' id='block_1_78' title="bbox 1763 3337 3352 3409">
    <p class='ocr_par' dir='ltr' id='par_1_78' title="bbox 1763 3337 3352 3409">
     <span class='ocr_line' id='line_1_78' title="bbox 1763 3337 3352 3409; baseline 0.003 -18"><span class='ocrx_word' id='word_1_557' title='bbox 1763 3337 1972 3408; x_wconf 89' lang='lat' dir='ltr'><strong>plebat,</strong></span> <span class='ocrx_word' id='word_1_558' title='bbox 2005 3339 2243 3394; x_wconf 89' lang='lat' dir='ltr'><strong>deterius</strong></span> <span class='ocrx_word' id='word_1_559' title='bbox 2275 3339 2493 3409; x_wconf 88' lang='lat' dir='ltr'><strong>dignum</strong></span> <span class='ocrx_word' id='word_1_560' title='bbox 2519 3354 2579 3395; x_wconf 91' lang='lat' dir='ltr'><strong>se</strong></span> <span class='ocrx_word' id='word_1_561' title='bbox 2608 3354 2729 3396; x_wconf 90' lang='lat' dir='ltr'><strong>esse</strong></span> <span class='ocrx_word' id='word_1_562' title='bbox 2757 3340 2989 3396; x_wconf 89' lang='lat' dir='ltr'><strong>dicebat.</strong></span> <span class='ocrx_word' id='word_1_563' title='bbox 3022 3340 3173 3396; x_wconf 85' lang='lat' dir='ltr'><strong>Tunc</strong></span> <span class='ocrx_word' id='word_1_564' title='bbox 3196 3342 3352 3397; x_wconf 87' lang='lat' dir='ltr'><strong>Iunti-</strong></span> 
     </span>
    </p>
   </div>
   <div class='ocr_carea' id='block_1_79' title="bbox 1765 3430 3358 3505">
    <p class='ocr_par' dir='ltr' id='par_1_79' title="bbox 1765 3430 3358 3505">
     <span class='ocr_line' id='line_1_79' title="bbox 1765 3430 3358 3505; baseline 0.001 -20"><span class='ocrx_word' id='word_1_565' title='bbox 1765 3431 1911 3485; x_wconf 88' lang='lat' dir='ltr'><strong>naria</strong></span> <span class='ocrx_word' id='word_1_566' title='bbox 1937 3430 2034 3502; x_wconf 90' lang='lat' dir='ltr'><strong>(al.</strong></span> <span class='ocrx_word' id='word_1_567' title='bbox 2055 3430 2235 3505; x_wconf 73' lang='lat' dir='ltr'><strong>jussit)</strong></span> <span class='ocrx_word' id='word_1_568' title='bbox 2278 3430 2405 3487; x_wconf 87' lang='lat' dir='ltr'><strong>fecit</strong></span> <span class='ocrx_word' id='word_1_569' title='bbox 2428 3432 2746 3495; x_wconf 85' lang='lat' dir='ltr'><strong>accendere.</strong></span> <span class='ocrx_word' id='word_1_570' title='bbox 2774 3444 2827 3487; x_wconf 90' lang='lat' dir='ltr'><strong>et</strong></span> <span class='ocrx_word' id='word_1_571' title='bbox 2856 3448 3054 3489; x_wconf 85' lang='lat' dir='ltr'><strong>curvus</strong></span> <span class='ocrx_word' id='word_1_572' title='bbox 3082 3443 3137 3487; x_wconf 92' lang='lat' dir='ltr'><strong>ut</strong></span> <span class='ocrx_word' id='word_1_573' title='bbox 3163 3433 3358 3501; x_wconf 80' lang='lat' dir='ltr'><strong>bestia,</strong></span> 
     </span>
    </p>
   </div>
   <div class='ocr_carea' id='block_1_80' title="bbox 1762 3526 3358 3596">
    <p class='ocr_par' dir='ltr' id='par_1_80' title="bbox 1762 3526 3358 3596">
     <span class='ocr_line' id='line_1_80' title="bbox 1762 3526 3358 3596; baseline 0.001 -16"><span class='ocrx_word' id='word_1_574' title='bbox 1762 3526 1887 3595; x_wconf 90' lang='lat' dir='ltr'><strong>quia</strong></span> <span class='ocrx_word' id='word_1_575' title='bbox 1917 3535 2098 3580; x_wconf 89' lang='lat' dir='ltr'><strong>rectus</strong></span> <span class='ocrx_word' id='word_1_576' title='bbox 2127 3540 2231 3579; x_wconf 94' lang='lat' dir='ltr'><strong>non</strong></span> <span class='ocrx_word' id='word_1_577' title='bbox 2264 3526 2496 3591; x_wconf 87' lang='lat' dir='ltr'><strong>valebat,</strong></span> <span class='ocrx_word' id='word_1_578' title='bbox 2526 3526 2751 3596; x_wconf 88' lang='lat' dir='ltr'><strong>genibus</strong></span> <span class='ocrx_word' id='word_1_579' title='bbox 2782 3536 2835 3581; x_wconf 94' lang='lat' dir='ltr'><strong>et</strong></span> <span class='ocrx_word' id='word_1_580' title='bbox 2862 3526 3051 3595; x_wconf 88' lang='lat' dir='ltr'><strong>palmis</strong></span> <span class='ocrx_word' id='word_1_581' title='bbox 3074 3527 3358 3583; x_wconf 89' lang='lat' dir='ltr'><strong>adversum</strong></span> 
     </span>
    </p>
   </div>
   <div class='ocr_carea' id='block_1_81' title="bbox 1765 3610 3492 3687">
    <p class='ocr_par' dir='ltr' id='par_1_81' title="bbox 1765 3610 3492 3687">
     <span class='ocr_line' id='line_1_81' title="bbox 1765 3610 3492 3687; baseline 0.003 -17"><span class='ocrx_word' id='word_1_582' title='bbox 1765 3615 1933 3672; x_wconf 88' lang='lat' dir='ltr'><strong>altare</strong></span> <span class='ocrx_word' id='word_1_583' title='bbox 1964 3617 2130 3687; x_wconf 74' lang='lat' dir='ltr'><strong>coepit</strong></span> <span class='ocrx_word' id='word_1_584' title='bbox 2156 3631 2365 3687; x_wconf 81' lang='lat' dir='ltr'><strong>repere.</strong></span> <span class='ocrx_word' id='word_1_585' title='bbox 2399 3617 2649 3672; x_wconf 80' lang='lat' dir='ltr'><strong>Protinus</strong></span> <span class='ocrx_word' id='word_1_586' title='bbox 2680 3617 2858 3675; x_wconf 91' lang='lat' dir='ltr'><strong>divina</strong></span> <span class='ocrx_word' id='word_1_587' title='bbox 2887 3618 3056 3673; x_wconf 90' lang='lat' dir='ltr'><strong>virtus</strong></span> <span class='ocrx_word' id='word_1_588' title='bbox 3085 3631 3136 3675; x_wconf 92' lang='lat' dir='ltr'><strong>et</strong></span> <span class='ocrx_word' id='word_1_589' title='bbox 3160 3634 3281 3674; x_wconf 89' lang='lat' dir='ltr'><strong>ossa</strong></span> <span class='ocrx_word' id='word_1_590' title='bbox 3307 3630 3361 3675; x_wconf 88' lang='lat' dir='ltr'><strong>et</strong></span> <span class='ocrx_word' id='word_1_591' title='bbox 3438 3610 3444 3614; x_wconf 65' lang='grc'><strong>’</strong></span> <span class='ocrx_word' id='word_1_592' title='bbox 3487 3620 3492 3625; x_wconf 84' lang='grc'><em>’</em></span> 
     </span>
    </p>
   </div>
   <div class='ocr_carea' id='block_1_82' title="bbox 1766 3695 3361 3784">
    <p class='ocr_par' dir='ltr' id='par_1_82' title="bbox 1766 3695 3361 3784">
     <span class='ocr_line' id='line_1_82' title="bbox 1766 3695 3361 3784; baseline 0.003 -21"><span class='ocrx_word' id='word_1_593' title='bbox 1766 3725 1961 3765; x_wconf 86' lang='lat' dir='ltr'><strong>nervos</strong></span> <span class='ocrx_word' id='word_1_594' title='bbox 1975 3710 2093 3781; x_wconf 85' lang='lat' dir='ltr'><strong>ejus</strong></span> <span class='ocrx_word' id='word_1_595' title='bbox 2118 3710 2382 3784; x_wconf 79' lang='lat' dir='ltr'><strong>ingressa,</strong></span> <span class='ocrx_word' id='word_1_596' title='bbox 2416 3708 2742 3766; x_wconf 89' lang='lat' dir='ltr'><strong>artetiticum</strong></span> <span class='ocrx_word' id='word_1_597' title='bbox 2781 3695 3026 3766; x_wconf 80' lang='lat' dir='ltr'><strong>morbum</strong></span> <span class='ocrx_word' id='word_1_598' title='bbox 3048 3711 3237 3783; x_wconf 88' lang='lat' dir='ltr'><strong>tetigit.</strong></span> <span class='ocrx_word' id='word_1_599' title='bbox 3264 3712 3361 3768; x_wconf 88' lang='lat' dir='ltr'><strong>Ille</strong></span> 
     </span>
    </p>
   </div>
   <div class='ocr_carea' id='block_1_83' title="bbox 1766 3804 3357 3883">
    <p class='ocr_par' dir='ltr' id='par_1_83' title="bbox 1766 3804 3357 3883">
     <span class='ocr_line' id='line_1_83' title="bbox 1766 3804 3357 3883; baseline 0.001 -25"><span class='ocrx_word' id='word_1_600' title='bbox 1766 3804 1912 3858; x_wconf 88' lang='lat' dir='ltr'><strong>velut</strong></span> <span class='ocrx_word' id='word_1_601' title='bbox 1937 3804 2199 3860; x_wconf 86' lang='lat' dir='ltr'><strong>exanimis</strong></span> <span class='ocrx_word' id='word_1_602' title='bbox 2226 3805 2275 3857; x_wconf 92' lang='lat' dir='ltr'><strong>in</strong></span> <span class='ocrx_word' id='word_1_603' title='bbox 2301 3813 2497 3860; x_wconf 91' lang='lat' dir='ltr'><strong>terram</strong></span> <span class='ocrx_word' id='word_1_604' title='bbox 2525 3805 2751 3871; x_wconf 90' lang='lat' dir='ltr'><strong>corruit,</strong></span> <span class='ocrx_word' id='word_1_605' title='bbox 2790 3815 2843 3861; x_wconf 91' lang='lat' dir='ltr'><strong>et</strong></span> <span class='ocrx_word' id='word_1_606' title='bbox 2871 3804 3071 3883; x_wconf 55' lang='lat' dir='ltr'><strong>diutius</strong></span> <span class='ocrx_word' id='word_1_607' title='bbox 3099 3806 3253 3877; x_wconf 88' lang='lat' dir='ltr'><strong>quasi</strong></span> <span class='ocrx_word' id='word_1_608' title='bbox 3282 3808 3357 3861; x_wconf 91' lang='lat' dir='ltr'><strong>si-</strong></span> 
     </span>
    </p>
   </div>
   <div class='ocr_carea' id='block_1_84' title="bbox 1768 3898 3361 3969">
    <p class='ocr_par' dir='ltr' id='par_1_84' title="bbox 1768 3898 3361 3969">
     <span class='ocr_line' id='line_1_84' title="bbox 1768 3898 3361 3969; baseline 0.001 -16"><span class='ocrx_word' id='word_1_609' title='bbox 1768 3913 1834 3954; x_wconf 89' lang='lat' dir='ltr'><strong>ne</strong></span> <span class='ocrx_word' id='word_1_610' title='bbox 1852 3899 2041 3969; x_wconf 89' lang='lat' dir='ltr'><strong>spiritu</strong></span> <span class='ocrx_word' id='word_1_611' title='bbox 2059 3900 2248 3969; x_wconf 87' lang='lat' dir='ltr'><strong>jacuit,</strong></span> <span class='ocrx_word' id='word_1_612' title='bbox 2280 3910 2335 3952; x_wconf 79' lang='grc' dir='ltr'><strong>ιιι</strong></span> <span class='ocrx_word' id='word_1_613' title='bbox 2358 3900 2466 3969; x_wconf 85' lang='lat' dir='ltr'><strong>jam</strong></span> <span class='ocrx_word' id='word_1_614' title='bbox 2490 3900 2802 3955; x_wconf 88' lang='lat' dir='ltr'><strong>crederetur</strong></span> <span class='ocrx_word' id='word_1_615' title='bbox 2826 3910 3089 3955; x_wconf 89' lang='lat' dir='ltr'><strong>mortuus.</strong></span> <span class='ocrx_word' id='word_1_616' title='bbox 3114 3898 3361 3968; x_wconf 80' lang='lat' dir='ltr'><strong>Repente</strong></span> 
     </span>
    </p>
   </div>
   <div class='ocr_carea' id='block_1_85' title="bbox 1765 3991 3361 4061">
    <p class='ocr_par' dir='ltr' id='par_1_85' title="bbox 1765 3991 3361 4061">
     <span class='ocr_line' id='line_1_85' title="bbox 1765 3991 3361 4061; baseline 0 -14"><span class='ocrx_word' id='word_1_617' title='bbox 1765 3991 2097 4048; x_wconf 88' lang='lat' dir='ltr'><strong>eonsolidata</strong></span> <span class='ocrx_word' id='word_1_618' title='bbox 2127 4000 2250 4046; x_wconf 89' lang='lat' dir='ltr'><strong>sunt</strong></span> <span class='ocrx_word' id='word_1_619' title='bbox 2280 3992 2605 4048; x_wconf 88' lang='lat' dir='ltr'><strong>lineamenta</strong></span> <span class='ocrx_word' id='word_1_620' title='bbox 2629 3993 2902 4061; x_wconf 90' lang='lat' dir='ltr'><strong>corporis,</strong></span> <span class='ocrx_word' id='word_1_621' title='bbox 2945 4001 3000 4047; x_wconf 89' lang='lat' dir='ltr'><strong>et</strong></span> <span class='ocrx_word' id='word_1_622' title='bbox 3024 3991 3262 4060; x_wconf 68' lang='lat' dir='ltr'><strong>flexurm,</strong></span> <span class='ocrx_word' id='word_1_623' title='bbox 3306 4002 3361 4047; x_wconf 90' lang='lat' dir='ltr'><strong>et</strong></span> 
     </span>
    </p>
   </div>
   <div class='ocr_carea' id='block_1_86' title="bbox 1766 4084 3357 4155">
    <p class='ocr_par' dir='ltr' id='par_1_86' title="bbox 1766 4084 3357 4155">
     <span class='ocr_line' id='line_1_86' title="bbox 1766 4084 3357 4155; baseline -0.002 -14"><span class='ocrx_word' id='word_1_624' title='bbox 1766 4085 1956 4151; x_wconf 82' lang='lat' dir='ltr'><strong>bases,</strong></span> <span class='ocrx_word' id='word_1_625' title='bbox 1990 4085 2226 4155; x_wconf 89' lang='lat' dir='ltr'><strong>nodique</strong></span> <span class='ocrx_word' id='word_1_626' title='bbox 2254 4098 2441 4140; x_wconf 90' lang='lat' dir='ltr'><strong>omnes</strong></span> <span class='ocrx_word' id='word_1_627' title='bbox 2474 4084 2727 4139; x_wconf 88' lang='lat' dir='ltr'><strong>restituti.</strong></span> <span class='ocrx_word' id='word_1_628' title='bbox 2777 4084 3070 4140; x_wconf 84' lang='lat' dir='ltr'><strong>Confestim</strong></span> <span class='ocrx_word' id='word_1_629' title='bbox 3101 4084 3357 4155; x_wconf 86' lang='lat' dir='ltr'><strong>erigitur,</strong></span> 
     </span>
    </p>
   </div>
   <div class='ocr_carea' id='block_1_87' title="bbox 1767 4176 3360 4249">
    <p class='ocr_par' dir='ltr' id='par_1_87' title="bbox 1767 4176 3360 4249">
     <span class='ocr_line' id='line_1_87' title="bbox 1767 4176 3360 4249; baseline -0.001 -15"><span class='ocrx_word' id='word_1_630' title='bbox 1767 4189 1821 4234; x_wconf 91' lang='lat' dir='ltr'><strong>et</strong></span> <span class='ocrx_word' id='word_1_631' title='bbox 1841 4178 1906 4234; x_wconf 88' lang='lat' dir='ltr'><strong>ad</strong></span> <span class='ocrx_word' id='word_1_632' title='bbox 1928 4192 2075 4232; x_wconf 90' lang='lat' dir='ltr'><strong>aram</strong></span> <span class='ocrx_word' id='word_1_633' title='bbox 2098 4178 2207 4233; x_wconf 91' lang='lat' dir='ltr'><strong>cito</strong></span> <span class='ocrx_word' id='word_1_634' title='bbox 2232 4176 2608 4249; x_wconf 76' lang='lat' dir='ltr'><strong>proficiscitur.</strong></span> <span class='ocrx_word' id='word_1_635' title='bbox 2635 4176 2720 4232; x_wconf 89' lang='lat' dir='ltr'><strong>Fit</strong></span> <span class='ocrx_word' id='word_1_636' title='bbox 2740 4191 3033 4246; x_wconf 79' lang='lat' dir='ltr'><strong>concursus</strong></span> <span class='ocrx_word' id='word_1_637' title='bbox 3056 4178 3360 4247; x_wconf 81' lang='lat' dir='ltr'><strong>papularis:</strong></span> 
     </span>
    </p>
   </div>
   <div class='ocr_carea' id='block_1_88' title="bbox 1768 4269 3359 4341">
    <p class='ocr_par' dir='ltr' id='par_1_88' title="bbox 1768 4269 3359 4341">
     <span class='ocr_line' id='line_1_88' title="bbox 1768 4269 3359 4341; baseline -0.001 -17"><span class='ocrx_word' id='word_1_638' title='bbox 1768 4270 1828 4326; x_wconf 84' lang='lat' dir='ltr'><strong>fit</strong></span> <span class='ocrx_word' id='word_1_639' title='bbox 1867 4272 1983 4326; x_wconf 90' lang='lat' dir='ltr'><strong>laus</strong></span> <span class='ocrx_word' id='word_1_640' title='bbox 2022 4285 2085 4327; x_wconf 88' lang='lat' dir='ltr'><strong>ac</strong></span> <span class='ocrx_word' id='word_1_641' title='bbox 2120 4270 2373 4341; x_wconf 90' lang='lat' dir='ltr'><strong>jubilatio</strong></span> <span class='ocrx_word' id='word_1_642' title='bbox 2403 4269 2676 4340; x_wconf 87' lang='lat' dir='ltr'><strong>spiritalis.</strong></span> <span class='ocrx_word' id='word_1_643' title='bbox 2710 4270 2820 4325; x_wconf 92' lang='lat' dir='ltr'><strong>Deo</strong></span> <span class='ocrx_word' id='word_1_644' title='bbox 2850 4269 3083 4326; x_wconf 87' lang='lat' dir='ltr'><strong>refertur</strong></span> <span class='ocrx_word' id='word_1_645' title='bbox 3106 4269 3276 4341; x_wconf 87' lang='lat' dir='ltr'><strong>gloria</strong></span> <span class='ocrx_word' id='word_1_646' title='bbox 3303 4278 3359 4325; x_wconf 89' lang='lat' dir='ltr'><strong>et</strong></span> 
     </span>
    </p>
   </div>
   <div class='ocr_carea' id='block_1_89' title="bbox 1768 4363 3358 4452">
    <p class='ocr_par' dir='ltr' id='par_1_89' title="bbox 1768 4363 3358 4452">
     <span class='ocr_line' id='line_1_89' title="bbox 1768 4363 3358 4452; baseline -0.002 -33"><span class='ocrx_word' id='word_1_647' title='bbox 1768 4367 2180 4437; x_wconf 85' lang='lat' dir='ltr'><strong>omnipotentia,</strong></span> <span class='ocrx_word' id='word_1_648' title='bbox 2215 4374 2268 4421; x_wconf 91' lang='lat' dir='ltr'><strong>et</strong></span> <span class='ocrx_word' id='word_1_649' title='bbox 2303 4364 2503 4452; x_wconf 77' lang='lat' dir='ltr'><strong>inclyte</strong></span> <span class='ocrx_word' id='word_1_650' title='bbox 2534 4364 2737 4421; x_wconf 92' lang='lat' dir='ltr'><strong>Zenoni</strong></span> <span class='ocrx_word' id='word_1_651' title='bbox 2762 4364 3045 4420; x_wconf 90' lang='lat' dir='ltr'><strong>clementia</strong></span> <span class='ocrx_word' id='word_1_652' title='bbox 3073 4374 3126 4420; x_wconf 92' lang='lat' dir='ltr'><strong>et</strong></span> <span class='ocrx_word' id='word_1_653' title='bbox 3155 4363 3358 4434; x_wconf 89' lang='lat' dir='ltr'><strong>magni-</strong></span> 
     </span>
    </p>
   </div>
   <div class='ocr_carea' id='block_1_90' title="bbox 1769 4458 1999 4515">
    <p class='ocr_par' dir='ltr' id='par_1_90' title="bbox 1769 4458 1999 4515">
     <span class='ocr_line' id='line_1_90' title="bbox 1769 4458 1999 4515; baseline 0 -2"><span class='ocrx_word' id='word_1_654' title='bbox 1769 4458 1999 4515; x_wconf 84' lang='lat' dir='ltr'><strong>ﬁeentia.</strong></span> 
     </span>
    </p>
   </div>
   <div class='ocr_carea' id='block_1_91' title="bbox 84 4534 3361 4625">
    <p class='ocr_par' dir='ltr' id='par_1_91' title="bbox 84 4534 3361 4625">
     <span class='ocr_line' id='line_1_91' title="bbox 84 4534 3361 4625; baseline 0.003 -29"><span class='ocrx_word' id='word_1_655' title='bbox 84 4552 169 4607; x_wconf 64' lang='grc' dir='ltr'><strong>τίτί</strong></span> <span class='ocrx_word' id='word_1_656' title='bbox 212 4563 267 4610; x_wconf 72' lang='grc' dir='ltr'><strong>ει</strong></span> <span class='ocrx_word' id='word_1_657' title='bbox 317 4556 407 4611; x_wconf 60' lang='lat' dir='ltr'><strong>sui</strong></span> <span class='ocrx_word' id='word_1_658' title='bbox 465 4566 667 4612; x_wconf 66' lang='grc' dir='ltr'><strong>εηηειτε</strong></span> <span class='ocrx_word' id='word_1_659' title='bbox 719 4540 1495 4625; x_wconf 58' lang='lat' dir='ltr'><strong>conversationis.inhiantes,</strong></span> <span class='ocrx_word' id='word_1_660' title='bbox 1549 4540 1739 4613; x_wconf 85' lang='grc' dir='ltr'><strong>ηοηῙ)</strong></span> <span class='ocrx_word' id='word_1_661' title='bbox 1839 4550 1972 4607; x_wconf 90' lang='lat' dir='ltr'><strong>Cum</strong></span> <span class='ocrx_word' id='word_1_662' title='bbox 2022 4550 2160 4607; x_wconf 88' lang='lat' dir='ltr'><strong>fama</strong></span> <span class='ocrx_word' id='word_1_663' title='bbox 2213 4550 2430 4606; x_wconf 87' lang='lat' dir='ltr'><strong>virtutis</strong></span> <span class='ocrx_word' id='word_1_664' title='bbox 2480 4551 2663 4605; x_wconf 89' lang='lat' dir='ltr'><strong>nuntia</strong></span> <span class='ocrx_word' id='word_1_665' title='bbox 2706 4534 3122 4621; x_wconf 83' lang='lat' dir='ltr'><strong>circumquaque</strong></span> <span class='ocrx_word' id='word_1_666' title='bbox 3166 4551 3361 4620; x_wconf 90' lang='lat' dir='ltr'><strong>abiret,</strong></span> 
     </span>
    </p>
   </div>
   <div class='ocr_carea' id='block_1_92' title="bbox 86 4646 1661 4721">
    <p class='ocr_par' dir='ltr' id='par_1_92' title="bbox 86 4646 1661 4721">
     <span class='ocr_line' id='line_1_92' title="bbox 86 4646 1661 4721; baseline 0.006 -24"><span class='ocrx_word' id='word_1_667' title='bbox 86 4647 311 4703; x_wconf 85' lang='lat' dir='ltr'><strong>minimas</strong></span> <span class='ocrx_word' id='word_1_668' title='bbox 336 4664 473 4721; x_wconf 87' lang='lat' dir='ltr'><strong>opes</strong></span> <span class='ocrx_word' id='word_1_669' title='bbox 502 4646 708 4705; x_wconf 81' lang='lat' dir='ltr'><strong>Ze&#39;noni</strong></span> <span class='ocrx_word' id='word_1_670' title='bbox 742 4648 998 4715; x_wconf 88' lang='lat' dir='ltr'><strong>ferentes,</strong></span> <span class='ocrx_word' id='word_1_671' title='bbox 1028 4650 1385 4705; x_wconf 86' lang='lat' dir='ltr'><strong>m0nasticum</strong></span> <span class='ocrx_word' id='word_1_672' title='bbox 1419 4649 1661 4707; x_wconf 88' lang='lat' dir='ltr'><strong>habitum</strong></span> 
     </span>
    </p>
   </div>
   <div class='ocr_carea' id='block_1_93' title="bbox 89 4738 1661 4815">
    <p class='ocr_par' dir='ltr' id='par_1_93' title="bbox 89 4738 1661 4815">
     <span class='ocr_line' id='line_1_93' title="bbox 89 4738 1661 4815; baseline 0.006 -24"><span class='ocrx_word' id='word_1_673' title='bbox 89 4738 356 4797; x_wconf 77' lang='lat' dir='ltr'><strong>induebant</strong></span> <span class='ocrx_word' id='word_1_674' title='bbox 386 4742 499 4815; x_wconf 85' lang='lat' dir='ltr'><strong>(al.</strong></span> <span class='ocrx_word' id='word_1_675' title='bbox 545 4742 883 4813; x_wconf 79' lang='lat' dir='ltr'><strong>induerunt).</strong></span> <span class='ocrx_word' id='word_1_676' title='bbox 921 4742 1031 4798; x_wconf 82' lang='lat' dir='ltr'><strong>Hoc</strong></span> <span class='ocrx_word' id='word_1_677' title='bbox 1059 4741 1233 4799; x_wconf 75' lang='lat' dir='ltr'><strong>modo</strong></span> <span class='ocrx_word' id='word_1_678' title='bbox 1252 4743 1403 4799; x_wconf 78' lang='lat' dir='ltr'><strong>lacus</strong></span> <span class='ocrx_word' id='word_1_679' title='bbox 1436 4743 1525 4799; x_wconf 85' lang='lat' dir='ltr'><strong>ille</strong></span> <span class='ocrx_word' id='word_1_680' title='bbox 1554 4743 1661 4800; x_wconf 82' lang='lat' dir='ltr'><strong>for-</strong></span> 
     </span>
    </p>
   </div>
   <div class='ocr_carea' id='block_1_94' title="bbox 88 4834 1663 4907">
    <p class='ocr_par' dir='ltr' id='par_1_94' title="bbox 88 4834 1663 4907">
     <span class='ocr_line' id='line_1_94' title="bbox 88 4834 1663 4907; baseline 0.007 -24"><span class='ocrx_word' id='word_1_681' title='bbox 88 4835 298 4891; x_wconf 85' lang='lat' dir='ltr'><strong>tunatior</strong></span> <span class='ocrx_word' id='word_1_682' title='bbox 333 4846 391 4892; x_wconf 92' lang='lat' dir='ltr'><strong>et</strong></span> <span class='ocrx_word' id='word_1_683' title='bbox 438 4835 747 4907; x_wconf 85' lang='lat' dir='ltr'><strong>religiosior</strong></span> <span class='ocrx_word' id='word_1_684' title='bbox 774 4836 945 4890; x_wconf 89' lang='lat' dir='ltr'><strong>factus</strong></span> <span class='ocrx_word' id='word_1_685' title='bbox 969 4878 984 4902; x_wconf 93' lang='lat'><strong>,</strong></span> <span class='ocrx_word' id='word_1_686' title='bbox 1013 4838 1114 4891; x_wconf 87' lang='lat' dir='ltr'><strong>sub</strong></span> <span class='ocrx_word' id='word_1_687' title='bbox 1145 4836 1405 4907; x_wconf 90' lang='lat' dir='ltr'><strong>cujusque</strong></span> <span class='ocrx_word' id='word_1_688' title='bbox 1428 4834 1663 4894; x_wconf 75' lang='lat' dir='ltr'><strong>Cmsaris</strong></span> 
     </span>
    </p>
   </div>
   <div class='ocr_carea' id='block_1_95' title="bbox 88 4927 1661 4999">
    <p class='ocr_par' dir='ltr' id='par_1_95' title="bbox 88 4927 1661 4999">
     <span class='ocr_line' id='line_1_95' title="bbox 88 4927 1661 4999; baseline 0.005 -22"><span class='ocrx_word' id='word_1_689' title='bbox 88 4927 174 4981; x_wconf 80' lang='lat' dir='ltr'><strong>alis</strong></span> <span class='ocrx_word' id='word_1_690' title='bbox 196 4940 464 4999; x_wconf 79' lang='lat' dir='ltr'><strong>protectus</strong></span> <span class='ocrx_word' id='word_1_691' title='bbox 492 4940 596 4987; x_wconf 69' lang='lat' dir='ltr'><strong>est.</strong></span> <span class='ocrx_word' id='word_1_692' title='bbox 640 4928 748 4987; x_wconf 64' lang='lat' dir='ltr'><strong>Sed</strong></span> <span class='ocrx_word' id='word_1_693' title='bbox 786 4929 1130 4985; x_wconf 86' lang='lat' dir='ltr'><strong>beatissimus</strong></span> <span class='ocrx_word' id='word_1_694' title='bbox 1154 4930 1437 4985; x_wconf 86' lang='lat' dir='ltr'><strong>confessor</strong></span> <span class='ocrx_word' id='word_1_695' title='bbox 1467 4931 1606 4985; x_wconf 88' lang='lat' dir='ltr'><strong>vires</strong></span> <span class='ocrx_word' id='word_1_696' title='bbox 1632 4946 1661 4985; x_wconf 88' lang='lat' dir='ltr'><strong>a</strong></span> 
     </span>
    </p>
   </div>
   <div class='ocr_carea' id='block_1_96' title="bbox 92 5017 1665 5095">
    <p class='ocr_par' dir='ltr' id='par_1_96' title="bbox 92 5017 1665 5095">
     <span class='ocr_line' id='line_1_96' title="bbox 92 5017 1665 5095; baseline 0.003 -21"><span class='ocrx_word' id='word_1_697' title='bbox 92 5019 295 5079; x_wconf 90' lang='lat' dir='ltr'><strong>Domino</strong></span> <span class='ocrx_word' id='word_1_698' title='bbox 320 5024 475 5080; x_wconf 77' lang='lat' dir='ltr'><strong>datas</strong></span> <span class='ocrx_word' id='word_1_699' title='bbox 503 5038 668 5095; x_wconf 88' lang='lat' dir='ltr'><strong>quam</strong></span> <span class='ocrx_word' id='word_1_700' title='bbox 696 5037 844 5093; x_wconf 71' lang='lat' dir='ltr'><strong>smpe</strong></span> <span class='ocrx_word' id='word_1_701' title='bbox 871 5017 1137 5083; x_wconf 77' lang='lat' dir='ltr'><strong>excitans.</strong></span> <span class='ocrx_word' id='word_1_702' title='bbox 1172 5022 1336 5077; x_wconf 89' lang='lat' dir='ltr'><strong>multa</strong></span> <span class='ocrx_word' id='word_1_703' title='bbox 1363 5032 1665 5079; x_wconf 88' lang='lat' dir='ltr'><strong>memoratu</strong></span> 
     </span>
    </p>
   </div>
   <div class='ocr_carea' id='block_1_97' title="bbox 91 5098 1667 5189">
    <p class='ocr_par' dir='ltr' id='par_1_97' title="bbox 91 5098 1667 5189">
     <span class='ocr_line' id='line_1_97' title="bbox 91 5098 1667 5189; baseline 0.001 -20"><span class='ocrx_word' id='word_1_704' title='bbox 91 5111 227 5181; x_wconf 80' lang='lat' dir='ltr'><strong>digna</strong></span> <span class='ocrx_word' id='word_1_705' title='bbox 255 5098 560 5187; x_wconf 78' lang='lat' dir='ltr'><strong>perficiens,</strong></span> <span class='ocrx_word' id='word_1_706' title='bbox 586 5134 653 5173; x_wconf 88' lang='lat' dir='ltr'><strong>ex</strong></span> <span class='ocrx_word' id='word_1_707' title='bbox 679 5116 983 5187; x_wconf 86' lang='lat' dir='ltr'><strong>longinquis</strong></span> <span class='ocrx_word' id='word_1_708' title='bbox 998 5114 1416 5189; x_wconf 87' lang='lat' dir='ltr'><strong>partibus(unns</strong></span> <span class='ocrx_word' id='word_1_709' title='bbox 1442 5130 1542 5172; x_wconf 87' lang='lat' dir='ltr'><strong>ms.</strong></span> <span class='ocrx_word' id='word_1_710' title='bbox 1566 5133 1667 5170; x_wconf 84' lang='lat' dir='ltr'><strong>na-</strong></span> 
     </span>
    </p>
   </div>
   <div class='ocr_carea' id='block_1_98' title="bbox 95 5207 1669 5283">
    <p class='ocr_par' dir='ltr' id='par_1_98' title="bbox 95 5207 1669 5283">
     <span class='ocr_line' id='line_1_98' title="bbox 95 5207 1669 5283; baseline 0.001 -21"><span class='ocrx_word' id='word_1_711' title='bbox 95 5207 389 5279; x_wconf 54' lang='grc' dir='ltr'><strong>ιὲωιϋιιιμιι.</strong></span> <span class='ocrx_word' id='word_1_712' title='bbox 408 5210 728 5283; x_wconf 74' lang='lat' dir='ltr'><strong>regionibus)</strong></span> <span class='ocrx_word' id='word_1_713' title='bbox 744 5211 924 5279; x_wconf 88' lang='lat' dir='ltr'><strong>plures</strong></span> <span class='ocrx_word' id='word_1_714' title='bbox 941 5220 1245 5273; x_wconf 83' lang='lat' dir='ltr'><strong>vocaverat,</strong></span> <span class='ocrx_word' id='word_1_715' title='bbox 1263 5210 1398 5263; x_wconf 87' lang='lat' dir='ltr'><strong>alios</strong></span> <span class='ocrx_word' id='word_1_716' title='bbox 1412 5208 1669 5279; x_wconf 82' lang='lat' dir='ltr'><strong>religione</strong></span> 
     </span>
    </p>
   </div>
   <div class='ocr_carea' id='block_1_99' title="bbox 98 5302 1658 5375">
    <p class='ocr_par' dir='ltr' id='par_1_99' title="bbox 98 5302 1658 5375">
     <span class='ocr_line' id='line_1_99' title="bbox 98 5302 1658 5375; baseline 0.001 -20"><span class='ocrx_word' id='word_1_717' title='bbox 98 5311 268 5369; x_wconf 82' lang='lat' dir='ltr'><strong>motos,</strong></span> <span class='ocrx_word' id='word_1_718' title='bbox 294 5303 431 5360; x_wconf 87' lang='lat' dir='ltr'><strong>alios</strong></span> <span class='ocrx_word' id='word_1_719' title='bbox 452 5304 791 5374; x_wconf 72' lang='lat' dir='ltr'><strong>:x‘gritudinis</strong></span> <span class='ocrx_word' id='word_1_720' title='bbox 814 5305 1133 5359; x_wconf 89' lang='lat' dir='ltr'><strong>necessitate</strong></span> <span class='ocrx_word' id='word_1_721' title='bbox 1158 5312 1395 5360; x_wconf 90' lang='lat' dir='ltr'><strong>coactos.</strong></span> <span class='ocrx_word' id='word_1_722' title='bbox 1456 5303 1522 5358; x_wconf 83' lang='lat' dir='ltr'><strong>Et</strong></span> <span class='ocrx_word' id='word_1_723' title='bbox 1566 5302 1658 5375; x_wconf 90' lang='lat' dir='ltr'><strong>(al.</strong></span> 
     </span>
    </p>
   </div>
   <div class='ocr_carea' id='block_1_100' title="bbox 99 5390 1667 5468">
    <p class='ocr_par' dir='ltr' id='par_1_100' title="bbox 99 5390 1667 5468">
     <span class='ocr_line' id='line_1_100' title="bbox 99 5390 1667 5468; baseline 0.003 -21"><span class='ocrx_word' id='word_1_724' title='bbox 99 5390 212 5467; x_wconf 71' lang='lat' dir='ltr'><strong>Sed)</strong></span> <span class='ocrx_word' id='word_1_725' title='bbox 233 5411 300 5455; x_wconf 84' lang='lat' dir='ltr'><strong>ne</strong></span> <span class='ocrx_word' id='word_1_726' title='bbox 327 5406 717 5468; x_wconf 66' lang='lat' dir='ltr'><strong>praetereamus</strong></span> <span class='ocrx_word' id='word_1_727' title='bbox 746 5396 925 5449; x_wconf 90' lang='lat' dir='ltr'><strong>omnia</strong></span> <span class='ocrx_word' id='word_1_728' title='bbox 947 5437 963 5463; x_wconf 92' lang='lat'><strong>,</strong></span> <span class='ocrx_word' id='word_1_729' title='bbox 992 5411 1211 5451; x_wconf 92' lang='lat' dir='ltr'><strong>suorum</strong></span> <span class='ocrx_word' id='word_1_730' title='bbox 1244 5414 1338 5467; x_wconf 91' lang='lat' dir='ltr'><strong>per</strong></span> <span class='ocrx_word' id='word_1_731' title='bbox 1368 5396 1471 5451; x_wconf 89' lang='lat' dir='ltr'><strong>hoc</strong></span> <span class='ocrx_word' id='word_1_732' title='bbox 1503 5410 1667 5466; x_wconf 90' lang='lat' dir='ltr'><strong>opus-</strong></span> 
     </span>
    </p>
   </div>
   <div class='ocr_carea' id='block_1_101' title="bbox 99 5488 1257 5560">
    <p class='ocr_par' dir='ltr' id='par_1_101' title="bbox 99 5488 1257 5560">
     <span class='ocr_line' id='line_1_101' title="bbox 99 5488 1257 5560; baseline -0.001 -16"><span class='ocrx_word' id='word_1_733' title='bbox 99 5488 255 5549; x_wconf 70' lang='lat' dir='ltr'><strong>culum</strong></span> <span class='ocrx_word' id='word_1_734' title='bbox 280 5491 615 5549; x_wconf 74' lang='lat' dir='ltr'><strong>disseramus</strong></span> <span class='ocrx_word' id='word_1_735' title='bbox 645 5490 822 5560; x_wconf 88' lang='lat' dir='ltr'><strong>aliqua</strong></span> <span class='ocrx_word' id='word_1_736' title='bbox 851 5491 1257 5546; x_wconf 82' lang='lat' dir='ltr'><strong>miraculorum.</strong></span> 
     </span>
    </p>
   </div>
   <div class='ocr_carea' id='block_1_102' title="bbox 156 5581 1673 5653">
    <p class='ocr_par' dir='ltr' id='par_1_102' title="bbox 156 5581 1673 5653">
     <span class='ocr_line' id='line_1_102' title="bbox 156 5581 1673 5653; baseline -0.003 -11"><span class='ocrx_word' id='word_1_737' title='bbox 156 5581 431 5651; x_wconf 74' lang='lat' dir='ltr'><strong>Qeemdam</strong></span> <span class='ocrx_word' id='word_1_738' title='bbox 485 5584 866 5641; x_wconf 89' lang='lat' dir='ltr'><strong>Tridentinum</strong></span> <span class='ocrx_word' id='word_1_739' title='bbox 924 5583 1136 5653; x_wconf 53' lang='lat' dir='ltr'><strong>dﬁmn</strong></span> <span class='ocrx_word' id='word_1_740' title='bbox 1184 5586 1493 5653; x_wconf 83' lang='lat' dir='ltr'><strong>ingressus,</strong></span> <span class='ocrx_word' id='word_1_741' title='bbox 1550 5598 1673 5639; x_wconf 88' lang='lat' dir='ltr'><strong>cor-</strong></span> 
     </span>
    </p>
   </div>
   <div class='ocr_carea' id='block_1_103' title="bbox 102 5672 1672 5749">
    <p class='ocr_par' dir='ltr' id='par_1_103' title="bbox 102 5672 1672 5749">
     <span class='ocr_line' id='line_1_103' title="bbox 102 5672 1672 5749; baseline -0.003 -12"><span class='ocrx_word' id='word_1_742' title='bbox 102 5678 227 5743; x_wconf 71' lang='lat' dir='ltr'><strong>noris</strong></span> <span class='ocrx_word' id='word_1_743' title='bbox 268 5693 320 5749; x_wconf 81' lang='lat' dir='ltr'><strong>et</strong></span> <span class='ocrx_word' id='word_1_744' title='bbox 375 5682 540 5737; x_wconf 85' lang='lat' dir='ltr'><strong>animi</strong></span> <span class='ocrx_word' id='word_1_745' title='bbox 619 5679 726 5734; x_wconf 88' lang='lat' dir='ltr'><strong>sibi</strong></span> <span class='ocrx_word' id='word_1_746' title='bbox 759 5720 763 5725; x_wconf 83' lang='lat'><strong>.</strong></span> <span class='ocrx_word' id='word_1_747' title='bbox 797 5672 945 5734; x_wconf 88' lang='lat' dir='ltr'><strong>vires</strong></span> <span class='ocrx_word' id='word_1_748' title='bbox 1005 5679 1330 5743; x_wconf 80' lang='lat' dir='ltr'><strong>vindicavit;</strong></span> <span class='ocrx_word' id='word_1_749' title='bbox 1381 5696 1501 5734; x_wconf 91' lang='lat' dir='ltr'><strong>nam</strong></span> <span class='ocrx_word' id='word_1_750' title='bbox 1557 5680 1672 5733; x_wconf 84' lang='lat' dir='ltr'><strong>nul-</strong></span> 
     </span>
    </p>
   </div>
   <div class='ocr_carea' id='block_1_104' title="bbox 105 5764 1673 5845">
    <p class='ocr_par' dir='ltr' id='par_1_104' title="bbox 105 5764 1673 5845">
     <span class='ocr_line' id='line_1_104' title="bbox 105 5764 1673 5845; baseline 0.002 -22"><span class='ocrx_word' id='word_1_751' title='bbox 105 5764 197 5823; x_wconf 75' lang='lat' dir='ltr'><strong>ltttn</strong></span> <span class='ocrx_word' id='word_1_752' title='bbox 246 5764 604 5837; x_wconf 64' lang='lat' dir='ltr'><strong>licinium-um</strong></span> <span class='ocrx_word' id='word_1_753' title='bbox 660 5770 900 5827; x_wconf 86' lang='lat' dir='ltr'><strong>officium</strong></span> <span class='ocrx_word' id='word_1_754' title='bbox 959 5788 1116 5845; x_wconf 82' lang='lat' dir='ltr'><strong>suum</strong></span> <span class='ocrx_word' id='word_1_755' title='bbox 1168 5773 1487 5831; x_wconf 73' lang='lat' dir='ltr'><strong>exercebat.</strong></span> <span class='ocrx_word' id='word_1_756' title='bbox 1519 5774 1673 5843; x_wconf 74' lang='lat' dir='ltr'><strong>cujus</strong></span> 
     </span>
    </p>
   </div>
   <div class='ocr_carea' id='block_1_105' title="bbox 1773 4643 3361 4719">
    <p class='ocr_par' dir='ltr' id='par_1_105' title="bbox 1773 4643 3361 4719">
     <span class='ocr_line' id='line_1_105' title="bbox 1773 4643 3361 4719; baseline -0.003 -18"><span class='ocrx_word' id='word_1_757' title='bbox 1773 4647 2007 4719; x_wconf 91' lang='lat' dir='ltr'><strong>undique</strong></span> <span class='ocrx_word' id='word_1_758' title='bbox 2036 4646 2186 4701; x_wconf 88' lang='lat' dir='ltr'><strong>turba</strong></span> <span class='ocrx_word' id='word_1_759' title='bbox 2220 4660 2324 4700; x_wconf 94' lang='lat' dir='ltr'><strong>non</strong></span> <span class='ocrx_word' id='word_1_760' title='bbox 2353 4644 2572 4699; x_wconf 89' lang='lat' dir='ltr'><strong>minima</strong></span> <span class='ocrx_word' id='word_1_761' title='bbox 2600 4643 2924 4710; x_wconf 88' lang='lat' dir='ltr'><strong>maturabat,</strong></span> <span class='ocrx_word' id='word_1_762' title='bbox 2957 4659 3055 4699; x_wconf 91' lang='lat' dir='ltr'><strong>ceu</strong></span> <span class='ocrx_word' id='word_1_763' title='bbox 3081 4658 3270 4716; x_wconf 86' lang='lat' dir='ltr'><strong>greges</strong></span> <span class='ocrx_word' id='word_1_764' title='bbox 3294 4643 3361 4698; x_wconf 89' lang='lat' dir='ltr'><strong>ad</strong></span> 
     </span>
    </p>
   </div>
   <div class='ocr_carea' id='block_1_106' title="bbox 1772 4737 3359 4811">
    <p class='ocr_par' dir='ltr' id='par_1_106' title="bbox 1772 4737 3359 4811">
     <span class='ocr_line' id='line_1_106' title="bbox 1772 4737 3359 4811; baseline -0.002 -17"><span class='ocrx_word' id='word_1_765' title='bbox 1772 4756 1957 4811; x_wconf 91' lang='lat' dir='ltr'><strong>agrum</strong></span> <span class='ocrx_word' id='word_1_766' title='bbox 1979 4740 2361 4810; x_wconf 86' lang='lat' dir='ltr'><strong>compascuum</strong></span> <span class='ocrx_word' id='word_1_767' title='bbox 2391 4738 2648 4793; x_wconf 86' lang='lat' dir='ltr'><strong>ubertatis</strong></span> <span class='ocrx_word' id='word_1_768' title='bbox 2677 4738 3112 4808; x_wconf 89' lang='lat' dir='ltr'><strong>plenumsolent.</strong></span> <span class='ocrx_word' id='word_1_769' title='bbox 3140 4738 3253 4793; x_wconf 90' lang='lat' dir='ltr'><strong>Dtto</strong></span> <span class='ocrx_word' id='word_1_770' title='bbox 3278 4737 3359 4791; x_wconf 67' lang='grc' dir='ltr'><strong>νίς</strong></span> 
     </span>
    </p>
   </div>
   <div class='ocr_carea' id='block_1_107' title="bbox 1773 4831 3357 4900">
    <p class='ocr_par' dir='ltr' id='par_1_107' title="bbox 1773 4831 3357 4900">
     <span class='ocr_line' id='line_1_107' title="bbox 1773 4831 3357 4900; baseline -0.004 -10"><span class='ocrx_word' id='word_1_771' title='bbox 1773 4837 1840 4900; x_wconf 89' lang='lat' dir='ltr'><strong>ri,</strong></span> <span class='ocrx_word' id='word_1_772' title='bbox 1873 4848 2010 4890; x_wconf 91' lang='lat' dir='ltr'><strong>unus</strong></span> <span class='ocrx_word' id='word_1_773' title='bbox 2032 4843 2150 4890; x_wconf 82' lang='lat' dir='ltr'><strong>erat</strong></span> <span class='ocrx_word' id='word_1_774' title='bbox 2170 4833 2431 4898; x_wconf 88' lang='lat' dir='ltr'><strong>Joannes,</strong></span> <span class='ocrx_word' id='word_1_775' title='bbox 2460 4833 2595 4887; x_wconf 88' lang='lat' dir='ltr'><strong>alter</strong></span> <span class='ocrx_word' id='word_1_776' title='bbox 2618 4842 2731 4888; x_wconf 89' lang='lat' dir='ltr'><strong>erat</strong></span> <span class='ocrx_word' id='word_1_777' title='bbox 2754 4833 2971 4899; x_wconf 88' lang='lat' dir='ltr'><strong>Calvus,</strong></span> <span class='ocrx_word' id='word_1_778' title='bbox 3004 4836 3109 4887; x_wconf 92' lang='lat' dir='ltr'><strong>huc</strong></span> <span class='ocrx_word' id='word_1_779' title='bbox 3131 4831 3357 4896; x_wconf 85' lang='lat' dir='ltr'><strong>devecti,</strong></span> 
     </span>
    </p>
   </div>
   <div class='ocr_carea' id='block_1_108' title="bbox 1769 4925 3362 5000">
    <p class='ocr_par' dir='ltr' id='par_1_108' title="bbox 1769 4925 3362 5000">
     <span class='ocr_line' id='line_1_108' title="bbox 1769 4925 3362 5000; baseline -0.001 -19"><span class='ocrx_word' id='word_1_780' title='bbox 1769 4928 2053 5000; x_wconf 86' lang='lat' dir='ltr'><strong>paralytici</strong></span> <span class='ocrx_word' id='word_1_781' title='bbox 2071 4925 2323 4999; x_wconf 90' lang='lat' dir='ltr'><strong>jacebant</strong></span> <span class='ocrx_word' id='word_1_782' title='bbox 2348 4968 2362 4992; x_wconf 90' lang='lat'><strong>,</strong></span> <span class='ocrx_word' id='word_1_783' title='bbox 2401 4926 2533 4981; x_wconf 91' lang='lat' dir='ltr'><strong>socii</strong></span> <span class='ocrx_word' id='word_1_784' title='bbox 2566 4925 2775 4984; x_wconf 86' lang='lat' dir='ltr'><strong>itineris</strong></span> <span class='ocrx_word' id='word_1_785' title='bbox 2805 4968 2819 4991; x_wconf 92' lang='lat'><strong>,</strong></span> <span class='ocrx_word' id='word_1_786' title='bbox 2860 4926 2993 4980; x_wconf 88' lang='lat' dir='ltr'><strong>socii</strong></span> <span class='ocrx_word' id='word_1_787' title='bbox 3023 4927 3285 4995; x_wconf 83' lang='lat' dir='ltr'><strong>passionis</strong></span> <span class='ocrx_word' id='word_1_788' title='bbox 3308 4935 3362 4979; x_wconf 94' lang='lat' dir='ltr'><strong>et</strong></span> 
     </span>
    </p>
   </div>
   <div class='ocr_carea' id='block_1_109' title="bbox 1770 5017 3362 5097">
    <p class='ocr_par' dir='ltr' id='par_1_109' title="bbox 1770 5017 3362 5097">
     <span class='ocr_line' id='line_1_109' title="bbox 1770 5017 3362 5097; baseline -0.001 -20"><span class='ocrx_word' id='word_1_789' title='bbox 1770 5022 2086 5097; x_wconf 84' lang='lat' dir='ltr'><strong>curationis,</strong></span> <span class='ocrx_word' id='word_1_790' title='bbox 2134 5034 2270 5090; x_wconf 90' lang='lat' dir='ltr'><strong>quos</strong></span> <span class='ocrx_word' id='word_1_791' title='bbox 2320 5019 2522 5075; x_wconf 89' lang='lat' dir='ltr'><strong>diutina</strong></span> <span class='ocrx_word' id='word_1_792' title='bbox 2570 5034 2717 5074; x_wconf 90' lang='lat' dir='ltr'><strong>mora</strong></span> <span class='ocrx_word' id='word_1_793' title='bbox 2761 5019 2870 5090; x_wconf 90' lang='lat' dir='ltr'><strong>jam</strong></span> <span class='ocrx_word' id='word_1_794' title='bbox 2920 5017 3075 5074; x_wconf 86' lang='lat' dir='ltr'><strong>notos</strong></span> <span class='ocrx_word' id='word_1_795' title='bbox 3122 5017 3362 5088; x_wconf 86' lang='lat' dir='ltr'><strong>pluribus</strong></span> 
     </span>
    </p>
   </div>
   <div class='ocr_carea' id='block_1_110' title="bbox 1771 5111 3363 5183">
    <p class='ocr_par' dir='ltr' id='par_1_110' title="bbox 1771 5111 3363 5183">
     <span class='ocr_line' id='line_1_110' title="bbox 1771 5111 3363 5183; baseline -0.004 -14"><span class='ocrx_word' id='word_1_796' title='bbox 1771 5114 2207 5169; x_wconf 86' lang='lat' dir='ltr'><strong>commendabat.</strong></span> <span class='ocrx_word' id='word_1_797' title='bbox 2256 5112 2317 5167; x_wconf 84' lang='lat' dir='ltr'><strong>lli</strong></span> <span class='ocrx_word' id='word_1_798' title='bbox 2364 5113 2565 5168; x_wconf 88' lang='lat' dir='ltr'><strong>assidui</strong></span> <span class='ocrx_word' id='word_1_799' title='bbox 2602 5113 2794 5183; x_wconf 89' lang='lat' dir='ltr'><strong>januas</strong></span> <span class='ocrx_word' id='word_1_800' title='bbox 2829 5111 3068 5167; x_wconf 67' lang='lat' dir='ltr'><strong>eeclesim</strong></span> <span class='ocrx_word' id='word_1_801' title='bbox 3104 5111 3363 5166; x_wconf 86' lang='lat' dir='ltr'><strong>observa-</strong></span> 
     </span>
    </p>
   </div>
   <div class='ocr_carea' id='block_1_111' title="bbox 1777 5204 3367 5274">
    <p class='ocr_par' dir='ltr' id='par_1_111' title="bbox 1777 5204 3367 5274">
     <span class='ocr_line' id='line_1_111' title="bbox 1777 5204 3367 5274; baseline -0.001 -14"><span class='ocrx_word' id='word_1_802' title='bbox 1777 5208 1925 5274; x_wconf 85' lang='lat' dir='ltr'><strong>bant,</strong></span> <span class='ocrx_word' id='word_1_803' title='bbox 1956 5218 2009 5264; x_wconf 89' lang='lat' dir='ltr'><strong>et</strong></span> <span class='ocrx_word' id='word_1_804' title='bbox 2029 5206 2086 5264; x_wconf 88' lang='lat' dir='ltr'><strong>S.</strong></span> <span class='ocrx_word' id='word_1_805' title='bbox 2122 5206 2356 5262; x_wconf 91' lang='lat' dir='ltr'><strong>Zenonis</strong></span> <span class='ocrx_word' id='word_1_806' title='bbox 2384 5222 2525 5261; x_wconf 90' lang='lat' dir='ltr'><strong>nunc</strong></span> <span class='ocrx_word' id='word_1_807' title='bbox 2555 5204 2949 5266; x_wconf 85' lang='lat' dir='ltr'><strong>eummttnibus,</strong></span> <span class='ocrx_word' id='word_1_808' title='bbox 2979 5219 3119 5260; x_wconf 89' lang='lat' dir='ltr'><strong>nunc</strong></span> <span class='ocrx_word' id='word_1_809' title='bbox 3143 5204 3367 5259; x_wconf 82' lang='lat' dir='ltr'><strong>alternis</strong></span> 
     </span>
    </p>
   </div>
   <div class='ocr_carea' id='block_1_112' title="bbox 1779 5298 3370 5374">
    <p class='ocr_par' dir='ltr' id='par_1_112' title="bbox 1779 5298 3370 5374">
     <span class='ocr_line' id='line_1_112' title="bbox 1779 5298 3370 5374; baseline -0.005 -15"><span class='ocrx_word' id='word_1_810' title='bbox 1779 5304 2027 5374; x_wconf 88' lang='lat' dir='ltr'><strong>precibus</strong></span> <span class='ocrx_word' id='word_1_811' title='bbox 2076 5302 2331 5358; x_wconf 87' lang='lat' dir='ltr'><strong>auxilium</strong></span> <span class='ocrx_word' id='word_1_812' title='bbox 2379 5302 2753 5372; x_wconf 89' lang='lat' dir='ltr'><strong>implorabant.</strong></span> <span class='ocrx_word' id='word_1_813' title='bbox 2812 5298 2935 5352; x_wconf 91' lang='lat' dir='ltr'><strong>Illos</strong></span> <span class='ocrx_word' id='word_1_814' title='bbox 2981 5298 3106 5353; x_wconf 88' lang='lat' dir='ltr'><strong>dum</strong></span> <span class='ocrx_word' id='word_1_815' title='bbox 3153 5313 3260 5352; x_wconf 80' lang='lat' dir='ltr'><strong>nox</strong></span> <span class='ocrx_word' id='word_1_816' title='bbox 3312 5306 3370 5351; x_wconf 83' lang='lat' dir='ltr'><strong>et.</strong></span> 
     </span>
    </p>
   </div>
   <div class='ocr_carea' id='block_1_113' title="bbox 1778 5392 3368 5465">
    <p class='ocr_par' dir='ltr' id='par_1_113' title="bbox 1778 5392 3368 5465">
     <span class='ocr_line' id='line_1_113' title="bbox 1778 5392 3368 5465; baseline -0.003 -14"><span class='ocrx_word' id='word_1_817' title='bbox 1778 5411 2029 5451; x_wconf 88' lang='lat' dir='ltr'><strong>somnum</strong></span> <span class='ocrx_word' id='word_1_818' title='bbox 2067 5395 2418 5465; x_wconf 89' lang='lat' dir='ltr'><strong>opprimeret,</strong></span> <span class='ocrx_word' id='word_1_819' title='bbox 2476 5394 2675 5462; x_wconf 88' lang='lat' dir='ltr'><strong>pariter</strong></span> <span class='ocrx_word' id='word_1_820' title='bbox 2711 5392 2957 5446; x_wconf 87' lang='lat' dir='ltr'><strong>viderunt</strong></span> <span class='ocrx_word' id='word_1_821' title='bbox 2996 5407 3181 5447; x_wconf 91' lang='lat' dir='ltr'><strong>senem</strong></span> <span class='ocrx_word' id='word_1_822' title='bbox 3220 5406 3368 5461; x_wconf 83' lang='lat' dir='ltr'><strong>aSpe-</strong></span> 
     </span>
    </p>
   </div>
   <div class='ocr_carea' id='block_1_114' title="bbox 1778 5469 3370 5563">
    <p class='ocr_par' dir='ltr' id='par_1_114' title="bbox 1778 5469 3370 5563">
     <span class='ocr_line' id='line_1_114' title="bbox 1778 5469 3370 5563; baseline -0.004 -16"><span class='ocrx_word' id='word_1_823' title='bbox 1778 5504 1901 5548; x_wconf 81' lang='lat' dir='ltr'><strong>cuts</strong></span> <span class='ocrx_word' id='word_1_824' title='bbox 1930 5469 2299 5562; x_wconf 86' lang='lat' dir='ltr'><strong>pulcherrimi,</strong></span> <span class='ocrx_word' id='word_1_825' title='bbox 2332 5489 2529 5543; x_wconf 90' lang='lat' dir='ltr'><strong>eoloris</strong></span> <span class='ocrx_word' id='word_1_826' title='bbox 2556 5487 2740 5563; x_wconf 85' lang='lat' dir='ltr'><strong>vividi,</strong></span> <span class='ocrx_word' id='word_1_827' title='bbox 2763 5503 2924 5559; x_wconf 87' lang='lat' dir='ltr'><strong>quem</strong></span> <span class='ocrx_word' id='word_1_828' title='bbox 2950 5487 3174 5543; x_wconf 89' lang='lat' dir='ltr'><strong>canities</strong></span> <span class='ocrx_word' id='word_1_829' title='bbox 3199 5488 3370 5542; x_wconf 86' lang='lat' dir='ltr'><strong>instar</strong></span> 
     </span>
    </p>
   </div>
   <div class='ocr_carea' id='block_1_115' title="bbox 1782 5583 3366 5652">
    <p class='ocr_par' dir='ltr' id='par_1_115' title="bbox 1782 5583 3366 5652">
     <span class='ocr_line' id='line_1_115' title="bbox 1782 5583 3366 5652; baseline -0.005 -10"><span class='ocrx_word' id='word_1_830' title='bbox 1782 5588 1919 5642; x_wconf 90' lang='lat' dir='ltr'><strong>nivis</strong></span> <span class='ocrx_word' id='word_1_831' title='bbox 1951 5586 2270 5649; x_wconf 83' lang='lat' dir='ltr'><strong>illustrabat,</strong></span> <span class='ocrx_word' id='word_1_832' title='bbox 2295 5600 2355 5638; x_wconf 77' lang='lat' dir='ltr'><strong>ex</strong></span> <span class='ocrx_word' id='word_1_833' title='bbox 2386 5584 2655 5639; x_wconf 87' lang='lat' dir='ltr'><strong>interioris</strong></span> <span class='ocrx_word' id='word_1_834' title='bbox 2685 5583 2870 5652; x_wconf 89' lang='lat' dir='ltr'><strong>templi</strong></span> <span class='ocrx_word' id='word_1_835' title='bbox 2893 5583 3038 5637; x_wconf 89' lang='lat' dir='ltr'><strong>aditu</strong></span> <span class='ocrx_word' id='word_1_836' title='bbox 3057 5593 3366 5647; x_wconf 82' lang='lat' dir='ltr'><strong>exeuntem,</strong></span> 
     </span>
    </p>
   </div>
   <div class='ocr_carea' id='block_1_116' title="bbox 1783 5675 3367 5751">
    <p class='ocr_par' dir='ltr' id='par_1_116' title="bbox 1783 5675 3367 5751">
     <span class='ocr_line' id='line_1_116' title="bbox 1783 5675 3367 5751; baseline -0.006 -14"><span class='ocrx_word' id='word_1_837' title='bbox 1783 5684 2089 5751; x_wconf 82' lang='lat' dir='ltr'><strong>virgamque</strong></span> <span class='ocrx_word' id='word_1_838' title='bbox 2123 5680 2172 5731; x_wconf 92' lang='lat' dir='ltr'><strong>iu</strong></span> <span class='ocrx_word' id='word_1_839' title='bbox 2207 5693 2365 5731; x_wconf 87' lang='lat' dir='ltr'><strong>manu</strong></span> <span class='ocrx_word' id='word_1_840' title='bbox 2400 5675 2685 5742; x_wconf 86' lang='lat' dir='ltr'><strong>ferentem,</strong></span> <span class='ocrx_word' id='word_1_841' title='bbox 2724 5693 2881 5747; x_wconf 87' lang='lat' dir='ltr'><strong>quant</strong></span> <span class='ocrx_word' id='word_1_842' title='bbox 2925 5678 3114 5740; x_wconf 72' lang='lat' dir='ltr'><strong>erexit,</strong></span> <span class='ocrx_word' id='word_1_843' title='bbox 3151 5678 3367 5735; x_wconf 79' lang='lat' dir='ltr'><strong>auibus-</strong></span> 
     </span>
    </p>
   </div>
   <div class='ocr_carea' id='block_1_117' title="bbox 1782 5755 3379 5847">
    <p class='ocr_par' dir='ltr' id='par_1_117' title="bbox 1782 5755 3379 5847">
     <span class='ocr_line' id='line_1_117' title="bbox 1782 5755 3379 5847; baseline -0.001 -24"><span class='ocrx_word' id='word_1_844' title='bbox 1782 5796 1884 5847; x_wconf 70' lang='lat' dir='ltr'><strong>quo</strong></span> <span class='ocrx_word' id='word_1_845' title='bbox 1914 5775 2161 5837; x_wconf 82' lang='lat' dir='ltr'><strong>pulsavit,</strong></span> <span class='ocrx_word' id='word_1_846' title='bbox 2188 5780 2240 5825; x_wconf 74' lang='lat' dir='ltr'><strong>t‘l</strong></span> <span class='ocrx_word' id='word_1_847' title='bbox 2267 5772 2367 5824; x_wconf 61' lang='lat' dir='ltr'><strong>ait:</strong></span> <span class='ocrx_word' id='word_1_848' title='bbox 2405 5790 2420 5821; x_wconf 77' lang='grc' dir='ltr'>ι</span> <span class='ocrx_word' id='word_1_849' title='bbox 2452 5771 2593 5824; x_wconf 76' lang='lat' dir='ltr'><strong>Satis</strong></span> <span class='ocrx_word' id='word_1_850' title='bbox 2619 5769 2710 5825; x_wconf 85' lang='lat' dir='ltr'><strong>tlitt</strong></span> <span class='ocrx_word' id='word_1_851' title='bbox 2744 5772 2793 5824; x_wconf 91' lang='lat' dir='ltr'><strong>in</strong></span> <span class='ocrx_word' id='word_1_852' title='bbox 2829 5770 2909 5823; x_wconf 67' lang='lat' dir='ltr'><strong>llis</strong></span> <span class='ocrx_word' id='word_1_853' title='bbox 2930 5755 3190 5825; x_wconf 68' lang='lat' dir='ltr'><strong>ettltit‘tllis</strong></span> <span class='ocrx_word' id='word_1_854' title='bbox 3215 5772 3277 5831; x_wconf 78' lang='lat' dir='ltr'><strong>int</strong></span> <span class='ocrx_word' id='word_1_855' title='bbox 3298 5770 3379 5822; x_wconf 82' lang='lat' dir='ltr'><strong>ui-</strong></span> 
     </span>
    </p>
   </div>
  </div>
