3820 6220
386 138 492 253 an

1787 188 2330 264 renascentem.

3566 189 3656 245 91-2
3757 173 3759 180 ’

388 305 503 381 slis,
551 295 787 383 surgite,
827 320 882 368 et
925 312 1090 367 Deum
1135 308 1466 366 Salvatorem
1514 307 1744 364 laudate.
1779 326 1798 360 ι
1856 306 1976 364 Mox
2006 311 2058 369 Α
2083 316 2242 372 rare;
2279 307 2470 386 palmis
2506 294 2702 374 erectis
2731 307 2785 361 in
2818 320 2946 362 aera
2985 320 3175 361 omnes
3200 320 3308 359 uno
3339 319 3434 359 ore
3458 347 3472 368 ,
3516 305 3658 359 Auri-

391 399 534 465 ahiit.
584 406 912 479 Evigilanlcs
975 409 1155 460 mutua
1200 407 1510 460 narratione
1549 401 1693 474 quod
1731 398 1978 458 viderant

385 493 616 556 invicem
642 479 1010 555 eonferEbant.
1055 494 1349 552 Confestim
1391 509 1450 550 se
1488 494 1702 552 sanitati
1736 493 1977 549 redditus

382 599 793 648 consenserunt.
835 587 1088 644 Protinus
1122 586 1385 645 velociter
1421 596 1727 658 surgentes.
1764 584 1980 656 grandi-

383 686 531 742 so'nis
567 683 812 738 laudibus
847 669 957 737 Deo
984 681 1322 754 jubilarunt:
1367 680 1456 750 qui
1487 680 1770 744 timentes,
1802 677 1844 732 si
1867 680 1978 732 cito

382 777 644 839 redirent,
678 791 744 830 ne
778 776 916 830 Deus
939 774 1044 829 illis
1066 772 1503 846 ingratitudinem
1535 773 1844 842 imputaret,
1865 765 1979 825 die-

381 872 481 928 bus
503 871 707 940 aliquot
727 878 1129 935 remanserunt,
1157 877 1211 925 et
1236 867 1380 940 quod
1407 866 1513 923 illis
1537 874 1814 932 evenerat,
1849 863 1980 920 fide-

379 963 504 1020 liter
533 963 900 1024 notiftcahant.
1817 973 1822 979 ι

453 1055 562 1111 Nec
583 1054 849 1126 quoddam
885 1052 1236 1109 niemorabile
1271 1043 1686 1122 praeteribimus,
1711 1047 1854 1120 quod
1885 1046 1979 1103 Αιε

383 1151 538 1206 berto
561 1149 863 1205 Cenedensi
883 1148 1124 1218 contigit.
1151 1146 1303 1204 ilunc
1328 1144 1456 1200 dum
1494 1144 1700 1199 feroCes
1720 1151 1978 1212 caperent

385 1243 568 1298 hostes
595 1249 960 1311 non'capturte
991 1242 1229 1295 contenti
1250 1239 1418 1312 gloria
1436 1279 1450 1303 ,
1473 1246 1572 1294 nec
1600 1234 1837 1311 [cum]
1857 1236 1976 1290 aliis

386 1337 563 1392 satiati
604 1331 838 1405 flagitiis,
871 1337 1056 1390 contra
1083 1334 1171 1403 jus
1215 1343 1268 1389 et
1295 1332 1374 1388 fas
1405 1333 1600 1396 illatis;
1630 1333 1800 1403 ignito
1831 1330 1978 1387 ferro

385 1430 584 1484 lumina
599 1427 1033 1504 combusserunt.
1049 1426 1280 1482 Orbatus
1293 1426 1414 1482 luce
1431 1425 1656 1480 sedebat
1670 1426 1720 1478 in
1739 1423 1978 1478 tenebris

386 1518 686 1588 repentina:
703 1507 1020 1588 privationis
1033 1516 1310 1588 Queruius,
1327 1518 1668 1588 importunus
1693 1523 1850 1570 nocte
1865 1516 1979 1570 dic-

383 1628 489 1681 que
529 1613 698 1682 Deum
726 1611 963 1680 judiCem
1002 1610 1262 1681 plorando
1297 1611 1635 1680 implorabat.
1673 1609 1808 1664 Dum
1841 1625 1975 1683 con-
2031 1638 2033 1640 -

2083 399 2210 453 (inre
2241 398 2399 458 Deus,
2430 399 2751 454 clamarunt.
2783 399 2971 455 Nullus
3003 408 3164 453 tanta:
3193 391 3548 452 multitudinis
3578 399 3658 449 hu-

2076 491 2314 561 iusmodi
2337 491 2498 546 studii
2521 492 2847 547 abstinebat.
2874 491 3093 546 Videres
3113 490 3250 545 alios
3276 503 3472 558 pronos
3490 504 3653 557 orare,

2081 587 2216 641 alios
2242 585 2662 642 misericorditer
2694 586 2907 656 plorare
2929 627 2943 650 ,
2979 573 3118 640 alios
3145 583 3458 639 sacerdotes
3493 581 3556 636 ad
3582 582 3651 637 of-

2081 676 2258 730 ficium
2295 676 2550 746 instigare
2571 718 2584 742 ,
2619 675 2722 747 Qua
2756 678 3119 732 commotione
3150 677 3328 731 omnis
3356 676 3496 745 regia
3528 661 3649 730 into-

2083 769 2218 823 nuit.
2271 768 2568 825 Confestim
2620 769 2814 825 fortior
2856 775 3094 825 armatus
3124 770 3269 832 venit
3294 777 3408 836 ,oet
3447 783 3478 823 a
3515 767 3656 825 doruo

2080 863 2296 933 propria
2318 863 2538 919 abusive
2566 862 2881 918 eliminavit.
2909 863 2952 920 Ο
2974 864 3186 921 daemon
3206 879 3328 918 cnm
3359 873 3553 934 quanto
3577 863 3657 918 d0?

2081 956 2193 1010 lore
2212 965 2265 1011 et
2278 968 2444 1028 quam
2457 972 2650 1027 magno
2666 957 2907 1030 clamore
2921 968 2974 1013 et
2991 973 3152 1029 quam
3168 958 3460 1030 sulphureo
3487 958 3656 1015 foetore

2081 1051 2260 1120 lapsus
2281 1052 2392 1106 est!
2423 1051 2580 1107 Stetit
2601 1054 2651 1106 in
2681 1028 2859 1106 medio
2881 1028 3060 1122 populi
3091 1028 3289 1122 puella,
3317 1052 3527 1122 pallida,
3553 1067 3657 1119 per-

2081 1141 2292 1208 territa,
2316 1141 2566 1210 tremula,
2584 1142 2821 1214 fatigata.
2849 1143 2948 1198 Vix
2964 1144 3061 1199 iari
3089 1154 3322 1215 poterat,
3345 1160 3459 1216 quae
3477 1144 3656 1198 dudum

2081 1247 2268 1290 omnes
2290 1250 2420 1290 voce
2447 1236 2766 1306 superabat;
2805 1237 3033 1308 pedibus
3064 1245 3119 1291 et
3149 1237 3398 1293 omnibus
3427 1236 3658 1292 membris

2081 1329 2384 1393 vacillabat,
2401 1345 2519 1400 quae
2533 1330 2733 1385 dudum
2754 1328 2919 1386 fortes
2935 1331 3076 1386 viros
3093 1324 3364 1401 fatigabat.
3383 1331 3574 1386 Aberat
3587 1331 3658 1382 ille

2082 1423 2171 1492 qui
2200 1425 2432 1490 vexavit,
2458 1433 2511 1478 et
2542 1424 2684 1479 vires
2709 1424 2950 1494 ingentes
2982 1424 3279 1495 inspiravit.
3309 1423 3352 1477 Ο
3378 1437 3530 1493 quam
3568 1437 3661 1474 ma-

2077 1530 2182 1586 gna
2212 1518 2325 1571 laus
2357 1527 2411 1572 et
2429 1516 2620 1588 gloria,
2648 1526 2703 1573 et
2732 1499 2931 1588 quanta
2961 1519 3030 1572 ibi
3057 1519 3199 1592 edita
3231 1526 3351 1572 sunt
3381 1517 3655 1587 praeconia!

2154 1608 2412 1684 [cuxvu]
2427 1609 2561 1666 Cum
2583 1611 2674 1665 ille
2692 1612 2905 1681 iniquus
2918 1612 3137 1681 spiritus
3150 1611 3345 1676 abiret,
3365 1610 3661 1665 circumiens

387 1706 616 1760 suetudo
649 1704 772 1759 mali
818 1703 927 1773 jam
968 1703 1346 1759 verecundiam
1379 1705 1663 1765 minueret,
1697 1717 1726 1757 a
1767 1702 2062 1768 latebrisB
2091 1720 2249 1774 quem
2264 1701 3661 1772 devoret,videtmonachummanentemjuxtacelsam

393 1799 609 1867 prodire
641 1798 827 1867 ('(Bpil,
857 1796 1033 1851 alieno
1059 1797 1253 1851 ductus
1281 1796 1565 1866 regimine,
1600 1805 1654 1850 et
1690 1809 1798 1849 non
1827 1808 1991 1864 parvo

392 1897 634 1961 tempere
674 1905 829 1944 suum
854 1888 1205 1959 sequebatur
1239 1888 1453 1942 ducem.
1497 1882 1614 1942 Jam
1655 1898 1771 1940 erat
1810 1887 1991 1956 gravis

388 1986 550 2054 atque
576 1982 793 2037 odibilis
819 1981 955 2049 suis,
986 1990 1039 2036 et
1061 1996 1206 2050 saepe
1239 1980 1405 2035 Deum
1430 1981 1673 2050 rogabat,
1703 1987 1758 2033 ut
1781 1979 1883 2034 sibi
1912 1980 1992 2033 in-

389 2076 602 2134 felicem
637 2076 798 2129 vitam
842 2083 1136 2130 truncaret.
1179 2071 1274 2126 Cui
1323 2082 1547 2142 repente
1585 2071 1686 2125 fuit
1729 2072 1878 2126 cordi
1924 2071 1990 2126 ad

389 2170 447 2226 S.
469 2168 703 2224 Zenonis
728 2167 1041 2238 prtesidium
1084 2165 1340 2221 festinare
1367 2182 1379 2220 :
1429 2173 1555 2220 tunc
1583 2181 1610 2218 a
1642 2165 1907 2234 cognatis,
1936 2172 1992 2220 et

393 2263 582 2319 amicis
603 2253 1142 2318 subsidium'iiineris
1167 2258 1438 2328 exigebat.
1471 2260 1541 2313 At
1562 2257 1638 2312 illi
1661 2273 1782 2311 eum
1807 2263 1992 2330 amen-

394 2367 502 2412 tem
546 2355 831 2420 vocabant,
873 2362 927 2408 et
971 2353 1020 2409 ei
1067 2367 1167 2422 pro
1215 2351 1305 2405 tali
1352 2351 1610 2421 petitione
1636 2350 1990 2406 insultabant.

396 2448 626 2504 Omissis
653 2445 899 2516 reliquis,
936 2431 1198 2514 praevium
1241 2447 1419 2511 suum,
1453 2442 1582 2497 olim
1613 2443 1714 2498 sibi
1747 2442 1996 2513 paedago-

394 2553 544 2611 gum,
570 2535 998 2594 misericorditer
1019 2536 1246 2609 rogavit,
1275 2543 1333 2590 ut
1359 2535 1471 2590 suis
1494 2536 1686 2605 coeptis
1710 2543 1992 2592 annueret.

397 2634 518 2691 Mox
543 2633 643 2688 ille
666 2633 876 2704 paruit,
907 2638 963 2708 et.
993 2629 1136 2701 quoii
1177 2629 1338 2684 herus
1365 2637 1497 2684 suus
1527 2629 1720 2695 vellet,
1761 2644 1820 2682 se
1848 2638 1998 2684 aetu-

400 2741 519 2783 rum
547 2727 860 2798 spopondit.
908 2723 1101 2793 Incipit
1134 2723 1235 2780 iter
1275 2723 1501 2780 hilaris:
1546 2726 1638 2780 sed
1669 2723 1761 2780 alii
1789 2741 1856 2781 ex
1884 2725 1998 2778 suis

404 2822 712 2878 humaniter
741 2826 994 2892 agentes,
1039 2830 1228 2875 secum
1253 2816 1477 2889 profecti
1510 2818 1886 2874 sunt..Ductus
1917 2828 2000 2874 est

402 2916 468 2971 ad
499 2921 737 2980 antrum,
770 2915 820 2969 in
853 2927 960 2985 quo
991 2912 1139 2983 prius
1169 2911 1316 2967 Zeno
1343 2911 1565 2984 quievit.
1598 2910 1812 2967 Stratus
1849 2911 2000 2967 humi

404 3009 672 3067 ﬂebilibus
698 3009 873 3064 modis
902 3010 1115 3063 invocat
1140 3049 1156 3076 ,
1197 3007 1269 3066 ad
1297 3022 1453 3078 quem
1486 3017 1740 3076 venerat,
1784 3015 1842 3063 ut
1868 3016 2001 3063 cou-

2094 1799 2304 1862 turrim,
2330 1813 2450 1867 qua:
2483 1804 2608 1851 tunc
2639 1796 3003 1852 aedificabatur
3028 1837 3042 1860 ,
3074 1810 3239 1866 super
3266 1810 3426 1864 quem
3462 1794 3525 1848 de
3550 1795 3665 1848 etni-

2093 1890 2239 1945 nenti
2269 1890 2431 1960 pinna
2461 1889 2690 1958 lapidem
2741 1887 3000 1954 devolvit,
3032 1897 3086 1942 et
3128 1887 3178 1940 in
3211 1902 3292 1942 vei
3310 1885 3412 1941 tice
3454 1886 3666 1954 graviter

2092 1985 2395 2039 vulneravit
2424 2000 2437 2039 :
2471 1984 2593 2038 inde
2624 1982 2776 2053 quasi
2827 1981 3070 2037 mortuus
3115 1996 3147 2035 a
3187 1981 3440 2035 fratribus
3479 1991 3560 2037 est
3594 1995 3667 2035 su-

2093 2077 2292 2142 blatus,
2345 2086 2398 2131 et
2428 2075 2529 2129 hoc
2558 2075 2786 2130 habetur
2812 2078 3146 2142 memoriale,
3176 2075 3320 2146 quod
3366 2087 3470 2130 tam
3500 2086 3668 2146 patens

2094 2172 2290 2244 vulnus
2321 2183 2424 2229 non
2476 2171 2572 2222 fuit
2602 2170 2843 2225 exitiale.
2877 2167 3132 2238 Protinus
3162 2169 3305 2224 velut
3331 2171 3520 2243 sagitta
3552 2183 3669 2239 prte-

2094 2262 2341 2334 cipitavit
2365 2277 2423 2318 se
2453 2262 2502 2338 in
2534 2273 2774 2317 mensam
2802 2247 3080 2332 cujusdam
3127 2262 3424 2332 indigenis,
3457 2273 3511 2317 et
3538 2263 3670 2330 quid-

2096 2355 2223 2426 quid
2254 2360 2449 2412 eratin
2492 2370 2578 2420 ea,
2606 2355 2839 2419 eminus,
2874 2355 3019 2410 velut
3048 2356 3325 2410 nimbosus
3371 2356 3545 2416 turbo.
3573 2354 3669 2408 dis-

2099 2451 2286 2521 persit.
2314 2449 2518 2506 Deinde
2561 2449 2720 2504 citius
2766 2448 2909 2504 dicto
2952 2450 3104 2504 irruit
3147 2449 3199 2504 in
3237 2451 3532 2520 plaustrum
3557 2465 3671 2503 onu-

2098 2554 2240 2600 stum
2270 2542 2630 2614 spinis,quod
2675 2545 2979 2600 nec'ullum
3030 2546 3227 2601 animal
3267 2547 3558 2609 movebat,
3589 2555 3672 2600 nec

2101 2640 2242 2696 venti
2273 2638 2377 2694 ulla
2404 2640 2483 2693 vis
2514 2648 2650 2694 erat.
2694 2637 2829 2698 Tum
2866 2653 3153 2707 perversus
3191 2641 3374 2710 auriga
3423 2639 3525 2693 huc
3552 2649 3672 2692 rout-

2101 2731 2213 2797 bat,
2245 2730 2374 2787 illuc
2393 2731 2717 2811 exagitabat,
2748 2747 2814 2786 ac
2841 2732 2883 2786 si
2929 2731 3137 2789 feroces
3168 2732 3305 2786 tauri
3331 2743 3384 2788 et
3417 2731 3671 2794 indomiti.

2099 2825 2270 2896 juncti
2307 2825 2435 2897 jugo
2477 2825 2671 2880 forent.
2709 2825 2800 2880 His
2829 2825 2962 2880 actis
3004 2824 3251 2882 ludibriis
3293 2825 3441 2881 illico
3488 2825 3673 2896 impulit

2103 2921 2522 2991 gubernatorem
2553 2919 2706 2974 navis
2738 2919 3132 2975 transvehentis
3159 2919 3363 2989 lapides
3399 2919 3464 2974 ad
3488 2933 3670 2990 specta~

2105 3013 2212 3069 bile
2238 3011 2522 3085 aedificium
2555 3011 2613 3065 S.
2652 3012 2904 3078 Zenonis,
2935 3023 3082 3068 ratus
3120 3019 3176 3068 et
3215 3012 3485 3068 hominem
3513 3011 3565 3068 in
3589 3011 3672 3067 flu-

405 3113 575 3159 suette
615 3092 896 3158 medicina:
935 3102 1187 3172 juvamen
1238 3100 1523 3171 praeberet.
1558 3099 1708 3175 [Cum
1762 3100 2006 3157 Miserere
2031 3092 2076 3157 C
2111 3107 2255 3161 mine
2293 3104 2629 3176 demergere,
2660 3115 2712 3160 et
2740 3105 2916 3158 navim
2961 3103 3302 3175 itaufragare.
3331 3105 3518 3161 Atille
3555 3104 3672 3160 inim

393 3198 720 3270 frequentler
768 3197 1009 3261 iteraret,
1058 3195 1334 3272 inopinate
1381 3195 1818 3260 circumstantes.
1851 3193 1999 3250 vidit.

415 3282 657 3361 Repente
679 3295 738 3346 se
761 3290 946 3346 videre
967 3289 1240 3344 clamavit.
1263 3286 1508 3358 Cumque
1528 3287 1621 3358 qui
1642 3300 1824 3343 secum
1844 3304 2007 3346 vene-

416 3396 558 3452 rant,
575 3389 681 3440 n0n
702 3370 1008 3450 crederent,
1024 3381 1396 3456 alteraltcrum
1415 3382 1796 3450 prtesentabat,
1813 3393 1865 3437 et
1887 3384 2007 3452 quis

414 3485 578 3544 esset,
602 3475 803 3547 etquid
831 3468 1096 3541 indueret;
1122 3472 1456 3543 explorabat.
1485 3472 1618 3528 Dum
1647 3473 1804 3529 inde:
1835 3474 2010 3545 inqni-

416 3571 642 3626 sitorum
672 3577 854 3632 esset,
894 3573 1083 3623 omnes
1111 3569 1393 3636 cmperuut
1422 3564 1710 3634 plaudere,
1754 3577 1808 3620 et
1837 3565 2008 3622 Deum

418 3663 475 3721 ei
500 3663 710 3722 fidelem
741 3666 861 3733 ejus
889 3661 1158 3720 Zenonem
1189 3658 1430 3725 laudare.
1457 3659 1568 3715 Hoc
1591 3661 1870 3717 audientes
1901 3672 2012 3717 tor-

422 3767 566 3817 tores
595 3757 755 3825 illius,
782 3756 925 3811 ducti
961 3754 1301 3825 poenitentia,
1323 3766 1444 3809 eum
1478 3754 1736 3811 audacter
1764 3758 2000 3827 aggressi

2111 3191 2327 3270 puppim
2379 3199 2502 3265 ruit,
2555 3206 2609 3252 et
2657 3195 2806 3252 navis
2853 3197 2972 3253 sine
3008 3197 3214 3267 jactura
3261 3207 3474 3268 portuor
3506 3200 3673 3274 tenuit.

2111 3293 2311 3348 Eodem
2332 3298 2608 3346 momento
2635 3290 2702 3345 ab
2726 3290 2910 3345 Atbcsi
2961 3289 3026 3360 ad
3069 3305 3302 3355 amnem,
3334 3291 3429 3363 qui
3477 3291 3676 3347 Flul'ius

2111 3387 2185 3458 (id
2231 3393 2315 3443 est
2359 3382 2540 3440 Fibt'us
2569 3385 2764 3455 amnis)
2795 3384 3011 3457 dicitur,
3053 3397 3112 3439 se
3157 3385 3355 3452 intulit,
3398 3385 3676 3440 aratoribus

2112 3496 2279 3554 prope
2301 3494 2568 3536 ammnatn
2594 3479 2765 3548 ripam
2797 3477 3240 3555 meridiantibus;
3269 3480 3356 3535 ubi
3401 3480 3526 3536 dum
3554 3483 3676 3550 rat-i-

2114 3575 2212 3630 ilce
2234 3589 2328 3629 sua
2353 3581 2664 3637 tractarent,
2689 3569 2925 3641 niltilque
2957 3573 3191 3633 rixarum
3223 3573 3360 3643 apud
3389 3573 3508 3646 illos
3533 3580 3674 3636 essu,

2113 3668 2280 3724 Satan
2310 3665 2522 3721 illorum
2553 3664 2845 3732 prmcordia
2873 3663 3087 3718 titillare
3109 3663 3292 3732 (cepit,
3314 3665 3458 3721 unde
3485 3665 3676 3738 quidam

2114 3761 2328 3817 illorum
2364 3758 2660 3813 insolenter
2686 3757 2846 3812 locuti
2874 3766 2926 3813 et
2953 3767 3290 3828 arroganter,-
3323 3759 3498 3815 soclos
3529 3771 3573 3815 et
3615 3763 3679 3814 la-

421 3859 566 3916 sunt,
599 3849 658 3904 iit
695 3850 792 3918 pro
818 3846 936 3918 ejus
974 3860 1160 3901 amore
1184 3829 1293 3902 illis
1317 3845 1471 3900 daret
1494 3846 1725 3914 veniam,
1769 3863 1798 3901 a
1826 3864 1932 3918 quo
1959 3859 2015 3906 et
2107 3856 2355 3923 miliares
2382 3854 2585 3908 amicos
2627 3850 2694 3908 ad
2725 3851 3102 3907 contumeliam
3137 3853 3298 3908 verba
3343 3854 3675 3927 exagitat-not.

327 3993 335 3998 ,
420 3947 539 4017 ipse
581 3946 906 4000 consecutus
932 3952 1016 4000 est
1054 3943 1500 3999 misericordiam.
1539 3944 1629 3999 Ille
1670 3945 1898 4018 impiger
1927 3963 2016 4020 pe-

423 4035 599 4110 percit
616 4037 848 4106 culpam;
869 4035 1179 4106 nullamque
1205 4035 1410 4106 recepit
1440 4035 1713 4092 mulctam.
1751 4039 2013 4094 Abbatein

2118 3947 2397 4017 Extemplo
2428 3945 2695 4002 hostiliter
2722 3943 2937 3997 animati
2962 3943 3163 3998 baculis
3193 3945 3426 4014 graviter
3448 3944 3680 4002 cbnﬂixe-

2116 4051 2262 4109 runt,
2314 4051 2367 4096 et
2413 4039 2457 4094 si
2508 4039 2761 4093 militaria
2803 4053 2948 4091 arma
2999 4046 3196 4108 praesto
3245 4037 3460 4121 forent.
3520 4049 3679 4095 mutua

423 4129 482 4193 Β.
515 4131 753 4192 Zenonis
777 4130 910 4188 adiit
934 4138 987 4187 et
1020 4131 1240 4187 loricam
1293 4130 1351 4188 S.
1386 4130 1683 4202 Benedicti,
1711 4133 1892 4205 ibique
1920 4150 2017 4208 per
2115 4141 2294 4206 strage
2316 4133 2573 4202 perirent.
2600 4131 2705 4188 Sed
2747 4130 2882 4186 forte
2904 4130 3213 4188 sacerdotes
3241 4131 3314 4187 ibi
3343 4133 3582 4203 aderant,
3607 4137 3680 4205 qui

427 4221 659 4305 quatuor
688 4229 854 4284 lustra
875 4224 1107 4282 fideliter
1135 4223 1400 4280 militavit.

2083 4225 2426 4284 'med’iastini
2473 4225 2732 4295 atrociter
2767 4223 2979 4278 saucios
3020 4223 3357 4280 dirimet-unt.
3401 4225 3457 4281 in
3502 4243 3558 4283 se
3611 4242 3681 4284 re-

499 4324 684 4396 Neque
731 4331 784 4376 te
813 4315 1017 4385 silebo,
1062 4316 1289 4374 Weiilla
1332 4317 1578 4379 daemone
1613 4328 1792 4391 capta,
1842 4321 2019 4380 adhuc
2121 4321 2259 4378 versi
2289 4319 2426 4375 alter
2451 4317 2676 4372 alterius
2702 4316 2920 4371 vulnera
2948 4316 3124 4371 adhuc
3144 4315 3423 4383 stillantia,
3456 4313 3571 4392 qua:
3597 4322 3681 4392 ipsi

429 4419 627 4491 puella,
655 4431 761 4487 quo
783 4413 884 4469 sub
910 4411 1110 4468 teneris
1138 4408 1396 4466 membris
1418 4412 1577 4466 modo
1605 4414 1824 4480 latente,
1854 4415 2014 4472 modo

2121 4415 2396 4477 fecerant,
2430 4411 2699 4478 lavabant,
2729 4421 2782 4465 et
2821 4425 2888 4466 ex
2923 4411 3162 4467 vestibus
3203 4413 3458 4483 ligaturas
3515 4419 3681 4488 praeel-

427 4484 640 4568 furente
663 4484 910 4564 factaest
927 4502 1234 4575 luvencula.
1269 4502 1395 4559 Hmc
1415 4505 1724 4574 parentibus
1749 4507 2014 4566 debuerat
2040 4484 2094 4546 D
2118 4512 2329 4575 dentes,
2353 4522 2474 4563 cum
2503 4507 2763 4562 charitate
2789 4516 2843 4562 et
2873 4489 3123 4579 lacrymis
3151 4509 3334 4579 plagas
3381 4484 3680 4569 vinciebant.

371 4627 376 4632 ·
425 4614 546 4663 esse
565 4597 951 4666 solatium,'sed
968 4605 1080 4651 erat
1103 4595 1206 4650 illis
1229 4596 1608 4652 inconsolabile
1623 4601 2009 4669 spectaculum:

424 4713 561 4772 quos
588 4699 800 4753 daemon
831 4705 975 4763 saepe
1005 4688 1303 4758 fefellerat,
1338 4705 1398 4745 se
1425 4692 1693 4746 exiturum
1715 4694 1900 4762 jurans
1920 4735 1934 4761 ,
1965 4698 2014 4753 si

427 4793 494 4847 ad
540 4791 682 4846 illius
712 4799 801 4841 aut
830 4783 974 4841 Illius
999 4782 1182 4839 Sancti
1207 4781 1494 4838 duceretur
1523 4784 1817 4853 aram.,Sic
1846 4787 2014 4843 multo

425 4893 669 4957 tempore
699 4891 850 4954 apem
879 4879 1094 4935 illorum
1126 4876 1342 4932 .luserat
1365 4917 1379 4942 ,
1424 4885 1476 4931 et
1501 4879 1689 4932 ebrum
1719 4878 2014 4935 studiosam

427 4994 609 5036 curam
649 4977 980 5047 fatigaverat.
1031 4969 1140 5027 Sed
1165 4984 1228 5025 ea
1261 4971 1582 5039 tempeState
1611 5011 1624 5035 ,
1665 4985 1767 5041 qua
1795 4974 2015 5044 sanguis

427 5071 629 5129 Chrisli
656 5071 884 5126 Mallius:
905 5066 1158 5121 inventus
1184 5076 1306 5118 esse
1338 5061 1642 5129 ferebatur,
1681 5063 1807 5118 dum
1834 5064 1957 5120 illuc
1984 5081 2015 5121 a

429 5164 744 5236 parentibus
795 5159 1087 5214 duceretur
1120 5195 1134 5221 ,
1198 5153 1589 5224 digressionem
1657 5153 1724 5208 ad
1783 5154 2017 5211 Zenonis

429 5258 598 5312 aedem
631 5249 890 5310 fecerunt;
935 5250 1067 5304 Dum
1099 5247 1504 5318 ingrederetur,
1537 5246 1748 5302 daemon
1781 5251 2018 5307 atrocius

426 5349 583 5404 solito
611 5345 842 5417 puellam
866 5339 1241 5404 concutiebat,
1271 5337 1416 5393 velut
1442 5343 1606 5393 eurus
1637 5339 2010 5395 arbusculam:

427 5449 482 5496 et
499 5448 560 5499 ut
582 5448 700 5494 erat
724 5434 984 5491 terminus
1006 5432 1364 5503 regationum,
1391 5444 1616 5500 magnus
1639 5429 1764 5484 illuc
1791 5432 2016 5500 populus

431 5532 706 5603 psallendo
730 5527 1086 5606 przecedebat.
1120 5525 1221 5595 Qui
1251 5535 1371 5580 cum
1402 5533 1651 5580 cerneret
1675 5534 1834 5594 caput
1865 5536 2013 5581 rota-

426 5643 504 5689 re.
529 5625 753 5696 capillos
775 5625 1026 5687 volitare,
1056 5635 1245 5676 manus
1266 5628 1319 5676 et
1338 5619 1556 5676 brachia
1587 5614 1820 5686 vibrare,
1849 5620 2013 5691 pedes

423 5721 640 5797 saltare,
667 5719 848 5794 plures
880 5717 1026 5792 viros
1047 5715 1103 5777 in
1133 5729 1238 5778 una
1267 5716 1580 5778 muliercula
1607 5715 1834 5790 tenenda
1863 5716 2014 5784 labo-

2122 4600 2324 4658 Deinde
2367 4599 2503 4655 clam
2537 4599 2727 4669 magis,
2761 4614 2916 4670 quam
2965 4600 3141 4670 palam
3187 4603 3376 4657 artifex
3424 4603 3566 4660 dirus
3605 4623 3682 4663 no-
3742 4609 3744 4612 ’

2119 4695 2355 4765 edit-,qui
2379 4693 2548 4764 magis
2572 4693 2709 4748 dolis
2725 4702 2777 4747 et
2802 4692 3031 4759 technis,
3055 4702 3213 4761 quam
3240 4695 3444 4751 viribus
3465 4701 3679 4754 conlidit.

2122 4790 2373 4846 Protihus
2401 4786 2708 4844 sacerdotes
2739 4789 2938 4857 apertis
2963 4787 3173 4843 insidiis
3204 4787 3368 4845 Satan
3400 4791 3538 4848 inter
3565 4793 3682 4849 ﬁlios

2121 4883 2215 4942 Dei
2243 4883 2455 4944 venisse
2485 4888 2869 4950 cognoverunt.

2190 5063 2562 5137 Fragmentum
2591 5060 2835 5115 Carminis
2865 5059 2927 5115 de
2952 5059 3210 5114 miraculis
3233 5062 3398 5116 salicti
3429 5062 3634 5120 Zenonis

2510 5152 2687 5221 scripti
2719 5169 2750 5206 a
2777 5149 2974 5205 Iacobo
3000 5150 3317 5223 presbytero.

2179 5278 2266 5345 Vir
2288 5288 2464 5349 clarus,
2484 5289 2601 5337 dum
2623 5282 2747 5351 festa
2769 5285 2878 5351 dies
2899 5275 3108 5351 Zenonis
3130 5278 3363 5351 adesset,

2158 5377 2160 5380 -
2243 5355 2327 5404 Bis
2349 5365 2436 5401 sex
2454 5347 2763 5413 pauperibus
2783 5347 3162 5413 solvebstlaute
3187 5347 3450 5411 quotannis

2243 5411 2483 5474 Prandia‘;
2509 5413 2587 5464 cui
2614 5415 2811 5470 misero,
2837 5411 3036 5474 facienti
3057 5411 3195 5474 talia,
3223 5414 3348 5474 patri

2242 5479 2369 5530 Ecce
2396 5467 2578 5540 ferunt,
2606 5478 2770 5540 natum
2790 5467 2909 5522 diris
2935 5467 3211 5540 Acheronta
3223 5467 3423 5540 petisse

2241 5536 2682 5590 Vulneribus.'5ed
2707 5542 2862 5599 coapta
2885 5544 3040 5598 pater,
3070 5536 3187 5599 licet.
3209 5537 3388 5587 unicus
3406 5547 3538 5590 esset

2242 5603 2396 5654 Filius
2420 5602 2502 5651 ille
2521 5603 2634 5664 sibi,
2666 5613 2759 5654 nec
2785 5597 2864 5663 tali
2887 5597 3042 5648 morte
3069 5597 3269 5664 reliquit
3303 5615 3314 5650 ε

2241 5668 2305 5717 At
2327 5666 2420 5715 sibi
2449 5663 2668 5727 praiiilio
2686 5665 2935 5713 Zenonem
2959 5663 3156 5726 semper
3176 5663 3353 5714 adesse

2243 5726 2496 5798 Praedixlt,
2520 5726 2792 5797 clausitque
2817 5736 2960 5800 pater
2979 5729 3202 5803 wnvivla
3220 5728 3364 5785 laetus
3388 5742 3403 5788 :
