3820 6220
297 122 412 224 'm

1692 154 2231 230 remeantium.

3496 170 3611 225 2.0

296 256 414 339 ritis
449 298 552 340 nou
582 286 767 357 paucis
795 285 1177 341 exsisveutibus
1204 281 1432 339 Grauieni
1457 284 1690 343 Caesaris
1723 286 1889 343 ﬁliam
1914 287 1964 348 Α
2083 285 2120 353 ἡ
2145 326 2156 338 .
2199 280 2442 339 Ali‘abilis
2464 283 2535 339 ita
2562 294 2676 340 erat
2706 283 3058 350 iusermone,
3090 291 3145 340 ct
3175 254 3599 339 mansuetudine

295 392 325 431 a
350 378 567 434 ruinosa
590 386 739 448 peste
770 378 861 433 Dei
891 377 1092 433 virtute
1118 378 1347 443 sanavit.
1379 377 1537 434 Allel.

360 466 655 551 Confessor
682 466 899 539 Sancte,
918 468 1186 527 Sacerdos
1209 483 1422 542 magne,
1442 469 1605 528 Beate
1626 471 1795 539 Zeno,
1823 473 1899 551 ins

296 566 514 623 tereeth
537 548 633 639 pro
657 566 833 622 nobis.
1168 642 1171 645 _

888 661 1063 730 Super
1109 659 1309 716 Venite.

363 755 749 813 ConfeSSOrum
777 755 977 827 Regem
991 753 1107 827 (2);
1136 753 1377 810 Psalmus
1398 771 1417 810 :
1449 755 1662 813 Venite.

372 851 581 920 Antipli.
626 850 707 905 Ab
745 837 899 917 uter'o
928 848 1116 902 matris
1160 847 1257 902 l’uit
1301 847 1665 902 sauctiticatus
1705 846 1891 902 beatus

292 944 457 1008 Zeno,
508 950 555 994 et
592 954 622 993 a
670 936 949 1000 cunabulis
995 936 1329 992 benedictus.
1378 936 1536 991 Allel.
1583 934 1826 989 Psalmus
1874 954 1887 989 :

291 1036 488 1090 Beatus
515 1032 616 1085 vir.
879 1032 884 1035 ‘
1137 1040 1140 1045 ‘
1293 1084 1308 1098 ᾖ

358 1125 477 1178 Ant.
522 1114 812 1177 Probitatis
842 1111 897 1176 et
935 1119 1177 1174 scientiae
1202 1118 1420 1190 jugihus
1446 1118 1794 1174 incrementis
1819 1118 1886 1173 ad

286 1206 397 1277 hoc
414 1218 719 1292 pertingere
750 1214 968 1277 meruit,
991 1222 1050 1269 ut
1076 1228 1172 1285 per
1200 1211 1546 1270 sacerrimam
1570 1213 1734 1290 vitam
1757 1212 1887 1269 Pas-

285 1324 369 1368 tor
402 1314 455 1369 in
505 1309 719 1382 populis
763 1304 1090 1365 efﬁceretur.
1129 1306 1367 1363 Psalmus
1391 1323 1411 1363 :
1440 1306 1619 1376 Quare
1645 1304 1883 1364 fremue-

284 1415 463 1462 flint.‘

355 1497 475 1551 Ant.
517 1494 798 1551 Continuis
820 1491 1038 1565 ieiuniis
1058 1499 1112 1548 et
1137 1491 1471 1548 orationibus
1496 1493 1704 1547 crebris
1724 1505 1752 1545 a
1780 1491 1885 1545 Do-

1996 391 2161 451 atque
2189 379 2374 435 habitu
2405 378 2575 443 mitis,
2605 387 2663 434 ut
2690 378 2845 435 Deus.
2870 380 2921 435 in
2962 380 3077 450 ipso
3100 376 3511 435 collaudaretur
3533 377 3607 433 ab

1996 474 2247 531 omnibus
2273 472 2340 529 ad
2370 488 2441 535 se,
2472 472 2828 529 venientibus.
2868 471 3052 540 Allel.,
3082 471 3223 528 ailel.
3286 473 3319 538 ᾖ
3345 511 3359 525 .
3389 470 3466 527 lta
3498 486 3601 527 es-

1994 564 2221 622 sistebat
2248 568 2450 632 alacer,
2485 575 2543 621 ut
2570 581 2693 623 mox
2726 567 2792 621 ad
2834 580 2958 642 eum
2989 572 3360 637 properarent,
3394 564 3603 620 relictis

1995 658 2153 715 idolis
2180 660 2405 713 Domino
2425 658 2709 714 crederent
2729 657 2855 715 Jesu
2881 656 3119 715 Christo.
3152 657 3221 715 Ut
3246 659 3385 712 Deus
3412 657 3495 712 in.

2080 749 2119 820 ἢ
2141 792 2155 805 .
2198 750 2332 831 Dum
2363 751 2414 804 in
2434 748 2833 805 ﬂuvioAthesis
2858 737 3172 820 piscationis
3191 749 3447 804 exercitio
3472 734 3601 805 fun-

1946 816 1960 826 ⁹
1990 853 2228 920 geretur,
2277 820 2469 896 erectis
2512 855 2727 896 sursum
2772 841 2962 907 oculis,
2994 840 3125 920 vidit
3150 840 3443 909 quemdam
3495 840 3596 897 ho-

1990 919 2187 986 minem
2217 932 2269 985 in
2299 932 2538 1002 plaustro
2566 931 2847 987 sedentem
2877 932 3054 988 bubus
3079 919 3375 1003 subiunctis
3398 933 3455 987 in
3474 944 3599 988 amo

1990 1038 2111 1077 nem
2144 1023 2405 1093 demergi.
2431 1023 2616 1088 Allel.,
2644 1022 2792 1078 allel.‘
2840 1024 2871 1094 ᾗ
2900 1065 2911 1079 .
2938 1022 3116 1095 Tanta,
3136 1023 3279 1080 enim
3303 1024 3595 1082 velocitate

1988 1114 2281 1184 ferebatur,
2311 1126 2367 1170 ut
2396 1117 2605 1172 cunctis
2632 1117 3010 1173 ostenderetur
3038 1113 3243 1189 antiqui
3272 1116 3441 1175 hosﬁs
3470 1129 3595 1176 arte

1986 1223 2284 1282 peractum.
2312 1210 2475 1268 Vidit.

2074 1304 2111 1374 ti
2135 1345 2148 1359 .
2180 1304 2398 1360 Elevata
2423 1319 2637 1360 sursum
2660 1319 2821 1361 manu
2841 1304 3029 1362 beatus
3050 1305 3195 1373 Zeno
3224 1305 3353 1364 fecit
3376 1319 3596 1365 sanctae
3636 1330 3644 1332 ‘

1888 1424 1892 1428 Α
1985 1396 2167 1451 crucis
2195 1397 2427 1468 signum,
2457 1396 2721 1469 frequenti
2745 1412 2878 1454 voce
2899 1407 2953 1454 et
2977 1397 3109 1465 dixit
3135 1416 3148 1452 :
3180 1398 3475 1456 Revertere
3506 1416 3600 1457 re-

1988 1498 2090 1556 tro,
2125 1488 2373 1555 Satanas,
2406 1505 2472 1544 ne
2500 1490 2733 1569 perimas
2761 1492 3055 1560 hominem,
3088 1507 3247 1564 quem
3269 1491 3411 1549 Deus
3427 1508 3597 1550 crea-

250 1620 253 1629 ι
286 1590 433 1645 mino
458 1587 693 1659 petebat,
719 1596 776 1642 ut
794 1585 895 1642 sibi
923 1585 1125 1640 aditum
1155 1584 1551 1656 praedicationis
1574 1585 1625 1640 in
1654 1570 1882 1655 populos
1984 1585 2078 1661 vit.
2104 1581 2265 1639 Allel.
2300 1582 2445 1639 aiiel.
2474 1581 2620 1639 allei.
2680 1597 2685 1604 '

274 1681 531 1750 aperiret.
566 1678 727 1735 Allei.

359 1772 601 1828 Psalnms
623 1787 642 1827 :
674 1769 920 1841 Domine,
943 1769 1067 1841 quid
1086 1752 1471 1839 multiplieasti.
1486 1767 1707 1825 Versus:
1736 1766 1880 1824 Voce

275 1879 415 1919 mea.

350 1955 509 2025 Resp.
556 1948 651 2010 llic
688 1964 771 2009 est
811 1968 967 2010 sacer
1005 1953 1233 2009 antistes
1272 1950 1440 2020 Zeno,
1472 1944 1632 2024 quem
1663 1952 1876 2023 gemina

240 2084 243 2085 ν
275 2048 471 2104 virtute
526 2046 783 2102 Dominus
820 2030 1117 2101 sanctitatis
1162 2050 1217 2101 et
1260 2044 1540 2115 sapienti-a2
1578 2044 1872 2126 decoravit,

272 2144 427 2214 cujus
454 2132 710 2213 prmclara
744 2127 1010 2195 fulserunt
1038 2128 1093 2195 in
1124 2137 1381 2194 mundum
1428 2137 1704 2203 miracula,
1736 2148 1791 2193 et
1822 2138 1872 2191 in

271 2234 428 2291 caelis
469 2233 693 2303 adeptus
730 2242 813 2289 est
844 2216 1168 2303 Angelorum
1196 2232 1540 2287 commercia.
1586 2230 1743 2307 Allel.
1798 2230 1832 2299 ᾖ
1858 2268 1873 2283 .

274 2332 379 2387 lste
408 2338 511 2396 est,
543 2329 633 2399 qui
659 2339 782 2383 ante
811 2328 974 2383 Deum
994 2335 1215 2397 magnas
1242 2314 1467 2381 virtutes
1493 2333 1745 2394 operatus
1766 2333 1871 2390 est,

272 2434 327 2480 et
354 2422 531 2481 omnis
563 2414 705 2477 terra
732 2421 976 2476 doctrina
1007 2420 1122 2490 ejus
1151 2419 1356 2491 repleta
1390 2429 1490 2474 cst.
1518 2418 1585 2475 Et
1614 2412 1665 2474 ih
1695 2417 1869 2475 caelis.

296 2545 303 2552 -
356 2516 395 2586 ἡ
415 2554 431 2569 .
472 2515 556 2572 Ab
582 2521 733 2573 utero
754 2514 1121 2569 sanctilicatus
1144 2512 1335 2569 beatus
1365 2511 1527 2579 Zeno,
1559 2519 1616 2569 et
1644 2528 1671 2566 a
1701 2526 1871 2567 cuna-

250 2607 412 2665 ‘hulis
447 2605 761 2663 benedictus
785 2605 851 2659 ad
885 2606 987 2660 hoc
1018 2603 1326 2675 pertingere
1356 2606 1573 2670 meruit,
1605 2615 1662 2661 ut
1689 2614 1871 2676 pastor

268 2700 320 2755 in
372 2699 584 2770 populis
611 2714 706 2770 per
751 2698 1098 2754 sacerrimam
1138 2697 1301 2754 vitam
1330 2696 1658 2755 efﬁceretur.
1687 2698 1866 2765 Allel.,-

256 2793 403 2850 allel.
915 2820 917 2822 ·
1160 2848 1167 2855 .

339 2885 652 2961 [cuxxvm]
694 2888 767 2958 ᾗ.
814 2886 869 2941 in
896 2902 1113 2943 omnem
1139 2896 1337 2944 terram
1368 2901 1533 2942 sonus
1568 2887 1698 2962 exiit
1741 2886 1872 2943 con-

264 2982 586 3039 versationis
614 2982 754 3057 ejus,
792 2994 846 3039 et
871 2984 1130 3039 sanctitas
1157 2981 1462 3041 luculenter
1488 2980 1728 3040 emicuit.
1765 2984 1870 3041 Per

263 3076 634 3131 sacerrimam.
1768 3072 1775 3073 ⁷
1796 3071 1847 3076 ﬂ
1886 3071 1931 3135 C

271 3208 274 3214 λ
327 3153 388 3240 ἣ
411 3211 423 3224 .
464 3168 523 3225 In
547 3169 824 3225 secretiori
863 3153 1015 3242 parte
1042 3169 1262 3226 oratorii
1286 3159 1554 3228 continuis
1572 3170 1792 3240 jejuniis
1813 3159 1868 3227 et

263 3264 472 3321 crebris
498 3265 835 3321 orationibus
860 3282 892 3320 a
937 3263 1164 3322 Domino
1196 3253 1433 3337 petebat,
1462 3270 1521 3322 ut
1549 3254 1649 3323 sibi
1680 3266 1866 3339 digna-

264 3350 430 3413 retur'
455 3350 657 3414 aditum
704 3358 1105 3431 praedicationis
1150 3361 1202 3417 in
1231 3360 1444 3432 populis
1469 3348 1699 3432 aperire.
1732 3358 1861 3429 All.,

262 3450 410 3531 nilei.
482 3454 487 3529 ς
1192 3502 1193 3505 η

349 3546 387 3617 ᾗ
410 3585 423 3599 .
467 3536 546 3603 Ad
577 3547 970 3604 convertendas
996 3549 1047 3603 in
1076 3541 1262 3604 amoi'e
1291 3547 1491 3605 Christi
1517 3547 1726 3605 animas
1769 3548 1864 3605 ho-

265 3635 467 3704 minum
500 3638 591 3695 die
619 3644 889 3712 noctuque
912 3638 1293 3695 dedituserat.
1332 3640 1398 3698 Ut
1425 3640 1548 3698 sibi.
1704 3641 1709 3647 ’

335 3730 547 3803 Antiph.
589 3730 840 3786 Ali‘abilis
866 3731 936 3786 ita
964 3739 1081 3788 erat
1111 3732 1161 3785 in
1191 3732 1551 3799 sermonibus,
1594 3742 1648 3788 et
1689 3734 1740 3786 in
1768 3731 1865 3786 ha-

258 3812 372 3878 bitu
401 3824 566 3890 mitis,
602 3835 658 3879 ut
690 3826 829 3881 Deus
861 3825 916 3880 in
949 3826 1066 3895 ipso
1095 3808 1494 3881 collaudaretnr
1516 3826 1582 3881 ad
1612 3823 1864 3881 omnibus

259 3917 601 3973 venientibus
625 3904 691 3971 ad
719 3918 798 3973 se.
825 3910 1069 3973 Psalmus
1097 3934 1116 3971 :
1144 3916 1279 3972 Cum
1302 3920 1632 3973 invocarem.
1713 3933 1719 3941 ·

332 4009 471 4064 Dum
498 4009 758 4064 exercitio
788 4000 1097 4079 piseationis
1126 3996 1444 4079 iungeretur
1488 4010 1539 4064 in
1573 4007 1757 4073 ﬂuvio,
1786 4008 1864 4063 vi-

258 4103 337 4155 dit
358 4101 648 4172 quemdam
669 4101 941 4156 hominem
968 4102 1022 4156 in
1046 4100 1289 4171 plaustro
1310 4102 1587 4157 sedentem
1604 4116 1700 4173 per
1725 4115 1865 4173 prm-

260 4208 390 4263 ceps
416 4195 468 4247 in
497 4210 656 4249 amne
680 4193 944 4266 demergi.
969 4192 1128 4251 Aliel.
1346 4214 1357 4257 7
1529 4205 1532 4208 '
1670 4193 1674 4201 ’

332 4283 577 4340 Psalmus
604 4300 624 4341 :
655 4285 828 4342 Verba
858 4301 999 4341 mea.

334 4379 426 4433 Vir
459 4380 549 4435 Dei
580 4381 789 4437 elevata
829 4395 1043 4436 sursum
1077 4395 1238 4437 manu
1264 4378 1394 4443 fecit
1432 4379 1644 4451 signum
1684 4378 1864 4436 crucis

1907 1673 1956 1735 B
2070 1676 2104 1747 ᾗ
2129 1718 2142 1730 .
2186 1677 2338 1745 Quod
2363 1678 2573 1749 signum
2598 1687 2654 1733 ut
2676 1675 3062 1746 vidltdtemon,
3095 1679 3314 1734 evanuit
3337 1674 3598 1737 velutiu-

1982 1784 2101 1825 mus
2127 1785 2247 1826 cum
2281 1772 2609 1833 clamoribus
2639 1776 2701 1827 ac
2721 1756 2953 1829 stridore
2978 1773 3229 1829 nefando.
3267 1771 3595 1833 Revertere.

2054 1864 2175 1919 Ant.
2219 1864 2411 1920 Beatus
2455 1863 2600 1919 Zeno
2629 1858 2765 1920 dixit
2793 1881 2807 1919 :
2856 1865 2972 1921 Non
3005 1874 3057 1922 te
3089 1867 3350 1937 permittit
3374 1869 3595 1924 ‘DOmi-

1980 1976 2084 2017 nus
2107 1960 2307 2032 aliquid
2334 1968 2493 2032 agere
2516 1960 2774 2018 adversus
2802 1950 3016 2017 sei-vum
3044 1977 3221 2018 suum.
3254 1962 3421 2019 Ailci.

2053 2048 2298 2107 Psalnius
2316 2069 2337 2108 :
2374 2053 2620 2120 Domine,
2648 2053 2768 2123 Quis
2793 2051 3070 2109 habitabit.

2050 2144 2370 2200 Miserabiiis
2398 2145 2556 2201 Pater
2597 2133 2815 2217 totaque
2841 2145 3034 2201 domus
3067 2148 3209 2218 regia
3241 2142 3482 2203 mcerore
3517 2147 3603 2204 af-

1978 2228 2294 2307 ﬂig'ebatur,
2314 2251 2379 2293 eo
2408 2237 2553 2308 quod
2583 2239 2779 2294 acriter
2813 2224 2989 2309 puella
3018 2232 3599 2297 suﬁ'ocaretnrfhliel.

2051 2329 2295 2387 Psalmus
2325 2349 2344 2387 :
2376 2333 2619 2400 Domine,
2656 2335 2706 2389 in
2738 2334 2954 2389 virtute.

2050 2424 2316 2481 Sacerdos
2347 2426 2437 2481 Dei
2466 2425 2610 2481 Zeno
2633 2425 2852 2482 sedebat
2894 2442 3057 2498 super
3088 2427 3339 2497 lapidem,
3366 2438 3420 2485 et
3455 2430 3606 2488 artis

1976 2517 2303 2587 Apostolicae
2353 2520 2676 2574 documenta
2732 2524 2967 2591 sequens
3016 2519 3322 2589 piscabatur
3378 2500 3431 2577 iii
3486 2523 3601 2579 tiu-

1976 2609 2141 2663 miue.
2176 2608 2659 2673 Allei.,Psalmus:
2691 2600 2905 2667 Domini
2936 2618 3018 2666 est
3048 2615 3212 2667 terra.
3262 2613 3295 2684 ᾖ
3323 2656 3339 2668 .
3363 2614 3603 2671 'Ainavit

1974 2716 2100 2758 enm
2131 2703 2412 2763 Dominus.
2976 2764 2980 2768 ~

2060 2794 2132 2867 ἡ.
2178 2796 2464 2853 chnnans
2500 2797 2677 2868 itaque
2724 2796 2935 2855 dtemou
2983 2799 3256 2871 ingressus
3304 2810 3388 2857 est
3430 2802 3598 2871 pala-

1973 2890 2104 2944 tium
2133 2889 2364 2944 Caesaris
2391 2888 2622 2945 Gallieni
2648 2901 2702 2945 et
2731 2888 3181 2960 comprehensam
3214 2893 3330 2965 ejus
3362 2893 3597 2953 unicam

1975 2982 2141 3037 filiam
2162 2983 2331 3051 etrapit
2350 2998 2470 3038 eam
2494 2982 2787 3043 crudeliter
2811 2998 3025 3040 vexare.
3059 2984 3222 3041 Allel.
3255 2985 3401 3041 allcl.

2037 3073 2314 3148 [cunis]
2349 3074 2420 3144 Ῡ.
2456 3070 2776 3131 Miserabilis
2822 3085 2991 3145 pater,
3030 3076 3297 3149 simulque
3333 3086 3441 3133 tota
3486 3078 3600 3135 do-

1971 3184 2088 3223 mus
2110 3154 2238 3239 ejus
2283 3158 2523 3223 cruciatu
2565 3183 2628 3223 ac
2677 3180 2912 3225 maerore
2949 3166 3302 3241 aiﬂigehaiur.
3338 3169 3407 3227 Et
3428 3180 3607 3228 com-7

1971 3258 2313 3332 prehensum.
2340 3296 2347 3301 ~
2597 3263 2602 3267 ’

2058 3355 2129 3425 ii.
2176 3354 2519 3425 ingrediente
2569 3352 2775 3411 Christi
2833 3355 3129 3418 Sacerdote
3179 3357 3463 3428 palatium,
3527 3368 3593 3416 et

1970 3448 2110 3503 facto
2134 3447 2482 3519 crucisslguo
2507 3462 2640 3503 mox
2665 3448 2831 3517 coepit
2849 3448 3059 3505 dremon
3088 3449 3323 3506 clamare
3349 3450 3585 3507 dicens:

1969 3541 2069 3609 Tu,
2102 3541 2269 3609 Zeno,
2290 3557 2375 3597 me
2404 3542 2662 3614 expellis;
2693 3550 2862 3614 etego
2891 3552 3111 3615 propter
3136 3553 3281 3607 tuam
3309 3545 3599 3607 sanctitas

1970 3644 2075 3689 tem
2106 3644 2251 3690 stare
2296 3642 2401 3689 non
2435 3647 2674 3702 possunt.
2704 3633 2891 3701 Allel.,
2938 3634 3113 3701 allel.,
3141 3634 3285 3692 allel.
3331 3636 3365 3706 γ
3388 3676 3405 3692 .
3433 3636 3506 3691 Et
3538 3638 3589 3695 si

1969 3725 2094 3781 hinc
2117 3724 2322 3792 abiero,
2348 3741 2415 3781 eo
2448 3726 2737 3794 Veronam,
2760 3726 2941 3794 ibique
2964 3728 3209 3784 invenies
3233 3733 3338 3784 me.
3359 3727 3425 3783 Et
3443 3743 3584 3800 ego;

2038 3818 2119 3895 (4)
2176 3820 2248 3889 tit.
2292 3820 2488 3877 Sancte
2526 3820 2671 3875 Zeno
2713 3807 2991 3877 confessor
3041 3817 3263 3888 Christi,
3308 3820 3431 3876 audi
3480 3838 3587 3878 ro-

1966 3914 2155 3985 gautcs
2202 3913 2477 3981 serratos;
2513 3923 2568 3970 et
2597 3904 2940 3984 impetratam
2972 3916 3188 3972 caelitus
3216 3925 3270 3971 tu
3302 3915 3445 3971 Deus
3497 3916 3588 3973 ier

1965 4008 2372 4079 indulgentiam.
2408 4008 2443 4078 ᾖ
2470 4048 2482 4061 .
2517 4007 2561 4063 0
2596 4018 2779 4063 sancte
2813 4008 2980 4076 Zeno,
3015 4004 3163 4064 sidus
3193 4008 3436 4075 aureum,
3463 4009 3585 4065 Do.

1965 4104 2099 4159 mini
2138 4102 2330 4173 gratia,
2380 4112 2664 4167 Servorum
2708 4103 2941 4174 gemitus
2993 4102 3150 4159 solita
3206 4090 3420 4175 suscipe
3460 4104 3588 4160 cle—

1967 4197 2192 4254 mantia.
2234 4242 2238 4246 Α

2166 4346 2169 4349 _
2210 4361 2215 4369 Ι
2493 4286 2562 4342 1η
2595 4286 2790 4354 Matut.
2815 4286 3039 4343 Laudib.

2036 4380 2157 4437 Ant.
2201 4365 2462 4435 Dominus
2516 4379 2675 4437 Jesus
2725 4377 2973 4438 Christus
3039 4365 3386 4461 omnipotens
3461 4382 3585 4461 est,

254 4473 440 4529 dicens
468 4490 480 4525 :
512 4472 809 4529 Revertere
838 4480 1006 4539 retro,
1049 4472 1298 4542 Satanas,
1335 4481 1402 4527 ne
1431 4474 1663 4543 perimas
1694 4472 1867 4528 homi-
1891 4468 1946 4529 D
1970 4483 2185 4546 oportet
2209 4473 2377 4541 enim,
2408 4484 2463 4527 ut
2491 4472 2753 4528 mirabilia
2797 4473 2895 4530 Dei
2925 4460 3355 4531 manifestentnr.
3403 4460 3588 4533 Allei;

258 4581 406 4634 nem,
432 4579 590 4641 quem
615 4568 761 4624 Deus
790 4568 1017 4624 creavit.
1052 4567 1214 4624 Aliel.
1432 4627 1434 4630 ,
1600 4635 1602 4637 ὶ

332 4652 623 4715 Psalmus:
657 4661 903 4726 Domine,
931 4662 1186 4716 Dominus
1229 4650 1435 4731 noster.
1478 4659 1710 4717 Versus:
1742 4657 1864 4715 Jus-

250 4760 361 4808 tum
391 4752 616 4809 deduxit
640 4753 894 4809 Dominus
917 4754 1022 4828 (ὅ).

253 4912 304 4967 in
335 4927 440 4982 quo
463 4912 708 4969 officium
731 4915 1008 4985 propritim
1054 4916 1301 4985 ejusdem
1346 4915 1538 4972 Sancti
1564 4914 1854 4984 reperitur,

248 4987 681 5054 responsorium,
714 5003 923 5051 versus,
948 4996 1000 5058 et
1022 4989 1310 5057 antiphoua
1338 4989 1401 5042 ad
1429 4987 1729 5058 Maguiilcat
1750 4987 1869 5055 alia,

252 5056 377 5129 sunt
389 5071 452 5111 ac
473 5058 526 5129 in
546 5059 583 5111 Α
596 5058 852 5125 ntiphoiia
863 5058 941 5111 rio
955 5056 1025 5113 Ca
1035 5058 1245 5127 pitulari
1258 5075 1395 5129 ,qua'i
1416 5056 1535 5114 heié
1548 5060 1857 5113 exscribere

254 5126 617 5203 placetﬂesp.
637 5128 787 5187 Sunr
834 5148 856 5177 ιτ
878 5130 975 5183 Dei
993 5126 1181 5197 praesul
1194 5126 1349 5186 Beate
1371 5130 1680 5195 Zeno,tuam
1692 5140 1857 5183 cater-

253 5214 365 5250 vam
386 5200 607 5271 protege,
635 5218 852 5271 namque
876 5204 1130 5256 credimus
1154 5203 1251 5255 tuis
1278 5202 1513 5257 laudibus
1540 5219 1631 5257 nos
1659 5210 1856 5268 Semper

252 5270 663 5344 esscsaluandos.
680 5270 887 5327 Versus.
909 5272 1013 5339 Qui
1027 5275 1194 5344 ﬁliam
1218 5272 1278 5325 Gz
1300 5274 1439 5327 llieni
1459 5272 1676 5329 Caesaris
1695 5290 1727 5326 a
1746 5274 1825 5326 dae
1839 5304 1851 5311 ~

254 5342 711 5413 nionioiliberasti,
748 5346 847 5399 tuis
878 5342 1114 5401 laudibus
1154 5348 1429 5401 instantem
1476 5361 1717 5401 conserva
1748 5346 1858 5413 ple-

251 5410 380 5467 bem.
413 5412 492 5485 Ag
523 5413 824 5485 Magniﬁca;
850 5418 1049 5485 antip’lt.
1087 5418 1485 5473 Ctementiuime
1510 5416 1700 5472 Christi
1722 5410 1855 5470 Con-

254 5485 416 5553 fessor
443 5481 675 5561 Domini,
704 5481 986 5544 beatissime
1015 5488 1177 5553 Zeno,
1209 5500 1256 5545 te
1294 5492 1593 5555 suppliciter
1616 5489 1856 5561 petimus,

256 5562 318 5609 ne
340 5556 804 5636 neaderelinquas,
836 5563 923 5615 sed
948 5564 1086 5636 apud
1110 5563 1383 5617 Dominum
1409 5563 1523 5632 pius
1544 5556 1741 5631 semper
1767 5565 1863 5636 pro

265 5626 409 5719 nobis
439 5626 743 5714 intercessor
767 5626 998 5719 resistas,
1028 5658 1147 5711 quo,
1176 5652 1221 5694 te
1242 5626 1545 5719 apitulanle,
1579 5626 1864 5719 nd'yau'dia

267 5706 614 5778 meruerint
632 5709 889 5791 vervenire
908 5706 1344 5791 mereamuritzec
1364 5710 1553 5775 eadem
1570 5706 1863 5787 autipitoua

2011 4599 2016 4603 -
2048 4567 2353 4636 Exsurgens
2374 4565 2563 4620 beatus
2586 4563 2855 4644 Sacerdos
2882 4564 3004 4621 fecit
3031 4556 3352 4631 arationem,
3375 4580 3556 4636 perre
3573 4599 3589 4611 -

1973 4662 2161 4730 xitque
2186 4658 2253 4714 ad
2279 4659 2560 4730 palatium,
2581 4658 2671 4714 ubi
2694 4656 3036 4730 alﬂigebatur
3054 4674 3149 4729 pro
3176 4661 3267 4714 sua
3293 4656 3401 4714 lilia
3428 4658 3587 4718 Rex.

1973 4751 2139 4809 Allel.

1963 4915 2016 4990 in
2068 4918 2169 4968 ms.
2198 4912 2597 4990 monialinmS.
2624 4914 2802 4970 Maria:
2831 4913 2901 4970 de
2923 4914 3126 4987 Campo
3152 4915 3340 4973 Martio
3367 4916 3590 4990 legitur

1966 4987 2018 5041 in
2051 4986 2305 5041 secundis
2328 4986 2588 5041 vesot-ris.

2031 5056 2113 5125 (2)
2153 5050 2207 5111 In
2241 5066 2371 5130 mss.
2402 5050 2736 5130 Zenoniano,
2764 5068 2816 5114 et
2838 5058 3151 5114 monialium
3182 5061 3449 5130 superiori
3476 5063 3589 5118 ad-

1961 5130 2243 5185 notatione
2270 5129 2499 5183 laudatis
2522 5129 2625 5184 hoc
2657 5130 2850 5200 legitur
2882 5129 3295 5187 lnvitatoriunt:

2054 5204 2323 5275 {Etertiunl
2336 5211 2613 5272 triuumque
2642 5210 2805 5275 Deum
2826 5209 3081 5275 laudemus
3105 5222 3155 5262 et
3179 5220 3351 5275 unum,

2056 5273 2146 5330 Qui
2171 5272 2263 5321 sibi
2288 5270 2547 5321 Zeuooem
2560 5273 2833 5323 transvexit
2856 5276 2904 5324 in
2928 5274 3111 5325 aethera
3136 5270 3387 5325 Sanctum.

2041 5350 2119 5422 (3)
2162 5348 2216 5404 In
2258 5350 2464 5418 Carpso
2487 5349 2622 5404 alius
2648 5362 2839 5406 versus
2871 5353 3134 5408 indicatur
3152 5352 3271 5407 sic:
3310 5351 3587 5424 Posuisti,
3630 5357 3646 5366 ’

1973 5421 2218 5495 Da't‘nine,
2251 5429 2366 5487 sup.
2399 5438 2516 5493 cap.
2540 5425 2670 5495 ejus.

2040 5492 2120 5563 (4)
2164 5494 2218 5547 1η
2252 5492 2642 5563 Antiphoni-rio
2676 5494 2968 5563 Capitulari
3001 5513 3012 5547 :
3057 5494 3246 5550 Sancte
3273 5493 3436 5559 Zeno,
3484 5516 3591 5553 re-

1968 5567 2111 5633 quire
2138 5568 2190 5621 in
2223 5565 2415 5620 Sancti
2436 5566 2667 5620 Martini.
2704 5568 2755 5620 In
2786 5566 2993 5635 Ca‘rpso
3019 5577 3218 5620 autem.
3266 5567 3304 5635 [ἦ
3328 5605 3340 5618 .
3374 5567 3590 5630 Sancto

1971 5636 2127 5693 Zeno.
2179 5639 2212 5707 Ῡ
2239 5678 2249 5690 .
2288 5636 2331 5691 0
2355 5634 2716 5694 SancteZeno.
2747 5632 3121 5703 Supplevimus
3140 5652 3209 5693 ex
3236 5632 3339 5695 ms.
3360 5644 3592 5705 monia.

1973 5710 2104 5778 tium
2131 5712 2189 5779 ὃ.
2222 5707 2408 5777 Marias
2432 5709 2498 5775 tit:
2524 5709 2729 5793 Campo
2752 5708 2961 5777 Martio.
