3820 6220
177 342 255 397 22
263 346 294 397 ‘i

1111 347 1519 405 'I'ESTIMUNIA
1565 342 1873 403 SELECTA
1919 346 2004 402 Dii
2045 347 2313 405 SANCTO
2349 347 2645 405 ZENONE.

3366 370 3374 377 ο
3405 348 3512 405 226

181 463 261 514 tili
302 471 445 517 at.un
498 462 888 520 benedictione
938 468 1057 532 post
1103 471 1179 518 tot
1220 478 1391 518 annos
1438 463 1553 517 sine
1581 468 1801 516 auctore
1827 465 1882 524 A
1911 461 2180 517 Rat/terius
2206 466 2469 537 episcopus
2496 463 2803 517 Veronensis
2832 462 2894 515 de
2917 462 3223 532 t'ontentptu
3255 480 3510 519 canonum

180 554 605 621 criminationis,
649 557 772 609 sine
804 564 1135 619 accusatore,
1160 554 1274 609 sine
1305 554 1614 624 professore
1644 553 1799 607 dela-

180 646 353 703 tionis
386 647 439 703 in
471 648 773 718 periculum
822 657 998 703 reatus
1038 646 1406 704 deducendam
1449 650 1796 704 arbitrarere.

270 804 335 862 8.
367 804 648 878 Gregorius
672 805 900 878 Magnus
923 806 1010 861 lib.
1044 822 1100 861 ιιι
1123 804 1461 880 Dialogorum
1488 826 1603 881 cap.
1638 808 1725 864 l9.

260 960 449 1034 Nuper
467 962 710 1018 Joannes
729 961 1000 1020 Tribunus
1020 963 1352 1020 revelatione
1373 980 1464 1019 sua
1487 980 1570 1020 tne
1593 963 1799 1031 docuit,

181 1056 340 1125 quod
386 1056 730 1123 Pronulpltus
775 1054 972 1111 Comes
1023 1071 1144 1111 cum
1194 1056 1270 1110 illi
1302 1057 1539 1124 adesset,
1588 1071 1647 1112 se
1678 1072 1801 1111 cum

184 1164 324 1220 rege
374 1148 601 1204 Anthari
645 1150 834 1205 eodem
888 1160 1130 1221 tempore
1174 1151 1227 1205 in
1273 1151 1390 1205 loco
1435 1142 1663 1220 eodem,
1712 1151 1803 1207 ubi

183 1244 333 1300 mira
377 1261 467 1300 res
492 1244 737 1315 contigit,
782 1244 1029 1310 aﬂ‘uisse,
1060 1260 1288 1316 eamque
1338 1262 1449 1301 rem
1481 1246 1801 1317 cognovisse

186 1345 436 1392 testatus
470 1346 575 1393 est.
623 1337 921 1393 Prtedictus
961 1339 1101 1393 enim
1148 1339 1417 1394 Tribunus
1463 1340 1805 1394 narravitdi-

186 1448 327 1488 oens
371 1450 387 1487 :
417 1433 550 1498 Quia
579 1440 706 1486 ante
737 1431 839 1487 hoc
871 1432 1038 1486 ferme
1070 1434 1506 1503 quenquenuium
1532 1474 1545 1498 ,
1591 1433 1805 1503 quando

185 1523 342 1595 apud
392 1523 529 1578 hanc
570 1522 866 1577 Romanam
911 1522 1099 1577 urbem
1148 1522 1360 1577 alveum
1401 1538 1557 1577 suum
1589 1523 1805 1578 Tiberis

186 1632 457 1688 egressus
495 1624 600 1682 est,
646 1623 850 1670 tantum
896 1629 1166 1682 crescens,
1218 1625 1277 1668 ut
1318 1614 1435 1683 ejus
1467 1613 1607 1668 unda
1646 1629 1804 1685 super

190 1727 396 1767 muros
440 1710 591 1766 urbis
641 1709 907 1775 inﬂueret,
941 1717 1105 1778 atque
1142 1708 1265 1763 inde
1289 1707 1399 1777 jam
1432 1709 1691 1763 maximas
1722 1723 1808 1764 re-

188 1806 397 1874 giones
442 1812 727 1873 occuparet
758 1817 773 1858 :
805 1802 945 1873 apud
991 1800 1361 1857 Veronensem
1393 1801 1582 1856 urbem
1616 1800 1807 1856 ﬂuvius

192 1895 431 1953 Athesis
453 1910 793 1962 excrescens,
822 1894 888 1948 ad
918 1893 1059 1949 beati
1101 1892 1336 1949 Zenonis
1362 1894 1614 1965 martyris
1645 1900 1808 1963 atque
1840 1888 1888 1947 B

194 1988 480 2059 pontiﬁcis
506 1987 789 2043 ecclesiam
812 1988 990 2050 venit;
1023 1986 1176 2057 cujus
1203 1985 1448 2042 ecclesiae
1472 1986 1599 2041 dum
1626 1996 1807 2041 essent

188 2081 383 2153 januzn
431 2090 651 2152 avertat,
699 2094 833 2149 aqua
883 2078 939 2135 in
986 2095 1106 2134 eam
1152 2078 1373 2133 minime
1405 2079 1653 2143 intravit,
1686 2093 1805 2148 quae

198 2174 483 2243 paulisper
508 2186 760 2229 crescens
790 2186 960 2243 usque
993 2171 1059 2226 ad
1090 2170 1352 2226 fenestras
1391 2171 1658 2238 ecclesite,
1685 2187 1806 2242 qua:

196 2276 361 2323 erant
406 2265 560 2321 tectis
604 2265 885 2335 proximas,
919 2263 1199 2334 pervenit,
1233 2263 1418 2333 sicque
1468 2272 1618 2317 stans
1659 2278 1795 2334 aqua

198 2358 456 2416 ecclesia:
493 2358 710 2428 januam
752 2356 963 2429 clausit,
1010 2370 1073 2410 ac
1101 2356 1146 2412 si
1192 2354 1325 2410 illud
1373 2354 1700 2410 elementum
1742 2354 1809 2410 li-

200 2454 430 2526 quidum
460 2453 514 2508 in
541 2450 865 2507 soliditatem
891 2450 1107 2519 parietis
1131 2449 1316 2503 fuisset
1344 2456 1603 2503 mutatum
1625 2465 1638 2501 :
1659 2464 1809 2503 cum-

201 2562 309 2617 que
332 2554 520 2602 essent
548 2543 699 2598 multi
729 2544 927 2599 inventi
963 2542 1212 2607 interius,
1244 2539 1337 2596 sed
1367 2555 1628 2611 aquarum
1662 2540 1807 2595 mul-

202 2639 441 2695 titudine
460 2638 605 2694 omni
632 2636 862 2694 ecclesia
893 2634 1242 2701 circumdata,
1271 2649 1374 2707 qua
1409 2642 1630 2704 possent
1654 2648 1811 2706 egre~

203 2736 278 2800 di,
329 2749 441 2789 non
490 2732 773 2796 haberent,
817 2722 1101 2800 ibique'se
1130 2728 1242 2795 siti,
1281 2742 1345 2784 ac
1386 2729 1527 2783 fame
1574 2728 1812 2785 deficere

205 2827 598 2894 formidarent,
650 2824 718 2881 ad
762 2816 1008 2880 ecclesia:
1049 2824 1267 2893 januam
1297 2820 1608 2888 veniebant,
1633 2821 1700 2876 ab
1728 2821 1810 2877 bi-

206 2923 452 2980 bendum
497 2920 819 2977 hauriebant
848 2932 1060 2991 aquam,
1105 2933 1245 2989 qnze,
1275 2922 1333 2971 ut
1364 2916 1611 2987 prazdixi,
1642 2932 1813 2988 usque

209 3019 273 3072 ad
314 3017 586 3074 fenestras
627 3023 976 3080 excreverat,
1018 3021 1074 3069 et
1121 3023 1299 3068 tamen
1347 3012 1483 3067 intra
1525 3012 1809 3068 ecclesiam

210 3111 363 3166 nullo
434 3108 600 3164 modo
665 3106 963 3163 difﬂuebat.
1042 3103 1607 3175 Hauririitaque,.ut
1674 3118 1811 3172 aqua

211 3214 448 3278 poterat,
471 3202 564 3260 sed
596 3201 862 3266 difﬂuere,
882 3211 937 3257 ut
965 3215 1102 3269 aqua
1134 3215 1239 3253 non
1274 3207 1501 3268 poterat.
1530 3182 1813 3253 Stans-au;

1978 564 2112 623 part.
2149 570 2188 619 ι,
2235 574 2355 628 pag.
2409 557 2515 613 552
2571 566 2699 610 tom.
2740 572 2752 610 ι
2797 556 3073 624 Spicilcgii
3099 556 3380 610 Ac/teriani
3423 574 3515 611 no-

1976 646 2194 699 vissima:
2219 650 2475 703 editionis.

1978 757 2111 815 Utar
2137 768 2193 814 ut
2215 761 2332 817 beic
2355 764 2677 821 auctoritate
2700 764 2939 821 Zenonis
2974 766 3139 832 beati,
3174 767 3227 821 in
3257 781 3515 823 sermone

1905 851 2178 918 videlicet,
2215 870 2371 924 quem
2404 857 2470 913 de
2496 857 2632 913 Juda
2664 858 2969 928 patriarcha
3023 869 3078 915 et
3108 860 3345 915 Thamar
3376 876 3512 915 nuru

1905 942 2072 1013 ipsius
2114 958 2266 1000 more
2315 961 2413 1001 suo
2443 949 2871 1006 luculentissime
2901 950 3028 1006 fecit
3056 951 3291 1009 dicentis
3326 970 3339 1011 :
3379 950 3509 1006 Um-

1906 1037 2048 1090 nium
2079 1041 2609 1106 corruptevirentium
2629 1042 2879 1101 Diabolus
2903 1056 3047 1113 pater
3072 1058 3167 1101 est.

1906 1151 2055 1208 Idem
2077 1153 2435 1210 Rat/teritum
2465 1157 2726 1228 Synodica
2757 1162 2823 1214 ad
2853 1161 3181 1235 Presbyteros
3215 1182 3337 1237 pag.
3379 1166 3507 1236 577,

2622 1255 2720 1307 col.
2738 1252 2791 1307 2.

1981 1342 2051 1398 Et
2098 1358 2219 1399 cum
2265 1343 2517 1415 specialis
2563 1356 2746 1401 noster
2798 1349 2989 1403 doctor
3030 1360 3191 1422 atque
3238 1354 3504 1421 provisor,

1906 1436 2098 1492 beatus
2129 1439 2311 1510 utique
2339 1438 2485 1493 Zeno
2530 1438 2711 1503 dicat,
2754 1441 2805 1495 in
2834 1456 3087 1499 sermone
3117 1447 3317 1515 utique,
3349 1464 3507 1516 quem

1907 1530 1976 1585 de
2022 1530 2160 1586 Jnda
2212 1531 2323 1587 filio
2353 1532 2540 1595 .laeob,
2565 1542 2620 1588 et
2649 1533 2885 1590 Thamar
2930 1552 3072 1592 nuru
3101 1536 3266 1609 ipsius
3296 1541 3509 1613 elegan-

1908 1623 2119 1679 tissime
2148 1627 2475 1694 composuit,
2511 1634 2619 1682 etc.

1905 1715 2135 1772 Joannes
2191 1717 2501 1792 Presbyter.
2558 1724 2941 1779 mansiouarius
2972 1724 3221 1783 Ecclesia:
3261 1729 3512 1785 Veronen-

1980 1809 2072 1875 sis,
2099 1811 2189 1880 qui
2219 1827 2307 1864 an.
2342 1812 2482 1867 1520
2513 1815 3143 1881 εστὶοεόαῑ,Ηὶδιονίαιίιηι
3178 1819 3512 1893 Imperalium

1989 1899 2079 1954 lib.
2111 1916 2131 1955 ι
2172 1920 2271 1958 ms.

1978 1993 2306 2050 Flornerunt
2331 1998 2382 2053 in
2415 1998 2655 2056 Ecclesia
2688 2001 2782 2057 Dei
2814 2002 3340 2074 lilUrtl‘CSdOCl-OI’CS,
3376 2009 3517 2068 inter

1907 2100 2043 2156 quos
2068 2087 2129 2141 Β.
2157 2087 2305 2143 Zeno
2337 2091 2623 2164 episcopus
2645 2094 2998 2165 Veronensis,
3032 2098 3220 2158 doctor
3247 2102 3514 2174 egregius,

1908 2190 2132 2234 octavus
2158 2180 2402 2251 ejusdem
2425 2187 2657 2243 civitatis
2670 2189 3048 2260 episeopus....
3068 2190 3279 2266 [cxmx]
3295 2196 3521 2264 Scripsit

1908 2280 2088 2328 autem
2136 2273 2223 2329 hic
2272 2276 2463 2332 doctor
2508 2283 2760 2352 egregius
2806 2282 2956 2339 Zeno
2986 2286 3053 2340 de
3098 2286 3382 2352 Pudicitia,
3419 2289 3519 2345 Pa-

1913 2363 2119 2432 tientia,
2152 2364 2306 2426 Fide.
2333 2368 2459 2438 Spe,
2485 2381 2538 2425 et
2566 2369 2843 2430 Charitate
2862 2384 3122 2431 tractatus
3148 2385 3257 2433 tres
3283 2379 3379 2435 :de
3399 2380 3522 2438 Jus-
3594 2356 3598 2359 Δ

1911 2456 2025 2509 titia
2056 2464 2345 2514 tractatum
2381 2478 2545 2517 unum
2579 2482 2592 2516 :
2624 2465 2691 2521 de
2721 2467 2939 2535 Timore
2980 2470 3145 2525 unum
3176 2490 3187 2525 :
3222 2473 3288 2528 de
3318 2475 3523 2546 Spiritu

1912 2558 1969 2605 et
2013 2565 2243 2621 corpore
2294 2571 2456 2611 nnutu
2492 2575 2505 2611 :
2536 2558 2605 2614 de
2653 2575 2721 2615 eo
2749 2562 2892 2631 quod
2942 2565 3200 2634 scriptmn
3232 2575 3315 2621 est
3348 2584 3360 2620 :
3393 2567 3521 2623 Cum

1909 2643 2178 2699 tradiderit
2218 2663 2435 2718 regnum
2483 2648 2590 2704 Deo
2617 2662 2661 2705 et
2689 2651 2839 2706 Patri
2883 2670 3193 2736 sermonem
3225 2669 3429 2714 Unum‘:
3454 2660 3523 2716 de

1910 2733 2293 2793 ASditicatione
2326 2740 2520 2796 domus
2573 2743 2665 2798 Dei
2704 2759 2733 2799 a
2776 2733 3100 2815 Salomone,
3125 2749 3521 2820 expositionem

1925 2826 2344 2896 pulcherrimam
2382 2832 2487 2888 :de
2512 2835 2858 2892 Conlineutia
2891 2822 3179 2896 tractatum
3207 2858 3372 2897 unum
3411 2860 3424 2896 :
3458 2843 3526 2901 de

1923 2920 2198 2993 Baptismo
2242 2935 2503 2984 tractatus
2553 2938 2667 2987 tres
2715 2950 2726 2984 :
2770 2932 2836 2987 de
2877 2933 3167 2991 Nativitate
3215 2936 3423 2992 Domini
3474 2948 3528 2994 et

1916 3015 2206 3085 majestate
2254 3035 2419 3075 unum
2472 3040 2485 3076 :
2529 3025 2999 3093 super,Danielem
3035 3028 3087 3082 in
3119 3028 3322 3085 Pascha
3345 3046 3524 3102 quos:

1913 3121 2075 3179 super
2104 3110 2346 3168 Psalmos
2374 3131 2465 3179 χι..
2496 3131 2608 3183 xu,
2638 3133 2825 3184 cxxvt,
2856 3135 3067 3188 cxxvn,
3091 3138 3317 3191 cxxvut,
3346 3138 3524 3191 CXXIX,

1913 3215 2058 3259 cvxx
2087 3212 2346 3261 tractatus
2385 3218 2591 3279 septem
2628 3230 2641 3264 :
2675 3210 2745 3267 de
2789 3212 2983 3269 Livore
3029 3224 3084 3270 et
3132 3216 3334 3271 Invidia
3388 3226 3525 3273 trac-
3592 3268 3595 3269 ν

214 3268 318 3358 lem
356 3309 487 3359 ante
516 3298 735 3369 januam
771 3295 836 3351 ad
877 3292 1274 3350 ostendendum
1316 3291 1525 3351 cunctis
1574 3291 1821 3347 meritum
1847 3268 1893 3334 (ἶ
1928 3302 2328 3360 tatuttwnum:
2387 3268 2463 3357 de.
2486 3302 2587 3357 hoc
2620 3305 2784 3359 verbo
2818 3324 2829 3357 :
2891 3308 3108 3362 Attende
3149 3307 3267 3375 tibi,
3305 3325 3366 3365 ne
3395 3310 3530 3380 forte

215 3392 486 3465 Martyris,
516 3398 575 3446 et
616 3404 757 3462 aqua
773 3400 891 3445 erat
917 3388 983 3444 ad
1013 3387 1364 3459 adjutorinm,
1414 3393 1464 3441 ct
1493 3384 1645 3457 quasi
1686 3400 1823 3456 aqua

218 3501 321 3543 non
361 3492 504 3551 erat,
535 3482 605 3539 ad
631 3480 988 3538 invadendum
1017 3480 1220 3536 locum.

218 3595 454 3671 [cxcvnt]
477 3596 777 3667 Anonyntus
809 3592 1111 3665 Pipinianus
1139 3591 1192 3646 in
1221 3589 1481 3662 Illtytltmo
1511 3588 1573 3644 de
1610 3588 1824 3645 Verona:

899 3682 1157 3738 laudibus.
1617 3681 1621 3689 ’

335 3780 557 3832 Octavus
577 3779 754 3830 Pastor
775 3781 827 3827 et
850 3770 1109 3826 Confessor
1126 3770 1267 3836 Zeno
1287 3772 1468 3832 Martvr
1493 3770 1717 3836 inclytus,

281 3843 374 3902 Qui
399 3842 647 3893 Veronam
670 3836 983 3902 praedicando
999 3836 1199 3902 reduxit
1213 3835 1624 3902 adba‘ptismium,

342 3909 386 3954 Α
404 3905 535 3954 malo
558 3896 735 3968 spiritu
759 3900 942 3968 sanavit
968 3897 1040 3959 (i)
1078 3896 1289 3968 Gallieni
1315 3896 1478 3968 tiliam,

344 3968 503 4017 Boves
523 3957 635 4016 cuin
658 3963 853 4013 homine
869 3957 1162 4023 mergentes
1185 3958 1435 4023 reduxita
1458 3957 1653 4021 pelago.

280 4030 344 4080 Et
359 4029 558 4091 quidem
582 4026 763 4077 multos
779 4018 1014 4091 liberavit
1036 4021 1097 4069 ab
1121 4020 1268 4091 hoste
1285 4018 1542 4091 pestifero,

394 4043 558 4078 niuem
582 4043 763 4077 munus
785 4043 1014 4072 ιιυυυνιι
1036 4043 1097 4069 au
1122 4043 1263 4069 uusw
1285 4043 1404 4080 penu

345 4043 588 4141 Bormum
606 4087 919 4137 resuscitavit
942 4091 1168 4143 ereptum
1192 4094 1221 4131 e
1240 4082 1404 4137 ﬂuvio,

343 4153 494 4203 Multa
519 4150 653 4201 idola
674 4148 919 4199 destruxit
940 4145 1227 4209 percrebra
1246 4143 1452 4209 jejuuia.

282 4214 391 4266 Non
410 4226 547 4276 queo,
563 4211 713 4262 multa
733 4207 1103 4276 narrare‘bttjus
1120 4207 1475 4276 Sanctiope'ra.

347 4267 468 4335 Quia
484 4290 510 4325 a
528 4275 667 4339 Syria
689 4272 931 4339 veniendo
950 4267 1108 4339 usque
1131 4270 1193 4339 in
1209 4267 1415 4339 ltal_i_atn'

345 4328 448 4389 Per
470 4328 623 4402 ipsu'tn
640 4336 952 4398 omnipotens
972 4328 1112 4383 Deus
1129 4331 1348 4382 ostendit
1365 4328 1622 4381 mirabilia.

300 4472 379 4561 (1)
425 4483 990 4564 cumdissertationis
1036 4483 1208 4564 tertia:
1251 4494 1371 4564 cap.
1408 4480 1462 4563 ς,
1494 4478 1546 4534 in
1577 4477 1816 4564 quohhoc

1928 3390 2018 3459 ﬁat
2044 3391 2097 3445 in
2126 3401 2173 3446 te
2196 3408 2359 3447 sermo
2383 3392 2661 3449 absconsus
2692 3395 2743 3449 in
2767 3398 2920 3451 corde
2951 3409 3037 3453 tuo
3066 3401 3333 3473 iniquitas,
3383 3411 3527 3456 trac-

1915 3492 2097 3543 ‘tatum
2144 3501 2308 3540 unum
2354 3485 2513 3542 valde
2563 3489 2829 3557 prolixum
2880 3489 2996 3547 :de
3026 3490 3244 3562 Jejnnio
3294 3505 3528 3565 quatuor

1930 3584 2254 3647 temporum.
2294 3592 2456 3647 super
2487 3576 2563 3651 (Ξ)
2595 3578 2811 3635 Psalmo
2838 3596 2976 3636 Lxxx
3005 3592 3290 3641 tractatum
3317 3601 3481 3641 unum
3508 3604 3522 3642 :

1928 3669 1995 3725 de
2024 3670 2201 3726 Avaro
2246 3678 2302 3726 et
2328 3670 2491 3726 divite
2520 3688 2682 3726 unum
2722 3690 2735 3727 :
2770 3672 2837 3727 de
2864 3676 3099 3729 Avaritia
3135 3683 3245 3733 tres
3276 3677 3383 3733 :de
3409 3679 3527 3733 Cir-

1919 3765 2250 3819 cumcisionc
2290 3779 2452 3818 unttm
2489 3780 2696 3834 :snper
2736 3764 2991 3820 Genesim
3027 3774 3288 3826 tractatus
3315 3768 3393 3841 (5)
3424 3785 3524 3826 no-

1923 3870 2044 3911 vem
2072 3873 2085 3909 :
2118 3870 2281 3924 super
2310 3854 2549 3910 Exodum
2578 3871 2767 3911 novem
2805 3874 2817 3909 :
2849 3871 3012 3927 super
3040 3858 3231 3913 Isaiam
3260 3870 3469 3931 septem
3507 3879 3519 3915 :

1920 3962 2081 4017 super
2129 3947 2400 4002 Dauielem
2454 3956 2564 4002 tres
2612 3964 2626 4000 :
2675 3962 2838 4017 super
2883 3948 2984 4002 Job
3009 3967 3171 4005 unum
3216 3970 3229 4003 :
3277 3952 3345 4008 de
3381 3954 3520 4009 festo

1920 4037 2138 4093 Pascha:
2158 4047 2279 4093 octo
2310 4056 2322 4091 :
2355 4037 2422 4094 de
2442 4038 2762 4095 lnvitatione
2782 4040 2847 4095 ad
2877 4040 3053 4096 fontes
3078 4052 3338 4101 tractatus
3361 4047 3519 4117 quin-

1919 4145 2025 4201 que
2056 4147 2068 4184 :
2114 4130 2181 4184 de
2202 4129 2424 4186 Somnio
2471 4128 2640 4185 Jacob
2666 4146 2971 4187 sermonem
3004 4149 3166 4188 unum
3203 4134 3308 4191 :de
3335 4152 3405 4191 xn
3439 4139 3515 4192 si-

1919 4221 2039 4291 guis
2080 4221 2318 4277 coeli-ad
2360 4219 2671 4293 Neaphytos
2716 4229 3001 4277 tractatum
3054 4242 3216 4280 unum
3247 4243 3259 4279 :
3292 4227 3420 4283 item
3446 4229 3514 4284 ad

1922 4314 2228 4387 NeOphytos
2254 4313 2391 4370 duos
2417 4330 2430 4367 τ
2464 4312 2532 4369 de
2556 4313 2687 4370 Fide
2716 4315 2883 4371 duos:
2909 4334 3072 4387 snper
3091 4317 3284 4375 Jonam
3310 4336 3511 4377 unum:

1921 4478 2002 4533 nis
2027 4486 2283 4532 tractatus
2309 4475 2518 4546 legitur,
2563 4475 2698 4531 etin
2750 4476 2852 4533 hoc
2889 4477 3067 4535 lodice
3095 4480 3319 4539 Joannis
3345 4485 3513 4543 Vero-

230 4548 489 4632 Anonymi
516 4560 779 4629 Pipiniani
823 4548 1581 4635 testimoniumexhibuimus,
1610 4550 1813 4605 editum
1842 4581 1893 4640 Β
1924 4548 2233 4640 nepsis'non
2269 4558 2598 4602 recensetnr.

228 4648 258 4687 a
284 4620 440 4688 nobis
486 4620 696 4695 fuisset,
723 4645 753 4685 e
781 4628 949 4688 Lobio
979 4626 1357 4695 transmissum
1390 4620 1695 4690 accepimus
1723 4635 1816 4695 ac:

230 4715 414 4758 curate
456 4692 779 4772 descriptum
813 4698 1137 4774 [thithmnm
1174 4694 1453 4774 integrum
1506 4708 1536 4746 c
1588 4692 1811 4774 ms._q_ui

233 4776 346 4843 ipsa
368 4774 601 4829 Ratherii
632 4764 869 4843 episcopi
889 4764 1393 4843 Veronensismanu
1416 4773 1667 4843 eraratus
1694 4764 1811 4816 fuit.

234 4833 286 4915 Ιξι
314 4846 417 4899 hoc
442 4857 611 4915 autem
636 4833 742 4905 non
775 4833 934 4905 Galli,
968 4852 1025 4895 ut
1052 4838 1386 4915 illabillonius
1418 4833 1682 4915 ediderat,
1713 4848 1812 4915 nec

234 4913 455 4968 Gallieni
496 4914 732 4975 Cmris.
788 4923 847 4967 ut
892 4929 989 4966 nos
1032 4908 1292 4966 eduobus
1323 4905 1811 4984 ‘po’steriorisnazvi

234 4999 365 5041 mss.
416 4986 527 5039 loco
572 4986 784 5041 laudato
832 4984 1148 5055 scripsimus
1177 5019 1194 5047 ,
1242 4974 1351 5055 sed'
1382 4975 1601 5055 Gallieni
1648 4974 1811 5055 ﬁliani

238 5057 409 5125 palam
459 5056 661 5125 legitur,
708 5069 866 5125 quam
898 5044 1187 5125 lectionem
1214 5046 1626 5125 uti_vetustioris
1663 5044 1833 5099 codi-'

238 5118 313 5181 cis
334 5133 394 5199 et
412 5118 680 5199 scriptoris
706 5118 819 5180 tioti
848 5123 1232 5199 prmferettdatn
1257 5120 1343 5175 hic
1369 5118 1639 5199 duximus,
1664 5126 1714 5170 et
1744 5130 1810 5171 ex

238 5210 295 5250 CI
329 5196 422 5249 illa
442 5195 720 5269 difﬁcultas
749 5197 908 5269 simul
934 5195 1386 5269 adimitur,quam
1418 5195 1813 5269 unamtinano:

240 5283 399 5341 nymo
447 5264 728 5341 Pipiniano
759 5266 951 5341 inesse
977 5257 1307 5341 putabamus
1330 5302 1346 5327 ,
1378 5258 1544 5341 quasi
1585 5257 1809 5341 Gallieni

230 5328 567 5405 imperatoris
590 5336 820 5391 fabulam
846 5328 1123 5389 ebibisset.
1161 5334 1294 5388 llinc
1318 5328 1807 5405 etia:m_conﬁrt_nari

243 5400 398 5478 posse
426 5406 646 5473 videtur,
674 5405 1057 5478 qttcd‘dissert.
1090 5421 1128 5478 t_,
1160 5420 1277 5474 cap.
1321 5406 1375 5468 '5,
1408 5402 1446 5478 §_
1467 5401 1522 5465 4,
1555 5400 1809 5478 suspicati

244 5471 446 5538 sumus.
472 5492 607 5541 eum,
633 5471 784 5544 cujus
815 5474 977 5528 tiliam
1006 5476 1065 5530 S.
1094 5471 1240 5528 Zeno
1270 5471 1478 5529 sanavit
1507 5490 1534 5524 a
1562 5471 1810 5544 (itemque

248 5546 407 5602 fuisse
446 5562 565 5603 vere
605 5541 905 5603 Gallienum
934 5546 1192 5613 aliquem,
1246 5545 1334 5612 qui
1395 5560 1490 5613 per
1525 5541 1813 5613 nonnullos

246 5618 301 5689 in
328 5618 694 5689 imperatorem
742 5617 1009 5689 migravit.
1029 5611 1157 5669 ‘Alia
1189 5611 1353 5681 pauca
1382 5611 1446 5668 ad
1477 5613 1633 5668 fidem
1665 5611 1812 5681 ejus-

248 5687 363 5743 dem
392 5687 584 5745 codicis
610 5687 1030 5745 emendavimus.

322 5778 545 5850 (2).Per
573 5796 806 5836 errorem
852 5779 1113 5850 allegatur
1160 5784 1315 5833 tract.
1350 5791 1511 5850 super
1539 5776 1807 5850 Psalmum

256 5845 390 5909 m1
413 5866 514 5924 pro
531 5859 747 5909 tractatu
774 5866 937 5923 super
961 5845 1225 5908 Psalmum
1252 5862 1311 5915 ο,
1341 5848 1429 5918 qui
1460 5846 1599 5904 inter
1636 5845 1809 5903 Zeno-

1894 5542 1988 5608 ,αθ
2012 5542 2123 5596 Exo

1992 4619 2073 4693 (ὅ)
2119 4618 2542 4698 Pastrengnsnet
2598 4617 3200 4698 Petrus‘denlfiatalibus
3227 4626 3278 4682 in
3311 4628 3507 4698 indice,

1918 4689 2075 4771 quem
2125 4691 2413 4771 eJoaonen
2436 4689 2733 4770 Veronensi
2784 4693 3037 4751 similiter,
3081 4689 3504 4771 esscripserunt,

1920 4759 2166 4834 referunt
2188 4777 2340 4832 super
2372 4759 2604 4834 Genesirn
2632 4772 2779 4834 tract.
2815 4777 2927 4829 vm,
2980 4782 3086 4820 non
3119 4759 3352 4834 vero'tx,
3386 4759 3506 4830 cuni

1920 4845 2097 4889 tamen
2157 4832 2208 4886 in
2251 4846 2379 4907 mss.
2411 4848 2514 4885 non
2549 4832 2649 4885 nisi
2680 4847 2784 4907 sex
2815 4835 2916 4889 hoc
2944 4838 3098 4891 titulo
3122 4832 3396 4907 przcnotati
3428 4847 3506 4898 in-

1920 4909 2220 4959 veniantur.
2266 4903 2369 4957 Sed
2413 4918 2516 4956 non
2545 4905 2767 4959 omnino
2792 4916 3043 4961 exactum
3073 4903 3393 4967 tractatuum
3422 4916 3503 4969 in-

1917 4974 2090 5030 dicem
2121 4976 2187 5028 ab
2213 4973 2400 5050 eodem
2421 4972 2626 5028 Joanne
2647 4990 2727 5050 ex
2761 4992 2894 5050 mss.
2927 4980 3208 5035 collectum
3240 4985 3411 5050 palam
3445 4986 3503 5042 fit

1916 5060 1982 5101 ex
2005 5058 2093 5127 eo,
2116 5044 2258 5115 quod
2292 5056 2549 5127 tractatus
2579 5045 2754 5101 Solum
2784 5049 2851 5127 87
2884 5050 3146 5127 _a_dtnist_is
3190 5044 3350 5108 etiam
3374 5072 3501 5127 sup—

1919 5117 2144 5192 positiis.
2196 5126 2494 5192 recenseat,
2524 5130 2647 5192 cum
2677 5121 2895 5187 genuini
2927 5122 3232 5192 ipsi_plures
3260 5126 3364 5179 sint
3391 5144 3405 5192 ;
3438 5117 3502 5184 ac

1917 5189 2056 5261 inter
2084 5196 2311 5241 caeteros
2335 5189 2583 5261 omiserit
2610 5195 2892 5244 tractatum
2922 5192 2987 5245 de
3012 5189 3176 5255 Iuda,
3211 5211 3369 5261 quem
3393 5189 3503 5254 lla-

1917 5258 2122 5331 therius
2150 5266 2339 5331 quater
2365 5258 2634 5331 allegavit.
2690 5265 2755 5315 At
2782 5277 2899 5315 cum
2924 5263 3162 5331 ejusdem
3194 5258 3330 5322 tituli
3362 5282 3501 5327 trac-

1916 5338 2055 5411 tatus
2086 5328 2332 5411 l_ta_c_illac
2361 5330 2413 5383 in
2442 5328 2572 5385 mss.
2605 5328 3153 5411 dispersos_colligere
3183 5338 3283 5411 sibi
3317 5356 3501 5411 suntp-

1914 5400 2065 5463 Serit,
2093 5399 2196 5453 labi
2225 5400 2669 5467 incompntando
2698 5402 2849 5457 facile
2884 5402 3011 5466 fuit;
3033 5399 3109 5457 'et
3136 5407 3313 5464 liacde
3338 5399 3499 5468 causa

1923 5470 2077 5525 sicuti
2125 5472 2383 5596 quosdam
2413 5473 2650 5540 ejusdem
2680 5471 3042 5542 inscriptionis
3074 5485 3334 5535 tractatus
3364 5499 3415 5536 v.
3444 5502 3497 5556 ς.

1923 5542 1988 5596 de
2012 5542 2123 5596 Exo
2164 5549 2358 5596 0.etc..
2390 5546 2671 5596 pauciores
2692 5544 2911 5596 notavit.
2936 5561 3093 5596 (tuam
3126 5548 3176 5596 in
3194 5565 3326 5596 mss-
3352 5568 3496 5596 sn...-

2164 5546 2671 5623 o,etc._,_patici0£es
2692 5544 2911 5623 notavit,
2936 5561 3099 5619 quam
3126 5548 3176 5601 in
3193 5565 3327 5605 mss.
3351 5544 3497 5623 soni;

1921 5612 1991 5695 ita
2012 5628 2063 5695 Ae
2104 5611 2449 5695 contra_illos
2483 5614 2549 5669 de
2578 5611 2771 5695 Genesi
2819 5611 2998 5695 plures
3027 5616 3321 5695 retensuit,
3356 5611 3500 5695 quod

1920 5682 2059 5739 forte
2103 5684 2185 5739 bis
2231 5685 2315 5741 vel
2346 5692 2428 5740 ter
2455 5682 2701 5757 eumdem
2735 5682 3044 5757 tractatum,
3077 5692 3282 5749 codicis
3312 5682 3503 5757 'tit'nlos

1918 5769 2232 5824 excurrens,
2261 5756 2577 5813 numeravit.
2856 5785 2867 5793 -
