3820 6220
351 280 462 336 259
1416 262 1419 265 ’
1596 302 1599 305 -
1705 264 1859 320 PRO]

2112 262 2241 319 ENA.
2426 314 2433 323 ,
3531 250 3620 305 ita

356 393 556 464 nuerit‘
580 404 591 443 :
618 404 680 446 ac
709 387 934 461 proinde
966 386 1053 442 isti
1093 391 1296 441 sanctae
1324 380 1453 438 Sedi
1484 378 1809 450 Apostolica:
1846 376 1955 433 Ro—
1982 379 2028 440 A
2059 377 2355 448 principem
2376 375 2777 445 episcoporum,
2818 367 3086 426 lncredem
3119 363 3509 435 apostolorum,
3542 380 3620 432 po-

361 460 556 539 mante
606 495 736 543 sure,
807 477 1153 546 omniumque
1215 472 1454 528 fidelium
1516 470 1949 525 Christianorum
2059 480 2249 525 testate
2281 468 2521 533 Petrum,
2557 466 2811 520 unetione
2859 461 3129 518 Christum
3182 458 3267 525 (ut
3298 454 3473 510 Sancti
3509 453 3621 508 Ber-

365 576 544 644 matri,
576 573 716 630 unde
749 585 934 626 norma
954 574 1109 625 recte
1137 565 1416 629 credendi,
1447 572 1700 634 recteque
1738 556 1972 618 vivendi
2059 560 2210 617 nardi
2261 560 2438 615 verbis
2492 555 2753 634 utamur)
2800 568 3011 609 sacrum
3065 545 3424 606 Cardinalium
3474 542 3621 599 Colle.

362 668 595 744 petenda
623 675 724 733 est,
758 678 967 720 summa
999 677 1120 718 cum
1145 657 1494 716 veneratione
1521 656 1779 728 paruerit.
1809 655 1955 710 Inter
2036 655 2225 726 ,gium,
2257 660 2312 708 et
2342 652 2591 707 universa
2622 630 2926 706 Christiana
2969 643 3272 716 respublica
3302 638 3538 711 agnoscit
3578 647 3624 691 et

296 768 301 773 ’
364 731 466 823 itos
496 765 777 835 episcopos
806 760 864 815 Β.
899 758 1048 814 Zeno
1074 766 1283 829 martyr
1326 753 1520 810 ordine
1560 761 1783 813 octavus
1830 760 1955 807 est:
2060 755 2372 812 veneratur,
2448 754 2505 802 et
2564 743 2899 815 Augustinus
2956 737 3259 797 Cardinalis
3304 734 3527 791 Verona:
3570 731 3626 785 ad

368 863 460 936 qui
500 860 587 915 vix
633 857 761 914 dum
815 856 1072 927 migrarat
1115 853 1169 908 in
1210 850 1433 916 omium,
1473 863 1594 905 cum
1625 862 1747 902 eum
1771 845 1972 901 civitas
2065 839 2272 898 Sixtum
2305 838 2346 894 V
2372 853 2529 909 quem
2553 852 2761 909 summa
2784 832 3131 891 veneratione
3152 829 3512 903 prosequitur,
3541 836 3633 881 eta
3728 833 3767 857 '

367 920 699 1012 Veronensis
739 952 840 1007 sibi
890 950 1176 1022 patronum
1204 945 1457 1013 adscivit,
1482 954 1537 1000 et
1564 952 1619 999 ut
1650 942 1808 998 talem
1842 956 1964 1011 per-
2024 986 2027 989 .
2066 948 2173 1004 quo
2187 932 2370 988 multis
2398 930 2692 986 honoribus
2715 938 2770 985 et
2793 920 3636 997 magnisbeneiiciisestaffectus,

370 1058 536 1122 petuo
582 1047 770 1110 coluit,
820 1014 963 1115 quod
1009 1042 1126 1113 ejus
1175 1038 1531 1111 patrocinium
1577 1034 1877 1106 saepissime
1910 1032 1963 1087 in
2068 1044 2129 1084 ea
2152 1027 2366 1082 mittere
2389 1015 2593 1081 debuit.
2618 1023 2736 1113 Non
2767 1023 2952 1079 dubito
2999 1022 3129 1093 quin
3161 1016 3485 1092 pastoralem
3514 1014 3644 1070 hunc

374 1146 489 1201 suis
508 1140 904 1199 calamitatibus
933 1143 1154 1208 experta
1199 1143 1302 1190 est.
1353 1133 1416 1187 Et
1442 1132 1652 1201 piorum
1687 1127 1966 1183 hominum
2068 1120 2309 1176 laborem
2337 1133 2538 1184 meum,
2561 1102 2807 1192 quamvis
2833 1115 3140 1180 minimum,
3163 1110 3367 1167 aestivis
3391 1107 3647 1165 caloribus

374 1238 645 1298 sententia
691 1218 905 1306 acquum
952 1205 1146 1296 fuerat,
1178 1235 1235 1281 ut
1263 1240 1384 1281 cum
1409 1223 1545 1280 Sixti
1573 1222 1617 1278 ll
1644 1221 1804 1292 Papa:
1834 1228 1971 1275 tcm-
2073 1223 2404 1286 susceptum,
2437 1213 2724 1284 probatura
2771 1210 2843 1266 sit
2871 1209 3143 1266 Sanctitas
3187 1205 3381 1263 Vestra
3427 1221 3444 1259 :
3495 1211 3547 1259 et
3592 1216 3652 1256 ex
3706 1208 3713 1213 '

377 1332 598 1406 poribus
626 1339 677 1384 et
702 1300 923 1387 vixerit,
955 1330 1010 1378 et
1031 1320 1307 1391 scripserit
1336 1318 1500 1381 Zeno,
1531 1325 1587 1371 et
1625 1314 1742 1385 ejus
1770 1312 1972 1381 scripta
2062 1311 2335 1382 episcopi,
2369 1310 2728 1379 martyrisque
2768 1300 2984 1381 scriptis
3029 1320 3279 1382 magnam
3330 1303 3401 1358 sit
3442 1312 3654 1371 captura

377 1440 518 1496 pene
559 1421 771 1477 mortua
819 1418 991 1473 altero
1021 1416 1176 1472 Sixto
1224 1412 1268 1468 V
1318 1410 1619 1487 Ecclesiani
1667 1408 1972 1464 universam
2078 1405 2432 1476 voluptatem.
2483 1403 2701 1459 Interim
2734 1401 2878 1458 Deus
2917 1409 3112 1456 auctor
3139 1398 3401 1454 bonorum
3430 1394 3661 1451 omnium

380 1519 701 1576 moderante
726 1513 952 1570 feliciter
972 1508 1384 1573 reviviscerent,
1406 1514 1460 1559 et
1487 1518 1647 1573 quem
1700 1510 1977 1557 auctorem
2046 1492 2049 1493 ⁷
2081 1508 2136 1556 et
2165 1499 2384 1571 largitor
2411 1496 2807 1556 Beatitudinem
2827 1495 3096 1561 Vestram,
3121 1490 3474 1551 Sanctissime
3492 1488 3665 1551 Pater,

354 1622 547 1684 atque
595 1600 932 1663 ltortaturem
971 1604 1193 1659 tacitum
1227 1614 1338 1684 suae
1367 1595 1619 1653 editionis
1661 1594 1978 1657 habuerant,
2083 1591 2240 1671 donis
2267 1592 2380 1648 suis
2407 1590 2576 1662 magis
2603 1593 2654 1647 in
2685 1590 2823 1657 dies,
2849 1600 2909 1644 ut
2937 1587 3089 1654 facit,
3126 1585 3452 1659 locupletet:
3486 1592 3541 1638 et
3563 1581 3671 1637 col-

389 1703 641 1763 cttmdem
673 1709 957 1773 patronum
1008 1681 1267 1751 disertum
1311 1699 1366 1763 et
1400 1688 1666 1745 vindicem
1702 1686 1980 1740 haberent.
2088 1682 2227 1754 legio
2256 1692 2444 1738 nostro
2488 1683 2862 1752 univcrsaeque
2906 1678 3165 1744 ECclesige
3208 1677 3532 1733 incolumem
3552 1673 3670 1758 ‘diu-

389 1747 641 1763 ν.......ν...
674 1747 956 1773 μην-ν.-
1352 1756 1359 1763 ,
2143 1747 2165 1754 -
2777 1747 2789 1752 -

389 1796 635 1865 Denique
664 1801 725 1849 ut
753 1789 1013 1867 opuscula
1072 1783 1399 1843 Veronensis
1445 1779 1702 1837 Ecclesiae
1743 1774 1982 1848 episcopi
2012 1781 2061 1841 B
2089 1776 2295 1831 tissime
2334 1781 2535 1844 servet,
2567 1785 2623 1832 ut
2648 1774 2877 1846 justitia,
2911 1789 3037 1846 pax,
3092 1771 3247 1827 istius
3302 1778 3502 1825 sanctae
3530 1747 3669 1822 sedis

389 1890 626 1948 Zenonis
655 1859 881 1942 Veronae
926 1861 1214 1953 episcopus
1240 1877 1543 1937 illustrare,
1590 1872 1660 1926 ita
1692 1869 1985 1927 cardinalis
2091 1868 2405 1936 auctoritas,
2444 1883 2636 1923 omnes
2692 1867 2921 1923 virtutes
2980 1865 3032 1920 in
3084 1862 3204 1919 dies
3252 1861 3423 1933 magis
3475 1859 3680 1931 vigeant

391 1983 784 2061 adRomanum
810 1977 1139 2055 pontiﬁcem,
1164 1988 1323 2046 quem
1344 1968 1683 2034 sacerdotem
1708 1981 1983 2038 magnum,
2094 1972 2256 2035 atque
2284 1963 2595 2022 ﬂorescant.
3035 1970 3040 1975 ·

465 2093 3631 2141 W

720 2218 1370 2330 RAPHAELIS
1431 2212 1928 2347 BAGATXE
2002 2210 2151 2296 ET
2220 2167 2806 2296 BAPTISTE
2863 2205 3445 2325 PERETTI',

1022 2379 1392 2447 PREFATIO
1420 2377 1487 2434 IN
1519 2358 1808 2434 EAMDEM
1850 2374 2230 2433 EDITIONEM
2277 2375 2530 2462 νεῐιοδι

1874 2374 2230 2433 ΕΒΙΤΙΟΝΕΜ
2277 2375 2747 2462 νΕΒοδΕΝδΕΜ
2776 2374 2889 2432 AN.
2923 2370 3083 2432 1586.
3164 2413 3171 2420 .
3370 2358 3382 2367 ’

485 2623 715 2681 Sanctus
741 2616 886 2672 Zeno
911 2612 1142 2669 Verona:
1171 2606 1480 2683 episcopus,
1509 2611 1565 2656 et
1616 2607 1874 2671 patronus
1902 2589 2004 2647 dif—
2106 2575 2350 2670 oportuit
2392 2600 2535 2657 enim
2603 2596 2789 2671 saneto
2845 2615 3159 2658 sermonum
3209 2598 3419 2657 auctori
3467 2598 3701 2656 ιιιίιηιειιε

415 2712 667 2772 ticillimis
694 2704 1025 2778 temporibus
1056 2703 1108 2757 in
1138 2697 1344 2769 magnis
1374 2690 1793 2764 tempestatibus
1835 2685 2006 2742 adtni-
2111 2694 2351 2765 mariyrii
2384 2695 2637 2767 gloriam,
2672 2682 2833 2769 quam
2880 2696 2954 2751 im
2985 2696 3069 2769 (ul
3096 2696 3421 2763 omittamus
3454 2693 3704 2749 νοωειίε,

412 2807 569 2867 rabili
610 2794 1330 2881 constantiaVeronensem
1381 2786 1522 2844 rexit
1565 2782 1863 2840 Ecclesium
1888 2820 1905 2847 ,
1944 2791 2008 2832 ac
2111 2788 2245 2843 sima
2278 2790 2336 2845 Β,
2368 2790 2617 2861 Gregorii
2661 2807 2835 2864 mpm,
2866 2791 3064 2848 Vener.
3111 2790 3271 2849 Beda!
3296 2833 3311 2856 .
3344 2788 3573 2847 Usuardi
3598 2830 3615 2855 ,
3653 2798 3707 2844 el

417 2898 649 2959 Gallieni
675 2876 1017 2964 imperatoris
1044 2895 1288 2957 tempore
1312 2881 1568 2953 martyrio
1593 2884 1883 2935 coronatus
1904 2881 2008 2928 est.
2114 2881 2341 2938 aliorum
2382 2868 2738 2959 ’msﬁmonia)
2788 2883 3220 2964 recenli§silnum
3268 2882 3707 2955 Manymlogium

415 2992 626 3052 Floruit
649 3005 755 3046 non
785 2984 957 3043 solum
988 2954 1419 3037 νίιωεέιηειίιαιε
1468 2981 1523 3029 ει
1576 2967 1831 3042 paswrali
1882 2964 2015 3038 visi-
2112 2975 2265 3045 jussu
2294 2975 2683 3047 GrogoriiXlll
2714 2954 3270 3033 Pontitai‘ednum
3308 2954 3574 3030 attribuit.
3607 2974 3713 3029 ou-

392 3112 395 3113 '
423 3086 590 3144 latitia
617 3126 634 3155 ,
684 3081 780 3140 sed
824 3077 1067 3137 doctrina
1090 3117 1105 3142 ,
1152 3084 1208 3131 et
1236 3070 1449 3129 dicendi
1488 3066 1684 3133 laude;
1727 3061 1871 3134 quod
1899 3095 1900 3105 ι

2205 3076 2268 3126 let
2294 3072 2522 3126 fortasse
2550 3071 2745 3141 aliquis
2771 3113 2786 3137 ,
2822 3071 2919 3126 bos
2956 3074 3235 3126 sermones
3281 3069 3512 3124 alterius
3542 3067 3713 3122 Zeno-

421 3192 727 3239 sermones.
761 3187 972 3245 summa
1014 3168 1278 3241 gravitate
1334 3176 1388 3220 et
1438 3159 1735 3232 apostolico
1784 3154 2016 3227 quodam
2124 3166 2206 3220 nis
2233 3180 2355 3221 esse
2386 3170 2623 3237 martyre
2649 3165 2987 3237 posterinris,
3030 3162 3263 3220 vermm
3295 3161 3425 3221 item
3452 3160 3715 3233 episcopi.

421 3275 570 3332 illius
598 3268 781 3328 saaculi
806 3266 1001 3337 spiritu
1019 3257 1311 3329 conscripti
1349 3253 1565 3312 abunde
1607 3258 1893 3329 testantur.
1926 3246 2022 3302 Est
2124 3260 2278 3331 cuius
2307 3258 2510 3315 mentio
2553 3258 2611 3313 αι
2651 3272 2680 3312 3
2732 3257 2789 3317 δ.
2838 3257 3125 3315 Ambrosio
3169 3257 3403 3327 epistola
3448 3254 3627 3326 prima
3655 3252 3721 3309 ad

427 3368 571 3425 idem
600 3365 659 3422 S.
687 3362 833 3417 Zeno
863 3359 1007 3414 inter
1030 3352 1424 3411 vetustissimos
1452 3344 1709 3403 Ecclesiae
1728 3340 2023 3429 scriptores
2049 3352 2095 3417 ρ
2126 3352 2430 3425 Syagrium;
2483 3354 2552 3406 Αι
2581 3352 2672 3407 me
2709 3344 2859 3407 locus
2882 3351 3113 3422 primum
3156 3348 3290 3404 nihil
3340 3347 3536 3414 habe“
3583 3346 3726 3401 unde

429 3452 941 3519 connumerandus,
982 3463 1105 3505 erm
1150 3437 1465 3501 doctissimo
1506 3439 1623 3495 viro
1663 3433 1885 3507 Urigeni
1909 3474 1925 3501 ,

2214 3445 2386 3499 tbetur
2413 3428 2517 3501 ille
2557 3444 2703 3501 Zeno
2754 3443 2946 3499 horum
2996 3449 3185 3498 auctor
3224 3456 3345 3497 esse
3387 3454 3722 3516 sermonum.

433 3551 825 3629 gloriosissimo
848 3545 1071 3617 martyri
1095 3540 1368 3614 Cypriane
1390 3536 1617 3609 requalis
1646 3534 1827 3589 fuerit.
1853 3528 1941 3586 ls‘

2219 3537 2334 3593 inde
2363 3552 2471 3623 non
2499 3538 2568 3592 ita
2599 3537 2788 3608 probat
2807 3552 2929 3593 eum
2960 3538 3083 3593 estte
3113 3534 3339 3607 Verona:
3371 3513 3688 3607 episcopum
3714 3576 3727 3601 ,

434 3665 585 3707 route
617 3655 768 3718 pater
798 3640 989 3714 patria:
1018 3638 1326 3694 nominatus
1344 3642 1448 3699 est,
1480 3641 1533 3687 et
1563 3629 1753 3699 doctor
1783 3623 2030 3696 insignis,
2133 3640 2192 3688 ιιι
2218 3620 2521 3686 convincat,
2578 3628 2713 3685 Cum
2764 3630 2909 3685 enim
2958 3630 3017 3687 S-
3068 3628 3391 3686 Ambmsius
3444 3643 3733 3699 aggressus

438 3757 544 3815 quo
567 3737 803 3796 doctoris
839 3733 1057 3790 nomine
1088 3731 1142 3787 in
1175 3726 1413 3785 Ecclesia
1444 3725 1605 3781 etiam
1646 3718 2035 3777 Mediolanensi
2138 3724 2326 3780 fuisset
2352 3723 2644 3806 pradieare
2667 3720 2748 3795 (ut
2774 3723 3001 3794 legimus
3037 3722 3088 3777 in
3123 3721 3230 3785 vita
3279 3720 3337 3778 S.
3368 3720 3590 3777 Eusebii
3633 3720 3736 3776 Bo.

442 3803 749 3895 decoratur.
776 3830 834 3887 In
862 3827 1073 3886 Graecia
1092 3825 1253 3882 etiam
1285 3819 1489 3878 Christi
1525 3814 1873 3886 Evangelium
1899 3828 1950 3883 pr

2228 3818 2315 3875 tite
2356 3803 2606 3887 Episcopi
2651 3816 2798 3872 lib..t
2842 3816 2911 3872 de
2956 3815 3225 3885 episcopis
3274 3813 3736 3880 Bononiensibus)

447 3929 663 3988 dicavit.
698 3925 925 3983 Exstant
966 3919 1109 3992 apud
1140 3932 1238 3977 nos
1286 3915 1445 3987 hujus
1480 3914 1539 3969 S.
1573 3910 1804 3967 Zenonis
1830 3921 2039 3964 sermo—
2142 3920 2408 3996 sacratam
2443 3910 2550 3966 Deo
2571 3909 2958 3981 virginitatem,
2991 3908 3361 3965 Βοηοηῑθηεεε
3389 3907 3509 3979 ejus
3544 3908 3742 3978 ρι-εωί-

352 4026 355 4027 ν
446 4038 547 4080 nes
575 4025 627 4076 in
672 4026 885 4075 vetusto
925 4029 992 4071 ex
1033 4009 1365 4074 membranis
1408 4022 1571 4061 manu
1602 4004 1805 4075 scripto
1832 4001 2037 4056 codice.
2144 3984 2356 4067 catione
2384 4006 2636 4074 permeti,
2667 4002 2859 4058 eodem
2898 3996 3139 4057 EuSebio
3186 4014 3409 4058 auctore
3435 4044 3449 4068 ,
3502 3984 3741 4071 virgines

452 4113 619 4170 Iidem
650 4128 681 4166 a
707 4108 944 4167 Guarino
964 4104 1159 4160 litteris
1187 4101 1391 4159 ercis
1442 4109 1499 4154 et
1540 4091 1960 4152 Latinis-erudit

2233 4098 2398 4151 isuas
2444 4093 2644 4163 passim
2691 4093 3054 4150 Mediolanum
3100 4092 3362 4149 velandus
3407 4093 3739 4170 mittebant:

455 4207 510 4264 in
537 4203 912 4274 antiquissimo
943 4196 1213 4253 volumine
1242 4194 1585 4279 episcopatus
1616 4190 1832 4267 fuerunt
1862 4201 2048 4257 reper-
2149 4190 2303 4269 cujus
2332 4188 2408 4244 rei
2429 4182 2590 4243 etiam
2618 4186 2758 4245 idem
2782 4185 3192 4251 $.7Anibmsius
3230 4185 3480 4242 memini,
3509 4183 3609 4240 ιη),
3634 4200 3652 4241 ι
3677 4162 3747 4239 'de

368 4356 372 4359 .
459 4302 522 4369 ti,
567 4312 621 4356 et
658 4312 690 4352 a
719 4291 1007 4363 bibliopola
1038 4288 1270 4360 quodam
1324 4302 1465 4341 anno
1520 4277 1657 4337 {508
1705 4277 1876 4335 r’udibt

2238 4283 2498 4354 ginibus:
2533 4281 2621 4336 ubi
2653 4283 2815 4365 etiam
2866 4289 3090 4337 testatur:
3125 4280 3381 4360 virgines
3408 4279 3497 4333 vel
3537 4278 3609 4335 ab
3636 4278 3746 4348 ipsa

441 4389 751 4456 'mendosis'
788 4387 1079 4468 admodum
1130 4385 1270 4457 typis
1329 4380 1570 4437 Venetiis
1617 4377 1833 4434 fuerunt
1877 4374 2003 4430 editi
2038 4416 2053 4442 ,
2155 4376 2471 4431 Mauritania
2495 4362 2853 4431 Mediolanum
2889 4416 2903 4442 ,
2933 4382 2993 4430 ut
3017 4353 3326 4447 velareutur
3355 4382 3412 4429 et
3466 4366 3751 4428 sacrare“-

462 4493 523 4551 S.
572 4487 805 4546 Zenonis
855 4463 1121 4546 nomine,
1172 4488 1229 4531 ttt
1277 4475 1347 4533 de
1400 4487 1585 4529 eorum
1636 4480 1857 4525 auctore
1908 4468 2057 4523 nullo
2159 4478 2265 4536 tur,
2291 4469 2539 4523 venisse:
2571 4466 2759 4522 eadem
2811 4467 3019 4522 ratione
3057 4463 3389 4521 credendum
3436 4463 3755 4534 est,vtrgi-
3818 4522 3820 4525 ,

465 4586 630 4644 modo
658 4583 728 4639 sit
757 4574 1128 4635 dubitandum.
1158 4570 1314 4627 Nunc
1341 4582 1469 4624 vero
1498 4554 1840 4637 politioribus
1871 4561 2059 4616 formis
2160 4576 2283 4615 nem
2310 4560 2454 4615 illam
2489 4558 2742 4613 lndiciam
2769 4559 3010 4621 nomine,
3043 4558 3111 4614 de
3148 4571 3251 4628 qua
3294 4556 3369 4611 ibi
3407 4554 3467 4611 ﬁt
3513 4556 3754 4621 mentio,

469 4689 659 4741 exacte
685 4669 968 4742 recogniti,
1000 4662 1271 4721 emendati
1301 4670 1355 4716 et
1410 4656 1725 4726 ettpurgati,
1777 4651 2061 4728 Augustini
2162 4650 2446 4710 Mediolani
2477 4668 2504 4707 a
2534 4654 2592 4708 S.
2627 4646 2915 4707 Ambrosio
2940 4651 3115 4707 eidem
3155 4649 3357 4705 Zenoni
3397 4650 3516 4704 viro
3556 4656 3758 4704 sanch

470 4716 658 4741 mou-av
686 4716 808 4730 ww
1486 4716 1494 4726 ,
1585 4716 1611 4724 ,
1714 4716 1721 4720 ,
1864 4716 1889 4722 _
2020 4724 2022 4728 _

470 4769 671 4829 Valerii
694 4716 924 4822 Verdnae
953 4760 1079 4815 item
1102 4751 1366 4826 episcopi,
1411 4760 1465 4805 et
1493 4748 1551 4805 S.
1576 4747 1642 4801 R.
1675 4745 1740 4801 Ε.
1771 4741 2141 4804 cardinalisJ)
2166 4746 2444 4816 memoria:
2511 4743 2840 4815 probandam
2918 4753 2972 4797 et
3020 4740 3447 4798 benedicendam
3472 4740 3759 4819 {traditam
3818 4716 3820 4767 ί

471 4857 844 4923 illustrissimi,
878 4865 931 4910 et
951 4846 1386 4908 reverendissimi
1407 4842 1561 4913 jussu
1588 4854 1684 4911 pro
1714 4836 1898 4893 solerti
1922 4837 1979 4905 ejt

2247 4836 2463 4917 sSeqjd
2492 4840 2650 4894 ‘enitn
2682 4837 2843 4893 facile
2877 4852 2944 4892 ex
2980 4835 3165 4891 eadem
3195 4834 3425 4904 epistola
3464 4834 3755 4905 colligitur.

476 4958 624 5027 vigili
669 4964 725 5010 et
755 4950 911 5007 solita
935 4943 1188 5019 pastorali
1218 4955 1348 4995 cura
1378 4934 1629 5006 impressi
1659 4942 1783 4988 sunt
1809 4973 1823 4996 ,
1852 4940 1927 4986 Aet
1955 4930 2064 4985 dis-
2171 4934 2337 4990 Soror
2359 4932 2499 4988 enim
2529 4931 2641 5001 ipsa
2669 4932 2724 4986 S.
2760 4929 3026 4985 Ambrosii
3054 4971 3068 4995 ,
3102 4942 3221 4982 cum
3248 4924 3720 5016 esset.Mediolani
3745 4968 3761 4994 ,

670 4996 725 5010 ν.
756 4996 911 5007 νη.--
1458 4996 1468 5006 _
2550 4996 2564 5001 _

477 5046 666 5105 tributi
690 5044 841 5116 juxta
872 5038 1141 5095 eruditum
1173 5033 1320 5087 illum
1352 5028 1620 5092 ordinem,
1651 5040 1810 5095 quem
1842 5023 1923 5076 vir
1945 5024 2065 5077 exi-
2172 5036 2408 5082 ιρδιδιιηι
2430 5012 2687 5095 ιηαίδιηη,
2718 5023 2901 5080 “om,”
2932 5021 3075 5077 domi
3105 5036 3215 5075 sum
3245 4996 3537 5074 Ambr'Osio
3557 5019 3762 5075 Mm“.

479 5143 605 5198 mia:
632 5110 890 5194 doctrina:
920 5141 975 5188 et
1018 5126 1202 5200 judicii
1235 5122 1297 5179 [θ.
1331 5120 1479 5176 Felix
1510 5116 1798 5173 cardin‘alis
1824 5114 1891 5169 de
1919 5112 1987 5169 Mt

2311 5117 2565 5172 tbitasse:
2596 5116 2840 5187 quaedam
2878 5129 3006 5170 vero
3046 5112 3273 5168 Paterna
3304 5113 3524 5166 nomine
3549 5110 3613 5167 S.
3644 5115 3768 5165 Am-
3818 5152 3819 5159 η

481 5231 670 5298 tealto,
701 5243 841 5285 nunc
864 5226 922 5282 S.
960 5223 1022 5279 ι).
1046 5220 1111 5277 Ν.
1134 5219 1316 5275 Sixtus
1343 5213 1384 5269 V
1414 5214 1463 5268 in
1493 5227 1586 5266 sua
1610 5224 1831 5280 operum
1859 5207 1917 5267 S.
1942 5208 2071 5261 Am-
2175 5211 2342 5266 brOsii
2368 5209 2467 5281 (sic
2496 5210 2584 5263 ille
2611 5210 2781 5279 ipsam
2824 5206 3076 5278 appellat)
3107 5205 3235 5265 ﬁlia.
3265 5220 3561 5275 numquam
3579 5205 3651 5262 ab
3683 5202 3770 5259 In.

482 5328 648 5385 brosii
686 5324 921 5381 editione
965 5325 1184 5374 secutus
1233 5322 1354 5369 est:
1392 5309 1595 5379 primus
1640 5306 1781 5360 enim
1829 5304 1977 5359 locus
2007 5303 2074 5357 iis
2178 5302 2313 5357 dicia
2337 5301 2711 5357 discesserat:
2736 5300 2935 5382 Indicia
2976 5309 3154 5354 autem
3197 5298 3459 5363 Veronae,
3494 5312 3604 5367 quo
3640 5311 3769 5353 cum

488 5417 829 5477 sermonibus
856 5411 1144 5467 attributus
1173 5416 1279 5473 est,
1311 5404 1401 5474 qui
1432 5399 1632 5456 veteris
1661 5396 1967 5453 testamenti
1999 5396 2079 5451 ιο-
2181 5410 2369 5451 sorore
2398 5410 2493 5448 sua
2522 5410 2657 5449 nova
2686 5376 2850 5461 nupta
2897 5392 3136 5465 profecta
3181 5394 3355 5449 fuerat
3378 5433 3393 5455 ,
3427 5392 3570 5462 apud
3611 5406 3730 5448 eam
3754 5434 3770 5459 ,
3818 5376 3820 5379 l

488 5522 584 5570 cos
618 5510 938 5581 explanant:
977 5503 1253 5573 proximus
1299 5498 1406 5552 illis
1435 5538 1449 5563 ,
1493 5494 1586 5565 qui
1618 5493 1740 5578 novi
1767 5510 1778 5545 :
1810 5501 2080 5562 postremo
2184 5488 2387 5557 pariete
2410 5501 2586 5541 tamen
2616 5486 2917 5556 interjecto.
2946 5502 3113 5558 parvo
3150 5486 3362 5541 videtur
3404 5480 3652 5553 tetttpttre
3679 5481 3777 5537 ha.
3818 5544 3820 5555 Ι

494 5607 613 5663 loco
639 5562 812 5674 ii,rqui
860 5599 927 5656 de
956 5595 1246 5652 virtutibus
1287 5600 1341 5648 et
1371 5592 1513 5645 vitiis
1545 5572 1809 5653 tractant,
1835 5583 2085 5641 collocati
2187 5581 2428 5637 bitasse:
2460 5580 2599 5636 unde
2628 5589 2851 5651 apparet
2875 5578 3131 5635 indiciam
3160 5576 3311 5642 alibi,
3333 5590 3496 5647 quam
3529 5572 3773 5637 Verona.

492 5709 637 5756 sunt.
681 5667 882 5765 'N-eq’ue
929 5702 1061 5745 vero
1109 5683 1471 5756 reprehendat
1511 5681 1776 5751 quispiam
1833 5675 2087 5748 martyris
2188 5682 2396 5730 saerata
2426 5673 2676 5745 virginali
2701 5671 3078 5729 benedictione
3104 5668 3410 5741 insignitum
3434 5667 3629 5734 fuisse,
3647 5684 3777 5737 pra:-

495 5802 692 5847 nomen
715 5761 840 5841 huic
867 5772 1383 5844 editioniadditum,
1406 5788 1513 5844 quo
1542 5772 1726 5855 rudior
1768 5769 1860 5826 illa
1898 5776 2084 5826 caret:
2192 5766 2381 5824 sertim
2410 5781 2531 5823 cum
2563 5774 2685 5838 post
2710 5774 2789 5825 tot
2814 5779 2985 5822 annos
3004 5778 3034 5820 a
3061 5761 3439 5821 benedictione
3465 5800 3482 5829 ,
3529 5769 3591 5818 ut
3616 5761 3785 5833 inquit
