3820 6220
75 250 167 306 ριι
205 272 207 274 ·

1131 250 1357 309 PRIEF.
1401 251 1470 310 IN
1508 252 1687 311 EDIT.
1731 255 1984 314 VERON.
2025 256 2190 315 ΑΝΝΙ
2233 260 2393 319 1⁵386.

3252 267 3359 323 242

74 371 125 426 8.
157 367 504 439 Ambrosius,
539 379 669 428 nota
709 369 1072 441 corruptionis
1116 369 1445 425 inureretur.
1493 370 1961 449 Acco-A‘rritania
2011 376 2273 430 coronati.
2344 377 2433 433 llis
2480 375 2730 450 profecto
2779 384 2834 436 et
2883 377 3187 450 hujusmodi
3240 381 3361 438 aliis

73 460 141 515 dit
162 471 423 532 praeterea
454 462 723 519 Ecclesia:
756 460 1084 519 Veronensis
1115 461 1375 533 perpetua
1404 461 1625 518 traditio
1648 503 1665 529 ,

72 570 220 625 quam
245 556 409 612 certis
434 558 740 614 rationibus
770 558 978 613 lit-mam
1010 572 1078 613 ex
1104 556 1385 612 Canouum
1417 557 1669 627 praescri-

75 659 159 720 pto
184 650 318 705 tueri
341 650 633 719 debemus,
657 668 775 724 qua:
797 662 991 722 praeter
1018 651 1293 707 Zenonem
1326 649 1666 720 episcopum,

74 750 124 795 et
153 754 446 815 martyrem
478 744 608 814 (qua
639 744 708 799 de
738 759 795 799 re
839 744 890 799 in
940 742 1127 807 libello
1155 742 1221 798 de
1259 742 1472 799 Sanctis
1501 740 1669 797 Vero-

77 835 648 907 uensibustepiscopis
691 837 911 893 uberius
962 845 1248 892 tractatum
1298 834 1414 908 est)
1462 835 1673 890 nullum

74 924 225 979 alium
269 925 549 983 Zenonem
601 914 819 1000 agnovit
859 926 1214 1001 episcopum:
1248 943 1420 1000 quam
1451 928 1667 999 quidem

75 1018 411 1075 traditionem
441 1029 673 1077 testatur
688 1023 849 1078 etiam
873 1022 1248 1095 episcoporum
1280 1022 1669 1096 veronensinm

76 1110 314 1166 seriestin
338 1113 469 1168 aula
492 1114 797 1186 episcopali
822 1115 1056 1186 depicta,
1087 1117 1137 1170 in
1161 1132 1266 1187 qua
1293 1131 1431 1172 unus
1463 1125 1667 1188 tantum

77 1202 212 1259 Zeno
245 1203 356 1259 \‘lll
388 1207 683 1279 episcopus
726 1208 985 1264 cernitur.
1037 1210 1188 1266 Dicet
1230 1211 1404 1279 alius,
1440 1198 1521 1288 tab
1544 1226 1672 1269 auc-

78 1309 186 1355 tore
208 1298 395 1356 borum
422 1316 744 1359 sermonum
783 1304 1087 1364 confutatos
1113 1320 1235 1362 esse
1269 1320 1483 1361 errores
1511 1304 1626 1360 Arii
1652 1346 1666 1373 ,

76 1392 160 1461 qui
183 1391 303 1447 vivo
343 1392 575 1451 Zenone
601 1407 840 1469 martyre
887 1412 992 1451 non
1038 1405 1173 1452 erat.
1215 1396 1666 1467 Respondemus.

77 1497 204 1539 cum
220 1482 561 1554 Epiphanius
581 1486 782 1541 scribat
805 1497 1009 1560 patrem
1032 1486 1145 1542 Arii
1170 1486 1336 1543 fuisse
1354 1486 1641 1557 Origenem
1655 1529 1669 1553 ,

79 1586 127 1631 et
148 1576 202 1632 S.
234 1575 477 1634 Thomas
510 1577 714 1634 fontem
760 1578 1001 1650 ejusdem
1052 1581 1328 1657 exstitisse
1352 1623 1365 1647 ,
1416 1596 1669 1651 errores,

61 1658 162 1739 'qu’i
190 1668 256 1722 ab
279 1670 411 1724 Ario
440 1669 777 1727 disseminati
810 1681 960 1739 sunt,
989 1671 1155 1730 fuisse
1199 1683 1486 1745 antequam
1510 1673 1672 1730 Arius

1767 462 2175 534 quamplurimis
2220 454 2623 538 antiquissimus
2655 470 2846 525 horum
2886 484 3199 526 sermonum
3230 486 3360 544 auc-

1770 564 1855 611 tor
1882 555 2307 614 demonstratur.
2357 560 2510 629 Quod
2562 571 2743 619 autem
2770 571 2920 629 tres,
2974 563 3090 619 sive
3132 556 3363 634 quatuor

1769 664 2051 707 sermones
2091 652 2143 706 in
2171 651 2255 707 his
2301 655 2663 725 reperiantur,
2688 671 2826 726 quos
2858 655 2916 713 S.
2948 656 3149 712 Ze’noni
3198 656 3363 727 aliqui

1769 750 1961 813 putant
1983 744 2215 801 adscribi
2244 762 2350 801 non
2384 762 2562 816 posse,
2592 764 2785 821 nempe
2810 751 2899 821 qui
2922 750 3265 818 inscribitur,
3298 752 3363 806 de

1771 833 2039 913 Praecepto
2067 824 2268 892 attende
2294 838 2383 893 tibi
2425 856 2442 892 :
2473 841 2663 895 Sermo
2694 841 2755 895 de
2777 840 3363 919 Evangeliotsecundum
3424 892 3429 893 ,

1770 928 1965 986 Lucam
1986 932 2049 986 de
2071 931 2264 1002 duplici
2292 933 2629 987 tentalionum
2659 934 2827 1007 specie
2851 951 2869 991 :
2893 934 3086 992 Sermo
3124 935 3188 990 de
3210 936 3362 991 Livo-

1768 1040 1844 1089 re,
1877 1035 1923 1078 et
1954 1023 2195 1079 Invidia:
2228 1024 2294 1079 Et
2321 1038 2503 1098 sermo
2530 1024 2593 1081 dc
2621 1024 2865 1097 lejunio:
2895 1028 2984 1099 qui
3016 1028 3158 1084 inter
3182 1026 3243 1084 S.
3264 1027 3366 1084 Ba-

1770 1116 1875 1172 silii
1901 1118 2151 1172 homilias
2178 1116 2366 1174 Graece
2393 1118 2579 1187 scripti
2601 1122 2937 1188 reperiuntur
2961 1138 2974 1175 :
3005 1121 3253 1191 quamvis
3276 1136 3366 1176 ar-

1769 1220 2021 1290 gumenta
2047 1226 2150 1266 non
2181 1210 2387 1279 desint,
2417 1210 2615 1281 quibus
2645 1211 2870 1281 probare
2898 1211 3087 1268 liceret
3108 1228 3202 1268 eos
3229 1199 3364 1284 quo-

1771 1316 1879 1372 que
1902 1344 1905 1345 γ
1930 1318 2211 1359 sermones
2237 1303 2304 1358 ad
2363 1302 2420 1359 8.
2454 1302 2730 1359 Zenonem
2759 1312 2998 1364 nostrum
3041 1305 3315 1375 pertinere
3347 1308 3363 1371 ,

1772 1407 1893 1449 cum
1925 1395 2083 1466 etiam
2116 1395 2375 1466 plurimos
2431 1410 2645 1452 summo
2697 1395 2877 1452 studio
2944 1407 2999 1451 et
3035 1393 3367 1467 graviSsitnis

1774 1487 2050 1543 laboribus
2083 1490 2132 1543 in
2181 1486 2384 1545 Grmcia
2417 1491 2586 1545 multo
2631 1499 2756 1546 ante
2785 1489 2843 1546 8.
2888 1488 3143 1545 Basiliam
3176 1487 3367 1561 praadi-
3446 1500 3451 1503 ‘

1774 1578 1948 1635 cando
1978 1580 2044 1634 ad
2076 1579 2232 1636 {idem
2259 1580 2459 1637 Christi
2497 1570 2883 1649 converteret;
2922 1590 3102 1637 tamen
3132 1597 3193 1639 ea
3223 1583 3274 1637 in
3306 1598 3367 1638 re

1773 1672 2094 1727 contentiosi
2142 1686 2262 1728 esse
2294 1672 2559 1729 nolumus.
2596 1674 2675 1729 Ad
2704 1673 2755 1730 id
2784 1689 2936 1742 vero,
2987 1672 3130 1745 quod
3178 1683 3367 1729 auctor

82 1769 390 1815 nasceretur
414 1776 430 1815 :
466 1772 527 1816 ut
554 1776 771 1818 errores
800 1762 1021 1818 Lutheri
1047 1805 1062 1825 .
1114 1772 1400 1836 antequam
1442 1764 1671 1837 pestife-
1701 1761 1749 1823 B
1777 1761 2123 1819 bibliothecae
2152 1773 2354 1818 sanetze
2381 1764 2592 1833 scribit,
2624 1779 2817 1835 nempe
2844 1776 3051 1836 sept'rn
3083 1776 3365 1831 sermones

80 1867 189 1908 ram
220 1854 364 1909 illam
398 1855 656 1911 lirrresim
689 1844 1411 1923 Luthcrusdisseminasset,
1436 1859 1672 1915 convicti

83 1943 315 2018 fuerunt.
338 1946 499 2015 Quod
533 1948 577 2003 si
611 1949 657 2003 is
698 1948 990 2004 contendat
1027 1963 1243 2005 errores
1288 1949 1411 2005 illos
1454 1950 1671 2022 Origeni

84 2035 211 2093 falso
240 2039 495 2107 tributos,
526 2049 585 2094 ut
624 2040 935 2111 Pamphilus
971 2048 1176 2113 martyr
1197 2084 1211 2109 ,
1263 2049 1319 2097 et.
1347 2042 1435 2097 alii
1460 2043 1673 2099 nobiles

84 2132 367 2200 scriptores
419 2132 789 2204 putaverunt,
830 2150 937 2190 non
985 2137 1257 2191 convincit
1298 2130 1515 2192 causam
1565 2152 1671 2192 non

88 2225 265 2293 fuisse,
298 2238 353 2281 ut
382 2226 442 2284 S.
495 2229 699 2285 Zenoni
732 2244 954 2285 necesse
984 2245 1090 2285 non
1134 2230 1321 2300 fuerit,
1352 2230 1498 2285 illam
1546 2227 1670 2301 pes-

89 2327 209 2384 tem,
240 2319 381 2389 quod
412 2320 586 2375 Filius
620 2339 723 2375 non
756 2324 826 2375 sit
856 2332 1158 2377 coaeternus
1182 2321 1351 2388 Patri,
1396 2321 1670 2379 refellere.

88 2410 228 2479 Quod
258 2413 539 2483 objicitur,
567 2429 895 2470 sermonem
924 2416 993 2471 de
1029 2416 1359 2471 centin'entia
1408 2432 1511 2470 non
1554 2409 1675 2473 esse

88 2506 139 2560 S‘.
168 2505 398 2563 Zenonis
446 2508 699 2580 martyris
722 2548 736 2573 ,
768 2522 890 2562 cum
922 2508 973 2561 in
1018 2521 1084 2562 co
1114 2508 1322 2578 legatur
1346 2516 1535 2564 auctor
1576 2509 1674 2564 ab-

91 2596 246 2653 fuisse
270 2615 298 2653 a
321 2592 380 2655 8.
413 2599 567 2655 Pauli
592 2600 834 2656 doctrina
850 2599 1120 2672 divulgata
1137 2601 1293 2656 annis
1309 2601 1674 2673 quadringen-

91 2691 152 2744 tis
178 2705 242 2745 eo
261 2693 523 2762 amplius,
547 2704 600 2747 et
629 2702 773 2748 totus
805 2693 1117 2765 pene‘orbis
1157 2702 1283 2749 tunc
1310 2685 1476 2749 fuisse
1502 2693 1677 2749 chris-

93 2782 291 2838 tianus:
324 2784 561 2841 dicimus
591 2794 791 2842 textum
822 2828 839 2851 ,
890 2787 1031 2841 sicut
1080 2785 1263 2841 multis
1309 2786 1362 2840 in
1411 2784 1547 2841 locis
1595 2796 1679 2841 est

92 2873 395 2941 mendosus,
423 2876 496 2931 ita
523 2916 537 2942 ,
584 2884 646 2931 ut
670 2890 817 2945 saepe
846 2875 906 2931 ﬁt
936 2876 986 2930 in
1019 2876 1257 2933 numeris
1281 2916 1295 2941 ,
1339 2876 1407 2931 ibi
1439 2866 1559 2932 esse
1585 2874 1678 2931 de-

91 2978 383 3034 pravatum.
413 2965 537 3023 1am
566 2983 694 3023 vero
734 2982 856 3023 cum
906 2967 1315 3024 disseminatum
1360 2971 1453 3038 per
1490 2982 1677 3024 omnes

91 3060 385 3128 provincias
415 3071 565 3116 esset
595 3061 937 3131 Evangeliuiu
980 3076 1010 3115 a
1044 3061 1224 3115 multis
1265 3070 1540 3131 receptum
1567 3102 1584 3130 ,
1613 3075 1680 3116 eo

1778 1855 1831 1911 in
1860 1856 2160 1926 psal..quos
2201 1856 2555 1923 cnumeravit,
2584 1870 2706 1911 esse
2732 1855 3051 1926 descriptos
3078 1870 3147 1912 ex
3176 1857 3246 1912 -8,
3275 1854 3366 1911 lli-

1780 1949 1898 2004 larii
1951 1948 2375 2013 commentariis,
2426 1947 2652 2003 dicimus
2701 1947 2850 2003 illum
2880 1946 3057 2018 quoad
3083 1962 3367 2004 numerum

1775 2054 2025 2097 errasse:
2057 2052 2339 2096 sermones
2365 2038 2507 2095 enim
2550 2039 2603 2094 in
2640 2038 2777 2110 psal.
2808 2054 2975 2094 me
3003 2048 3057 2095 et
3081 2038 3135 2093 in
3168 2039 3303 2109 psal.
3334 2053 3365 2094 c

1776 2135 1828 2190 in
1859 2133 2265 2190 commentariis
2290 2133 2349 2189 8.
2390 2133 2585 2207 Hilarii
2630 2148 2738 2195 non
2768 2134 3145 2203 reperiuntur;
3179 2134 3367 2200 Quoad

1776 2227 2015 2297 reliquos
2037 2229 2301 2297 quinque,
2326 2242 2448 2283 cum
2481 2227 2587 2281 duo
2613 2241 2896 2281 sermones
2914 2225 2982 2281 de
3002 2223 3200 2297 psal‘m.
3223 2241 3365 2282 cxxx

1776 2320 1828 2375 in
1862 2318 1944 2374 his
1972 2319 2313 2375 sermonibus
2335 2319 2582 2390 legantur
2605 2360 2618 2381 ,
2662 2321 2933 2373 secundus
2960 2328 3093 2374 vero
3117 2320 3185 2374 sit
3206 2320 3369 2375 ‘certis

1778 2414 2099 2484 quibusdam
2128 2397 2426 2479 vocabulis;
2457 2423 2510 2470 et
2542 2412 2731 2470 iisdem
2764 2412 2875 2470 fere
2905 2414 3191 2471 sententiis
3214 2414 3365 2469 simi-

1780 2507 1845 2562 lis
1871 2506 2056 2577 priori,
2107 2506 2195 2576 qui
2223 2490 2438 2577 quidem
2469 2507 2617 2577 priOr
2655 2506 2713 2560 in
2756 2506 3159 2562 commentariis
3189 2505 3247 2561 8,
3278 2505 3369 2561 Hi-

1781 2600 1896 2655 larii
1924 2600 2350 2670 nonrreperitur;
2381 2614 2503 2655 eum
2549 2599 2710 2655 etiam
2735 2642 2750 2666 ,
2798 2598 3095 2656 secundum
3125 2597 3367 2665 scilicet,

1779 2691 2006 2747 dicimus
2037 2706 2066 2745 a
2109 2692 2164 2747 8.
2212 2690 2429 2747 Zenone
2452 2705 2603 2746 more
2627 2705 2725 2746 suo
2756 2689 2925 2746 fuisse
2951 2690 3126 2761 aliqua
3158 2691 3370 2745 ratione

1780 2787 2087 2857 repetitum,
2146 2794 2199 2847 et
2250 2794 2534 2856 propterea
2566 2783 2633 2839 ad
2663 2784 2809 2839 illum
2840 2784 3144 2859 pertinere,
3193 2782 3288 2840 sed
3318 2783 3373 2840 in

1750 2866 2183 2933 'commentariis
2210 2877 2266 2934 8.
2302 2877 2485 2932 Hilarii
2516 2877 2582 2932 ab
2628 2878 2809 2949 aliquo
2851 2876 3016 2933 fuisse
3066 2877 3323 2932 insertum
3355 2917 3371 2943 ,

1778 2970 2237 3042 quemadmodum
2260 2970 2502 3026 videmus
2528 2969 2672 3025 inter
2701 2986 2863 3041 opera
2898 2969 3234 3042 Hieronymi,
3262 2968 3374 3023 Au-

1782 3068 1979 3137 gustini
2036 3076 2088 3121 et
2114 3066 2414 3135 aliquorum
2449 3074 2757 3120 sanctorum
2792 3065 3005 3119 Patrum
3036 3063 3326 3119 conciones
3355 3103 3371 3130 ,

93 3150 139 3203 in
166 3151 501 3236 locoauetor
531 3153 721 3223 ponit,
752 3162 807 3206 ut
837 3152 930 3218 fit,
975 3160 1143 3207 totttm
1176 3166 1272 3222 pro
1311 3161 1483 3224 parte.
1529 3151 1593 3206 At

1873 3161 2081 3216 libellos
2113 3176 2217 3215 non
2253 3159 2565 3231 ignobilium
2606 3168 2884 3213 auctorum
2928 3156 3232 3227 irrepsisse.
3288 3154 3370 3209 Au

91 3233 322 3311 quissimi
344 3246 587 3327 auctoris
606 3254 690 3300 est
719 3244 996 3311 iudicium,
1022 3258 1142 3300 cum
1172 3259 1316 3311 saepe
1347 3233 1429 3305 ad
1461 3243 1677 3299 Jndazos
1723 3241 1731 3253 '

94 3351 363 3393 sermones
392 3338 643 3395 habuerit
667 3356 682 3392 :
710 3338 1125 3394 catechumenos
1152 3338 1219 3393 ad
1255 3340 1680 3409 im‘mergendum

94 3444 147 3485 se
173 3432 221 3486 in
243 3446 457 3487 sacrum
490 3433 690 3488 fontem
719 3434 1023 3488 invitaverit
1048 3450 1061 3487 :
1092 3432 1507 3504 reprehenderit
1533 3434 1681 3490 Grte.

94 3538 180 3578 cos
208 3535 331 3579 tunc
360 3525 432 3580 ad
463 3524 624 3593 fidem
646 3525 844 3580 Christi
872 3540 1199 3595 conversos,
1232 3508 1374 3595 quod
1405 3541 1538 3580 vana
1586 3541 1682 3581 sua

100 3618 351 3688 sapientia
394 3618 564 3685 etiam
608 3620 661 3673 in
688 3617 988 3674 Ecclesiam
1040 3619 1131 3674 Dei
1182 3634 1316 3674 rana
1342 3618 1583 3690 qumdain
1616 3618 1684 3674 de

99 3710 198 3765 Deo
228 3712 659 3779 introducerent,
717 3723 774 3766 ut
799 3727 966 3767 scrin.
1001 3727 1018 3766 1
1064 3711 1130 3765 de
1163 3712 1297 3782 psal.
1346 3726 1505 3767 cxxx.
1536 3710 1682 3766 Idem

96 3805 388 3862 ostenditur
410 3850 426 3873 ,
458 3821 581 3861 cum
613 3808 664 3860 in
714 3821 877 3861 serm.
908 3809 972 3860 de
1021 3805 1298 3877 Spirituali
1346 3789 1687 3875 wdiﬁcdtione

96 3900 267 3953 domus
295 3899 392 3955 Dei
413 3910 607 3955 auctor
632 3899 966 3954 demonstrat
992 3939 1007 3965 ,
1055 3907 1181 3955 tunc
1224 3915 1331 3953 non
1382 3898 1549 3953 fuisse
1574 3899 1685 3969 jam

97 3993 282 4061 templa
308 3991 638 4049 Christianis
688 4001 1019 4056 constructa,
1067 3992 1161 4047 sed
1192 3995 1404 4046 novum'
1426 3994 1684 4062 pupulum
1716 3979 1733 3993 ’

96 4097 141 4138 et
171 4086 454 4142 minimum
489 4101 714 4160 numero
745 4086 1017 4140 exstitisse
1043 4103 1054 4139 :
1080 4084 1161 4140 Ad
1190 4085 1500 4167 Neophytos
1525 4100 1719 4163 porro.
1760 4090 1763 4091 ⁷

95 4193 250 4233 scrin.
274 4196 323 4233 tv
350 4190 477 4234 eum
506 4178 574 4234 de
600 4179 665 4234 iis
686 4180 1014 4235 mentionem
1044 4177 1169 4235 facit
1196 4221 1211 4246 ,
1244 4180 1343 4251 'qui
1378 4180 1687 4235 universam

36 4346 39 4347 ν
96 4285 203 4325 rem
233 4272 559 4327 familiarem
604 4272 929 4341 pauperibus
981 4282 1295 4343 erogarent.
1345 4273 1544 4343 quique
1597 4272 1690 4327 Dei
1732 4295 1734 4298 ν

98 4366 359 4435 templum
403 4375 633 4433 essent,
685 4382 807 4421 cum
862 4366 1120 4442 templum
1165 4366 1487 4421 idololatria:
1532 4374 1689 4422 antea

94 4458 443 4514 exstitissent.
502 4457 559 4511 id
607 4458 781 4529 ipsum
819 4468 1077 4538 praeterea
1122 4460 1245 4515 licet
1290 4460 1594 4530 perspicere
1623 4458 1690 4514 ad

1783 3272 1913 3311 vero
1944 3256 2136 3325 reliqui
2160 3249 2395 3326 quatuor
2416 3253 2605 3310 eadem
2632 3255 2840 3308 ratione
2861 3250 3067 3307 fuerint
3096 3250 3148 3304 in
3180 3247 3371 3304 iisdem

1784 3346 2190 3405 commentariis
2238 3345 2447 3413 inserti,
2487 3359 2659 3401 necne
2686 3388 2700 3412 ,
2731 3345 2961 3399 aliorum
2988 3344 3058 3399 sit
3084 3342 3366 3413 judicium.
3444 3412 3445 3415 η

1781 3426 1894 3499 Nos
1923 3457 2073 3510 vero,
2106 3442 2194 3513 qui
2224 3441 2276 3496 in
2300 3440 2489 3496 eodem
2513 3449 2726 3494 vetusto
2751 3438 2939 3495 codice
2967 3451 3128 3491 manu
3156 3435 3374 3505 scripto

1787 3535 1885 3591 hos
1907 3535 2069 3591 etiam
2091 3548 2372 3590 sermones
2397 3530 2556 3587 simul
2582 3547 2703 3586 cum
2727 3538 2975 3602 quatuor,
2996 3530 3151 3601 quos,
3184 3526 3368 3598 utjatn
3400 3603 3406 3610 ‘

1787 3627 2042 3693 diximus,
2085 3626 2224 3696 apud
2252 3625 2310 3681 S.
2352 3624 2606 3680 Basilium
2636 3621 2829 3683 Graece
2847 3621 3147 3692 descriptos
3174 3617 3379 3691 reperi-

1790 3734 1927 3787 mus,
1958 3716 2279 3773 defraudare
2306 3715 2363 3773 8.
2396 3716 2668 3794 Zenonem
2698 3708 2876 3769 debita
2914 3727 3029 3768 sua:
3055 3711 3227 3778 laudis
3255 3724 3380 3783 pos-

1789 3812 2034 3866 sessione
2064 3824 2170 3865 non
2203 3823 2388 3865 sumus
2412 3809 2549 3863 ausi.
2580 3806 2764 3877 Neque
2790 3806 3047 3862 lectorem
3093 3804 3406 3862 debuimus‘
3462 3852 3473 3860 .

1791 3912 1897 3957 tam
1927 3902 2043 3958 utili
2075 3911 2131 3957 et
2171 3902 2405 3972 jucunda
2436 3900 2670 3957 lectione
2700 3890 2932 3970 privare.
2967 3898 3043 3953 De
3063 3897 3206 3969 stylo
3233 3897 3379 3968 quod

1790 3980 2062 4065 objicitur,
2097 3997 2247 4050 vario
2277 3994 2491 4050 dicendi
2517 3994 2674 4050 modo
2703 4008 2985 4049 sermones
3011 3992 3380 4062 conscriptos,

1789 4088 1836 4143 si
1867 4087 1987 4158 quis
2017 4096 2165 4143 recte
2192 4102 2288 4143 eos
2319 4085 2660 4158 perpenderit
2682 4128 2696 4153 ,
2726 4086 3064 4157 paucissimis
3091 4083 3333 4155 exceptis
3360 4127 3375 4152 ,

1790 4179 2031 4250 ejusdem
2084 4178 2207 4250 styli
2249 4178 2586 4249 comperiet;
2618 4179 2799 4233 insunt
2826 4178 2970 4233 enim
3001 4177 3192 4234 eadem
3235 4189 3382 4247 saepe

1792 4272 2049 4329 vocabula
2075 4313 2090 4337 ,
2121 4272 2311 4327 eadem
2343 4272 2628 4347 verborum
2658 4271 2940 4341 dispositio
2985 4280 3040 4327 et
3087 4270 3377 4327 connexio.

1791 4361 1977 4433 Neque
2006 4372 2176 4418 tutum
2202 4371 2288 4417 est
2316 4377 2531 4432 semper
2560 4366 2630 4418 ex
2656 4364 2777 4435 styli
2804 4363 3084 4429 varietate,
3118 4362 3171 4416 in
3200 4362 3385 4432 paucis

1793 4456 2050 4520 maxime,
2078 4455 2147 4511 de
2182 4465 2403 4510 auctore
2448 4455 2561 4509 ﬁeri
2589 4454 2851 4524 judicium
2880 4472 2892 4507 :
2920 4470 3024 4509 non
3054 4455 3198 4510 enim
3218 4447 3402 4524 quili-"

95 4542 399 4623 Neophytos
426 4566 595 4607 serui.
630 4567 660 4605 v
684 4566 805 4605 cum
844 4564 939 4606 eos
981 4550 1225 4621 hortatur
1252 4559 1462 4617 auctor,
1488 4559 1547 4605 ut
1578 4550 1692 4607 ido-
1717 4547 1768 4607 D
1794 4547 1886 4603 bet
1912 4557 2101 4603 auctor
2128 4548 2327 4617 scripta
2360 4564 2452 4602 sua
2480 4547 2667 4601 eadem
2701 4546 2911 4602 dicendi
2950 4546 3129 4617 phrasi
3170 4559 3387 4616 semper

98 4642 356 4699 lolatriam
415 4644 663 4714 fugiant,
712 4654 765 4699 et
806 4659 874 4698 ne
914 4653 1131 4713 captent
1176 4644 1406 4713 amplius
1446 4644 1689 4713 auguria.
1730 4668 1731 4671 η

97 4734 265 4800 Quid?
296 4752 486 4793 nonne
515 4737 563 4790 id
596 4737 741 4792 clare
765 4745 912 4807 patet
942 4752 1009 4791 ex
1038 4750 1202 4791 serm.
1232 4751 1250 4790 ι
1278 4736 1340 4791 de
1370 4733 1576 4804 Pascha
1596 4776 1611 4801 ,
1636 4744 1693 4791 et

97 4843 157 4881 ex
183 4843 346 4884 serm.
371 4829 440 4884 de
470 4827 770 4884 Patirntia?
807 4843 1035 4900 quorum
1082 4830 1256 4885 altero
1302 4828 1694 4899 interpretatur

99 4919 407 4976 autumnum
437 4923 517 4985 sui
548 4922 806 4991 temporis
829 4930 1092 4994 martyres
1118 4922 1454 4992 signiﬁcare,
1484 4922 1695 4988 patien-

103 5012 220 5067 tiam
244 5014 296 5068 in
328 5008 506 5068 aliero
533 5028 787 5068 coronam
817 5024 1116 5085 martyrum
1158 5015 1390 5086 appellat
1424 5012 1692 5084 quotidia-

107 5106 345 5161 natn‘IB.
372 5105 577 5161 Thecla
610 5107 669 5161 8.
699 5105 851 5161 Pauli
892 5116 1067 5177 apost.
1114 5106 1374 5175 discipula
1395 5150 1410 5174 ,
1446 5114 1500 5162 et
1524 5106 1694 5174 prima

107 5200 243 5257 illius
270 5216 435 5258 sexus
468 5210 671 5272 martyr
698 5202 750 5256 in
777 5215 1028 5256 sermone
1074 5200 1136 5255 de
1184 5200 1393 5255 Timore
1421 5201 1471 5254 in
1513 5214 1695 5255 exem-

109 5295 245 5361 plum
274 5297 489 5353 timoris
522 5296 736 5351 Domini
764 5295 1090 5349 'adducitur.
1126 5294 1401 5363 Quosdam
1449 5283 1697 5349 meminit

114 5387 162 5442 in
189 5405 351 5447 serm.
384 5390 449 5445 de
472 5389 863 5444 Resurrectione
891 5388 940 5441 in
988 5387 1288 5443 idololatria
1332 5403 1431 5442 suo
1456 5397 1698 5458 tempore

114 5480 340 5536 obiisse:
374 5492 430 5537 et
456 5482 784 5536 christianos
814 5480 1075 5550 quosdam
1106 5482 1281 5550 arguit
1306 5496 1593 5550 Corporum
1616 5494 1701 5533 re—

116 5576 494 5631 surrectionem
528 5590 636 5628 non
659 5573 966 5630 credentes.
1001 5575 1081 5630 Ab
1117 5590 1185 5631 eo
1212 5585 1471 5644 pra-terea
1501 5574 1704 5630 deseri-

119 5676 199 5735 pta
221 5678 305 5724 est
340 5668 399 5724 S.
424 5667 643 5724 Arcadii
677 5668 926 5740 martyris
946 5669 1073 5733 vita,
1104 5683 1201 5724 suo
1226 5680 1487 5738 tempore,
1512 5676 1570 5723 ut
1600 5667 1705 5724 Pe-

124 5770 231 5817 trus
255 5762 546 5835 episcopus
590 5762 877 5831 Equilinus
908 5770 1151 5829 testatur,
1185 5761 1445 5832 martyrio
1477 5761 1530 5815 in
1561 5761 1707 5816 Man.

1796 4640 2109 4695 contexuit:
2141 4639 2245 4693 hoc
2272 4653 2502 4709 namque
2522 4646 2578 4693 et
2600 4637 2921 4707 Augustino,
2945 4645 3001 4693 et
3024 4637 3350 4709 Hieronymo
3368 4678 3383 4703 ,

1796 4742 1851 4788 et
1876 4732 1995 4786 aliis
2024 4732 2224 4787 sanctis
2251 4732 2514 4795 Patribus,
2548 4732 2845 4809 quiniintno
2881 4741 2935 4786 et
2977 4731 3035 4788 S.
3069 4730 3236 4786 Paulo
3256 4745 3387 4801 apo-

1795 4826 1936 4880 stolo
1962 4826 2251 4897 contigisse
2275 4867 2291 4891 ,
2349 4835 2404 4879 ut
2435 4834 2563 4879 tom.
2600 4840 2636 4879 ιι
2688 4824 2928 4880 Vitarum
2975 4824 3290 4883 Sanctorum
3331 4825 3390 4880 in

1797 4917 2111 4988 praefatione
2138 4918 2203 4972 ad
2254 4919 2512 4974 lectorem
2538 4959 2553 4986 ,
2606 4917 2680 4971 ait
2723 4917 2982 4991 'Aloysius
3028 4916 3388 4987 Lippomanus

1800 5009 1961 5078 hujus
1991 5008 2248 5065 Ecclesiae
2278 5009 2479 5066 Veron.
2515 5011 2800 5081 cpiscopus
2826 5052 2841 5076 ,
2887 4995 3205 5081 quandoque
3236 5024 3394 5080 repe-

1803 5103 1993 5167 rimus,
2026 5111 2081 5158 ut
2106 5118 2203 5174 pro
2232 5104 2495 5169 locorum,
2537 5110 2838 5175 temporum
2864 5144 2879 5171 ,
2935 5109 2991 5157 et
3038 5117 3391 5173 personarum

1799 5202 2056 5272 qualitate
2083 5201 2243 5257 modo
2267 5202 2450 5271 altius,
2479 5201 2639 5259 modo
2666 5198 2955 5262 demissius,
2972 5188 3389 5271 loquantur.lm-

1802 5298 2020 5366 perfecti
2075 5312 2354 5354 sermones
2376 5343 2390 5367 ,
2436 5314 2571 5371 quos
2597 5297 2652 5355 S.
2686 5298 2959 5354 Zenonem
2990 5297 3218 5353 diversis
3250 5304 3392 5354 tem-

1804 5389 2026 5461 poribus
2057 5392 2342 5461 scripsisse
2371 5391 2647 5461 probabile
2667 5399 2768 5457 est,
2796 5390 2866 5446 ab
2890 5389 3069 5463 aliquo
3091 5390 3208 5462 ejus
3232 5389 3395 5445 disci-

1805 5481 2192 5551 pulo‘lideliter
2221 5482 2434 5538 collecti
2463 5494 2621 5549 sunt,
2652 5497 2774 5538 cum
2819 5484 3113 5553 praesertim
3147 5468 3393 5553 quadam

1805 5572 1858 5626 in
1890 5574 1968 5628 eis
1999 5575 2138 5641 sint,
2168 5592 2288 5647 qua:
2318 5566 2650 5632 eadem‘fere
2679 5586 2836 5643 sunt;
2889 5577 3029 5648 quod
3072 5585 3260 5631 auctor
3291 5579 3394 5629 ml-

1809 5668 1953 5723 nime.
1984 5669 2233 5736 fecisset,
2267 5682 2440 5739 neque
2468 5666 2732 5739 quispiam
2789 5669 2958 5734 alius,
2988 5670 3075 5739 qui
3104 5685 3196 5723 eos
3223 5682 3286 5723 ex
3315 5667 3400 5723 di-

1810 5761 1981 5815 versis
2004 5762 2314 5816 auctoribus
2338 5760 2590 5832 Colligere
2612 5759 2892 5817 voluisset.
2926 5760 3005 5816 Ex
3036 5760 3119 5815 his
3148 5760 3307 5831 igitur
3334 5760 3397 5814 li-
