3820 6220
317 302 424 357 245

1708 280 2243 341 PROLEGOMENA.

3513 273 3618 328 εει

320 427 404 472 cet
431 429 780 486 cognoscere,
804 420 999 484 quanta
1020 409 1216 480 injuria
1238 408 1430 462 doctor
1452 403 1747 461 cximiusS.
1769 402 1915 457 Zeno
1943 404 1989 463 Λ
2024 398 2196 452 nesim
2229 397 2527 452 sententias
2557 410 2620 451 ex
2667 395 2814 451 hisco
2844 392 3188 475 sermonibus
3220 393 3373 462 quasi
3429 390 3621 445 floscu-

321 513 515 570 codem
542 511 882 567 bibliotheca:
913 509 1030 561 loco
1062 509 1266 560 honore
1289 517 1387 558 suo
1419 499 1770 555 defraudatus
1804 497 1919 552 fue-

317 608 431 672 rit,
464 587 677 673 scriptis
717 600 828 656 suis
858 596 1298 655 luculentissimis
1342 586 1602 664 spoliatus
1627 633 1642 657 ,
1673 591 1756 645 cui
1805 588 1922 659 epi-

321 701 473 773 nioni
521 707 576 754 et
597 697 800 768 judicio
837 697 888 749 in
922 694 1023 748 hac
1044 708 1105 746 re
1147 705 1254 746 non
1284 689 1415 744 satis
1443 686 1655 742 oculato
1685 683 1922 752 refraga-

230 811 233 814 '
320 802 412 849 tur
442 791 677 850 Blondus
723 788 986 852 Flavius,
1047 786 1123 840 De
1174 784 1437 838 illustrata
1496 779 1650 834 Italia
1701 777 1922 847 regione

322 901 464 942 nona
494 905 508 941 :
532 885 719 940 Petrus
739 882 1025 952 e‘piscopus
1053 878 1334 949 Equilinus
1361 876 1412 929 in
1441 876 1546 929 vita
1576 873 1635 929 S.
1665 870 1920 935 Zenonis,

325 990 381 1037 et
427 980 664 1037 Joannes
722 975 958 1035 Stmfﬂer
1006 973 1366 1042 Justiugensis
1413 967 1825 1024 mathematicus
1875 965 1925 1018 in

325 1073 638 1131 calendario
699 1073 981 1134 Romano,
1030 1068 1121 1136 qui
1171 1066 1322 1136 prius
1370 1061 1636 1131 superiori
1672 1058 1922 1123 saeculo,

328 1180 490 1239 quam
520 1165 661 1236 typis
685 1163 917 1218 fuissent
946 1159 1151 1224 excusi,
1185 1170 1464 1211 sermones
1497 1153 1553 1209 S.
1589 1151 1790 1207 Zenoni
1841 1158 1928 1202 at-

325 1259 592 1314 tribuunt.
625 1253 818 1309 Nostra
851 1267 978 1306 vero
1002 1257 1159 1304 tctate
1182 1255 1377 1318 praeter
1406 1244 1468 1299 F.
1494 1242 1798 1298 Leandrum
1831 1240 1925 1296 Al-

331 1352 546 1408 bertum
604 1346 1002 1401 Bononiensem
1055 1340 1186 1396 0rd.
1235 1337 1409 1393 Prted.
1465 1337 1518 1390 in
1565 1332 1930 1402 descriptione

334 1445 523 1509 Italiae,
563 1452 616 1497 et
641 1439 973 1510 Onuphrium
1001 1433 1319 1491 Panvinium
1360 1433 1412 1486 in
1445 1429 1710 1485 "Chronico
1741 1443 1944 1499 manu-_

335 1537 563 1608 scripto,
591 1549 788 1589 vanam
829 1531 974 1586 illius
1023 1527 1300 1591 trutinam,
1347 1532 1403 1580 et
1441 1522 1702 1593 judicium
1735 1519 1934 1576 refellit

338 1633 483 1689 idem
534 1629 784 1701 Aloysius
823 1626 1225 1696 Lippomanus,
1273 1628 1330 1675 et
1374 1615 1694 1674 Laurentius
1743 1614 1934 1671 Surius

341 1724 732 1782 Carthusianus
758 1763 772 1784 ,
805 1720 905 1774 viri
951 1715 1173 1787 judicio,
1209 1713 1406 1784 pietate
1429 1752 1445 1778 ,
1499 1718 1553 1764 et
1577 1709 1744 1771 varia,
1768 1715 1820 1760 et
1851 1720 1937 1760 re-

347 1819 558 1875 condita
613 1813 917 1870 eruditione
967 1807 1205 1878 insignes
1235 1848 1251 1873 ,
1302 1815 1354 1859 et
1383 1799 1653 1858 sacrarum
1686 1799 1934 1853 historia-

2026 489 2108 544 los
2137 483 2423 558 decerptus
2454 477 2672 543 nomine
2697 485 2929 548 Zenonis
2954 467 3203 552 intexuit,
3237 491 3465 552 uterque
3491 497 3621 535 vero

2028 583 2169 638 inter
2188 583 2508 640 Sanctorum
2537 576 2675 636 vitas
2723 580 3006 652 prudentia
3051 591 3260 633 summa
3286 621 3301 644 ,
3329 576 3624 645 laboreque

2028 675 2334 732 incredibili
2387 676 2643 731 collectas
2691 689 2975 730 sermones
3017 674 3252 743 integros
3298 670 3361 725 Β.
3393 664 3625 725 Zenonis

2031 767 2250 822 nomine
2281 766 2566 836 insignitos
2594 767 2956 820 inseruerunt.
3007 763 3102 818 His
3137 762 3470 834 gravissimis
3499 778 3629 817 auc-

2031 860 2240 916 toribus
2273 860 2482 915 accedit
2510 860 2621 913 vita
2657 859 2714 915 S.
2743 858 2994 923 Zenonis,
3020 873 3138 929 qua:
3159 857 3269 928 jam
3304 859 3488 912 multis
3513 873 3623 942 sa-

2028 955 2164 1012 culis
2195 955 2292 1010 fuit
2317 955 2622 1026 conscripta
2644 997 2657 1020 ,
2713 955 2766 1009 in
2796 969 2897 1025 qua
2927 953 3168 1010 membra
3196 953 3405 1024 aliquot
3436 954 3626 1030 horum

2031 1065 2369 1116 sermonum,
2409 1050 2478 1106 de
2525 1050 2722 1121 quibus
2747 1058 2829 1106 est
2854 1049 3167 1120 disputatio,
3221 1049 3490 1120 leguntur.
3520 1049 3630 1104 Mo-

2030 1157 2222 1197 ncmus
2251 1152 2430 1198 autem
2465 1144 2894 1214 praetermissum
2923 1158 3046 1199 esse
3093 1139 3153 1200 Si
3182 1142 3467 1199 Gaudentii
3517 1144 3632 1212 epi—

2029 1237 2177 1305 scopi
2206 1234 2503 1290 Brixiensis
2531 1250 2838 1292 sermonem
2864 1279 2878 1303 ,
2910 1237 3000 1308 qui
3031 1239 3244 1293 excusis
3287 1238 3632 1293 sermonibus

2031 1327 2091 1384 S.
2119 1328 2354 1386 Zenonis
2398 1330 2570 1384 fuerat
2595 1329 2807 1385 additus
2831 1371 2846 1396 ,
2898 1330 3043 1401 quod
3099 1331 3152 1386 in
3185 1339 3399 1387 vetusto
3447 1329 3636 1384 codice

2031 1422 2400 1493 manuscripto
2421 1438 2526 1478 non
2543 1427 2828 1492 reperitur.
2859 1423 2986 1478 llaac
3006 1423 3075 1478 de
3093 1423 3146 1479 S.
3171 1423 3406 1478 Zenonis
3432 1437 3639 1476 sermo-

2033 1503 2312 1583 nib,tts,'ut
2337 1515 2566 1593 piissimi
2593 1526 2649 1571 et
2688 1514 3058 1586 benignissimi
3109 1515 3340 1586 pastoris
3381 1529 3445 1569 ac
3471 1513 3639 1583 patris

2037 1611 2213 1666 nostri
2244 1609 2516 1676 mandato,
2551 1624 2653 1680 qua
2703 1607 2989 1664 debuimus
3015 1609 3390 1674 observantia,
3420 1621 3640 1677 parere-

2038 1719 2182 1759 mus.
2211 1702 2414 1759 Fruere
2443 1703 2608 1773 igitur
2631 1745 2646 1771 ,
2676 1701 2908 1759 candide
2940 1702 3108 1758 lector
3126 1746 3141 1770 ,
3178 1703 3260 1757 his
3289 1701 3636 1758 sermonibus

2054 1797 2312 1867 martyris
2334 1796 2597 1867 episcopi,
2627 1795 2736 1878 ‘_qui
2768 1810 2962 1865 magno
3001 1795 3092 1850 Dei
3124 1809 3347 1850 munere
3377 1793 3530 1850 nobis
3559 1809 3646 1848 re-

352 1857 558 1875 w........
613 1857 916 1870 ..φωνην
967 1857 1200 1878 ---νο---ὴ
1236 1857 1251 1873 ,
1311 1857 1349 1859 -ν
1391 1857 1400 1858 κ
1458 1857 1465 1858 κ
2202 1857 2220 1867 ,
2367 1857 2382 1867 ,
2522 1857 2536 1866 ,
2586 1857 2594 1861 -
2665 1857 2679 1865 ,
2858 1857 2886 1865 _

352 1927 472 1980 rum
502 1911 552 1964 in
584 1906 770 1978 primis
798 1898 1164 1963 scientissimi,
1194 1901 1282 1966 qui
1315 1911 1420 1950 non
1449 1892 1610 1948 modo
1653 1890 1898 1944 oratione
1919 1929 1934 1954 ,
1967 1857 2016 1922 Β
2047 1888 2159 1943 licti
2185 1897 2330 1952 sunt,
2377 1901 2512 1958 quos
2538 1871 2659 1942 cum
2715 1895 2920 1942 attente
2969 1885 3164 1956 legeris
3195 1927 3208 1952 ,
3240 1886 3444 1951 senties
3497 1895 3548 1940 te
3574 1885 3644 1938 ad

349 2006 442 2062 sed
471 2003 632 2060 etiam
657 2015 757 2056 usu
787 2001 905 2067 ipso
936 1996 992 2052 S.
1027 1991 1262 2048 Zenonis
1291 2003 1412 2045 esse
1443 1987 1740 2041 docuerunt
1765 2025 1777 2045 ,
1808 1995 1943 2051 quo-

342 2099 466 2153 rum
495 2095 630 2150 alter
662 2093 714 2146 in
742 2104 902 2146 suam.
931 2097 1176 2142 catenam
1200 2077 1705 2137 commentariorum
1754 2077 1807 2129 in
1837 2071 1942 2129 Ge-

354 2215 1220 2246 _,__________.________.

2047 1982 2262 2037 virtutis
2314 1991 2369 2038 et
2405 1981 2615 2052 pietatis
2666 1979 2900 2036 studium
2931 1979 3251 2035 mirabiliter
3275 1977 3502 2033 excitari
3530 2020 3544 2042 ,
3588 1986 3647 2032 et
3706 2001 3710 2004 ·

2051 2073 2348 2141 hominem,
2372 2075 2424 2128 in
2437 2089 2544 2145 quo
2569 2071 2818 2130 Christus
2833 2073 3170 2144 loquebatur,
3188 2073 3347 2142 plane
3363 2085 3641 2143 agnosces.

1227 2205 3631 2229 Μ

939 2289 1435 2442 .ΝοΤΪΤΙΑ
1501 2263 2198 2422 LtTTisRABIA
2269 2323 2378 2396 IN
2461 2323 3016 2399 ZENONEM.

1365 2485 1475 2567 (ex
1519 2499 2034 2548 SCHOENEMANNO
2068 2500 2132 2543 Τ.
2172 2498 2221 2559 ι,
2264 2497 2324 2540 P.
2357 2476 2690 2558 312-328.)

431 2759 532 2832 §l.
567 2757 708 2812 Vita.
738 2786 808 2796 —
847 2752 1144 2821 Episcopus
1191 2740 1542 2805 Veronensis,
1594 2737 1662 2793 de
1706 2732 1955 2832 quoad-
2006 2769 2010 2772 ι

359 2825 580 2920 modum
611 2863 777 2921 pauca
821 2853 967 2910 sunt,
1018 2855 1138 2912 qua:
1167 2847 1311 2893 certa
1355 2833 1460 2889 fide
1499 2840 1659 2900 atque
1703 2825 1954 2883 continua

363 2918 858 3001 rcrumimcmoria
903 2934 1206 2989 traduntur.
1280 2927 1539 2988 Fuerunt,
1600 2918 1958 2990 qui‘nomine

365 3038 507 3094 ducti
534 3035 780 3091 Graecum
815 3035 1085 3099 putarent,
1120 3033 1174 3078 et
1201 3021 1486 3092 Anopymo
1517 3013 1748 3086 quodam
1783 3009 1956 3065 versi-

370 3132 589 3186 ficntore
620 3134 754 3179 teste
781 3118 934 3194 Syria
957 3116 1266 3174 oriundum.
1288 3114 1524 3178 Quorum
1542 3105 1956 3162 hariolatiocum

367 3240 465 3296 per
495 3237 554 3276 se
581 3221 650 3274 sit
688 3219 817 3272 satis
856 3214 989 3268 levis
1032 3220 1191 3280 atque
1229 3221 1420 3278 parum
1465 3199 1817 3257 communita.
1847 3207 1958 3250 tum

373 3294 681 3384 infringitur
710 3312 865 3380 plane
895 3305 1146 3361 dictionis
1172 3316 1370 3373 genere
1399 3299 1555 3367 longe
1569 3294 1771 3363 puriori
1805 3301 1964 3375 atque

371 3381 636 3478 propiori,
673 3417 830 3473 quam
885 3399 1104 3455 Grazcus
1151 3389 1528 3466 homostudio
1575 3387 1780 3455 privato
1812 3381 1963 3436 vide-

374 3476 461 3555 tur
482 3476 878 3554 consecuturus
907 3491 1094 3546 fuisse.
1127 3489 1322 3543 Contra
1376 3500 1444 3539 ex
1491 3480 1682 3536 eodem
1717 3476 1838 3547 styli
1872 3490 1966 3529 co-

376 3597 491 3650 lore
521 3608 627 3648 non
672 3589 933 3658 sinejure
961 3569 1060 3640 sibi
1106 3582 1379 3641 videntur,
1411 3577 1500 3647 qui
1548 3572 1842 3629 identidem
1890 3569 1968 3621 di-

373 3687 608 3743 ctionem
639 3683 755 3754 ejus
799 3677 1232 3747 deprrcdicarunt
1283 3671 1380 3724 viri
1431 3664 1732 3722 doctissimi
1773 3663 1974 3717 Casau-

376 3782 574 3846 bonns,
606 3777 857 3833 Barthius
895 3773 1116 3841 aliique,
1145 3767 1455 3822 Africanum
1501 3775 1622 3816 eum
1656 3757 1841 3811 fuisse.
1876 3758 1974 3807 At-

379 3890 487 3946 que
519 3871 644 3926 huic
669 3866 908 3939 opinioni
935 3861 1202 3918 calculum
1235 3857 1544 3926 adjecerunt
1574 3852 1764 3905 fratres
1800 3846 1974 3901 Balle-

381 3941 504 4022 rinii
531 3963 767 4018 editores
798 3976 864 4015 ex
898 3957 987 4011 Tr.
1019 3956 1082 4007 de
1127 3949 1349 4005 Arcadio
1392 3956 1616 4016 martyre
1651 3945 1701 3996 in
1732 3941 1978 4001 Caesarea

385 4056 719 4114 Mauritaniae
784 4065 979 4120 passo;
1047 4045 1198 4114 cujus
1252 4039 1511 4095 memoria
1566 4051 1688 4091 cum
1758 4045 1980 4100 prorsus

386 4149 526 4219 apud
574 4147 825 4214 antiquos
853 4142 1034 4211 ignota
1074 4139 1176 4202 sit,
1201 4133 1318 4192 fieri
1351 4146 1457 4186 non
1505 4128 1749 4199 potuisse
1796 4124 1982 4180 existi-

388 4217 558 4304 mant,
587 4245 644 4291 ut
672 4231 1003 4290 Veronensis
1029 4243 1116 4297 ep.
1151 4233 1295 4279 tanta
1335 4238 1457 4278 cum
1501 4220 1759 4289 religione
1787 4217 1981 4271 natali-

389 4332 524 4385 tium
571 4327 689 4396 ejus
722 4326 865 4380 diem
912 4320 1233 4380 celebraret,
1285 4316 1384 4369 nisi
1435 4315 1705 4384 prmeipua
1751 4307 1982 4378 quadam

391 4423 684 4482 devotione
707 4417 880 4474 eidem
915 4413 1107 4467 fuisset
1137 4407 1384 4462 addictus
1411 4415 1571 4472 atque
1599 4401 1735 4457 adeo
1759 4399 1985 4454 fortasse

344 4515 345 4520 “
396 4531 460 4571 ex
492 4513 681 4568 eadem
729 4507 926 4564 Africae
982 4500 1251 4573 provincia
1302 4496 1596 4559 oriundus;
1637 4492 1987 4547 ostendentes

396 4608 556 4663 simul
609 4621 714 4659 non
743 4603 978 4656 alienum
1023 4615 1059 4652 a
1100 4590 1578 4650 consuetudinibus
1628 4585 1988 4642 Ecclesiarum

400 4698 707 4754 Occidentis
734 4665 1012 4756 fuisse,'ut
1041 4687 1324 4742 Africanos
1357 4682 1565 4738 meritis
1612 4679 1852 4746 insignes
1877 4677 1994 4747 epi-

402 4804 596 4858 scopos
627 4799 680 4842 et
707 4773 934 4840 clericos
961 4789 1230 4841 crearent,
1275 4791 1376 4830 nec
1423 4774 1602 4829 minus
1632 4770 1798 4826 moris
1827 4768 1992 4821 fuisse

405 4879 777 4952 expeditiones
807 4876 859 4928 in
884 4883 1056 4927 terras
1084 4871 1288 4926 Orienti
1317 4866 1617 4934 suscipere.
1665 4861 1828 4917 Iidem
1876 4861 1992 4928 epi-

410 4987 634 5042 scepum
686 4983 807 5024 eum
864 4965 1164 5020 ordinatum
1219 4975 1340 5016 esse
1366 4969 1519 5039 sexto
1551 4957 1671 5009 idus
1697 4952 1999 5008 decembris

410 5080 551 5119 anno
582 5063 687 5118 563
745 5060 1044 5130 (postremo
1071 5053 1292 5120 Juliani)
1324 5051 1588 5106 scribunt.
1632 5045 1846 5101 Juliano
1871 5058 2000 5113 ergo

412 5173 498 5212 an.
530 5156 656 5220 363,
688 5154 795 5208 vita
827 5151 1109 5212 defuncto,
1143 5161 1262 5200 cum
1307 5146 1592 5213 imperium
1640 5143 1706 5195 ad
1757 5140 1998 5195 Ctesares

412 5251 728 5320 religionem
753 5243 1104 5305 christianam
1133 5239 1373 5293 foventes
1399 5236 1593 5291 iterum
1635 5243 1778 5289 esset
1818 5230 2000 5286 tradu-

413 5352 578 5405 ctum,
610 5339 734 5394 novi
765 5336 1003 5391 muneris
1029 5331 1268 5401 auspicia
1293 5327 1488 5383 exinde
1515 5325 1819 5382 felicissima
1853 5323 2000 5377 Zeno

416 5438 601 5506 ctepit,
632 5444 691 5489 ut
723 5431 912 5498 partim
940 5441 1201 5499 paganos,
1235 5436 1370 5494 quos
1398 5420 1709 5490 frequenter
1738 5428 1863 5472 tunc
1893 5415 1999 5469 Ve-

416 5543 563 5585 rona:
590 5528 752 5580 fuisse
782 5522 1072 5579 verisimile
1111 5528 1213 5581 est,
1260 5516 1450 5584 partim
1484 5513 1732 5576 Arianos,
1782 5510 1870 5581 qui
1902 5509 2002 5565 sub

417 5620 751 5684 Constantio,
782 5615 982 5672 Juliani
1026 5612 1448 5684 praedeceésore,
1482 5604 1776 5660 catholicos
1824 5605 1876 5657 in
1922 5603 2004 5658 his

419 5691 727 5777 regionibus
761 5722 894 5779 pene
921 5700 1338 5775 Oppresserant,
1365 5698 1694 5760 adoriretur,
1728 5709 1865 5779 quos
1886 5709 2006 5764 par.-

421 5805 515 5860 titn
560 5777 812 5858 facundia
843 5812 939 5852 sua
971 5795 1036 5850 ad
1066 5794 1222 5849 ﬁdem
1242 5863 1244 5865 j
1267 5787 1569 5851 convertit,
1599 5787 1787 5860 partim
1837 5777 1980 5856 imp:

2059 2731 2404 2801 gnationibus
2470 2732 2687 2788 acribus
2733 2741 2939 2788 tantum
3005 2748 3112 2789 non
3170 2733 3385 2804 penitus
3433 2733 3649 2801 devicit,

2063 2819 2204 2877 unde
2234 2822 2504 2878 Veronam
2533 2825 2808 2880 erroribus
2850 2840 3107 2895 purgasse
3153 2835 3314 2896 atquc
3358 2825 3425 2879 ad
3473 2841 3652 2880 veram

2063 2916 2379 2984 religionem
2438 2916 2750 2985 perduxisse
2802 2918 2978 2973 dictus
3043 2928 3144 2973 est.
3193 2918 3380 2973 Effecit
3443 2933 3657 2990 quoque

2067 3010 2248 3064 studio
2281 3011 2500 3077 illustri,
2529 3024 2583 3065 ut
2612 3027 2750 3068 nova
2780 3013 3009 3067 ecclesia
3034 3013 3262 3068 Veronae
3283 3013 3655 3079 efundamcn-

2069 3104 2135 3158 tis
2181 3113 2574 3169 exstruerelur,
2605 3106 2967 3176 primumque,
3003 3122 3061 3161 ea
3096 3117 3301 3176 aperta,
3334 3106 3660 3160 christiano—

2066 3214 2184 3252 rum
2237 3207 2559 3252 conventum
2606 3214 2874 3263 sermone,
2938 3195 3098 3255 etiam
3144 3215 3286 3254 nunc
3345 3200 3656 3269 superstite,

2067 3289 2362 3345 celebravit
2409 3289 2604 3362 (Tract.
2662 3307 2769 3358 xw,
2817 3291 2853 3346 l.
2903 3291 2964 3363 ι).
3022 3292 3196 3363 Atque
3249 3276 3476 3360 primam
3529 3291 3664 3342 hanc

2068 3382 2236 3435 fuisse
2263 3382 2545 3435 ecclesiam
2577 3381 2800 3436 Veronm
2837 3382 2936 3436 hos
2969 3384 3019 3437 in
3053 3398 3182 3437 usus
3214 3381 3556 3455 :edificatam,
3594 3396 3661 3433 ex

2071 3475 2262 3529 eodem
2295 3474 2413 3544 ejus
2444 3489 2694 3531 sermone
2723 3459 2827 3529 non
2861 3475 3056 3545 injuria
3085 3486 3330 3529 auctores
3377 3482 3505 3528 ante
3550 3473 3665 3525 lan-

2073 3565 2182 3619 dati
2213 3567 2524 3633 conjiciunt.
2581 3566 2784 3620 Marum
2840 3583 2902 3621 ac
2948 3567 3072 3620 vitre
3118 3567 3368 3638 gnaviter.
3407 3566 3666 3620 ducenda:

2075 3667 2258 3711 custos
2323 3656 2761 3726 vigilantissimns
2829 3658 2966 3722 fuit,
3022 3667 3074 3712 et
3122 3667 3371 3727 superest
3414 3666 3668 3711 tractatus

2079 3747 2282 3817 (Tract.
2316 3765 2404 3813 xv,
2443 3751 2478 3803 l.
2515 3750 2572 3818 ι),
2623 3766 2728 3818 quo
2776 3751 3061 3819 plurimum
3098 3759 3223 3804 tunc
3270 3749 3532 3818 temporis
3579 3764 3672 3816 per

2081 3843 2286 3896 ltaliam
2322 3842 2698 3911 episcoporum
2741 3843 2987 3912 exemplo
3037 3845 3087 3896 in
3137 3857 3232 3898 eos
3277 3842 3522 3895 invectus
3567 3850 3666 3916 est,

2084 3937 2171 4003 qui
2219 3951 2506 4004 agaparum
2557 3937 2775 3991 nomine
2815 3937 2865 3991 in
2899 3937 3402 4001 commessationes,
3436 3935 3670 3988 ebrieta-

2053 4039 2189 4085 'tem
2239 4044 2302 4085 ac
2337 4029 2719 4100 impudicitiam
2767 4032 3135 4088 abuterentur.
3189 4031 3457 4102 Imprimis
3498 4039 3671 4084 autem

2088 4124 2356 4194 virginum
2387 4123 2724 4193 disciplinam
2760 4125 2827 4178 ab
2870 4140 2935 4180 eo
2983 4125 3249 4180 exc-ultam
3281 4141 3422 4189 esse,
3456 4125 3589 4178 adeo
3621 4132 3677 4176 ut

2092 4215 2317 4270 Veronae
2362 4230 2468 4269 non
2516 4215 2688 4269 solum
2721 4215 2956 4285 virgines
3005 4227 3206 4278 essent,
3255 4231 3378 4285 qua:
3408 4215 3676 4285 pudicitia:

2087 4310 2366 4378 virginalis
2399 4319 2528 4363 voto
2556 4309 2833 4362 obstricta:
2877 4308 2946 4362 .in
3006 4308 3255 4362 domibus
3303 4309 3415 4362 suis
3440 4323 3523 4373 _se
3550 4323 3678 4361 eon-

2055 4444 2059 4448 .
2090 4384 2470 4463 tiner’ent,.sed
2503 4399 2664 4451 etiam
2694 4413 2812 4466 qute
2842 4398 3199 4468 virginitatem
3247 4396 3506 4469 professae
3537 4413 3680 4451 com-

2094 4505 2312 4544 munem
2345 4490 2399 4543 in
2433 4489 2765 4544 monasterio
2798 4489 2956 4542 vitam
2989 4489 3269 4559 degerent,
3299 4505 3364 4544 ex
3396 4489 3681 4544 Ambrosio

2099 4582 2319 4654 (Ερίεῑ.)
2369 4583 2705 4652 potissimum
2758 4585 3153 4652 cognoscimus.
3203 4584 3411 4649 Annus,
3445 4597 3553 4653 quo
3580 4584 3681 4636 vita

2098 4675 2420 4755 excesserit,
2454 4684 2508 4726 nt
2550 4674 2775 4743 plurima
2808 4675 2923 4744 ejus
2951 4683 3121 4743 gesta,
3150 4676 3387 4729 incertus
3420 4685 3525 4728 est.
3571 4674 3684 4727 Pla-

2074 4769 2210 4847 .cuit
2238 4767 2541 4821 Balleriniis
2595 4767 2700 4822 580
2729 4766 2812 4819 vel
2837 4765 2966 4833 58l,
3009 4775 3064 4820 ut
3091 4766 3223 4820 adeo
3257 4780 3353 4835 per
3397 4780 3571 4819 annos
3604 4767 3680 4830 18,

2099 4860 2358 4914 Ecclesim
2382 4859 2709 4913 Veronensis
2739 4858 2977 4927 regimen
3010 4859 3258 4920 tenuerit,
3287 4855 3429 4926 quod
3459 4857 3684 4924 Spatium

2102 4952 2168 5006 ad
2196 4952 2374 5005 omnia
2402 4994 2414 5015 ,
2445 4966 2561 5020 qurc
2595 4959 2698 5003 tam
2727 4950 2954 5004 obscure
2985 4949 3307 5017 accepimus,
3341 4946 3578 5018 gerenda
3607 4948 3686 5000 vix

2102 5043 2236 5097 satis
2268 5057 2520 5112 magnum
2555 5048 2765 5111 putant.
2796 5042 2868 5094 De
2913 5041 3184 5094 miraculis
3231 5049 3285 5094 et
3329 5041 3594 5111 martyrio
3640 5039 3686 5091 in

2101 5136 2357 5205 praesenti
2388 5134 2517 5189 nihil
2550 5135 2729 5189 dicere
2755 5134 2967 5188 attinet.
2999 5133 3083 5186 llla
3115 5133 3206 5202 qui
3246 5142 3417 5196 curat,
3455 5131 3688 5185 editores

2105 5240 2327 5299 operum
2376 5230 2492 5296 ejus
2524 5237 2577 5281 et
2619 5225 2817 5288 fontes,
2854 5225 2996 5279 unde
3028 5225 3102 5278 illi
3137 5225 3452 5286 hauserunt,
3504 5223 3684 5285 adeat;

2103 5318 2374 5390 posterius
2403 5317 2638 5372 fabulam
2665 5332 2804 5380 esse,
2839 5306 3236 5386 ipsi'Ballerinii
3271 5313 3492 5383 majoris
3533 5327 3686 5383 quam

2110 5411 2246 5465 forte
2298 5423 2431 5480 opus
2461 5417 2576 5464 erat
2614 5423 2793 5478 opera:
2823 5405 3096 5477 impendio
3143 5407 3422 5477 probatum
3457 5405 3684 5460 iverunt.

2181 5502 2207 5574 ς
2239 5502 2298 5557 ll.
2333 5502 2561 5571 Scripta.
2593 5532 2663 5542 —-
2692 5501 2825 5570 Ejus
2863 5511 3134 5571 supersunt
3181 5499 3457 5555 Sermones
3503 5499 3689 5570 longio-

2107 5610 2187 5648 res
2218 5610 2322 5658 XVI,
2358 5595 2661 5648 breviusculi
2691 5609 2932 5648 Lxxxvn.

2183 5686 2210 5758 ᾖ
2244 5687 2328 5741 lll.
2361 5686 2647 5741 Editiones.
2670 5689 2907 5758 ——s\Ante
2951 5683 3270 5740 Ballerinios
3313 5679 3509 5735 fratres
3539 5693 3688 5735 nemo

2115 5782 2232 5848 fuit,
2277 5782 2363 5852 qui
2396 5783 2531 5838 bene
2557 5782 2624 5837 de
2662 5783 2877 5855 Zenone
2905 5779 3165 5844 meruisse
3188 5776 3290 5840 dici
3333 5786 3539 5856 posset.
3570 5773 3691 5832 Nam
