3820 6220
73 352 171 409 2i5

1075 356 1349 415 NOTITIA
1384 354 1899 415 LITTERARIA‘lN
1940 360 2289 418 ΖΕΝΟΝΕΜ.

3269 377 3372 432 9M

72 468 153 537 qui
185 467 343 523 valde
371 478 590 527 mature
633 471 869 542 quidem,
919 486 1060 526 anno
1109 470 1362 525 nimirum
1410 469 1572 536 1508,
1603 485 1667 524 ex
1698 479 1749 538 Α
1780 470 2018 527 indicant
2046 476 2427 531 annotationes
2451 478 2668 548 aliqua‘,
2711 482 2761 536 in
2804 482 2999 554 quibus
3025 483 3092 538 ad
3121 485 3380 541 observa-

68 560 249 617 codice
278 577 307 616 a
336 561 586 619 Guarino
608 562 912 619 Veronensi
938 573 1153 633 reperto
1182 563 1417 618 Zenonis
1446 561 1674 642 nomine

70 652 170 709 luci
210 652 324 712 dati
374 664 509 711 sunt
539 670 839 723 sermones,
872 671 978 711 non
1009 656 1171 711 modo
1199 655 1331 709 nihil
1364 653 1521 709 fanne
1566 654 1666 709 bu-

62 745 146 813 jus
170 749 412 804 auctoris
443 749 787 818 profuetzunt,
831 748 927 804 sed
975 749 1137 804 etiam
1188 747 1253 802 ad
1285 746 1663 803 confundenda

68 836 343 895 doctorum
373 842 447 898 de
478 858 547 897 eo
582 834 785 911 judicia
828 842 1135 909 valuerunt,
1172 851 1446 912 praeeunte
1478 842 1664 912 impri-

66 931 160 987 mis
178 930 261 988 ιο.
296 932 457 990 Sixto
486 936 714 993 Senensi
736 934 825 1005 (In
850 934 1083 1015 bibtioth.
1117 946 1313 1001 sancta,
1346 950 1417 1003 iv,
1444 934 1523 988 ed.
1558 934 1660 988 col.

66 1023 162 1076 lon.
194 1042 311 1096 agr.
348 1027 609 1099 1626,-ρ.
640 1027 792 1100 591),
824 1029 939 1098 qui,
988 1043 1109 1083 cum
1158 1027 1361 1098 aliquot
1404 1034 1661 1081 tractatus

63 1113 536 1182 deprehendisset,
568 1120 678 1195 qui
725 1120 919 1189 partim
967 1118 1224 1173 Hilarium
1270 1123 1364 1171 aut
1387 1117 1657 1171 .Basilinm
1707 1175 1715 1182 _

62 1215 330 1262 auctorem
365 1209 660 1278 haberent,
691 1212 883 1282 partim
911 1220 1184 1266 auctorem
1228 1208 1385 1280 longe
1428 1209 1655 1275 Zenoni,

60 1297 206 1367 Cujus
256 1300 489 1368 insuper
517 1312 730 1359 mtatem
780 1303 981 1370 Sixtus,
1030 1318 1152 1358 cum
1202 1303 1366 1357 Petro
1408 1302 1657 1372 Equilino

58 1390 305 1459 episcopo
356 1391 429 1446 ad
486 1391 794 1450 Gallienum
856 1409 1026 1465 usque
1078 1395 1339 1459 retraxit,
1394 1392 1653 1448 seriorem

57 1491 447 1549 monstrarent,
485 1484 641 1540 facile
666 1501 726 1541 se
754 1486 1089 1542 dubitatione
1133 1486 1305 1555 abripi
1356 1501 1545 1555 passus
1576 1494 1658 1540 est

56 1574 117 1626 ad
160 1572 317 1629 ﬁdem
370 1574 607 1647 reliquis
650 1580 809 1632 etiam
860 1577 1111 1633 omnibus
1162 1575 1548 1647 derogandum,
1598 1585 1658 1631 ut

58 1664 239 1735 majori
264 1680 333 1720 ex
364 1678 527 1735 parte
575 1668 837 1725 collectos
880 1684 1002 1725 esse
1030 1686 1095 1724 ex
1141 1669 1378 1724 diversis
1424 1670 1655 1725 auctori-

54 1757 146 1811 bus
174 1798 189 1822 ,
219 1756 475 1813 ducentis
505 1774 643 1830 pene
671 1760 826 1814 annis
868 1760 1071 1815 Zenoni
1122 1760 1512 1831 posterioribus
1539 1771 1651 1818 sta-

1772 565 1947 619 tiones
1980 567 2029 619 in
2058 566 2277 622 eosdem
2310 579 2614 639 postremos
2643 591 2859 647 quoque
2885 592 3170 634 sermones
3201 579 3371 635 lecto-

1769 669 1881 708 rem
1912 658 2153 713 remittit.
2190 658 2347 716 llisce
2379 673 2554 719 autem
2589 668 2637 720 in
2666 670 3110 727 annotationibus
3148 680 3205 728 et
3248 687 3369 728 cor-

1769 746 2009 813 ruptiora
2060 748 2307 818 quaedam
2342 752 2454 805 loca
2494 757 2719 811 tentavit
2747 760 3041 816 emendare
3088 772 3142 818 et
3182 763 3375 818 difficio

1768 837 1932 892 liores
1959 839 2220 908 qua~dam
2255 845 2550 900 sententias
2597 849 2869 918 explicare
2900 854 3118 909 naviter
3142 864 3197 912 et
3238 870 3367 911 eru-

1766 928 1877 983 dite
1926 930 2151 984 studuit.
2204 932 2321 987 Uno
2360 937 2547 992 codice
2574 954 2733 1005 usus,
2787 959 2947 1014 quem
2997 946 3168 1002 serius
3205 948 3370 1004 etiam

1765 1021 2041 1091 accepisse
2071 1024 2307 1091 videtur,
2350 1028 2488 1083 alios
2518 1044 2661 1100 smpe
2690 1034 3037 1105 desideravit,
3074 1040 3227 1111 queis
3256 1042 3369 1097 sin-

1765 1131 1947 1172 ceram
1980 1119 2268 1187 lectionem
2320 1126 2651 1182 restituerct.
2694 1130 2915 1200 Aliquos
2947 1144 3206 1191 tractatus
3233 1150 3360 1207 sup-

1764 1212 2031 1280 posititios
2086 1215 2255 1285 plane.
2290 1222 2578 1289 cognOrit,
2613 1230 2668 1277 at
2695 1237 2815 1279 cum
2846 1227 3114 1298 vulgatum
3143 1229 3213 1287 de
3242 1230 3367 1288 Gal-
3421 1262 3425 1267 -

1765 1302 1892 1357 lieni
1924 1314 2087 1359 aetate
2134 1309 2511 1378 pra-judicium
2558 1314 2796 1369 nondum
2844 1316 3163 1390 detexisset,
3208 1322 3367 1378 haesit

1761 1394 1978 1461 alicubi,
2010 1400 2302 1468 quominus
2350 1402 2561 1473 aliquos
2582 1388 2853 1460 addititios
2878 1415 3135 1465 tractatus
3150 1388 3364 1467 alienos

1761 1486 2030 1555 crederet,
2085 1494 2284 1548 alicubi
2329 1496 2489 1550 etiam
2539 1499 2831 1567 genuinum
2880 1499 3112 1556 Zenonis
3157 1519 3367 1559 sermo-

1752 1593 1907 1646 nem,
1957 1584 2049 1651 qui
2096 1587 2145 1639 ei
2179 1586 2323 1640 aetati
2372 1604 2477 1642 non
2511 1591 2778 1660 congruit,
2824 1590 2891 1646 ab
2936 1594 3127 1649 eodem
3156 1596 3361 1666 adjudi-

1758 1673 1988 1729 candum
2023 1679 2227 1745 putavit
2256 1697 2269 1733 :
2316 1690 2373 1734 ut
2401 1697 2467 1736 ne
2497 1688 2679 1737 tamen
2712 1695 2922 1740 certum
2954 1687 3045 1754 sit,
3078 1700 3143 1741 an
3190 1698 3361 1742 muta-

1759 1772 1911 1820 turus
1962 1767 2152 1829 fuisset
2207 1776 2563 1841 sententiam,
2626 1777 2670 1833 si
2728 1777 2953 1833 editioni
3020 1778 3362 1850 perficienda:

57 1856 244 1904 tueret.
299 1848 442 1907 Hinc
489 1852 765 1922 aliquanto
807 1852 967 1923 plane
1013 1852 1316 1907 dubitatum
1362 1854 1479 1918 fuit,
1524 1870 1649 1909 num
1683 1867 1730 1927 Β
1759 1857 2093 1931 longiorique
2133 1865 2470 1925 meditationi
2519 1879 2732 1940 tempus
2778 1848 3155 1942 superfuisset.
3206 1872 3358 1928 Nunc

66 1942 200 1996 inter
232 1943 547 2013 scriptores
590 1944 986 2018 ecclesiasticos
1003 1944 1151 2000 Zeno
1171 1957 1315 2001 esset
1341 1946 1658 2003 referendus

53 2032 340 2102 (Mabillon.
373 2035 440 2089 de
464 2035 673 2091 Studiis
700 2046 916 2091 manust.
950 2045 1094 2108 parte
1119 2038 1310 2107 prima,
1341 2055 1396 2109 ῃ.
1418 2038 1545 2107 9'77,
1564 2041 1650 2093 ed.

50 2128 275 2182 secunda:
296 2127 949 2202 l’enet.l729,in-4°)?.Ac
964 2146 1266 2202 quanquam
1284 2142 1531 2188 auctores
1542 2133 1654 2189 edi-

51 2216 480 2277 nisVeronensis
502 2236 647 2277 anno
674 2221 836 2288 1586,
872 2221 1131 2278 vindicias
1154 2232 1235 2277 sat
1259 2224 1495 2294 prolixas
1524 2239 1652 2280 con-

51 2312 376 2379 texuerint;t
416 2328 542 2369 cum
575 2324 751 2371 tamen
772 2317 885 2386 ipsa
918 2316 969 2371 in
994 2316 1231 2400 editione
1259 2328 1459 2389 praeter
1485 2318 1649 2373 alium

48 2416 350 2459 sermonum
385 2408 659 2472 ordinem,
688 2423 797 2478 quo
825 2408 911 2463 isti
939 2406 992 2486 in
1016 2408 1152 2463 duos
1179 2408 1348 2465 libros
1378 2409 1651 2467 distributi

48 2508 330 2553 cernuntur
375 2501 514 2555 nihil
545 2513 796 2557 occurrat
821 2498 968 2569 novi,
1017 2504 1113 2559 sed
1156 2519 1344 2560 omnes
1388 2513 1646 2561 tractatus

48 2604 188 2657 :cque
211 2591 322 2646 sint
358 2594 683 2662 perturbati,
711 2596 965 2665 permixti
992 2612 1055 2652 ac
1082 2612 1184 2677 pro
1211 2598 1534 2663 Zenonianis
1564 2599 1664 2655 di-,

46 2684 253 2753 venditi,
287 2686 323 2741 ii
351 2688 540 2753 etiam,
568 2704 704 2759 quos
730 2690 937 2757 alienos
983 2706 1103 2747 esse
1148 2692 1281 2747 Sixti
1328 2703 1641 2764 argumenta

47 2777 372 2834 manifestum
389 2780 631 2838 fecerant
662 2801 673 2836 :
705 2798 1061 2856 quaecumque
1084 2785 1135 2840 in
1159 2795 1264 2840 tam
1289 2788 1444 2841 mala:
1464 2802 1640 2844 causa:

46 2872 387 2939 patrocinium
406 2875 515 2930 dici
532 2886 780 2948 potuere,
799 2894 905 2933 non
929 2878 1103 2934 solum
1125 2877 1254 2932 nihil
1270 2877 1634 2949 profecerunt,

44 2963 131 3016 sed
161 2965 223 3019 ad
265 2967 695 3038 indignationem
751 2972 931 3043 potius
958 2972 1378 3027 exstimularnnt
1411 2975 1639 3028 nonnul-

45 3055 204 3111 lorum
237 3059 472 3129 animos,
515 3078 844 3135 causamque
888 3066 1085 3137 ipsam,
1128 3082 1248 3136 quae
1278 3067 1637 3123 imbecillibus

43 3148 185 3203 valde
212 3155 551 3221 argumentis
580 3154 842 3210 sulfulciri
867 3171 931 3211 ac
960 3157 1253 3213 sustentari
1294 3156 1501 3223 debuit,
1536 3158 1636 3213 im-

1760 1949 1981 2006 all'eetns
2034 1953 2119 2010 bic
2167 1956 2473 2028 Sparaverii
2519 1967 2941 2018 commentarius
2980 1965 3094 2034 ipse
3142 1980 3358 2035 quoque

1760 2041 2175 2102 Balleriniorum
2225 2051 2448 2106 editioni
2495 2057 2742 2110 accessit.
2801 2054 3002 2110 Horum
3049 2056 3210 2128 igitur
3257 2058 3359 2112 itit-

1758 2138 1973 2192 mortali
2011 2155 2170 2210 opera
2200 2143 2453 2200 ell‘ectum
2485 2156 2589 2213 est,
2641 2158 2716 2213 ut,
2761 2149 2845 2203 cui
2889 2159 3044 2205 antea
3092 2132 3352 2206 honorem

1754 2229 2079 2296 scriptorum
2125 2220 2286 2304 atque
2319 2237 2493 2306 ipsum
2523 2248 2718 2293 statum
2747 2239 2890 2295 docti
2925 2240 3278 2313 denegarem,
3310 2246 3352 2299 is

1747 2319 1860 2389 jam
1905 2338 2151 2394 munere,
2197 2329 2405 2383 meritis
2434 2339 2490 2384 et
2520 2331 2732 2400 scriptis
2770 2331 3209 2389 luculentissima:
3240 2337 3373 2403 edi-_

1753 2413 1914 2468 tionis
1938 2412 2153 2472 honore
2170 2418 2439 2475 decoratis
2478 2423 2771 2478 elucescat.
2817 2410 3243 2481 Ballerinioruni
3261 2444 3351 2483 re-

1757 2505 2069 2561 censionem
2097 2522 2160 2562 ac
2191 2508 2874 2569 distributionem'secutus
2903 2526 2987 2572 est
3022 2516 3347 2575 Gallandius.

1748 2593 2066 2652 Novissima:
2110 2597 2162 2653 in
2197 2599 2475 2659 Zenonem
2506 2618 2651 2659 cura:
2680 2616 2805 2660 sunt
2829 2605 3198 2663 Bartholomwi
3246 2610 3347 2666 Pc-

1745 2689 1941 2742 razzini
1986 2700 2041 2745 et
2083 2689 2266 2747 Jacobi
2297 2693 2627 2752 Marcbionis
2678 2697 2900 2754 Dionisi.
2944 2700 3096 2757 Nunc
3121 2701 3189 2762 de
3228 2704 3344 2761 sin-

1740 2780 1901 2852 gulis.
2581 2813 2595 2829 ο

1742 2949 1745 2952 ἠ
2289 2917 2293 2922 .
2458 2880 2619 2938 1508.

1818 2966 2066 3037 νεηθιὶίς,
2112 2972 2253 3041 apud
2298 2969 2493 3027 Bened.
2543 2972 2807 3030 Fontana.
2840 2974 3038 3033 Exitnii
3077 2989 3133 3037 et
3162 2986 3341 3040 excel-

1740 3060 1899 3115 lentis
1942 3062 2040 3116 vit'i
2072 3062 2583 3134 przeclarissimique
2617 3066 2861 3122 Doctoris
2892 3068 3070 3125 Sancti
3103 3072 3336 3140 Zenonis

1736 3153 1975 3224 episcOpi
2037 3154 2365 3210 Veronensis
2432 3171 2745 3213 sermonum
2813 3160 3336 3231 elegantissimorum

42 3240 356 3300 becilliorem
391 3248 566 3303 multo
615 3248 1049 3319 deterioremque
1098 3264 1243 3314 esse,
1294 3266 1453 3320 quam
1500 3259 1625 3305 ante
1652 3254 1695 3315 C
1737 3249 1801 3304 ad
1846 3250 2102 3320 pepulunt
2128 3262 2516 3322 excerptorum
2548 3268 2614 3308 ex
2649 3255 3018 3317 vetustissimo
3062 3261 3337 3319 volumine

42 3331 223 3399 fuerat,
251 3336 529 3407 aliquibus
560 3354 904 3409 persuascre.
940 3341 1018 3395 Ad
1048 3341 1426 3397 difficultatum
1456 3358 1622 3414 porro

40 3430 297 3485 cumulum
332 3430 436 3487 hac
465 3433 519 3488 in
548 3434 786 3501 editione
815 3436 1045 3490 accessit
1065 3435 1224 3490 etiam
1258 3446 1486 3506 tempus,
1517 3453 1621 3507 quo

41 3518 91 3573 S.
118 3521 381 3579 Zenonem
425 3524 689 3582 ﬂoruisse
710 3526 947 3583 editores
974 3539 1296 3597 statuerunt,
1330 3530 1468 3600 quod
1498 3546 1617 3585 cum

42 3610 225 3681 aliquot
256 3629 575 3672 sermonum
607 3618 932 3673 testimoniis
959 3619 1272 3676 adversetur
1309 3622 1615 3689 manifeste,

38 3718 124 3771 pro
153 3707 399 3764 sedandis
430 3712 847 3781 repugnantium
896 3714 1210 3769 criticorum
1261 3717 1474 3784 animis,
1523 3733 1617 3773 eos

39 3795 83 3847 in
112 3801 301 3867 majora
334 3801 564 3858 dissidia
597 3818 947 3860 exacuerunt.
990 3827 1009 3860 ι
1060 3808 1212 3876 Quod
1242 3809 1286 3862 si
1316 3809 1401 3863 bis
1448 3809 1614 3865 addas

35 3903 357 3961 perversam,
410 3912 574 3971 quam
626 3899 676 3951 in
726 3899 842 3968 ipso
890 3908 1034 3955 textu
1082 3902 1393 3957 exhibendo
1444 3908 1613 3959 secuti

36 3992 146 4037 sunt
187 3987 476 4053 rationem,
520 4004 789 4059 quamque
821 3990 980 4046 iidem
1038 3993 1333 4060 Balleriuii,
1383 4011 1610 4066 quorum

38 4076 260 4139 superius
286 4095 508 4151 quoque
545 4093 630 4136 est
674 4082 961 4151 judicium,
1014 4087 1217 4141 acriter
1260 4097 1515 4143 notarunt
1545 4108 1610 4145 ex

36 4177 182 4234 eaque
212 4168 473 4244 deinceps
503 4173 775 4229 Zenonem
807 4176 1135 4246 descriptum
1170 4178 1373 4248 videas,
1408 4182 1609 4238 senties

34 4268 225 4325 oportet
252 4248 359 4333 quo
387 4264 513 4335 jure
554 4267 752 4343 nemini
783 4277 906 4323 ante
936 4267 1259 4325 Ballerinios
1311 4274 1606 4344 quidquam

32 4348 257 4409 debuisse
283 4356 758 4416 affirmaverimus.
793 4361 905 4417 Sub
948 4362 1109 4420 linem
1142 4368 1323 4421 smeuli
1354 4372 1610 4438 prieteriti

35 4454 155 4495 nova
183 4449 473 4514 parabatur
500 4448 688 4517 editio,
739 4463 913 4509 morte
958 4455 1081 4509 dein
1109 4460 1345 4513 auctoris
1375 4461 1607 4517 interce-

32 4544 122 4603 pta,
153 4538 217 4595 de
242 4558 340 4611 qua
379 4545 523 4614 apud
558 4546 775 4601 eosdem
810 4548 1129 4605 Ballerinios
1163 4552 1276 4606 bazc
1308 4554 1558 4624 leguntur
1588 4575 1601 4609 :

1734 3342 1957 3397 Veronae
1983 3342 2052 3397 ab
2087 3341 2327 3398 Guarino
2372 3343 2672 3401 Veronensi
2719 3348 2837 3401 viro
2885 3348 3332 3420 eloquentissimo

1724 3433 1777 3488 in
1805 3433 2065 3504 episcopii
2096 3433 2427 3492 Veronensis
2460 3438 2784 3494 bibliotheca
2818 3436 3176 3512 repertoﬁAd
3201 3450 3331 3518 pcat-

1724 3544 1878 3583 cem:
1928 3530 2007 3583 Ad
2040 3521 2277 3587 'laudem
2324 3542 2380 3587 et
2422 3534 2645 3603 gloriam
2675 3550 2901 3600 summa:
2943 3547 2998 3593 et
3041 3539 3330 3597 individua:

1723 3618 2027 3687 Trinitatis,
2048 3630 2105 3677 et
2131 3623 2459 3680 beatissima:
2492 3626 2726 3696 Virginis
2744 3628 2945 3695 Maria),
2968 3639 3022 3687 et
3042 3631 3325 3691 beatorum

1723 3713 2040 3783 pontificum
2094 3716 2335 3785 Zenonis
2381 3728 2437 3773 et
2466 3715 2707 3774 ‘thsarii
2745 3728 2799 3775 et
2826 3723 3063 3777 omnium
3093 3726 3326 3783 Sancto-
3368 3774 3371 3775 ν

1720 3823 1861 3873 rum,
1893 3824 2179 3867 sermones
2211 3813 2264 3867 in
2304 3814 2407 3868 hoc
2436 3815 2706 3870 volumine
2738 3818 2921 3886 positi,
2946 3827 3002 3874 et
3030 3836 3322 3892 numquam

1717 3900 1849 3955 alias
1879 3902 2152 3972 impressi,
2183 3904 2544 3960 solertissime
2586 3909 2854 3977 ret-agniti,
2898 3918 2953 3964 et
2982 3911 3322 3969 studiosissi-

1716 4010 1802 4049 me
1836 4010 1930 4063 per
1956 3998 2292 4052 venerabilem
2317 3997 2525 4053 Patrem
2568 4001 2830 4056 Albertum
2859 4002 3209 4059 Castellanum
3236 4025 3321 4061 or-

1715 4087 1851 4140 dinis
1883 4085 2294 4142 Prtedicatorunt
2322 4094 2556 4157 correcti,
2592 4110 2653 4145 ac
2693 4111 2783 4162 per
2814 4094 3123 4165 Magistrum
3163 4097 3321 4153 Jaco-

1714 4179 1830 4232 bnm
1879 4179 1943 4234 de
1996 4179 2168 4236 Leuco
2217 4184 2461 4253 impensis
2512 4185 2720 4240 Domini
2768 4188 3033 4243 Benedicti
3078 4189 3320 4247 Fontana

1725 4269 1944 4325 Venetiis
1987 4273 2403 4345 diligentissime
2446 4276 2683 4348 impressi
2722 4295 2865 4335 anno
2895 4282 3105 4338 Domini
3156 4284 3316 4354 1508,

1712 4366 1801 4420 die
1831 4364 1902 4420 2i
1925 4367 2157 4434 januarii
2190 4368 2421 4425 feliciter
2445 4373 2762 4442 expliciunt.

1785 4459 1861 4512 Ex
1907 4458 2132 4529 pleniori
2165 4463 2266 4516 hoc
2298 4463 2453 4518 titulo
2496 4464 2649 4519 facile
2677 4479 2927 4537 apparet,
2970 4485 3251 4541 perperam
3282 4488 3310 4526 a

1710 4551 1892 4605 multis
1923 4552 2045 4606 inde
2071 4554 2231 4608 annis
2256 4554 2321 4607 ad
2354 4554 2675 4645 Ballerinios
2716 4576 2908 4631 usque,
2943 4565 3032 4633 qui
3080 4567 3309 4634 primum

34 4626 314 4688 Franciscus
342 4634 709 4706 Sparaverius,
742 4636 946 4710 Nobilis
993 4640 1317 4698 Veronensis
1368 4645 1417 4698 in
1460 4647 1605 4702 Lati-
1632 4647 1685 4706 1)
1712 4641 1854 4697 bunc
1879 4658 2119 4699 errorem
2167 4660 2547 4717 correxerunt,
2583 4633 2842 4707 tributum
2892 4670 3012 4710 esse
3060 4658 3311 4713 editionis

34 4721 100 4773 nis
126 4722 427 4798 GPEBCiSQIIE
476 4731 787 4784 auctoribus
815 4734 1060 4802 apprime
1087 4748 1356 4804 versatus,
1390 4741 1605 4809 politio-

31 4829 230 4886 rumque
260 4820 561 4896 litterarum
592 4838 655 4878 ac
684 4824 1008 4881 eruditionis
1043 4828 1220 4883 cultor
1249 4832 1500 4900 eximius,
1535 4834 1602 4889 de

32 4918 119 4971 (ιιιο
141 4912 283 4978 plura
313 4914 496 4984 Scipio
542 4915 786 4972 Maﬂeius
833 4919 1065 4987 prodidit
1110 4931 1248 4988 part.
1287 4906 1321 4975 tt
1375 4921 1601 4978 Verona:

33 4997 320 5071 illustralte;
374 5018 661 5079 postquam
711 5013 967 5066 nonnulla
1017 5013 1323 5068 lucubravit
1389 5032 1598 5073 summa

32 5104 132 5145 cum
163 5096 330 5166 laude,
365 5112 642 5171 postrema
674 5113 831 5160 mtate
880 5120 1069 5160 novam
1120 5108 1178 5163 8.
1228 5107 1458 5163 Zenonis
1486 5110 1599 5164 edi-

34 5183 203 5242 tionem
250 5195 636 5262 meditabatur,
677 5197 731 5251 in
780 5214 939 5267 quam
995 5199 1174 5267 plures
1222 5203 1597 5257 annotationcs

38 5284 229 5343 paravit.
258 5288 327 5340 At
355 5299 531 5343 morte
578 5300 885 5358 praeventus
930 5307 1071 5345 anno
1106 5293 1263 5359 1697,
1313 5309 1448 5364 Opus
1500 5296 1597 5350 itit-

37 5372 293 5435 perfectum
322 5380 562 5450 reliquit.
597 5379 922 5437 Veronensis
953 5397 1131 5440 autem
1164 5388 1408 5443 ordinem
1437 5404 1593 5444 secu-

38 5470 124 5524 tus.
167 5473 604 5526 eomntentarinm
640 5475 890 5541 produxit
922 5479 985 5531 ad
1021 5480 1254 5534 medium
1281 5497 1449 5552 usque
1477 5498 1595 5538 scr-

37 5566 219 5610 monem
245 5560 305 5611 de
330 5562 677 5632 wdiﬁcatione
716 5562 912 5619 Domus
960 5568 1077 5633 Dei,
1114 5582 1235 5638 post
1283 5589 1440 5641 quem
1490 5586 1598 5629 tres

37 5643 111 5695 alii
136 5660 280 5717 supra
306 5652 495 5709 decem
533 5669 813 5721 sermones
842 5672 902 5711 ea
947 5659 996 5711 in
1043 5660 1281 5717 editione
1307 5676 1599 5733 supersunt

40 5734 138 5791 sine
175 5741 276 5798 ullo
317 5749 741 5813 commentario;
789 5764 946 5820 quem
994 5759 1171 5808 tamen
1221 5770 1460 5824 parasse,
1494 5761 1597 5815 etsi

53 5828 317 5913 descriptus
344 5853 450 5901 non
479 5837 667 5909 fuerit,
700 5840 782 5898 vel
813 5842 1002 5899 saltem
1031 5845 1213 5900 animo
1251 5850 1592 5917 prmcepisse,

1711 4735 1868 4804 hujus
1912 4734 2173 4794 honorem
2223 4739 2462 4797 Guarino
2510 4744 2831 4809 Veronensi,
2880 4748 2969 4817 qui
3016 4750 3121 4817 jam
3170 4765 3311 4805 anno

1708 4829 1890 4882 smculi
1924 4842 1992 4883 xv
2038 4834 2380 4902 sexagesimo
2426 4835 2571 4889 diem
2616 4838 2848 4905 obierat,
2880 4839 3074 4909 cuique
3105 4842 3307 4897 codicis

1708 4924 2085 4977 tantummodo
2145 4925 2441 4981 Zenoniani
2504 4929 2706 4984 inventi
2759 4931 2929 5002 gloria
2985 4932 3301 4989 debebatur.

1709 5012 2001 5082 Dispertita
2034 5028 2112 5069 ρει
2147 5016 2198 5071 in
2232 5027 2343 5072 tres
2370 5020 2557 5085 libros,
2590 5036 2817 5090 quorum
2865 5023 3070 5092 primus
3100 5039 3308 5079 sermo-

1704 5123 1803 5161 nes
1831 5110 2211 5178 complectitur
2244 5113 2333 5175 17,
2365 5115 2451 5182 qui
2496 5124 2614 5165 sunt
2659 5114 2722 5167 de
2763 5114 3030 5168 virtutibus
3061 5127 3103 5169 et
3131 5118 3307 5183 vitiis;

1704 5200 1977 5256 secundus
2008 5217 2289 5258 sermones
2320 5204 2410 5269 3S,
2446 5206 2534 5275 qui
2563 5216 2675 5258 sunt
2693 5207 2755 5259 de
2770 5207 2917 5259 rebus
2952 5206 3150 5261 Veteris
3183 5208 3309 5264 Tes-

1705 5295 1916 5347 tamenti
1932 5311 1945 5359 ;
1978 5296 2166 5349 tertius
2193 5312 2473 5350 sermones
2504 5298 2572 5351 50
2597 5298 2658 5349 de
2684 5298 2831 5350 rebus
2862 5301 3143 5352 testamenti
3169 5307 3306 5367 novi,

1703 5387 1957 5457 subjectis
2000 5389 2050 5441 in
2093 5388 2198 5443 fine
2239 5389 2471 5443 bomiliis
2508 5390 2562 5445 S.
2615 5388 2832 5444 Cmsarii
2876 5392 3206 5449 Arelatensis
3255 5407 3311 5451 et

1706 5480 1826 5533 aliis
1865 5480 2184 5548 quibusdam
2211 5499 2236 5531 a
2259 5482 2506 5552 genuinis
2534 5492 2706 5535 tamen
2732 5482 2964 5537 ZenOnis
2990 5487 3306 5542 tractatibus

1706 5586 1809 5624 non
1833 5571 2099 5626 distinctis
2122 5574 2200 5626 vel
2232 5573 2583 5641 inscriptione
2620 5575 2863 5638 secretis,
2900 5585 3096 5645 praeter
3144 5594 3305 5634 unum

1702 5678 2029 5728 sermonem,
2063 5664 2151 5732 qui
2184 5664 2241 5719 S.
2268 5664 2554 5721 Gaudentii
2580 5665 2819 5747 Brixiani
2847 5683 3042 5723 nomen
3071 5672 3307 5740 pra-fert.

2422 5760 2586 5814 1586.

1782 5848 2013 5916 Vrromr,
2039 5852 2179 5922 apud
2209 5851 2422 5909 Hieron.
2443 5853 2791 5926 Discipnlnm.
2825 5856 2997 5911 in—i".
3024 5856 3316 5916 Sermones
