3820 6220
342 326 447 380 ΞΠ

1721 316 2229 373 ΡΡιΟΜῧϐΟΜΙίΝΑ
2245 358 2257 371 .

3560 310 3679 365 949

340 443 408 499 de
438 441 685 513 plurimis
724 442 785 497 S.
830 440 1125 509 Scriptura:
1158 437 1292 493 locis
1323 447 1375 492 et
1409 451 1589 491 rerum
1634 435 1937 490 divinarum
1973 438 2015 494 Α
2044 449 2181 504 quos
2227 434 2430 503 scripto
2473 444 2597 488 ante
2636 447 2809 488 annos
2849 432 3066 513 circiter
3114 430 3260 485 mille
3307 444 3406 498 per
3448 429 3674 483 Marcii.

340 535 703 607 argumentis;
752 549 874 589 cuin
921 531 1150 603 epistola
1202 530 1595 601 nuncupatoria
1643 530 1707 584 A.
1742 526 1943 583 Valerii

344 629 435 699 (ad
467 628 678 685 Sixtum
707 626 774 683 V.
810 626 871 682 Ρ.
905 625 1001 696 Μ.)
1710 678 1719 688 ,

417 720 559 776 Nihil
607 720 772 776 habet
799 718 1057 789 praecipui
1099 717 1217 773 haec
1255 716 1422 772 editio
1465 714 1698 784 impulsu
1732 728 1793 773 ac
1820 727 1950 767 con-

343 812 465 868 silio
489 812 780 868 cardinalis
810 810 1098 883 Augustini
1128 811 1324 865 Valerii
1350 808 1596 879 praesulis
1619 806 1948 862 Veronensis

348 920 442 974 per
469 905 794 975 Rapbaelem
825 903 1075 975 Baqatam
1101 911 1156 958 et
1178 902 1466 970 Baptistam
1497 900 1759 954 Perettum
1788 899 1946 964 facta;

354 998 458 1052 nisi
490 999 633 1068 quod
665 1012 947 1053 sermones
976 1010 1167 1050 omnes
1205 995 1259 1050 in
1290 994 1426 1048 duos
1469 993 1636 1047 libros
1679 989 1952 1045 distributi

350 1092 481 1146 sint.
507 1090 639 1144 Nam
675 1090 799 1144 licet
842 1096 1111 1143 vetustum
1144 1085 1387 1142 codicem
1418 1083 1713 1153 appellent,
1750 1098 1814 1135 cx
1846 1097 1952 1150 quo

346 1184 554 1253 aliquot
587 1183 725 1238 lucis
767 1181 1104 1236 einendatior
1144 1179 1315 1233 factus
1346 1178 1416 1232 sit
1457 1176 1624 1243 Zeno,
1673 1185 1963 1247 ostensum,

351 1287 528 1331 tamen
559 1290 605 1328 a‘
640 1274 965 1334 Balleriuiis,
1002 1270 1244 1327 codicem
1280 1270 1447 1324 fuiSse
1496 1268 1736 1322 recentis
1768 1265 1953 1320 admov

304 1350 305 1353 η
352 1367 477 1420 dum
521 1366 694 1419 :etatis
724 1406 738 1428 ,
783 1362 984 1418 sarculo
1021 1378 1098 1423 ,xv
1148 1351 1437 1437 scriptum,
1485 1360 1639 1429 cujus
1690 1374 1820 1414 usus
1866 1358 1955 1413 vix

356 1464 527 1530 major
553 1460 733 1525 luerit,
768 1474 928 1527 quam
963 1466 1021 1512 ut
1051 1471 1215 1527 pauca
1267 1454 1512 1524 quatdam
1562 1454 1702 1518 loca,
1735 1468 1852 1521 qua:
1902 1453 1954 1506 iu

354 1553 527 1622 prima
573 1551 813 1605 editione
843 1559 999 1605 erant
1027 1547 1464 1617 corruptissima,
1498 1543 1777 1599 emendari
1829 1558 1955 1613 pos-

356 1652 497 1695 sent.
530 1626 717 1710 Neque
750 1656 882 1695 vero
924 1642 1048 1705 lioc,
1092 1646 1151 1693 ut
1195 1653 1291 1708 par
1332 1646 1469 1701 erat,
1524 1636 1605 1691 usi
1663 1647 1809 1703 sunt,
1861 1634 1955 1690 sed

358 1738 650 1805 pessimum
680 1750 891 1798 eorum,
924 1735 1015 1805 qui
1043 1732 1144 1788 sub
1174 1732 1313 1788 Sixti
1336 1731 1381 1787 V
1404 1730 1657 1799 auSpiciis
1682 1729 1955 1784 Ambrosii

2049 526 2359 596 Scipionem
2394 525 2661 581 Mail‘eiuin
2690 526 2743 580 iu
2772 511 2946 581 Gailia
2995 525 3213 580 collato.
3249 523 3678 577 Recensueriint

2047 634 2102 679 et
2131 623 2609 679 dissertationibus
2639 623 3021 693 perpetuisqne
3052 618 3499 675 annotationibus
3544 618 3683 671 illu-

2047 725 2290 770 strarnut
2342 715 2536 769 Petrus
2587 725 2634 770 et
2703 714 3050 786 Hieronymus
3121 712 3332 767 Fratres
3384 710 3680 765 Ballerinii

2049 807 2355 879 presbyteri
2385 807 2735 862 Veronensis.
2977 856 2985 862 .

2125 900 2273 954 Haud
2307 900 2517 969 exiguae
2549 899 2795 971 profecto
2844 900 3004 955 molis
3050 910 3165 955 erat
3207 900 3369 956 talem
3422 897 3679 953 condere

2053 994 2289 1048 Zenonis
2341 995 2689 1064 reliquiarum
2739 994 3057 1059 editionem,
3091 994 3143 1049 in
3177 1010 3278 1063 qua
3334 1009 3441 1048 non
3487 992 3682 1061 major

2052 1087 2195 1141 circa
2227 1087 2403 1156 ipsum
2446 1094 2657 1142 textum
2706 1103 2864 1157 quam
2892 1096 3166 1141 auctorem
3202 1068 3355 1140 labor
3380 1085 3682 1140 exantlan-

2054 1177 2155 1232 diis
2186 1176 2302 1233 luit.
2334 1177 2539 1248 Nempe
2573 1181 2759 1249 patria:
2788 1194 2941 1234 amor
2968 1179 3071 1233 lioc
3107 1178 3300 1250 potuit,
3330 1179 3417 1234 cui
3450 1179 3682 1247 episco-

2058 1286 2181 1339 pum
2214 1286 2395 1326 rerum
2427 1279 2482 1328 et
2520 1272 2846 1340 scriptorum
2882 1272 3141 1327 memoria
3172 1272 3443 1326 illustrem
3489 1269 3684 1324 vindi-

2056 1362 2227 1416 caturi
2268 1371 2444 1417 erant.
2485 1364 2597 1416 Duo
2640 1372 2817 1418 autem
2853 1363 3116 1435 imprimis
3155 1364 3506 1428 obstiterant,
3536 1378 3682 1430 quo-

2058 1454 2236 1507 minus
2266 1468 2452 1508 verum
2482 1456 2581 1529 liae
2606 1456 2659 1509 in
2692 1470 2751 1511 re
2781 1455 2923 1510 docti
2955 1458 3355 1526 cmteroqiiinet
3384 1458 3532 1510 acuti
3567 1454 3678 1509 viri

2058 1547 2290 1604 antehac
2339 1558 2660 1616 cernerent,
2710 1551 2958 1607 videlicet
3006 1552 3299 1607 inveterata
3340 1567 3411 1606 ex
3463 1559 3683 1621 marty-

2062 1641 2269 1709 rologio
2297 1644 2503 1712 opinio,
2533 1642 2592 1700 S.
2623 1643 2893 1699 Zenonem
2922 1645 3020 1699 sub
3065 1644 3315 1700 Gallieno
3362 1646 3573 1699 vixisse
3619 1654 3681 1698 et

2063 1734 2375 1805 martyrium
2419 1750 2539 1790 esse
2571 1751 2810 1806 passum,
2840 1747 2893 1791 et
2918 1737 3054 1792 Sixti
3099 1738 3358 1792 Senensis
3408 1735 3680 1807 pra-judi-

358 1843 518 1897 opera
548 1827 856 1891 ediderunt,
889 1826 1196 1897 exemplum
1227 1824 1421 1887 secuti,
1451 1831 1505 1876 et
1531 1822 1735 1877 codicis
1762 1831 1815 1875 et
1845 1822 1956 1890 pri-
1991 1822 2034 1881 Β
2062 1824 2227 1887 cium,
2268 1823 2582 1891 Sermones,
2628 1827 2717 1897 qui
2764 1826 2999 1882 Zenonis
3044 1827 3268 1882 audiunt
3310 1826 3672 1898 farraginem,

364 1935 465 1974 mm
514 1919 767 1975 editionis
808 1919 968 1973 fidem
1032 1919 1230 1988 passim
1287 1915 1665 1977 deseruerunt,
1715 1913 1852 1968 adeo
1904 1922 1962 1967 ut

362 2011 669 2066 Balleriiiiis
713 2010 985 2080 judicibus
1035 2011 1086 2063 in
1128 2007 1237 2062 bac
1267 2006 1569 2061 Veronensi
1617 2004 1853 2060 editione
1898 2019 1961 2060 ac

358 2103 573 2158 ett-teris
601 2102 722 2156 inde
751 2102 1010 2156 derivatis
1037 2110 1235 2171 printer
1260 2096 1542 2152 confusam
1567 2097 1963 2166 perturbatam-

337 2196 463 2265 ‘qne
511 2196 811 2250 alienarum
858 2198 1180 2248 tractatuum
1227 2205 1349 2246 cum
1384 2178 1709 2245 Zeuonianis
1742 2188 1959 2243 mixtio-

362 2302 526 2353 nem,
571 2288 852 2342 arbitraria
897 2287 1104 2357 aliquot
1148 2286 1390 2340 locorum
1437 2281 1781 2352 interpolatio
1808 2323 1823 2347 ,
1869 2296 1964 2335 ne-

364 2380 495 2433 mini
527 2378 882 2446 ca'leroquin,
917 2386 975 2431 ut
1010 2377 1175 2432 iidem
1205 2384 1452 2437 monent,
1505 2373 1572 2429 ob
1620 2373 1807 2442 primm
1852 2371 1962 2427 edi-

364 2471 527 2525 tionis
580 2471 857 2524 raritatem
924 2471 1251 2533 observata,
1328 2467 1617 2536 plurimum
1689 2463 1965 2520 offendere

363 2563 575 2618 debeat.
609 2562 786 2618 Vitam
818 2562 1057 2618 Zenonis
1084 2559 1357 2633 praeﬁxam
1383 2559 1545 2614 liabet
1572 2556 1708 2627 Rap.
1740 2546 1962 2630 Bagata,

365 2670 423 2713 ut
450 2657 652 2725 ferunt,
683 2660 925 2714 abctore.

1082 2750 1244 2807 1589.

442 2844 688 2900 Parisiis.
721 2843 902 2901 in-l'ol.
930 2843 1162 2899 Zenonis
1191 2840 1438 2908 Ver.Ep.
1459 2840 1528 2895 de
1543 2826 1792 2909 plurimis
1824 2838 1880 2895 S.
1903 2838 1962 2895 S.

361 2938 518 3004 locis,
555 2946 687 3004 etc.,
710 2950 1023 3001 sermones;
1055 2936 1109 2988 in
1140 2932 1276 2988 Bibl.
1325 2931 1439 2987 PP.
1472 2931 1737 3003 Bigneana
1763 2929 1851 2985 ed.
1883 2944 1970 2986 se-

366 3030 558 3087 cundae
584 3030 646 3085 Τ.
674 3030 763 3086 Ill.

534 3146 540 3151 -
895 3154 904 3163 -
1088 3117 1251 3174 1618.

2065 1930 2129 1969 ex
2160 1916 2343 1970 multis
2370 1927 2424 1971 et
2470 1917 2780 1975 conditione
2825 1928 2880 1973 et
2925 1928 3170 1989 tempore
3214 1920 3373 1991 longe
3424 1922 3569 1976 inter
3615 1936 3679 1974 se

2065 2005 2307 2080 diversis,
2326 2022 2448 2063 esse
2477 2010 2808 2064 auctoribus.
2856 2010 3008 2066 Unus
3057 2011 3320 2066 Barnnius
3360 2013 3684 2080 suspicatus

2065 2108 2204 2162 erat,
2256 2109 2528 2155 auctorem
2578 2103 2738 2172 paulo
2786 2113 2911 2159 ante
2956 2102 3013 2159 S.
3050 2104 3394 2159 Ambrosium
3444 2104 3675 2167 vixisse.

2016 2230 2021 2233 -
2068 2200 2175 2245 tum
2205 2208 2271 2247 ex
2302 2195 2548 2263 epistolis
2581 2196 2876 2262 Ambrosii,
2903 2207 3011 2250 tum
3040 2197 3181 2267 quod
3218 2198 3269 2251 in
3298 2206 3552 2263 tract-itu,
3578 2198 3675 2268 qui

2066 2292 2150 2338 est
2177 2282 2232 2337 li.
2266 2282 2353 2339 ed.
2386 2285 2438 2350 7,
2474 2284 2510 2339 I.
2545 2301 2601 2352 ιι,
2633 2286 2829 2341 Ariana
2863 2286 3089 2343 IliPI‘eSiS
3126 2288 3398 2358 tangitur;
3430 2299 3676 2343 attamen

2066 2376 2275 2432 salvum
2319 2378 2479 2433 etiam
2511 2379 2739 2449 cupiens
2765 2378 3039 2435 Zenonem
3066 2421 3082 2447 ,
3130 2395 3289 2451 quem
3339 2379 3679 2451 martyribus

2068 2470 2168 2524 sub
2201 2459 2450 2526 Gallieno
2477 2470 2612 2541 Imp.
2667 2472 3053 2544 adscripserat,
3105 2473 3382 2528 diversum
3447 2476 3591 2529 hunc
3646 2490 3675 2526 a

2069 2560 2367 2618 Veronensi
2410 2578 2721 2619 sermonum
2766 2565 2973 2619 auctori
3016 2576 3176 2635 atque
3220 2564 3359 2619 duos
3404 2565 3543 2619 adeo
3570 2564 3677 2617 Ze-

2070 2669 2243 2710 nones
2295 2657 2503 2711 Statuit.
2533 2656 2650 2747 Mox
2677 2666 2857 2712 tamen
2888 2673 3009 2713 cum
3041 2674 3068 2711 a
3100 2657 3513 2714 Veronensibus
3556 2658 3680 2713 edi—

2071 2747 2276 2803 toribus
2329 2748 2650 2815 didicisset,
2710 2749 3042 2806 Veronensis
3099 2750 3357 2805 Ecclesia:
3411 2759 3675 2820 perpetua

2069 2840 2360 2896 traditione
2407 2843 2613 2897 nullum
2662 2842 2827 2897 alium
2860 2842 3136 2898 Z'euonem
3180 2844 3458 2911 cognitum
3508 2841 3677 2897 fuisse

2070 2946 2269 3005 prmter
2299 2935 2574 2991 Zenonem
2606 2937 2919 3008 episcopum
2952 2946 3007 2990 et
3033 2944 3346 3009 martyrem,
3394 2937 3675 2999 eumdem,

2072 3027 2165 3096 qui
2236 3028 2361 3111 sub,
2392 3017 2657 3085 Gallieno.
2695 3031 3009 3100 martyrium
3068 3029 3268 3084 obiisse
3322 3020 3673 3095 traderetur,

2071 3135 2338 3190 quemque
2367 3135 2677 3176 sermonum
2711 3132 2987 3183 auctorem
3006 3122 3079 3177 illi
3112 3120 3492 3187 defenderent,
3526 3121 3674 3190 prio-

441 3215 672 3271 Coloniae
711 3214 1029 3284 Agrippinae.
1080 3210 1260 3266 in-l‘ol.
1312 3209 1549 3265 Zenonis
1584 3207 1709 3263 Ver.
1744 3208 1964 3263 Sermo-
1997 3212 2045 3275 (ἶ
2075 3231 2185 3271 rem
2216 3216 2537 3270 sententiain
2570 3214 2873 3286 repudiavit
2920 3225 2976 3271 et
3023 3215 3148 3271 huic
3192 3215 3523 3285 subscripsit
3562 3218 3675 3270 :ita

367 3326 486 3368 nes.
512 3308 587 3364 .In
614 3308 750 3363 Bibl.
783 3306 904 3363 PP.
930 3307 995 3362 T.
1029 3322 1108 3361 ιιι.

702 3466 707 3470 ,
1095 3402 1255 3458 1644.

445 3499 623 3553 Paris.
652 3517 740 3569 ap.
791 3497 922 3571 1E0.
956 3496 1256 3561 Morellum,
1289 3495 1473 3549 ιιι-1³01.
1505 3493 1742 3549 Zenonis
1771 3493 1970 3549 Veron.

372 3592 474 3663 Ep.
528 3591 780 3663 Martyris
824 3600 878 3644 et
926 3588 1171 3643 Doctor-is
1214 3587 1396 3645 eximii
1445 3587 1512 3641 de
1544 3587 1781 3656 pluribus
1821 3587 1877 3642 S.
1910 3585 1969 3642 S.

368 3686 527 3749 locis,
577 3693 1013 3749 etc.,sermones
1050 3682 1103 3733 in
1152 3678 1289 3733 Bibl.
1326 3676 1446 3732 PP.
1487 3678 1552 3733 T.
1597 3694 1657 3747 ιι,
1688 3679 1792 3733 col.
1844 3679 1969 3734 559.

374 3778 574 3833 Ibidem
604 3778 656 3831 in
681 3775 868 3830 eadem
891 3774 961 3830 de
991 3789 1136 3827 anno
1168 3771 1325 3828 1654.

443 3874 445 3877 ’
1098 3865 1261 3921 1657.

358 3950 361 3953 ’
446 3963 708 4033 Lugduni,
728 3970 917 4032 sumpt.
941 3959 1100 4012 Laur.
1124 3954 1343 4012 Anisson
1361 3966 1416 4013 et
1438 3956 1507 4011 Jo
1519 3955 1675 4025 Bapt.
1707 3956 1971 4021 Devenet.,

375 4056 555 4110 in-fnl.
589 4054 825 4107 Zenonis
875 4065 1156 4106 sermones
1203 4050 1335 4105 varii
1386 4051 1438 4104 in
1471 4049 1670 4119 Aloysii
1701 4047 1975 4119 Liponiani

371 4145 565 4200 Catena
612 4145 667 4196 in
713 4142 959 4208 Cenesin,
1004 4157 1103 4196 nec
1130 4156 1235 4195 non
1267 4139 1351 4195 Ei.
1384 4140 1572 4196 eodem
1607 4140 1641 4193 I.
1675 4148 1731 4194 et
1754 4155 1802 4191 a.
1830 4138 1973 4194 edita

373 4234 566 4289 Catena
593 4235 646 4288 in
676 4232 937 4287 Exoduin.
1054 4290 1057 4295 η

1091 4325 1249 4380 1662.

451 4421 704 4487 Parisiis,
732 4430 920 4491 sumpt.
951 4420 1070 4474 Ant.
1103 4419 1319 4485 Bertier,
1368 4418 1547 4475 in-lol.
1572 4418 1810 4473 Zenonis
1838 4417 1972 4471 varii

375 4527 658 4569 sermones
691 4514 743 4565 in
775 4510 965 4564 Franc.
1012 4510 1302 4580 Combe/isii
1333 4510 1471 4565 Bibl.
1508 4506 1638 4564 PP.
1686 4509 1973 4565 Conciona—

377 4609 533 4663 toria.

1092 4698 1251 4753 1677.

447 4789 715 4862 Lugduni,
748 4790 892 4859 apud
916 4787 1238 4855 Anissom’os,
1271 4788 1450 4845 iit—fol.
1496 4786 1735 4843 Zenonis
1762 4800 1970 4841 sermo-

372 4898 474 4939 nes
497 4883 552 4936 in
581 4880 717 4935 Bibl.
757 4880 903 4934 Max.
940 4878 1055 4935 PP.
1092 4880 1151 4934 T.
1186 4896 1261 4947 tu,
1292 4896 1346 4952 p.
1383 4880 1511 4945 359,
1545 4895 1669 4934 cum
1703 4880 1811 4934 vita
1834 4895 1971 4948 pric-

378 4979 502 5043 lixa,
531 4989 585 5045 p.
614 4972 741 5030 356.

1113 5066 1276 5125 ‘l'llO.

452 5160 671 5215 Patavii.
690 5161 747 5217 S.
768 5161 1004 5218 Zenonis
1033 5173 1334 5217 sermones.
1362 5161 1553 5216 Recusi
1579 5161 1643 5215 ad
1677 5160 1969 5216 editionem

378 5252 549 5323 Rapit.
581 5252 809 5325 Bagam.

1090 5344 1250 5401 1759.

460 5440 686 5501 Veronae.
719 5443 853 5512 typis
884 5440 1162 5496 Semiuarii
1193 5438 1333 5504 apud
1358 5434 1570 5503 August.
1596 5436 1967 5501 Carattoninm,

374 5534 427 5584 in
466 5530 557 5583 fol.
608 5531 773 5601 (in-4"
846 5534 1044 5605 potius)
1095 5530 1278 5584 Sancti
1310 5527 1543 5582 Zenonis
1580 5542 1664 5596 ep.
1696 5527 1972 5583 Veronen-

375 5612 449 5675 sis
492 5636 787 5677 sermones.
823 5624 973 5679 Nunc
1005 5624 1263 5694 primum,
1288 5635 1391 5689 qua
1416 5636 1510 5688 par
1533 5628 1667 5686 erat,
1696 5619 1971 5690 diligentia

375 5714 520 5767 editi.
576 5713 779 5770 Alienis
810 5717 1062 5771 nimirum
1092 5714 1359 5783 separatis
1390 5728 1453 5767 ac
1500 5713 1551 5765 in
1603 5711 1967 5780 Appeudicem

376 5808 607 5877 rejectis,
648 5811 1031 5879 iudicibusque
1077 5807 1453 5879 compluribus
1500 5804 1782 5872 eiiiisnltis,
1828 5806 1970 5859 inter

2077 3316 2137 3361 ut
2175 3322 2270 3363 eos
2299 3309 2671 3363 tantummodo
2701 3318 2981 3373 traCLatus,
3014 3309 3065 3362 in
3099 3308 3295 3375 quibus
3339 3308 3671 3363 Arianorum

2077 3399 2281 3455 mentio
2330 3401 2417 3466 lit,
2469 3400 2535 3455 ab
2587 3400 3005 3456 amanuensibus
3056 3399 3382 3455 Zenonianis
3436 3401 3674 3455 iutrusos

2078 3504 2309 3564 putaret.
2346 3493 2473 3549 Post
2499 3509 2619 3548 eum
2651 3508 2756 3548 non
2790 3493 2960 3549 ’latuit
3004 3493 3221 3564 quidem
3265 3494 3412 3548 viros
3458 3494 3670 3560 doctos,

2082 3585 2443 3641 Veronensein
2491 3587 2800 3657 episcOpum
2842 3586 2907 3641 ad
2954 3587 3168 3642 teitium
3214 3585 3473 3641 smeulum
3518 3586 3675 3643 evebi

2078 3696 2183 3735 non
2232 3695 2416 3751 posse,
2466 3694 2625 3735 nemo
2658 3689 2833 3735 tamen
2867 3679 2933 3733 ad
2978 3674 3346 3733 discutiendas
3374 3680 3672 3734 enuclean-

2078 3774 2302 3845 dasque,
2336 3775 2529 3844 quibus
2570 3789 2658 3829 res
2689 3774 2943 3843 impedita
2975 3773 3276 3836 videbatur,
3327 3771 3673 3829 difﬁcultates

2079 3877 2296 3941 paratus
2323 3867 2444 3934 fuit,
2494 3884 2627 3938 quas
2678 3867 2891 3924 tandem
2941 3868 3263 3923 Ballerinios
3305 3879 3413 3923 tam
3446 3868 3674 3924 feliciter

2079 3960 2429 4015 extricavisse
2480 3960 2746 4016 laetamur.
2797 3961 2966 4029 Quam
3022 3962 3071 4015 in
3138 3976 3252 4017 rem
3311 3969 3440 4016 ante
3493 3964 3670 4016 omnia

2080 4069 2381 4109 memorare
2404 4064 2650 4124 oportet,
2683 4055 2943 4110 vindicias
2986 4072 3080 4124 pro
3108 4064 3329 4110 auctOre
3358 4070 3424 4110 ac
3467 4070 3674 4111 sermo—

2082 4149 2237 4202 nibus
2282 4148 2399 4218 ejus
2447 4142 2775 4219 perscriptas
2826 4150 2878 4203 in
2938 4149 3310 4220 prolegomenis
3362 4148 3672 4203 Zeuonianis

2081 4241 2252 4295 tribus
2282 4242 2746 4297 disseitationibus
2777 4244 3217 4313 comprehensis;
3248 4258 3477 4313 quarum
3509 4244 3671 4314 prima
3730 4280 3733 4281 ν

2079 4332 2148 4387 de
2194 4334 2444 4403 genuinis
2495 4336 2808 4389 tractatibus
2836 4334 2893 4389 S.
2925 4333 3158 4390 Zenonis
3187 4349 3273 4403 ep.
3323 4333 3452 4389 Ver.
3502 4344 3557 4390 et
3606 4335 3671 4388 de

2079 4426 2197 4495 ejus
2226 4436 2405 4492 (etate,
2438 4427 2599 4481 altera
2642 4425 2709 4480 de
2738 4426 2988 4481 Doctrina
3029 4425 3167 4495 ejus.
3218 4426 3366 4479 tertia
3412 4424 3480 4480 de
3526 4428 3668 4480 Actis

2167 4520 2400 4575 Zenonis
2424 4530 2479 4575 et
2506 4518 2575 4574 de
2606 4517 2848 4589 ejusdem
2880 4518 3026 4572 cultu
3057 4519 3185 4588 agit,
3230 4518 3427 4587 quibus
3464 4517 3530 4573 ad
3562 4519 3663 4573 cal-

1997 4605 2208 4667 Dcem‘
2251 4612 2583 4665 Monumenta
2649 4611 2713 4665 de
2766 4608 2829 4665 S.
2883 4608 3089 4677 Zenone
3138 4617 3187 4663 et
3238 4609 3527 4662 testimonia
3584 4623 3670 4663 se-

2077 4705 2212 4758 lecta
2269 4704 2646 4773 subjiciuntur.
2701 4704 2875 4772 Atque
2920 4702 3086 4756 altera
3120 4700 3185 4754 ad
3237 4714 3335 4754 nos
3390 4715 3497 4753 non
3551 4715 3703 4769 per-.

2076 4796 2229 4861 tinet,
2281 4798 2451 4851 tertiae
2480 4796 2708 4850 debetur
2756 4794 2935 4849 brevis
2989 4794 3178 4849 notitia
3226 4792 3377 4848 Vitae
3410 4792 3661 4859 Zenonis,

2074 4902 2236 4955 quam
2288 4903 2449 4956 supra
2499 4886 2765 4941 dedimus.
2813 4884 3007 4940 Primae
3056 4894 3285 4951 tantum,
3339 4901 3461 4957 quae
3505 4889 3663 4943 totius

2076 4978 2330 5033 editionis
2377 4979 2612 5033 rationes
2659 4993 2722 5033 ac
2768 4977 3111 5033 [initiamenta
3155 4977 3396 5046 exhibet,
3441 4993 3661 5050 conspe-

2076 5078 2221 5123 ctum
2251 5069 2338 5125 liic
2365 5072 2640 5124 sistamus.

2152 5162 2208 5215 ln
2241 5162 2503 5232 prooemio
2526 5162 2689 5216 variis
2714 5160 3024 5215 criticorum
3058 5161 3299 5217 censuris
3334 5176 3399 5218 ac
3441 5161 3660 5218 diiﬁcul-

2077 5253 2277 5309 tatibus
2333 5252 2637 5320 recensitis,
2672 5252 2999 5323 supposititii
3052 5260 3368 5307 tractatusa
3420 5252 3659 5323 genuinis

2077 5347 2291 5401 tandem
2317 5355 2464 5401 certo
2492 5345 2737 5401 codicum
2778 5345 2976 5401 indicio
3004 5355 3321 5413 separantur
3343 5359 3518 5415 eoilue
3548 5345 3657 5417 ipso

2078 5438 2195 5492 fons
2218 5454 2280 5493 ac
2301 5438 2459 5493 sedes
2488 5434 2755 5507 potiorum
2781 5437 3154 5493 difﬁcultatum
3187 5437 3475 5493 evertitur.
3508 5437 3654 5507 Quod

2074 5530 2288 5599 genuini
2316 5522 2851 5585 Zenonis'tractatus
2896 5547 2925 5585 ιι
2972 5530 3327 5599 supposititiis
3379 5530 3654 5599 dijudicari

2079 5638 2201 5675 non.
2233 5630 2495 5691 poterant,
2551 5622 2817 5677 editorum
2865 5621 3208 5691 superiorum
3254 5624 3413 5691 culpa
3465 5616 3654 5680 factum

2076 5729 2198 5767 esse
2225 5724 2467 5783 monent,
2495 5715 2583 5783 qui
2612 5714 2982 5783 supposititius
3023 5713 3347 5767 Zeuonianis
3392 5715 3656 5785 subjectos

2078 5806 2127 5857 in
2156 5806 2257 5860 line
2283 5805 2527 5861 codicum
2560 5804 2700 5861 haud
2733 5804 3023 5875 separatim
3047 5803 3326 5871 dederant,
3358 5805 3527 5861 immo
3564 5823 3653 5863 nec
