3820 6220
140 278 235 332 Ξ)νὶηο

1134 276 1407 332 somn
1454 271 1868 331 tavrea-tnta
1913 272 1975 327 IN
2018 258 2371 330 ZENONEM.

3323 274 3429 328 230

141 399 189 451 in
216 398 697 467 manuscriptorum
730 396 832 452 line.
862 398 1066 467 positos
1094 410 1213 451 esse
1241 404 1567 450 monuerunt
1595 392 1716 462 qui-
1751 400 1796 456 Α
1826 395 2034 447 sca‘tcre
2057 391 2391 456 ostenditur;
2424 400 2699 461 postremo
2743 399 2875 446 astas
2995 388 3247 455 Zenonis,
3294 374 3431 459 qua-

140 490 430 561 dcm,(qu;e
455 492 683 545 monitio
705 490 769 544 ad
794 506 1009 546 onmem
1041 492 1187 546 litem
1221 487 1578 545 dirimendum
1604 500 1728 539 eru-

142 582 257 638 ditis
280 583 405 636 satis
432 581 673 653 fuisset),
704 582 797 639 sed
831 597 925 638 eos
963 596 1087 637 cum
1130 578 1383 652 genuinis
1426 564 1728 649 permixtos

146 678 381 747 nullaque
402 662 691 731 distinctos
734 675 1009 729 uetatione
1036 672 1404 729 exhilutcrunt
1433 685 1495 725 ac
1523 668 1595 724 uti
1624 667 1727 721 Ze-

146 771 393 823 nouiauos
432 769 741 838 promiscue
769 768 1112 823 venditaruut
1162 784 1173 818 :
1226 750 1369 835 iique
1404 779 1524 818 cum
1556 760 1730 816 Zeno-

146 876 259 916 nem
316 870 589 916 auctorem
649 861 852 915 ltabere
906 858 1239 930 nequirent,
1283 872 1471 910 omnes
1518 866 1731 923 quoque

145 952 472 1007 chonianos
517 955 570 1007 in
619 952 1012 1007 dubitationem
1063 949 1367 1019 eoujecere.
1423 946 1583 1001 Tales
1635 960 1733 1023 uu-

146 1060 285 1100 mero
323 1056 447 1099 sunt
497 1054 551 1101 et
591 1044 1001 1118 eonstantcr'in
1050 1042 1156 1098 ﬁne
1194 1042 1430 1097 omnium
1486 1038 1730 1095 codicum

146 1139 381 1207 subjecti,
427 1138 725 1203 undecim,
775 1154 911 1207 quos
959 1137 1058 1207 ipsi
1110 1150 1323 1207 quoque
1377 1134 1612 1190 editores
1665 1128 1733 1184 ad

150 1234 339 1289 calcem
368 1232 625 1287 editionis
649 1248 760 1286 suae
788 1212 1125 1300 adjecerunt.
1183 1230 1276 1285 His
1316 1228 1547 1297 demptis
1576 1239 1736 1294 supe-

146 1334 317 1380 rerant
346 1324 415 1379 85
443 1339 675 1394 quorum
725 1339 889 1391 unum
919 1331 1197 1377 auctorem
1247 1336 1367 1396 esse
1414 1328 1654 1374 statuunt
1684 1325 1737 1371 et

148 1417 489 1486 argumentis,
518 1425 632 1470 ttun
653 1431 683 1471 e
705 1414 1004 1479 codicibus,
1040 1424 1148 1469 tum
1171 1430 1236 1468 ex
1253 1414 1392 1484 stylo
1416 1410 1736 1479 desumptis,

149 1509 406 1579 variisque
436 1508 860 1578 objectiouibus,
895 1521 1029 1577 quas
1057 1506 1124 1559 ab
1155 1504 1456 1575 argumenti
1490 1544 1504 1567 ,
1537 1500 1738 1555 indolis

134 1610 200 1655 set
226 1600 571 1671 longitudinis
595 1599 910 1654 diversitate
932 1598 1203 1668 petierunt
1225 1596 1322 1650 v‘iri
1352 1595 1518 1659 docti,
1535 1592 1738 1657 dilutis,

151 1693 411 1748 evincunt.
452 1692 582 1747 llazc
628 1692 804 1761 capite
851 1688 1183 1763 primo§tl,
1230 1688 1286 1742 4.
1336 1688 1574 1758 Pergunt
1619 1700 1764 1770 cap.)

1831 498 1952 539 cum
1984 484 2162 538 omnia
2193 484 2536 551 conveniant,
2584 484 2750 541 certis
2801 484 3017 553 ﬁnibus,
3071 485 3208 539 intra
3258 483 3434 537 huuos

1831 577 1935 634 556
1984 586 2039 634 et
2078 576 2181 632 580
2202 574 2458 634 deﬁnitur
2487 590 2608 646 cap.
2639 578 2694 643 5,
2728 576 2756 649 §
2811 578 2860 644 l,
2895 579 2947 635 5.
2984 605 3057 618 —-
3099 574 3263 632 Multa
3297 591 3436 647 pra!-

1834 678 1981 725 terea
2039 669 2276 724 historice
2305 684 2366 723 ac
2389 670 2705 725 litteraturae
2746 669 3126 726 ecclesiastica:
3148 670 3343 740 capita,
3376 677 3435 723 ut

1835 775 2019 836 postea
2073 764 2125 819 itt
2170 763 2368 820 Leonis
2398 764 2676 835 operibus,
2726 763 3023 819 doctissimi
3048 763 3288 825 editores
3314 762 3436 817 atti-

1834 868 2029 929 gerunt
2051 868 2105 914 et
2140 858 2535 921 discusserunt.
2585 875 2704 930 qua:
2753 860 2806 914 in
2833 860 3073 915 omnium
3103 859 3436 915 eruditorum

1837 953 2095 1009 memoria
2134 962 2439 1008 versantur.
2492 953 2598 1009 Sed
2654 954 2810 1009 nobis
2853 953 2964 1024 jam
3008 960 3220 1007 caetera:
3279 950 3439 1022 bujus

1836 1047 2086 1103 editionis
2156 1048 2311 1104 dotes
2383 1048 2727 1105 declarandae
2774 1057 2920 1103 sunt.
2967 1046 3171 1103 Novem
3217 1045 3440 1116 contigit

1839 1140 2076 1195 nancisci
2107 1140 2322 1195 codices
2349 1155 2577 1210 quorum
2611 1150 2735 1195 octo
2764 1155 2955 1196 omnes
3000 1152 3284 1194 sermones
3318 1151 3451 1197 eous

1841 1234 2103 1299 tinebant,
2128 1249 2266 1289 unus
2291 1241 2470 1289 autem
2501 1233 2919 1301 vetustissimus,
2965 1232 3283 1310 Bernensis,
3321 1228 3439 1284 fons

1840 1326 2167 1396 reliquorum
2199 1326 2504 1381 videbatur.
2539 1325 2742 1381 Horum
2792 1325 2955 1397 igitur
2992 1340 3095 1395 cpe
3126 1340 3230 1381 non
3252 1323 3438 1379 solum

1842 1419 2216 1489 supposititios
2244 1427 2502 1474 tractatus
2529 1435 2557 1473 a
2588 1419 2838 1488 genuinis
2865 1427 3216 1474 secreverunt
3241 1459 3255 1482 ,
3289 1424 3347 1471 ut
3374 1431 3437 1471 ex

1844 1522 1970 1567 ante
1997 1512 2154 1567 dictis
2182 1513 2352 1581 patuit
2379 1553 2393 1577 ,
2422 1511 2515 1567 sed
2549 1511 2834 1582 insigni’er
2879 1511 3041 1566 etiam
3072 1524 3135 1564 ac
3166 1508 3347 1565 multis
3388 1508 3440 1563 in

1845 1604 1981 1659 locis
2000 1605 2087 1677 vel
2119 1603 2479 1659 emeodarunt
2525 1604 2610 1658 vel
2664 1605 2941 1675 antiquam
2990 1603 3281 1659 lectionem
3328 1616 3445 1656 mu-
3514 1667 3520 1671 ε

1850 1697 2122 1752 niverunt.
2151 1696 2304 1763 Quod
2336 1695 2403 1751 ad
2424 1694 2764 1765 partitionem
2787 1710 2850 1751 ac
2870 1694 3113 1751 ordinem
3133 1708 3443 1761 sermonum

152 1785 314 1840 altero
336 1796 614 1840 auctorem
647 1784 836 1838 horum
890 1791 1212 1860 tractatuum
1245 1781 1534 1850 scripsisse
1561 1794 1612 1832 tv
1643 1792 1660 1831 ε

1935 1790 2063 1855 inet,
2096 1804 2271 1859 neque
2303 1788 2572 1844 editorum
2620 1787 2958 1858 superiorum
2992 1802 3168 1857 neque
3197 1785 3443 1842 codicum

152 1878 267 1936 culo
288 1922 303 1947 ,
333 1878 620 1950 eidemque
645 1879 822 1933 omnia
853 1891 1177 1948 congruere,
1227 1880 1346 1945 qua:
1395 1874 1447 1927 in
1478 1870 1745 1926 ‘utnoibus

156 1973 455 2028 tractatibus
472 1972 875 2027 contineantur.
904 1969 1000 2024 llic
1026 1970 1258 2039 primum
1288 1965 1525 2021 afferunt
1567 1965 1743 2020 locum

156 2065 405 2135 insignem
427 2080 492 2120 ex
528 2071 688 2118 tract.
724 2079 776 2127 v,
808 2062 902 2117 lib.
930 2077 967 2128 ι,
995 2061 1085 2114 ubi
1115 2060 1517 2132 quadringentos
1559 2072 1626 2111 ex
1649 2071 1744 2111 sua

157 2166 437 2211 retrorsum
481 2155 548 2211 ad
599 2154 748 2209 Pauli
776 2154 1006 2224 apostoli
1060 2158 1275 2228 tetulem
1335 2166 1508 2206 annos
1558 2159 1747 2204 auctor

158 2249 596 2320 uumerat;quod
645 2259 852 2305 temere
880 2247 1118 2302 editores
1148 2246 1491 2302 Veronenses
1543 2246 1594 2298 in
1643 2244 1745 2297 du-

159 2353 317 2396 centos
378 2338 765 2405 mutaverant,
811 2348 867 2394 et
917 2340 1177 2394 Barouius
1234 2339 1352 2394 aliis
1412 2336 1748 2407 argumentis

157 2434 340 2490 deinde
366 2434 667 2488 adstruere
688 2443 917 2486 conatus
958 2442 1107 2495 erat;
1152 2446 1271 2500 quae
1300 2430 1510 2499 Slllglll'l
1536 2428 1749 2482 diluun-

160 2539 255 2583 tur.
282 2528 414 2582 Τιιιιι
463 2536 691 2597 urgetur
720 2533 1110 2596 argumentum
1155 2538 1321 2594 grave
1366 2531 1510 2593 quod
1562 2532 1750 2577 auctor

158 2629 330 2675 contra
352 2619 586 2675 Arianos
612 2618 886 2673 disserens
908 2632 963 2670 tv
1015 2617 1213 2670 satculo
1242 2614 1629 2682 adiudi‘candus
1656 2613 1747 2680 sit,

161 2713 391 2769 fulcitunt
420 2714 491 2769 ab
520 2714 651 2780 alio,
674 2711 818 2783 quod
848 2712 1031 2782 plures
1071 2708 1256 2764 srcculi
1307 2710 1484 2780 quarti
1514 2709 1752 2763 bmreses

163 2808 210 2863 in
242 2808 321 2863 bis
343 2806 663 2864 tractatibus
693 2807 1092 2876 impugnentur.
1125 2804 1219 2857 llis
1248 2803 1452 2857 addunt
1482 2802 1750 2872 publicum

163 2901 210 2954 in
232 2903 359 2957 urbe
390 2900 605 2957 Verona
630 2906 1061 2961 monumentum,
1091 2896 1376 2961 ecclesiam
1425 2895 1526 2951 8ιὼ
1570 2895 1754 2963 auspi—

161 2994 251 3048 ciis
279 2994 389 3062 ejus
416 2993 737 3049 mdiftcatam
772 2991 839 3045 ab
870 3005 1042 3060 eoque
1071 2989 1309 3060 (tractat.
1362 3005 1436 3054 tv,
1486 2988 1578 3043 lib.
1627 2985 1665 3059 ι)
1699 2987 1751 3042 in

160 3098 280 3139 usus
318 3098 638 3140 communes
682 3093 924 3154 apertam
964 3097 1027 3135 ac
1073 3079 1409 3145 dedJCatam;
1442 3079 1581 3147 quod
1629 3088 1753 3167 ante

1850 1880 2157 1951 exemplum
2191 1881 2341 1950 sequi
2369 1895 2399 1936 e
2427 1896 2485 1934 re
2513 1880 2711 1945 visum,
2737 1878 2991 1950 quoniam
3014 1877 3154 1950 apud
3190 1887 3448 1948 utrosque

1850 1974 2126 2043 longiores
2155 1981 2211 2028 et
2243 1974 2519 2028 breviores
2549 1973 2854 2042 promiscae
2884 1972 3140 2035 conserti,
3162 1984 3448 2043 argumen-

1853 2076 1907 2123 to
1931 2076 1985 2121 et
2018 2066 2177 2121 titulo
2201 2066 2411 2122 similes
2440 2065 2676 2137 disjecti,
2710 2067 2779 2121 ab
2807 2066 2918 2121 illis
2946 2075 3207 2137 praeterea
3228 2065 3447 2134 genuini

1849 2175 1971 2215 cum
2018 2160 2217 2229 Spuriis
2261 2159 2471 2215 confusi
2513 2168 2718 2215 essent.
2764 2158 2870 2215 Sed
2897 2159 3140 2214 collectis
3183 2164 3257 2214 in.
3285 2173 3448 2212 unum

1852 2250 2093 2318 ejusdem
2126 2251 2493 2320 inscriptionis
2523 2250 3145 2323 tractatibusuniversos
3165 2263 3445 2305 sermones

1854 2346 1907 2400 in
1935 2345 2103 2401 libros
2142 2344 2278 2399 duos
2318 2344 2643 2407 diviserunt,
2678 2358 2909 2414 quorum
2943 2344 3147 2414 primus
3174 2342 3443 2413 longiores
3518 2360 3521 2363 ·

1854 2451 1909 2495 et
1940 2440 2157 2509 quidem
2188 2454 2379 2493 omnes
2408 2438 2520 2493 fere
2547 2438 2617 2492 de
2647 2439 2791 2493 vitiis
2836 2452 2901 2492 ac
2936 2436 3219 2492 virtutibus
3252 2434 3443 2507 [meoi-

1853 2535 2085 2603 pientes,
2102 2533 2240 2587 alter
2258 2533 2562 2599 breviores,
2582 2547 2809 2586 numero
2835 2531 3016 2601 plures
3041 2544 3105 2585 ac
3134 2538 3451 2600 argumento

1854 2626 2098 2680 diversos
2121 2626 2444 2691 contineret.
2480 2622 2557 2679 Ne
2591 2626 2712 2695 quis
2741 2638 2874 2678 vero
2903 2622 3150 2677 codicum
3179 2630 3234 2677 et
3258 2622 3451 2677 editio-

1856 2718 1940 2773 nis
1964 2715 2316 2784 Veronensis,
2350 2724 2469 2785 q‘u:e
2501 2714 2660 2785 vulgo
2691 2714 2974 2782 allegatur,
3025 2713 3271 2769 ordinem
3304 2714 3450 2769 desi-

1855 2807 2093 2871 deraret,
2123 2818 2408 2879 utrumque
2452 2814 2574 2862 cuni
2618 2822 2755 2862 novo
2784 2806 3039 2861 collatum
3070 2806 3339 2862 distinctis
3369 2816 3453 2861 ta.

1854 2902 2013 2963 bulis~
2044 2912 2171 2957 ante
2215 2903 2365 2971 ipsos
2411 2915 2692 2956 sermones
2718 2900 3099 2956 exbibuerunt.
3145 2900 3201 2955 ln
3230 2909 3454 2954 annotao

1858 2997 2094 3052 tionibus
2122 3012 2228 3052 non
2257 2997 2430 3051 solum
2464 2995 2515 3049 id
2544 2996 2895 3050 intenderunt
2926 3037 2939 3059 ,
2974 3005 3029 3050 ut
3055 2995 3451 3051 eorreetionum

1858 3093 2121 3147 rationem
2144 3090 2420 3155 aﬂ‘errent,
2441 3092 2672 3146 selectos
2701 3091 2969 3145 variantes
2998 3090 3255 3145 lectiones
3283 3104 3452 3160 appo-

162 3179 328 3235 Saaculi
357 3195 409 3233 tv
435 3188 684 3247 tempora
734 3175 851 3230 ﬁeri
879 3190 986 3231 non
1016 3175 1267 3244 patuerit.
1300 3174 1432 3229 ltem
1475 3172 1616 3243 quod

1944 3196 2047 3241 'ent
2072 3186 2152 3241 vel
2181 3184 2485 3240 difﬁciliora
2536 3183 2652 3237 loca
2704 3183 3062 3253 explicarent,
3110 3182 3203 3237 sed
3236 3182 3452 3237 uberius

162 3273 373 3325 terdicta
403 3268 670 3326 Gentibus
703 3269 1026 3337 templorum
1081 3265 1367 3321 aedificatio
1411 3276 1465 3319 et
1509 3263 1752 3334 publicus

162 3362 502 3417 nihilominus
530 3360 856 3415 idololatria:
908 3360 1082 3414 cultus
1104 3357 1172 3414 de
1202 3352 1396 3430 quibus
1423 3367 1612 3412 auctor
1642 3372 1753 3426 me-

164 3457 329 3521 tuinit,
360 3464 575 3511 mlulcm
609 3456 725 3525 ejus
753 3464 876 3526 post
908 3456 1166 3510 medium
1189 3464 1439 3525 quartum
1494 3451 1751 3507 smeulum

165 3566 222 3607 ac
262 3552 453 3607 Juliani
516 3553 724 3607 obitum
779 3550 1102 3606 certioribus
1160 3548 1420 3602 limitibus
1469 3545 1746 3602 deﬁniant.

164 3645 321 3701 Porro
342 3662 447 3701 non
484 3644 817 3700 Lactantium
851 3632 1047 3707 solum,
1076 3640 1168 3696 sed
1199 3650 1253 3695 et
1283 3640 1543 3696 Hilarium
1575 3638 1753 3693 imita-

166 3746 265 3792 tum
294 3750 570 3803 auctorem
604 3736 789 3792 videri.
811 3734 1052 3789 Tandem
1086 3733 1311 3804 insignis
1333 3731 1571 3787 auetoris
1604 3730 1753 3785 locus

163 3830 224 3886 de
249 3831 586 3899 captivorum
618 3828 989 3895 redemptione
1017 3842 1139 3881 cum
1159 3826 1279 3879 aliis
1302 3824 1510 3879 duobus
1540 3823 1752 3880 S.Am-

163 3922 314 3978 brosii
344 3923 574 3978 miriﬁce
598 3937 928 3992 congruens,
960 3932 1207 3999 Spectare
1232 3918 1535 3973 ostenditur
1565 3926 1751 3985 captos

157 4032 183 4071 a
234 4016 472 4074 barbaris
522 4023 643 4085 post
691 4013 1260 4087 lladriauopolitauant
1317 4027 1547 4083 pugnam
1606 4025 1752 4064 anno
1806 4022 1815 4025 λ

158 4110 277 4169 378.
298 4108 453 4163 simul
484 4122 594 4162 non
626 4106 919 4165 ultraismc.
951 4121 1023 4167 tv.
1051 4104 1289 4159 auctoris
1319 4110 1531 4158 aetatem
1561 4116 1753 4172 proro-

157 4200 261 4269 gari
281 4183 459 4269 posse,
485 4199 583 4255 sed
607 4208 730 4253 ante
750 4213 879 4252 anu.
902 4196 1028 4260 591,
1052 4211 1174 4252 eum
1197 4195 1445 4250 ﬂoruisse
1475 4194 1747 4249 statuitur.

160 4292 389 4365 Denique
416 4294 655 4363 objectio
698 4292 764 4348 de
807 4290 1275 4362 persecutionibus
1321 4296 1375 4344 et
1426 4286 1751 4359 martyribus

159 4382 431 4453 disjicitur,
466 4384 617 4440 brevi
647 4385 1083 4454 persecutionum
1117 4381 1299 4437 sateuli
1347 4383 1524 4451 quarti
1574 4380 1747 4434 histo-

160 4477 232 4531 ria
261 4492 375 4547 cap.
400 4462 469 4545 ’2,
505 4477 624 4550 §‘l,
651 4470 717 4533 8.
737 4477 831 4533 llis
857 4477 959 4544 ista
985 4475 1318 4546 praemonitis
1342 4517 1357 4541 ,
1389 4475 1547 4529 tertio
1577 4470 1750 4543 capite

1853 3292 2069 3350 quoque
2100 3276 2340 3333 studium
2392 3276 2443 3330 itt
2499 3274 2753 3331 dictionis
2802 3275 3171 3331 declaratioue
3200 3272 3455 3329 Ostende-

1855 3380 1996 3426 rent.
2026 3369 2203 3441 Atque
2232 3369 2336 3427 hoc
2356 3369 2521 3424 etiam
2549 3378 2658 3423 tum
2682 3367 2745 3441 ad
2772 3363 3195 3423 confirmandam
3221 3367 3454 3422 auctoris

1854 3471 2235 3528 tetatem;.tunt
2265 3460 2331 3516 ad
2346 3459 2834 3516 locutionislutinm
2864 3458 3150 3528 puritatem
3174 3457 3452 3513 vindican-
3504 3460 3532 3527 ξ

1854 3555 2000 3610 dam.
2036 3574 2055 3607 ι
2092 3554 2149 3609 1η
2184 3554 2410 3624 gratiam
2445 3552 2852 3617 nonnullorum,
2886 3552 3163 3621 inquiunt,
3195 3551 3283 3621 qui
3319 3566 3455 3620 pra:-

1838 3646 2066 3718 ‘judiciis
2092 3647 2294 3717 aliquot
2322 3646 2434 3716 jam
2470 3644 2678 3699 inclitis
2724 3643 2955 3698 devincti
2990 3652 3261 3707 tenentur,
3290 3656 3451 3710 Opor—

1854 3741 1974 3805 tuit,
2017 3740 2171 3810 pares
2201 3737 2461 3807 quasdam
2510 3737 2742 3792 aliorum
2775 3753 2849 3801 tv,
2886 3737 2968 3791 vel
2993 3736 3259 3805 sequioris
3289 3734 3452 3789 etiam

1853 3833 2036 3889 saeculi
2086 3833 2305 3887 Patrum
2353 3832 2654 3886 sententias
2703 3831 2901 3885 alicubi
2957 3831 3206 3894 recitare,
3260 3828 3453 3898 quibus

1853 3926 2060 3995 aliquas
2082 3923 2317 3980 Zenonis
2360 3922 2633 3977 formulas
2676 3937 2773 3975 seu
2820 3920 3128 3974 testimonia
3158 3917 3449 4001 nonnulla,

1853 4020 2175 4090 antiquioris
2197 4017 2367 4072 multo
2389 4016 2564 4072 (etatis
2587 4015 2746 4085 vulgo
2772 4014 3099 4079 existimata,
3128 4014 3180 4066 in
3200 4022 3451 4082 quartum

1852 4124 2088 4181 quoque,
2120 4109 2204 4169 vel
2235 4107 2503 4177 posterius
2543 4105 2703 4161 etiam
2736 4105 2996 4161 sacculum
3028 4103 3223 4159 cadere
3255 4102 3452 4174 proba-

1855 4211 2023 4257 retur.
2060 4202 2232 4258 Voces
2277 4216 2372 4255 seu
2422 4198 2681 4268 loquendi
2736 4200 2973 4251 rationes
3026 4195 3233 4265 aliqum
3276 4194 3453 4249 minus

1854 4296 2103 4361 usitatas,
2137 4312 2255 4361 qua:
2306 4294 2533 4349 exoticm
2585 4292 2664 4345 vel
2723 4289 2920 4345 iuﬁmm
2963 4277 3258 4344 latinitatis"
3283 4286 3453 4344 videri

1856 4398 2099 4459 possent,
2132 4388 2523 4457 probatiorum,
2557 4385 2601 4440 si
2632 4384 2747 4438 ﬁeri
2782 4384 2977 4454 potuit,
3009 4382 3335 4451 scriptorum
3370 4381 3451 4433 in-

1855 4480 2047 4536 dicatis
2088 4478 2353 4548 exemplis
2382 4493 2608 4548 purgare
2638 4476 2968 4541 studuimus,
3021 4473 3187 4539 adeo,
3245 4482 3301 4527 ut
3331 4487 3454 4541 per-

162 4569 380 4638 probare
422 4572 762 4633 annituntur,
796 4575 1070 4624 auctorem
1104 4574 1426 4621 tractatuum
1452 4608 1467 4633 ,
1509 4581 1667 4636 quem
1695 4581 1747 4619 tv
1776 4574 1828 4635 1)
1855 4588 2036 4645 pauca)
2084 4573 2209 4637 illa},
2240 4587 2371 4641 quas
2401 4570 2542 4639 apud
2572 4569 2843 4623 nominem
2871 4567 3196 4637 reperimus,
3229 4564 3359 4620 satis
3386 4579 3451 4620 ex

162 4675 279 4716 szee.
308 4664 517 4719 vixisse
543 4663 916 4727 ostenderant,
941 4677 1061 4718 esse
1081 4662 1139 4718 S.
1170 4662 1442 4716 Zenonem
1476 4660 1750 4731 Ep.Vero-

92 4798 99 4803 .
164 4769 398 4821 nensem,
434 4764 791 4825 provocantes
820 4756 1049 4824 primum
1094 4752 1158 4807 ad
1189 4752 1404 4807 codices
1430 4762 1481 4806 et
1505 4752 1752 4818 antiquos

167 4853 321 4902 testes
357 4860 412 4904 et
456 4849 712 4905 Ecclesiae
741 4847 1069 4903 Veronensis
1104 4845 1468 4907 traditionem,
1499 4858 1529 4899 a
1559 4843 1753 4913 quibus

166 4940 405 4994 omnibus
454 4950 715 4996 tractatus
772 4941 857 4996 isti
911 4939 1115 4996 Zenoni
1194 4936 1561 4992 liuie'tributi
1624 4937 1750 4990 sint.

170 5030 363 5087 Deinde
395 5032 614 5103 vulgare
643 5031 1012 5102 praeiudicium
1058 5028 1125 5085 de
1163 5029 1219 5085 S.
1252 5027 1486 5084 Zenonis
1516 5042 1631 5081 arvo
1657 5026 1756 5081 sub

170 5119 445 5188 Gallieno,
493 5124 635 5192 quod
687 5139 851 5179 unum
906 5122 1168 5178 hactenus
1208 5120 1516 5176 constitutis
1558 5119 1755 5189 apponi

173 5229 321 5281 posse
351 5215 649 5283 videretur,
701 5216 766 5269 ad
817 5231 1047 5271 examen
1098 5222 1381 5280 revocant,
1412 5212 1672 5283 originem
1705 5218 1759 5267 et

175 5307 595 5373 fundamentum,
624 5322 821 5376 nempe
840 5308 1096 5362 Coronati
1139 5305 1345 5362 Notarii
1371 5305 1754 5370 narrationem,

175 5402 440 5458 declarant
466 5409 630 5471 atque
659 5401 1019 5454 monumentis
1050 5399 1214 5455 certis
1261 5398 1319 5455 S.
1374 5398 1644 5454 Ambrosii
1691 5398 1758 5452 ad

177 5491 446 5563 Syagrium
486 5490 719 5562 epistola
771 5500 826 5544 et
865 5488 1056 5544 ordine
1106 5490 1329 5559 antiquo
1380 5489 1756 5560 episcoporum

180 5583 562 5639 Veronensium
609 5598 660 5636 tv
706 5581 905 5636 sarculo
946 5596 1071 5636 eum
1121 5580 1324 5635 vixisse
1380 5581 1754 5650 comprobant.

182 5678 393 5751 Insuper
421 5680 658 5751 denique
686 5678 935 5739 Coronati
987 5677 1190 5733 Notarii
1243 5679 1481 5732 narratio
1528 5682 1758 5747 septimo

180 5773 259 5828 vel
293 5782 483 5829 octavo
527 5771 728 5829 seculo
775 5770 970 5841 scripta
1027 5770 1402 5843 perstringitur
1458 5776 1514 5823 et
1563 5769 1757 5827 fabulis

1855 4667 2067 4723 creteris
2092 4665 2373 4719 vindicata:
2403 4669 2673 4724 maneant,
2716 4676 2838 4715 eum
2870 4660 3171 4729 prmsertim
3200 4672 3307 4711 non
3339 4673 3453 4711 om-

1858 4772 1954 4813 nes
1978 4757 2231 4811 Romanae
2253 4764 2306 4811 et
2326 4757 2561 4822 antiquze
2590 4766 2755 4806 voces
2776 4752 2828 4805 iu
2857 4750 3008 4805 libris
3031 4759 3277 4805 veterum
3308 4749 3452 4802 inve-

1821 4906 1825 4911 ,
1858 4850 2095 4903 niantur.
2125 4866 2143 4899 ι
2178 4846 2463 4901 Tractatus
2509 4860 2560 4898 xu
2622 4850 2905 4897 auctorum
2941 4843 3168 4896 aliorum
3198 4838 3453 4911 appendi-

1857 4943 1934 4998 eis
1966 4941 2125 4997 modo
2154 4940 2373 5009 adjecti,
2424 4938 2523 4993 etsi
2576 4937 2809 4992 similem
2864 4952 3048 4991 curam
3098 4936 3302 5004 experti
3346 4948 3450 4988 non

1857 5036 1985 5100 sint,
2040 5048 2144 5087 non
2212 5041 2390 5085 tamen
2443 5028 2795 5083 annotatione
2830 5028 3018 5083 critica
3064 5027 3449 5080 destituuntur.

1858 5126 1989 5182 Post
2017 5122 2369 5196 appendicem
2401 5121 2644 5176 succedit
2663 5135 2785 5176 eum
2817 5119 3126 5188 praefatione
3149 5126 3203 5172 et
3226 5116 3453 5187 cpistola

1860 5216 2252 5287 nun'eupatoria
2298 5209 2386 5270 cd‘.
2436 5213 2559 5269 Ver.
2605 5229 2747 5281 anno
2790 5212 2943 5267 1586.
3002 5209 3267 5264 Francisci
3316 5209 3455 5277 δραι

1857 5310 2039 5365 raverii
2067 5309 2478 5363 annotationum
2526 5304 2953 5377 αὐτοσχεδίασμα
2978 5318 3099 5358 cum
3134 5303 3326 5372 praevia
3358 5303 3453 5356 ad-

1862 5402 2158 5457 monitione
2184 5399 2476 5463 editorum,
2508 5415 2571 5454 ex
2603 5413 2704 5465 qua
2751 5397 2909 5468 paulo
2931 5408 3056 5450 ante
3081 5394 3323 5464 quredam
3354 5394 3452 5449 de-
3522 5416 3525 5419 λ

1858 5493 2164 5562 libavimus.
2193 5492 2469 5561 Multiplex
2497 5490 2656 5558 lectio
2678 5490 2731 5543 in
2753 5489 3031 5559 utriusque
3060 5487 3250 5557 Iingum
3268 5498 3455 5557 aucto-

1858 5586 2009 5642 ribus
2044 5601 2198 5656 teque
2237 5600 2300 5640 ac
2349 5583 2703 5653 scriptoribus
2748 5580 3129 5636 ecclesiasticis
3157 5589 3211 5635 et
3255 5580 3450 5649 ingenii

1854 5676 2084 5733 facilitas
2115 5678 2166 5731 in
2209 5674 2527 5745 explicando
2554 5684 2606 5728 et
2632 5672 2970 5727 emendando
2998 5672 3194 5741 ubiqtte
3234 5672 3286 5725 in
3326 5670 3445 5725 istis

1856 5768 2415 5828 anim‘adversionibus
2429 5765 2891 5825 elucet.Ca:terum
2910 5754 3319 5835 praeclaraeltuic
3331 5762 3396 5820 ed
3404 5765 3439 5819 i-
3527 5770 3546 5779 ·
