3820 6220
262 311 364 367 951

1647 313 2176 372 PROLEGOMISNA.
2241 360 2249 381 ,

3449 328 3561 382 ‘25:).

260 428 390 481 tioni
430 443 527 483 nec
555 429 716 484 index
743 428 989 495 idoneus,
1027 444 1125 483 nec
1167 428 1432 497 praefatio,
1479 428 1709 500 diligens
1758 445 1858 486 nec
1884 435 1938 494 Α
1962 435 2226 491 ordlolu'm
2252 439 2335 493 vel
2363 440 2513 494 unica
2534 442 2693 496 etiam
2722 441 2995 512 periodus.
3046 444 3153 502 Sed
3202 445 3267 500 ad
3314 448 3563 518 proposi-

262 519 483 591 dignum
515 521 681 576 decus
709 529 823 574 arte
849 521 1231 590 typographica
1266 521 1443 587 deest,
1478 538 1653 594 neque
1684 532 1865 594 patro-

257 620 381 681 nus,
414 629 521 686 quo
551 613 648 668 ista
681 622 839 669 aetate
883 613 1106 683 gloriari
1150 616 1361 682 liceret,
1409 616 1607 686 cuique
1653 631 1864 674 nuncu-

267 714 390 776 pata
420 714 526 772 est,
558 702 764 761 cardin.
795 702 1129 773 Passioneus.
1464 740 1467 743 λ

394 788 396 790 ⁷
977 800 1138 855 1769.
1538 827 1544 836 ι

336 891 514 946 Venet.
541 907 624 945 ex.
660 874 792 963 ᾡρη
820 888 908 945 Jo.
939 891 1096 963 Bapt.
1127 894 1355 948 Albritii.
1389 893 1567 949 ιιι-1⁵01.
1596 892 1654 950 S.
1682 892 1861 949 Zeno-

256 983 339 1038 nis
370 984 465 1054 Ep.
498 982 623 1037 Ver.
651 982 938 1038 Tractatus
979 999 1048 1040 ex
1098 986 1365 1042 luculenta
1416 987 1703 1041 Ballerinia
1746 987 1861 1042 edi-

236 1078 402 1131 ~tione
433 1077 730 1132 Veronensi
783 1078 908 1132 anni
956 1079 1275 1139 i759.'cura
1308 1080 1471 1133 Andr.
1509 1078 1775 1134 Gallandii
1806 1079 1857 1133 in

256 1174 424 1229 Tomo
453 1189 506 1239 v,
529 1171 666 1227 Bibl.
699 1171 820 1226 PP.
857 1188 907 1242 p.
945 1174 1202 1230 107-157.
1254 1174 1455 1230 Textus
1485 1174 1860 1229 tantummodo

258 1267 614 1335 transcriptus
641 1274 743 1321 est.
765 1266 1185 1322 Observationes
1204 1268 1407 1338 aliquot
1438 1267 1571 1322 locis
1596 1266 1853 1337 adjectas,

253 1375 375 1430 quae
407 1358 748 1424 Ballerinios,
783 1367 840 1413 ut
879 1360 1088 1425 scribit,
1117 1361 1318 1431 fugisse
1346 1359 1679 1424 viderentur,
1710 1374 1860 1414 com-

256 1466 589 1511 memorasse
618 1456 704 1511 vix
739 1471 919 1526 operte
959 1467 1095 1512 erat.
1130 1456 1206 1513 De
1234 1456 1451 1512 Zenone
1480 1456 1694 1513 disserit
1730 1456 1862 1511 Pro-

255 1546 396 1618 legg.
428 1561 547 1618 cap.
576 1548 666 1615 12,
698 1563 820 1620 pag.
853 1550 919 1605 19
949 1558 1003 1617 et
1026 1549 1117 1604 20.

732 1703 737 1707 .
977 1645 1139 1702 1784.
1634 1717 1639 1723 ,

336 1734 558 1792 Verona.
587 1735 764 1791 in-fol.
792 1736 867 1794 Le
888 1736 1061 1808 Opere
1090 1738 1143 1793 di
1165 1738 1221 1795 S.
1254 1738 1473 1795 Zenone
1501 1740 1858 1811 volgarizzate

1967 536 2077 584 tum
2110 546 2480 600 properamus.

2036 620 2112 675 De
2142 621 2359 677 Guarini
2390 625 2563 682 codice
2609 628 2827 681 mentio.
2866 628 2976 697 jam
3032 642 3194 699 supra
3243 631 3404 685 allata
3454 638 3561 685 est.

1964 711 2178 768 Nullum
2244 716 2355 785 jam
2418 716 2663 773 codicum
2733 718 2974 775 Zenonis
3027 722 3311 792 vestigium
3378 723 3428 776 in
3486 722 3567 776 hi-

1964 805 2235 869 bliotlieca
2285 810 2505 878 capituli
2548 808 2878 866 Veronensis
2935 822 3205 881 superest.
3257 813 3400 868 inter
3437 814 3564 868 Bal-

1963 898 2254 953 lerinianos
2281 901 2459 955 nullus
2485 902 2759 973 antiquior
2787 902 2888 957 fuit
2913 919 2975 957 ac
3008 906 3354 972 prmstantior
3398 922 3561 976 quam

2035 988 2322 1057 “emensis,
2367 1008 2527 1061 quem
2571 992 2921 1048 Remensium
2965 995 3441 1051 Benedictinorum
3477 998 3564 1053 bi-

1963 1079 2271 1137 biiotheca}-
2302 1092 2427 1137 ante
2488 1074 2660 1138 annos
2715 1083 2883 1139 fe'rme
2933 1098 3236 1157 nongentos
3286 1088 3354 1143 ab
3402 1089 3564 1145 Itine-

1963 1187 2114 1227 maro
2159 1173 2415 1245 episcopo
2459 1174 2604 1230 dono
2648 1176 2854 1230 datum.
2901 1176 2963 1232 Ρ.
3012 1177 3329 1234 Rninartius
3360 1180 3413 1235 in
3441 1195 3561 1236 acta

1961 1265 2021 1322 S.
2050 1266 2288 1333 Arcadii,
2331 1276 2387 1322 et
2437 1267 2497 1323 P.
2530 1268 2877 1324 Constantius
2920 1271 2973 1324 in
3027 1271 3169 1347 vett.
3226 1258 3395 1328 Codd.
3444 1277 3564 1329 vin-

1961 1362 2116 1416 dieiis
2148 1379 2197 1430 p.
2230 1361 2359 1427 295,
2410 1378 2473 1419 ac
2513 1364 2565 1419 in
2618 1364 2705 1419 ed.
2761 1364 2947 1421 Ililarii
2993 1382 3112 1437 pag.
3167 1366 3295 1433 465,
3352 1370 3563 1426 ed.-\‘e.

1961 1468 2079 1508 ron.
2115 1452 2315 1525 aliique
2346 1456 2509 1510 etiam
2554 1456 2681 1511 alibi
2724 1470 3241 1514 commemorarunt.
3296 1460 3557 1528 Quoniam

1960 1551 2015 1603 in
2065 1564 2133 1605 eo
2180 1558 2451 1620 tamquam
2504 1552 2881 1621 antiquissimo
2924 1552 3087 1607 totius
3132 1552 3348 1610 fabrica:
3396 1555 3559 1611 veluti

1961 1643 2108 1699 basis
2161 1658 2225 1699 ac
2274 1643 2683 1699 fundamentum
2762 1645 2877 1711 sit,
2927 1656 3237 1701 accuratam
3293 1648 3410 1719 ejus
3466 1649 3557 1704 de-

1959 1734 2310 1806 scriptionem
2353 1751 2456 1790 una
2492 1751 2615 1791 cum
2646 1735 2857 1792 duobus
2885 1738 3278 1808 speciminibus
3326 1738 3378 1794 in
3405 1739 3557 1811 praaf.

254 1826 343 1882 dal
394 1827 673 1884 Marchese
725 1828 844 1884 Cio.
898 1828 1099 1901 [acopo
1142 1830 1349 1886 Dionisi
1393 1832 1657 1888 canonico
1690 1832 1857 1888 Vero.
1888 1811 1935 1874 Β
1965 1843 2015 1897 p.
2046 1843 2119 1893 VI,
2150 1843 2201 1881 Ix
2230 1826 2518 1882 dederunt.
2549 1827 2714 1883 iidem
2729 1827 3023 1884 exindiciis
3044 1829 3209 1885 certis
3229 1831 3446 1887 codices
3466 1848 3561 1885 an-

256 1936 454 1976 nense.
488 1919 553 1975 In
585 1922 687 1991 [ine
716 1940 735 1977 :
764 1937 952 1993 presso
984 1923 1188 1994 Dionigi
1220 1924 1556 1979 Ramanzini.
1671 1988 1678 1995 α

328 2012 405 2067 De
435 2012 702 2068 versionis
733 2014 971 2070 benitate
1001 2024 1243 2070 nostrum
1292 2015 1539 2085 judicare
1585 2032 1692 2071 non
1747 2026 1850 2074 est.

254 2104 362 2160 Sed
404 2104 837 2176 magnilicentids
868 2116 1030 2177 puto,
1071 2113 1232 2177 quam
1277 2107 1484 2163 Zenoni
1516 2112 1857 2180 competebat

251 2195 320 2250 de
342 2196 664 2267 eloquentia:
686 2196 804 2269 ejus
828 2198 881 2253 vi
910 2213 973 2254 ac
996 2201 1235 2255 numeris
1258 2199 1564 2271 iisdemque
1593 2202 1645 2257 in
1678 2210 1853 2257 trans-

253 2287 478 2357 ferendo
520 2289 880 2364 assequendis
922 2300 1111 2346 auctor
1172 2290 1361 2347 sensit.
1414 2292 1585 2361 Quam
1642 2293 1693 2347 in
1738 2308 1851 2349 rem

253 2381 420 2436 multa
444 2382 513 2436 ab
532 2396 599 2439 eo
626 2386 677 2437 in
710 2381 1029 2453 praefatione
1056 2382 1331 2455 diSputata
1355 2396 1499 2452 sunt,
1539 2401 1661 2456 quae
1697 2401 1869 2457 mque.

258 2474 324 2529 ad
348 2476 656 2531 communia
690 2478 1048 2549 transferendi
1078 2488 1345 2549 praecepta
1360 2494 1422 2534 ac
1442 2480 1674 2551 regulas,
1690 2478 1850 2551 q'uam
1889 2475 1899 2488 '

254 2567 623 2622 Zenonianam
676 2568 815 2625 hanc
855 2570 1245 2627 traductionem
1290 2580 1555 2642 spectant.
1587 2570 1853 2629 Universe

251 2662 559 2724 sententias
616 2670 672 2717 et
732 2663 1004 2734 ingenium
1064 2662 1303 2719 Zenonis
1330 2665 1637 2734 exprimere
1682 2650 1853 2736 magis

249 2769 411 2824 qnam
438 2754 599 2810 verba
622 2765 684 2810 et
713 2755 966 2812 dictionis
994 2756 1231 2811 colorem
1277 2756 1556 2813 laborasse
1601 2772 1677 2814 se
1704 2756 1855 2813 afﬁr-

252 2858 383 2905 mat.
446 2840 552 2905 Sed
600 2849 743 2920 quod
786 2849 852 2904 ad
908 2850 1092 2925 plures
1121 2850 1259 2907 forte
1293 2852 1547 2923 pertinet,
1577 2851 1853 2923 singulare

254 2943 415 2997 habet
445 2957 641 3015 munus
669 2942 784 2997 haec
810 2942 977 2998 editio
1004 2959 1033 2997 a
1064 2944 1265 2999 criticis
1302 2956 1355 3000 et
1392 2945 1688 3016 (segeticis
1713 2944 1851 3001 Bar-

258 3035 522 3091 thotonnei
555 3033 851 3101 Perazzim',
882 3035 1339 3108 archipresbyteri
1368 3036 1722 3105 Veronensis,
1755 3054 1849 3092 an-

255 3127 645 3192 notationibus,
679 3128 905 3199 singulis
958 3129 1270 3185 tractatibus
1301 3129 1546 3200 adjectis,
1575 3131 1627 3185 in
1659 3131 1852 3201 quibus
1892 3134 1925 3201 μ’

254 3221 446 3291 partim
490 3198 875 3291 interpunctio,
928 3223 1121 3290 partim
1170 3226 1280 3292 ipsa
1329 3223 1515 3290 verba,
1565 3236 1722 3293 prout
1766 3198 1925 3280 velc

254 3313 666 3369 Balleriniorum
700 3316 782 3368 vel
816 3317 1053 3369 omnium
1106 3318 1328 3372 omnino
1382 3316 1677 3373 editionum
1716 3332 1851 3374 con-

253 3420 447 3461 sensus
501 3406 586 3461 vel
636 3408 776 3462 ratio
824 3407 907 3461 his
953 3408 1205 3464 omnibus
1253 3410 1429 3479 potior
1484 3412 1714 3467 suadere
1775 3414 1851 3475 vi-

255 3499 494 3565 deretur,
533 3512 778 3556 correcta
808 3501 896 3556 vel
939 3503 1235 3559 sententias
1285 3504 1445 3560 aliter
1491 3521 1554 3561 ac
1595 3508 1852 3563 hactenus

254 3593 535 3647 Consuevit
574 3594 866 3663 exlilicatas
897 3596 1139 3650 invenias
1170 3599 1436 3666 sagaciter
1464 3586 1518 3654 et
1561 3616 1682 3655 cum
1716 3601 1853 3655 insi—

254 3685 340 3753 gni
366 3684 733 3761 judicio.,Nec
764 3701 890 3741 vero
925 3671 1105 3756 pauere
1138 3670 1229 3743 ea:
1270 3699 1418 3756 sunt,
1461 3706 1783 3761 quamquam
1822 3708 1851 3746 a

253 3776 517 3831 versionis
547 3786 791 3841 auctore,
823 3779 912 3847 qui
938 3778 1133 3849 stylnm
1158 3795 1372 3850 quoque
1402 3784 1851 3849 accommodavit,

254 3870 307 3924 in
333 3870 547 3925 brevius
571 3880 886 3926 contractae.
935 3870 1160 3927 Accedit
1189 3883 1450 3944 praeterea
1485 3875 1587 3931 hoc
1614 3892 1855 3933 commo-

255 3962 403 4031 dum,
438 3974 493 4018 ut
521 3965 573 4017 in
599 3947 780 4019 indice
836 3981 939 4019 non
989 3966 1284 4022 desultorie
1329 3969 1577 4025 confecto
1623 3986 1730 4026 uno
1773 3971 1853 4027 in-

258 4057 395 4109 tuitu
422 4056 679 4111 lectiones
712 4074 887 4122 novae,
926 4060 1252 4128 pustliminio
1284 4061 1524 4118 reducta:
1550 4107 1563 4130 ,
1594 4065 1853 4135 suppleta:

255 4149 513 4220 alizeque,
592 4167 690 4206 nec
762 4169 868 4207 non
954 4155 1447 4224 interpunctionum
1528 4158 1853 4213 mutationes

256 4243 487 4309 Spectari
547 4245 774 4312 possint.
825 4242 1096 4299 Caeterum
1157 4257 1276 4317 post
1318 4249 1689 4317 prmfationem
1734 4251 1853 4305 Vita

257 4332 494 4388 Zenonis
537 4334 716 4389 addita
746 4378 759 4399 ,
821 4336 1132 4392 inscribitur
1180 4348 1359 4394 autem
1402 4339 1496 4395 Pio
1530 4341 1617 4408 VI,
1675 4342 1731 4398 S.
1789 4342 1850 4397 P.

254 4426 407 4481 Nitor
439 4437 687 4498 typorum
743 4438 905 4498 atque
948 4428 1254 4484 chartarum
1301 4440 1383 4487 est
1413 4433 1570 4502 plane
1597 4434 1847 4490 eximius.

328 4518 559 4574 Codices.
594 4519 708 4573 lioc
736 4521 852 4575 loco
890 4534 1181 4578 ann0tassc
1226 4540 1332 4579 non
1382 4525 1578 4596 pigeat,
1625 4543 1745 4597 quae
1787 4527 1854 4583 de

1960 1919 2223 1991 tiquiores
2252 1919 2472 1975 librario
2494 1919 2612 1992 ejus
2644 1920 2709 1976 ad
2739 1936 2958 1977 manum
2985 1921 3151 1979 fuisse
3172 1932 3385 1980 notant.
3411 1924 3561 1980 Hunc

1958 2020 2160 2083 praeter
2187 2021 2390 2082 praesto
2426 2011 2580 2070 fuere
2862 1998 2869 2018 ³

2028 2102 2345 2159 Tolentinas.
2402 2097 2651 2161 Venetiis
2708 2106 2763 2160 in
2834 2106 3163 2163 bibliotheca
3236 2107 3558 2163 clericorum

1956 2201 2283 2269 regularinm
2365 2197 2769 2256 Tolentinatum
2838 2200 3078 2255 existens
3147 2199 3318 2271 codex
3389 2216 3557 2255 mem-

1957 2276 2258 2349 branaceus
2304 2292 2770 2365 pulcherrimique
2827 2291 3181 2357 characteris,
3226 2292 3429 2363 quique
3493 2293 3558 2348 ad
3626 2277 3640 2287 ’

1956 2403 2047 2442 xm
2094 2388 2311 2443 circiter
2360 2387 2619 2442 saeculum
2677 2389 2951 2456 pertinere
3035 2384 3273 2455 putatur.
3345 2386 3558 2441 LeCtio-

1958 2495 2056 2535 nes
2106 2480 2172 2536 ad
2203 2481 2529 2536 Remensem
2578 2479 2805 2534 multum
2847 2477 3137 2545 accedunt,
3170 2488 3228 2533 ut
3271 2494 3298 2531 a
3342 2478 3557 2533 librario

1958 2574 2137 2629 minus
2152 2573 2326 2645 perito
2339 2583 2393 2629 et
2413 2571 2713 2642 indiligenti
2736 2571 3359 2641 scriptusapparet,cum
3376 2570 3556 2625 eadem

1956 2646 2092 2720 voce
2111 2665 2309 2727 alicubi
2340 2674 2676 2730 recurrente,
2714 2662 3028 2735 frequentes
3051 2662 3222 2718 saltus
3250 2673 3553 2718 occurrant.

2037 2757 2316 2813 Vaticanus
2378 2774 2435 2813 n.
2500 2756 2685 2821 1255,
2732 2755 3180 2812 membranaceus
3215 2797 3229 2822 ,
3302 2770 3398 2811 xm
3463 2769 3559 2809 sa:-

1955 2852 2076 2907 culo
2098 2849 2354 2921 scriptus,
2392 2866 2456 2906 ex
2474 2843 2666 2907 eodem
2683 2848 2810 2904 cum
2830 2847 3039 2904 Veneto
3061 2846 3213 2903 fonte
3248 2846 3547 2919 profectus,

1955 2942 2087 3015 licet
2142 2943 2502 3007 etnendatior,
2547 2942 2743 3012 cuique
2785 2940 3028 2996 codicem
3060 2955 3089 2994 a
3112 2938 3354 2996 Guarino
3379 2955 3559 3009 reper-

1958 3036 2068 3091 tuin
2113 3034 2445 3107 persimilem
2499 3034 2665 3107 fuisse
2690 3032 2856 3089 videri
2886 3032 3027 3090 Edd.
3051 3034 3220 3087 nostri
3244 3032 3547 3087 observant.

2043 3104 2316 3184 Vaticanus
2351 3104 2575 3185 Urbinas
2609 3127 2735 3193 150,
2769 3127 3215 3183 membranaceus
3262 3127 3416 3205 item,
3466 3125 3554 3180 sed

1954 3224 2063 3295 jam
2094 3223 2367 3292 descripto
2391 3222 2669 3293 aliquanto
2701 3219 2971 3291 posterior
2995 3230 3049 3275 et
3077 3219 3278 3275 saeculo
3310 3218 3450 3276 forte
3473 3234 3555 3274 xrv

1954 3327 2209 3372 cxaratus
2236 3315 2335 3389 (1).
3038 3392 3042 3401 Ι

2028 3407 2201 3462 Codex
2227 3406 2469 3463 Basilica:
2518 3407 2580 3463 S.
2627 3406 2775 3462 Petri
2798 3407 2852 3460 in
2896 3404 3178 3470 Vaticano,
3212 3405 3450 3475 scriptus
3480 3405 3557 3458 in-
3630 3466 3636 3472 ,

1955 3492 2118 3555 eunte
2172 3516 2299 3555 saec.
2355 3516 2467 3565 xm,
2525 3501 2609 3555 vel
2676 3500 2896 3556 ineunte
2935 3515 3048 3567 xw,
3093 3498 3340 3569 signatus
3384 3497 3557 3553 littera

1956 3593 2016 3647 F.
2049 3593 2149 3671 55,
2190 3601 2387 3662 prteter
2437 3593 2617 3647 titulos
2676 3607 2987 3648 sermonum
3040 3592 3091 3645 in
3133 3592 3390 3647 omnibus
3438 3596 3573 3646 cum‘

1957 3687 2209 3745 ltemensi
2243 3689 2555 3743 concordat.
2591 3688 2760 3758 Hujus
2803 3702 2910 3741 non
2939 3686 3155 3757 plenam
3187 3685 3550 3750 collationem,

1956 3782 2051 3837 Sed
2076 3781 2279 3851 aliquot
2301 3782 2475 3835 solum
2498 3790 2818 3841 tractatuum
2843 3787 2899 3834 et
2918 3777 3285 3833 difﬁciliorum
3316 3778 3567 3855 locorum.

1958 3876 2230 3930 variantes
2258 3875 2518 3929 lectiones
2558 3872 2885 3943 procedente
2909 3873 3019 3943 jam
3048 3871 3285 3928 editione
3322 3872 3558 3942 postula-

1955 3979 2143 4023 verant
2170 3978 2223 4022 et
2247 3969 2618 4024 obtinuerant.

2046 4060 2346 4115 Veronensis
2414 4063 2715 4115 monasterii
2776 4060 2835 4116 S.
2908 4059 3171 4126 Zenonis,
3236 4060 3557 4116 recemioris

1957 4158 2149 4221 mtatis,
2182 4157 2365 4212 surculi
2395 4173 2487 4222 xv,
2520 4157 2661 4211 haud
2709 4156 2893 4223 dubie,
2947 4171 3011 4211 ex
3056 4155 3392 4210 membranis
3415 4168 3559 4209 com-

1958 4261 2167 4320 pactos,
2239 4250 2381 4304 idem
2458 4249 2570 4312 ille,
2647 4264 2806 4319 quem
2877 4248 3226 4303 Veronenses
3311 4248 3558 4303 Editores

1957 4359 2084 4396 ann.
2148 4341 2305 4409 1586,
2368 4343 2645 4397 Vetustum
2702 4342 3065 4413 appellarunt.
3118 4339 3255 4397 Cum
3291 4336 3557 4396 ‘Remensi

1958 4448 2171 4505 quoque
2197 4433 2371 4504 quoad
2395 4432 2639 4488 ordinem
2665 4445 2719 4487 et
2745 4448 3027 4487 numerum
3053 4440 3403 4499 tractatuum,
3431 4435 3557 4487 titti-

1959 4529 2027 4583 lis
2076 4522 2237 4583 modo
2288 4528 2569 4597 exceptis,
2622 4528 2669 4581 ei
2722 4527 2999 4581 convenit.
3052 4526 3334 4581 Diversum
3382 4534 3556 4580 autem

257 4612 582 4667 collectione
627 4612 948 4669 Sermonnm
982 4618 1040 4671 S.
1071 4617 1302 4674 Zenonis
1341 4619 1611 4676 Ballerinii
1660 4622 1847 4676 obser-
1878 4595 1934 4656 D
1963 4624 2103 4678 hunc
2130 4638 2251 4679 esse
2279 4638 2307 4676 a
2341 4621 2731 4691 codice,quem
2765 4620 2957 4675 Petrus
3000 4620 3131 4676 Caio
3162 4619 3378 4675 ordinis
3420 4619 3561 4674 Prte-

257 4714 471 4771 varuut,
527 4721 644 4760 eam
704 4707 862 4776 paulo
913 4720 1030 4778 post
1078 4711 1136 4765 S.
1194 4710 1445 4781 Episcopi
1477 4723 1703 4767 mortem
1738 4715 1878 4784 ipso,

256 4809 450 4868 quarto
480 4799 681 4854 saeculo
710 4810 945 4857 exeunte
979 4803 1059 4856 vel
1091 4805 1307 4859 ineunte
1329 4806 1516 4875 quinto
1550 4823 1615 4861 ex
1640 4807 1854 4863 scltedis

257 4894 375 4964 ejus
404 4892 636 4948 Verona:
661 4894 864 4948 relictis
885 4895 1130 4951 eductam
1168 4909 1327 4969 atque
1367 4915 1681 4967 expressam
1711 4914 1849 4955 esse.

260 4987 551 5043 Auctorem
602 4990 776 5059 ipsum
827 5004 945 5045 eam
1000 5008 1213 5061 parasse
1267 5009 1330 5049 ac
1380 4994 1614 5051 edidisse
1660 5008 1855 5067 negant

263 5091 571 5151 propterea,
598 5080 743 5152 quod
778 5083 958 5152 plures
989 5084 1306 5151 imperfecti,
1345 5088 1557 5156 repetiti
1588 5104 1653 5143 ac
1685 5090 1857 5143 mutili

264 5186 551 5229 occurrant
581 5174 724 5230 unde
750 5177 1027 5245 probabile
1067 5192 1187 5232 esse
1216 5178 1559 5247 existimant,
1595 5178 1734 5250 quod
1768 5198 1853 5249 ea,

263 5281 381 5336 qua:
409 5268 460 5320 in
492 5284 644 5323 usum
684 5282 1015 5331 sermonum.
1048 5286 1184 5341 quos
1212 5272 1277 5325 ad
1325 5275 1577 5343 popnium
1607 5275 1857 5346 frequen-

267 5361 502 5444 tissimos
532 5361 741 5429 habuit,
775 5375 892 5433 post
930 5374 1162 5419 mortem
1195 5365 1245 5419 in
1279 5366 1491 5421 seltedis
1526 5368 1856 5439 reliquisset,

274 5454 340 5506 ab
373 5455 490 5510 aliis
522 5457 771 5524 inventa,
830 5459 899 5513 ob
954 5460 1208 5513 eximiam
1260 5461 1359 5515 viri
1402 5464 1858 5521 existimationem

270 5547 565 5618 colligenda
589 5555 802 5608 naviter
830 5555 941 5608 visa
975 5556 1082 5610 sint
1110 5598 1123 5622 ,
1152 5556 1310 5625 idque
1339 5567 1480 5611 tanta
1515 5560 1707 5614 factum
1742 5563 1863 5615 dili-

272 5642 471 5709 gentia.
502 5654 558 5697 nt
587 5646 841 5716 quidquid
874 5650 1096 5717 reperiri
1129 5650 1364 5721 potuerit
1407 5651 1520 5706 sive
1569 5654 1859 5722 perfecutm

274 5741 386 5795 sive
415 5744 612 5809 minus,
648 5756 815 5801 totum
844 5744 1168 5806 collectione
1199 5757 1253 5805 et
1280 5749 1517 5805 editione
1542 5750 1754 5821 dignum
1779 5751 1863 5818 ju-

289 5836 517 5893 ilicatnm
550 5840 639 5907 sit,
672 5840 1020 5912 fragmentum
1048 5842 1170 5901 licet
1186 5841 1434 5914 exiguum
1464 5852 1626 5911 esset,
1656 5841 1741 5900 vel
1770 5857 1862 5898 ex~

1960 4716 2257 4771 dicatornm
2292 4716 2511 4769 ineunte
2534 4729 2659 4767 szcc.
2693 4729 2781 4768 xw
2809 4728 2868 4767 se
2902 4713 3101 4767 ibidem
3131 4712 3328 4768 vidisse
3352 4713 3403 4767 in
3430 4730 3556 4769 mss.

1961 4807 2321 4863 Collectaueis
2353 4808 2420 4862 ab
2447 4805 2787 4863 l‘lenscltcnio
2821 4803 3051 4860 laudatis
3091 4814 3347 4871 testetur,
3382 4807 3556 4861 Balle-

1962 4902 2063 4955 rini
2090 4901 2383 4955 affirmant.

2036 4997 2466 5067 Sparaverianns.
2522 4994 2617 5050 Ms.
2672 4995 2827 5060 liber,
2874 5010 3035 5064 quem
3096 4994 3153 5047 F.
3205 4978 3561 5060 Sparaverius

1963 5092 2090 5146 olim
2121 5107 2242 5145 cum
2277 5090 2438 5144 editis
2468 5088 2713 5155 contulit,
2754 5089 3132 5155 variantesque
3161 5086 3278 5156 ejus
3307 5086 3562 5141 lectiones

1964 5174 2174 5240 notavit
2222 5185 2272 5237 in
2316 5183 2463 5237 obss.
2515 5198 2615 5237 suo
2656 5184 2775 5237 loco
2821 5181 3068 5236 laudatis.
3095 5182 3225 5248 Quis
3255 5180 3348 5235 ille
3382 5180 3559 5241 fuerit,

1965 5279 2261 5347 ignoratur.
2300 5276 2618 5345 Plerumque
2659 5275 2707 5329 ei
2752 5288 2872 5328 cum
2919 5272 3105 5328 codice
3157 5271 3470 5326 monasterii
3502 5272 3557 5325 S.

2039 5434 2117 5507 (l)
2160 5436 2274 5489 Duo
2319 5445 2515 5511 prater
2569 5436 2667 5489 hos
2716 5435 2768 5488 in
2817 5433 3068 5511 vatieana
3119 5429 3561 5511 codices-Zeno-

1969 5503 2053 5564 nis
2099 5503 2314 5566 extant.
2370 5508 2461 5561 sed
2510 5522 2632 5561 cum
2687 5506 2918 5569 numeri,
2948 5505 3156 5579 quibus
3202 5503 3557 5579 notatisunt,

1973 5596 2082 5636 non
2125 5580 2225 5633 nisi
2262 5579 2490 5633 duci-um
2523 5585 2890 5651 suppeterent,
2931 5576 3165 5651 duorum
3206 5576 3411 5651 tantum
3454 5574 3563 5651 col:-

1981 5654 2239 5706 lationum
2286 5654 2439 5722 copia
2482 5666 2509 5704 a
2555 5644 2899 5719 P.'Josepho
2948 5645 3262 5700 Blanchinio
3291 5645 3422 5713 ipsis
3452 5644 3558 5699 liet'i

1972 5733 2200 5793 poterat.
