3820 6220
364 240 475 326 9,39

1683 214 1966 304 'sanc'rt
2006 242 2294 305 zsuoms

3558 241 3670 300 200

372 359 713 437 errabimus:
742 361 937 437 Subiiel
964 337 1105 417 enim
1128 373 1187 417 se
1208 347 1548 430 loquacitatis
1571 361 1802 417 artiﬁcio
1828 362 1952 419 ﬁdei
1986 372 2032 432 Α
2062 371 2344 427 tractatus,
2377 359 2573 414 multas
2603 356 2717 433 (51)
2765 356 2917 422 ﬁdes,
2958 364 3011 411 et
3041 356 3256 423 quidem
3306 356 3577 423 novellas,
3612 367 3671 411 et

381 462 571 512 natura
600 468 704 509 non
736 440 958 523 patitur,
991 466 1019 505 a
1046 464 1149 520 qua
1182 450 1316 515 nihil
1342 450 1491 507 aliud
1532 452 1829 521 laboratur,
1862 455 1962 510 nisi

373 556 428 617 ut
457 545 567 617 suis
597 544 696 599 sibi
722 538 924 599 tantum
951 542 1237 623 virtutibus
1270 544 1602 616 approbatur
1631 563 1644 601 :
1675 561 1780 602 non
1811 547 1957 603 enim

368 647 544 706 potest
570 626 688 691 esse
714 633 1046 705 perfectum,
1085 629 1228 707 quod
1281 635 1498 694 aliunde
1534 647 1815 708 exspectat
1856 639 1958 695 sibi

367 723 568 799 aliquid
602 730 985 798 necessarium.
1017 725 1077 785 Si
1105 742 1233 784 vero
1277 728 1442 796 ﬁdem
1487 738 1750 786 tractatus
1778 730 1959 786 dicere

328 804 337 813 ’
366 820 720 887 εωιιθι-ἱιιιυε;
749 820 852 874 erit
894 819 1136 890 profecto
1164 835 1263 881 nec
1285 820 1401 895 (9.8)
1426 815 1645 888 nostra,
1678 838 1778 897 nec
1819 838 1912 878 sua
1941 864 1956 890 ,

353 913 459 969 Sed
486 927 584 970 nec
608 915 724 983 ejus
742 952 757 977 ,
783 913 939 983 cujus
967 929 1089 969 esse
1118 914 1329 983 dicetur
1356 931 1369 970 :
1412 916 1536 987 quia
1586 925 1842 985 tractatus
1888 918 1953 971 li-

365 1004 485 1061 dem
514 1020 637 1069 cum
685 1004 947 1073 adstruit,
976 1022 1044 1062 ex
1090 1021 1156 1063 eo
1203 1009 1322 1080 ipso
1351 1025 1469 1067 eam
1494 1042 1521 1084 ,_‘
1556 1023 1671 1081 quo
1687 1010 1954 1082 adstruit,

361 1098 591 1165 destruit
613 1112 755 1162 ;_nec
779 1098 871 1154 ulli
900 1099 1052 1155 dabit
1071 1142 1085 1164 ,
1115 1102 1255 1173 quod
1279 1110 1384 1157 non
1416 1104 1605 1171 habet;
1629 1104 1723 1169 sed
1753 1104 1953 1175 potius,

360 1198 418 1254 ut
440 1206 546 1258 non
571 1190 767 1247 habeat
787 1233 801 1256 ,
825 1184 1003 1251 adhuc
1025 1187 1138 1264 ipse
1161 1194 1431 1266 disquirit.
1456 1195 1626 1253 Video
1659 1182 1916 1266 praeterea
1939 1239 1954 1265 ,

289 1321 291 1324 ι
360 1284 502 1349 sicut
528 1280 645 1358 (29)
673 1295 1002 1362 assertorum
1048 1274 1286 1345 indicant
1314 1290 1529 1351 nomina
1564 1291 1707 1362 (qua:
1729 1292 1772 1345 si
1798 1287 1957 1346 aule-

355 1390 481 1454 ras,
518 1377 713 1451 9(50)
738 1379 880 1435 nulla
908 1380 1153 1455 fortassis
1192 1391 1275 1438 est
1302 1386 1527 1454 pugna),
1558 1384 1757 1447 multos
1796 1382 1959 1440 fuisse

359 1549 376 1563 '
433 1528 1086 1619 (28)Traetalunmlidem
1109 1546 1294 1603 nullibi
1316 1562 1446 1605 esse
1470 1548 1727 1615 ostendit,
1748 1547 1948 1618 quippe

361 1617 479 1694 qua:
510 1631 632 1672 cum
680 1617 732 1672 in
787 1619 1102 1694 tractatibus
1146 1620 1439 1694 quairatur,
1487 1636 1589 1676 nec
1634 1621 1739 1675 illis
1771 1617 1950 1694 possit

364 1689 574 1761 inesse,
623 1697 679 1744 et
723 1689 1005 1757 esse'sua,
1036 1705 1134 1744 nec
1175 1690 1330 1746 nobis
1372 1703 1469 1761 per
1498 1699 1756 1746 tractatus
1783 1689 1949 1747 inseri

2070 455 2174 509 litis
2196 453 2382 509 labore
2423 468 2486 508 ac
2514 452 2699 507 favore
2740 451 2965 513 nutritas
2995 468 3005 503 :
3038 465 3205 522 quas,
3240 451 3363 519 quia
3394 466 3527 508 vera
3575 452 3671 506 vix

2064 554 2239 615 pmest
2261 544 2511 610 inveniri,
2540 545 2734 611 credo,
2762 560 2830 599 ne
2859 542 3040 621 populi
3069 543 3288 613 penuria
3323 526 3668 615 laborarent,

2064 638 2179 711 (32)
2204 637 2419 693 venales
2436 652 2556 693 esse
2574 639 2895 707 prOpOSilaS.
2921 625 3304 693 Verumtamen
3337 653 3403 693 ex
3438 637 3526 693 bis
3548 653 3674 692 om-

2064 730 2218 785 nibus
2240 729 2544 797 eligendum
2574 730 2700 799 quid
2730 730 2816 794 sit,
2851 745 2957 783 non
2990 737 3166 798 potest
3195 729 3344 784 nosci
3397 737 3491 783 aut
3517 742 3671 784 com-

2062 821 2325 893 prehendi
2361 840 2373 874 :
2403 822 2526 891 quia
2560 838 2666 876 non
2696 824 2797 877 erit
2828 822 2944 894 (55)
2974 838 3074 878 nec
3104 823 3404 893 proprium,
3438 838 3539 878 nec
3571 826 3669 879 lir-

2062 934 2240 982 tnum,
2282 917 2425 989 quod
2470 917 2631 973 habet
2669 928 2867 973 statum
2912 935 3129 990 semper
3172 919 3438 975 incertum
3492 936 3507 973 :
3562 919 3670 990 ιο

2067 1011 2263 1081 quippe
2290 1026 2411 1075 cum
2439 1010 2597 1066 unius
2626 1012 2821 1067 electio
2842 1014 2915 1067 sit
2943 1012 3168 1067 alterius
3198 1012 3512 1084 reprobatio
3540 1030 3554 1065 :
3580 1010 3670 1069 vel

2063 1105 2108 1162 si
2137 1120 2325 1161 omnes
2351 1105 2574 1161 omnino
2599 1108 2985 1175 amplectenda:
3020 1108 3128 1163 sint
3150 1150 3165 1175 ,
3200 1118 3258 1165 ut
3305 1118 3385 1164 tot
3413 1110 3541 1179 quis
3572 1107 3672 1163 ha-

2066 1201 2186 1255 beat
2208 1198 2373 1270 ﬁdes,
2401 1208 2532 1271 quot
2573 1216 2678 1255 non
2710 1200 2869 1257 habet
2894 1201 3081 1268 verba,
3113 1202 3283 1257 multo
3316 1204 3489 1273 magis
3531 1200 3671 1255 nihil

2067 1292 2318 1357 habebit,
2353 1293 2477 1363 quia
2526 1301 2817 1360 tractatus,
2848 1295 2937 1364 qui
2982 1310 3075 1351 eas
3117 1295 3335 1365 genuit,
3368 1294 3456 1350 vel
3485 1296 3672 1364 quoti-

2068 1386 2153 1441 die
2181 1396 2405 1451 generat
2424 1425 2441 1452 ,
2470 1385 2647 1443 adlmc
2676 1396 2852 1458 potest
2879 1400 3142 1447 generare
3172 1407 3185 1442 :
3226 1403 3256 1443 e
3285 1387 3512 1443 diverso
3541 1402 3671 1455 pro-

2058 1548 2196 1603 lihro
2224 1558 2410 1605 contra
2433 1549 2832 1613 Constantium,
2852 1548 2969 1611 n.5,
2991 1518 3427 1619 persecutionem
3451 1548 3673 1602 ditanda

2057 1627 2113 1674 et
2142 1637 2268 1675 auro
2296 1635 2417 1676 eum
2450 1622 2811 1676 commovisse
2836 1622 3167 1675 teterrimam
3196 1619 3391 1690 prodit.
3437 1619 3504 1673 At
3536 1635 3676 1673 nunc

2061 1709 2351 1762 pugnamus
2395 1705 2577 1746 contra
2620 1701 2994 1762 persecutorem
3038 1692 3374 1756 fallentem...
3425 1692 3516 1759 qui
3566 1709 3673 1745 non

359 1760 571 1837 possi_t,_
590 1770 645 1837 et
662 1776 785 1817 esse
814 1768 1018 1837 nostra,
1053 1776 1152 1816 nec
1176 1762 1230 1837 in
1262 1760 1385 1832 ipse
1407 1771 1667 1837 tractatus
1696 1764 1947 1837 auctore,
1983 1777 2027 1837 Β
2060 1760 2214 1818 dorsa
2244 1765 2394 1819 credit
2418 1806 2449 1837 ,ν
2473 1764 2562 1819 sed
2598 1760 2820 1818 ventrem
2866 1763 3080 1830 palpet;
3130 1780 3233 1837 non
3280 1762 3569 1837 proscribit_
3598 1762 3673 1837 ad

363 1832 450 1902 qui
483 1831 677 1886 dubius
704 1834 1055 1899 qnmtiom-m
1086 1831 1291 1896 movit,
1323 1835 1546 1902 reperiri
1572 1844 1733 1901 qneat
1759 1851 1771 1888 :
1800 1844 1852 1887 et
1874 1836 1951 1890 sic

363 1894 523 1957 [idem
553 1894 873 1959 tractatuum
902 1901 1187 1958 destruere
1220 1894 1721 1973 lidcm'pmnnntiat
1747 1923 1760 1958 :
1794 1922 1913 1958 nam
1934 1947 1948 1971 ,

361 1983 419 2048 ut
448 1974 657 2048 dixerat
690 1975 847 2048 paulo
876 1984 1019 2048 ante.
1048 1975 1177 2048 fides
1206 1979 1432 2048 profecto
1457 1993 1557 2030 non
1579 1985 1672 2041 est,
1706 1978 1791 2030 ubi
1812 1994 1952 2048 quaa-

359 2045 491 2097 ritur
519 2044 668 2115 fides.
704 2044 909 2115 Quibus
939 2046 1187 2102 similiter
1211 2044 1443 2101 Hilarius
1471 2089 1484 2113 ,
1521 2048 1612 2101 lib.
1651 2049 1773 2103 uad
1801 2044 1947 2112 Conv

361 2113 620 2197 stantium
653 2132 709 2171 n.
731 2114 796 2179 6;.
809 2113 971 2191 Fides
989 2116 1172 2177 deinde
1192 2118 1463 2189 quceritur,
1486 2119 1634 2189 quasi
1658 2120 1787 2186 ﬁdes
1809 2120 1952 2173 nulla

360 2198 446 2240 Sil.
548 2244 557 2247 _
694 2216 708 2225 σ
1060 2240 1061 2243 η
1838 2242 1855 2247 μ

431 2257 549 2334 (29)
574 2257 802 2334 Nomina
818 2269 1131 2334 auerterunt
1161 2260 1479 2334 tractatibus
1508 2261 1787 2334 inscripta,
1829 2272 1955 2317 sunt

292 2362 299 2368 -
362 2332 580 2405 nomine
625 2331 947 2401 Arianorum
973 2344 1032 2405 et
1074 2331 1535 2405 Semiarianorum
1577 2331 1868 2405 inscripta,
1898 2344 1956 2388 ut

359 2401 617 2474 credibile
654 2410 773 2468 est,
821 2403 1299 2474 pseudosynodicls
1342 2403 1466 2458 ﬁdei
1516 2401 1804 2469 formulis,
1854 2420 1949 2460 seu

362 2473 660 2546 tractatibus
684 2515 698 2537 ,
722 2490 855 2546 quos
882 2475 986 2545 ipsi
1009 2473 1313 2537 emiserunt,
1361 2475 1435 2529 uti
1482 2476 1717 2546 loquitur
1757 2476 1955 2533 Marius

354 2543 691 2618 Victorinus,
718 2545 772 2598 in
792 2543 934 2618 libro
959 2547 1027 2618 de
1062 2546 1353 2618 recipiendo
1383 2543 1679 2618 ὁμοούάιον,
1715 2564 1766 2618 p.
1813 2547 1952 2615 ‘295,

310 2646 315 2647 ν
362 2617 448 2674 ubi
482 2633 588 2670 non
616 2617 683 2670 de
712 2617 925 2672 Arianis
953 2616 1161 2678 solum,
1186 2616 1280 2672 sed
1309 2616 1449 2683 etde
1468 2616 1818 2674 Semiarianis
1846 2627 1971 2683 tes:

363 2696 505 2761 tatur
538 2704 552 2744 :
584 2688 796 2761 appelat
827 2690 969 2743 enim
989 2687 1659 2761 Basiliunrancyratinm,
1690 2690 1782 2761 qui
1811 2692 1955 2745 inter

362 2758 727 2814 Semiarianos
750 2760 1039 2833 aliquando
1080 2759 1193 2814 luit.
1242 2758 1502 2817 Videntur
1530 2758 1953 2833 etiam—quidam

367 2838 622 2902 tractatus
669 2836 819 2902 extra
862 2831 1095 2902 synodos
1144 2848 1172 2883 a
1212 2833 1486 2887 nonnullis
1528 2831 1799 2888 htereticls
1838 2834 1956 2888 suis

366 2900 854 2974 nominibusiediti,
883 2900 1183 2973 cujusmodi
1210 2903 1304 2957 fuit
1332 2903 1423 2958 illa
1452 2904 1679 2959 Potamii
1700 2905 1952 2974 epistola,

361 2989 510 3049 quia,
552 2970 847 3049 thbadio
892 2970 1027 3030 teste
1076 2990 1195 3045 pag.
1244 2974 1339 3031 501
1406 2977 1537 3031 tomi
1597 2970 1838 3045 laudati,
1890 2977 1955 3031 ab

368 3044 573 3099 Oriente
596 3052 649 3099 et
669 3043 944 3101 Occidente
973 3043 1269 3100 transmissa
1289 3055 1382 3100 est.

440 3119 561 3184 (50)
605 3117 764 3173 Nulla
791 3118 1026 3189 fortassis
1047 3127 1118 3173 est
1160 3135 1366 3189 pugna,
1391 3118 1607 3189 inquit,
1650 3119 1695 3175 si
1730 3129 1951 3175 asserto-

366 3206 511 3262 rum,
539 3188 673 3243 ideSt
704 3187 1019 3252 auctorum,
1052 3187 1268 3243 ntmiina
1309 3187 1516 3260 auferas
1542 3231 1558 3257 ,
1581 3191 1723 3262 quod
1761 3192 1954 3259 aliqnze

370 3259 491 3326 lidei
524 3262 801 3326 formulae,
832 3276 965 3332 quas
986 3261 1303 3333 Semiarjani
1329 3259 1770 3325 emiscrc,'recle
1800 3264 1959 3318 intel-

331 3396 337 3402 ,
370 3333 461 3402 ligi
490 3342 743 3405 possent,
777 3348 877 3389 nec
900 3333 1365 3388 nlla’mlnereseos
1413 3334 1777 3401 suSpicionem
1808 3335 1956 3405 inge-

297 3400 336 3451 ᾗ
370 3400 585 3467 rerent,
638 3400 887 3474 nisiqutn
934 3420 999 3460 ex
1051 3415 1329 3459 auctorum
1380 3400 1687 3462 numinibus
1734 3400 1955 3470 manat,

282 3516 283 3521 η
367 3474 656 3547 qunsdolo
680 3475 820 3531 malo
848 3476 1091 3547 qna-dant
1125 3476 1283 3531 verba
1310 3491 1624 3547 usurpasse,
1656 3477 1758 3531 alia
1776 3484 1958 3532 autem

366 3546 617 3618 omisisse
646 3556 831 3602 notum
862 3555 996 3602 erat.
1030 3546 1163 3602 Hinc
1201 3562 1332 3604 sane
1366 3546 1598 3604 Hilarius
1644 3548 1849 3618 aliquot
1890 3565 1958 3604 ex

369 3618 557 3690 iisdem
590 3616 833 3674 formulis
857 3619 1123 3674 catholice
1158 3632 1315 3689 posse
1340 3618 1528 3690 .accipi
1576 3616 1813 3675 insinuat
1844 3630 1958 3676 tcto

368 3688 515 3744 libro‘
528 3691 858 3761 deSynodis.
1076 3760 1081 3761 ί
1101 3722 1104 3724 ~
1162 3688 1189 3761 ξ
1424 3749 1431 3755 .

440 3761 553 3833 (51)
578 3757 732 3816 Fides
762 3762 902 3817 idem
925 3777 1001 3835 ac;
1021 3760 1143 3835 ﬁdei
1166 3757 1416 3835 formula.
1443 3759 1632 3835 Incipit
1659 3764 1788 3835 ﬁdes
1820 3758 1961 3830 apud

371 3826 605 3906 Metuant
634 3838 942 3902 conscripta,
966 3833 1217 3906 ll‘ilarius,
1251 3826 1442 3903 fragm.
1482 3852 1536 3900 ιι,
1560 3826 1633 3889 ἠ.
1659 3826 1755 3899 Ἦ,
1785 3826 1954 3906 ctlib.

368 3904 430 3967 de
452 3904 890 3979 Synodistnﬁi
925 3920 943 3959 :
970 3902 1382 3979 Ipsam‘quidern
1411 3907 1649 3975 religiose
1672 3921 1777 3959 tum
1801 3902 1961 3979 scrip-

374 3976 681 4046 tam‘ﬁdem.
717 3977 847 4030 Vide
876 3992 1093 4047 quoque
1137 3976 1373 4033 libellum
1404 3993 1618 4046 precmn
1661 3976 1958 4034 Marcellini

368 4058 423 4102 et
454 4047 691 4103 Faustini
714 4048 778 4102 ad
804 4048 1190 4116 Theodosium,
1225 4058 1356 4104 tom.
1392 4066 1406 4104 ι
1439 4050 1743 4111 Sirmondi,
1782 4050 1868 4103 ubi
1893 4051 1957 4118 fi-

372 4120 461 4173 des
486 4121 729 4191 eamdem
764 4121 817 4173 in
849 4121 1171 4191 sententiam
1202 4122 1401 4189 saepius
1447 4133 1757 4191 usurpatur,
1802 4122 1959 4176 sicuti

367 4199 422 4263 et
451 4193 501 4245 in
534 4190 874 4263 Confessionc
902 4190 1024 4263 ﬁdei
1051 4190 1313 4257 Faustini,
1340 4201 1381 4246 t.
1416 4209 1450 4248 ll
1481 4190 1718 4263 Operunt
1748 4193 1804 4249 S.
1827 4197 1961 4247 Leo-

372 4262 488 4325 nis,
524 4278 643 4332 pag.
682 4262 804 4317 158.
855 4261 911 4314 lu
946 4262 1140 4331 plurali
1167 4279 1293 4317 vero
1334 4261 1562 4319 nmnero
1605 4281 1700 4331 pro
1730 4269 1959 4319 Ariano-

346 4338 486 4386 rum
520 4333 759 4390 formulis
801 4334 943 4391 apud
973 4333 1234 4389 llilarium
1282 4334 1539 4390 adtersus
1586 4336 1960 4391 C0tt~lalttitltlt

368 4410 423 4457 tt.
455 4406 483 4457 7
512 4423 524 4457 ε
550 4405 739 4458 Condis
771 4405 898 4473 ﬁdes
925 4415 1105 4476 contra
1133 4406 1283 4470 ﬁdem
1309 4407 1475 4461 vivens
1501 4449 1514 4471 ,
1550 4425 1655 4476 quo
1685 4407 1803 4463 loco
1834 4410 1960 4475 ﬁdes

367 4476 615 4547 intelligit
648 4477 825 4530 varias
858 4476 978 4535 fidei
1027 4474 1322 4541 formulas,
1364 4494 1483 4547 qua:
1512 4474 1831 4534 Constantio
1861 4482 1962 4535 im-

367 4558 613 4621 peratore
649 4547 859 4602 favi-nte
892 4550 974 4621 \el
1018 4555 1284 4621 prtesente
1308 4591 1322 4614 ,
1369 4550 1457 4603 ah'
1487 4550 1697 4621 Arianis
1736 4553 1950 4621 scriptm

365 4619 584 4675 fuerunt
607 4661 620 4684 ,
644 4630 735 4690 aut
764 4620 924 4675 etiam
958 4620 1125 4674 libros
1155 4620 1275 4674 illos
1296 4662 1309 4685 ,
1344 4636 1477 4690 quos
1510 4620 1724 4677 Lucifer
1753 4619 1955 4677 (talari-

364 4700 521 4747 Ianus
564 4689 727 4746 veluti
770 4706 796 4743 a
845 4689 1396 4747 Constantiorcontr’a
1442 4690 1763 4748 catholicam
1794 4694 1951 4749 tidem

360 4764 589 4833 scriptos
617 4763 781 4817 refert
814 4763 865 4816 in
896 4763 1032 4818 ilbl'O
1057 4763 1118 4819 de
1144 4779 1245 4817 non
1275 4765 1528 4830 parcendo
1567 4766 1628 4817 in‘
1656 4760 1822 4819 Deum
1861 4765 1952 4819 de!

362 4834 725 4905 linquentibus.
758 4833 956 4889 lterum
992 4834 1245 4899 Hilarius,
1276 4835 1367 4890 lib.
1396 4852 1429 4890 ll
1460 4837 1510 4889 in
1542 4837 1912 4891 Constantium
1940 4878 1956 4903 ,

360 4920 414 4959 η.
442 4904 473 4961 4
498 4924 515 4960 ἶ
546 4904 841 4973 Miserabile
868 4910 942 4962 est
970 4917 1039 4961 tot
1062 4925 1195 4961 nunc
1223 4908 1349 4976 ﬁdes
1371 4910 1599 4973 existere,
1633 4920 1749 4977 quot
1781 4910 1958 4963 volun-

360 4987 505 5052 tates.
528 4979 942 5047 S.Athanasius,
969 4982 1019 5034 in
1044 4981 1139 5034 lib.
1169 4981 1236 5035 de
1267 4980 1524 5052 Synodis,
1558 4980 1805 5035 undecim
1835 4980 1961 5036 lidei

331 5047 619 5106 oformulas
645 5052 711 5107 ad
735 5052 1127 5107 Antiochenam
1158 5047 1327 5122 usque
1352 5068 1440 5104 an.
1466 5052 1565 5107 '56l
1595 5093 1609 5116 ,
1639 5052 1706 5104 ab
1734 5052 1947 5107 Arianis

359 5124 724 5192 promulgatas
740 5132 1024 5179 memOrat.
1052 5124 1249 5178 Harum
1274 5125 1668 5178 multitudinem
1693 5122 1948 5178 Socrates

358 5203 572 5279 notans,
607 5196 699 5252 lib.
727 5212 801 5279 μ,
826 5213 871 5254 c.
919 5196 983 5251 41
1010 5238 1023 5263 ,
1057 5197 1402 5279 ¹λαϐύρινθον,
1437 5195 1946 5279 ιαὺείζὶηιήιιυι,.ςψ-

292 5313 303 5319 -
357 5270 553 5341 pellat,
583 5268 879 5340 earumque
910 5268 1213 5341 pr:ecipnas‘
1239 5278 1505 5341 recenset.
1537 5268 1640 5321 llas
1674 5282 1834 5341 porro
1851 5284 1947 5341 no-

353 5332 510 5397 uellas
533 5332 688 5398 uocat
719 5332 984 5407 S.'Zen'o,
1018 5332 1306 5412 pr'Opterea
1355 5332 1698 5412 quodnowe
1733 5338 1785 5393 in
1830 5338 1948 5394 dies

351 5414 594 5471 formula:
621 5415 943 5479 ederentur.
965 5410 1325 5481 Quodautem
1354 5410 1458 5477 ait,
1488 5412 1651 5481 hasce
1677 5410 1811 5467 ﬁdes
1843 5412 1949 5465 litis

348 5480 521 5540 labore
545 5492 595 5539 et
620 5485 793 5556 favore
820 5480 1035 5541 nutritas
1056 5527 1071 5551 ,
1104 5486 1226 5541 vide
1248 5492 1430 5540 annot.
1460 5484 1528 5539 58
1557 5480 1724 5556 et59.

422 5556 535 5629 (52)
558 5554 839 5623 Formnlas
864 5559 1184 5613 Arianorum
1216 5557 1417 5610 venales
1446 5554 1681 5625 appellat
1705 5577 1726 5622 ,-
1750 5554 1949 5624 quippe

346 5628 492 5699 ηυοά
525 5628 706 5685 Ariani
725 5671 741 5696 ,
760 5628 820 5699 ut
846 5629 1322 5700 suarumpartium
1354 5642 1635 5682 numerum
1662 5637 1943 5700 augerem,

343 5698 400 5755 et.
428 5700 491 5755 ad
522 5702 790 5756 hmreseos
822 5698 1270 5770 subscriptionem
1290 5743 1303 5764 ,
1336 5715 1431 5753 seu
1455 5714 1734 5770 assensum
1765 5698 1945 5766 plures

310 5772 311 5775 “
347 5772 713 5838 adducerent,
747 5771 981 5843 praemiis
1020 5780 1321 5847 uterentur.
1360 5769 1595 5825 llilarius
1616 5770 1856 5840 quidem,
1891 5771 1941 5824 in

1980 3162 2027 3225 C

1980 4561 2033 4621 1)
2059 4554 2153 4606 nisi
2183 4554 2345 4606 risum
2375 4561 2421 4605 et
2445 4552 2661 4605 dedecus
2684 4554 2943 4616 referunt:
2970 4553 3158 4622 quippe

2056 1838 2211 1889 vitam
2235 1879 2249 1901 ,
2302 1836 2391 1890 sed
2417 1836 2545 1889 ditat
2569 1837 2622 1888 in
2649 1846 2896 1897 mortem;
2950 1850 3050 1888 non
3077 1834 3235 1889 trudit
3260 1850 3468 1888 carcere
3497 1834 3569 1897 ad
3595 1834 3637 1888 li
3656 1863 3671 1874 ο

2057 1908 2327 1972 bet-tatem,
2364 1908 2452 1960 sed
2491 1908 2626 1960 intra
2676 1905 2925 1974 palatium
2968 1906 3188 1959 honorat
3225 1905 3295 1958 ad
3334 1905 3670 1967 servitutem;

2057 1995 2159 2031 non
2199 1976 2359 2032 latera
2401 1989 2547 2033 vexat
2571 2021 2585 2044 ,
2611 1977 2700 2033 sed
2725 1994 2813 2031 cor
2841 1986 3097 2046 occupat;
3139 1992 3241 2029 non
3286 1987 3442 2046 caput
3486 1976 3669 2046 gladio

2056 2050 2288 2115 desecat,
2317 2049 2407 2104 sed
2441 2051 2668 2103 quintani
2694 2065 2822 2103 auro
2856 2047 3062 2118 occidit.
3107 2047 3255 2118 Multi
3285 2047 3506 2117 quidem
3541 2064 3666 2101 mu-

2056 2136 2178 2175 nera
2204 2111 2567 2197 anteponentes
2587 2163 2601 2187 ,
2646 2130 2703 2176 ut
2726 2115 2905 2197 inquit
2922 2118 3193 2197 Liberius,
3208 2111 3388 2197 ἐιρίιάν
3403 2118 3667 2197 Theodo-

2056 2200 2257 2257 retum,
2289 2190 2384 2253 lib.
2416 2208 2454 2248 ll
2481 2192 2644 2260 Hist.,
2671 2207 2723 2247 c.
2768 2192 2833 2259 6,
2865 2193 2963 2246 hac
2991 2190 3201 2245 ratione
3222 2190 3465 2259 corrupti
3490 2200 3618 2244 sunt
3650 2209 3665 2246 :

2026 2278 2191 2333 .quos
2220 2264 2686 2333 proindetqutestu
2754 2264 3121 2317 circumventos
3146 2302 3161 2326 ,
3226 2268 3301 2333 et?
3330 2262 3451 2315 auri
3495 2264 3667 2332 magis

2055 2332 2204 2404 quam
2224 2332 2425 2391 Christi
2461 2345 2695 2390 amantes
2739 2344 2901 2390 vocat
2942 2333 3240 2403 Gregorius
3256 2332 3664 2404 Nazianzenus,

2055 2403 2114 2461 ιι.
2146 2407 2246 2472 Η,
2271 2418 2411 2461 orat.
2437 2407 2544 2473 21,
2568 2407 2636 2462 de
2667 2406 2913 2462 laudibus
2941 2403 3260 2459 Athanasii:
3292 2414 3348 2460 et
3386 2403 3535 2459 inter
3561 2404 3667 2459 hos

2056 2492 2087 2535 a
2120 2477 2376 2533 Faustino
2401 2494 2464 2533 ac
2489 2478 2804 2533 Marcellino
2826 2480 2879 2532 in
2911 2475 3096 2532 libello
3124 2490 3342 2546 precum
3369 2475 3438 2530 ad
3484 2476 3667 2545 trope-

2060 2558 2291 2620 ratorem
2314 2549 2453 2620 apud
2477 2549 2844 2611 Sirmondhm,
2877 2556 3023 2620 tom.
3043 2563 3088 2620 t,
3112 2545 3233 2617 pag.
3263 2545 3667 2620 Migrefertur
3728 2589 3734 2591 μ

2058 2618 2486 2676 Ριιιηιιιίιιειῖἰιιθῑ
2514 2620 2793 2676 catholica;
2837 2620 2969 2676 olim
2997 2619 3270 2691 defensor,
3322 2618 3415 2690 qui
3442 2620 3662 2685 praemio

2057 2692 2209 2758 fundi
2231 2693 2440 2773 [iit-alis,
2468 2707 2617 2773 quem
2639 2690 3205 2773 habereconcupierat",
3229 2690 3385 2772 fidem
3412 2691 3667 2773 prmvari-

2057 2772 2204 2817 catus
2229 2772 2321 2818 est.
2366 2764 2575 2820 Similia
2605 2764 2766 2819 habet
2797 2761 3101 2832 Gregorius
3128 2761 3523 2828 Nazianzenus,
3550 2762 3667 2814 latt-

2058 2834 2180 2907 tlata
2213 2845 2352 2890 orat.
2383 2836 2449 2907 2i
2479 2835 2564 2891 de.
2591 2832 2839 2907 latidibus
2867 2834 3143 2907 Athanasii
3165 2874 3193 2907 ,Α
3213 2834 3300 2907 ubi
3350 2848 3661 2904 pauperum

2063 2905 2201 2961 bona
2235 2908 2286 2961 in
2317 2904 2513 2960 malum
2547 2906 2812 2977 ejusmodi
2836 2920 2986 2960 nsum
3009 2903 3078 2977 ab
3108 2904 3317 2977 Arianis
3336 2909 3665 2977 consumpta

2038 2987 2307 3035 testatur.
2338 2978 2472 3032 Hinc
2512 2975 2706 3033 iterum
2732 2978 2788 3032 S.
2832 2977 2980 3032 Zeno
3019 2975 3235 3029 divitum
3275 2976 3569 3045 patrocinia
3593 2977 3666 3031 ab

2059 3049 2247 3105 iisdem
2275 3047 2657 3105 insubeidium
2687 3050 2943 3104 advocata
2970 3046 3134 3102 tradit
3162 3065 3175 3103 :
3208 3052 3511 3115 eorumque
3544 3049 3668 3117 opi-

2058 3117 2162 3176 bus
2195 3122 2371 3191 plures
2396 3132 2692 3191 corruptos
2709 3121 3025 3178 docebimus
3046 3129 3232 3173 annot.
3262 3119 3348 3173 59.
3379 3117 3499 3191 Huc
3522 3117 3667 3191 forte

2063 3188 2399 3261 prospiciens
2428 3190 2484 3249 S.
2520 3188 2856 3257 Ainbrosius,
2889 3192 2942 3247 in
2971 3192 3195 3261 Apolog.
3236 3189 3424 3257 David,
3447 3197 3571 3261 cap.“
3602 3188 3664 3253 4,

2062 3279 2117 3317 η.
2153 3265 2211 3320 l't'
2233 3305 2247 3329 ,
2273 3265 2435 3319 allato
2472 3263 2678 3319 Veteris
2698 3264 3041 3319 Testamenti
3072 3262 3342 3331 exemplo,
3370 3262 3441 3316 de
3470 3261 3665 3317 Sacer-

2062 3333 2284 3389 dtnibus
2311 3336 2571 3406 scriptum
2623 3335 2839 3407 reliquit
2874 3355 2886 3387 :
2929 3334 3044 3407 Quo
3091 3333 3281 3387 iudicio
3316 3334 3507 3407 claruit
3546 3333 3670 3407 auri

2061 3408 2390 3476 cupiditatem
2413 3409 2679 3461 materiam
2698 3405 2805 3461 esse
2835 3406 3066 3477 perﬁdia:
3085 3446 3100 3475 ,
3133 3414 3182 3460 et
3212 3405 3449 3460 avaritiae
3489 3406 3666 3459 studio

2060 3478 2330 3549 sacrilegia
2358 3479 2519 3533 solere
2544 3482 2792 3549 generari.
3082 3524 3085 3525 ν

2134 3548 2251 3674 (55)
2279 3548 2387 3604 Nec
2414 3547 2566 3605 abest
2594 3566 2621 3603 a
2656 3565 2780 3606 mss.
2809 3549 2996 3621 Pomp.
3029 3558 3082 3603 et
3106 3547 3237 3605 Zen.
3271 3547 3340 3605 Ut
3365 3558 3548 3603 autem
3575 3548 3665 3602 in-

2162 3627 2390 3674 iaantnr.
2417 3638 2535 3674 num
2559 3622 2625 3674 de
2653 3638 2787 3674 vago
2816 3623 3130 3674 incertoune
3159 3619 3281 3674 ﬁdei
3327 3618 3664 3674 Arianorum

2064 3618 2390 3692 telligantur,
2417 3638 2535 3689 qua:
2559 3622 2625 3676 de
2653 3638 2787 3691 vago
2816 3618 3130 3691 incertoque
3159 3619 3281 3692 ﬁdei
3327 3618 3664 3674 Arianorum

2064 3691 2205 3746 statu
2250 3694 2301 3748 id
2350 3694 2450 3747 loci
2484 3694 2786 3760 traduntur,
2828 3692 3093 3761 simulque
3134 3691 3487 3746 eonﬁrtnetur
3518 3692 3665 3745 dilu-

2064 3764 2183 3819 cide
2219 3763 2381 3819 hasce
2429 3767 2485 3821 S.
2516 3764 2745 3819 Zenonis
2775 3764 3075 3821 sententias
3103 3778 3224 3818 cum
3257 3763 3416 3831 hujus
3448 3773 3663 3831 tempo-

2064 3837 2136 3889 ris
2188 3837 2406 3891 historia
2451 3837 2617 3907 probe
2660 3851 2994 3907 congruere.
3033 3834 3167 3890 adeo
3188 3846 3255 3907 ut
3302 3833 3432 3888 nihil
3481 3834 3665 3907 simile

2063 3908 2435 3989 superioribus
2454 3905 2703 3989 saculis,
2734 3905 2928 3978 quibus
2949 3907 3105 3989 illum
3150 3905 3349 3965 risisse
3410 3905 3664 3960 ItOtmulli

2063 3979 2408 4043 existimant,
2439 3979 2618 4035 all'erri
2648 3988 2850 4051 queat,
2877 3979 2963 4033 cui
3003 3979 3107 4033 illa:
3149 3992 3399 4051 percoque
3431 3993 3666 4051 respon-

2062 4052 2253 4117 dcant;
2303 4051 2572 4107 rccitanda
2624 4048 2872 4122 putamus
2912 4051 3117 4117 aliquot
3161 4049 3387 4122 insignia
3414 4048 3663 4122 gPatrum

2066 4124 2179 4178 loca
2202 4166 2215 4189 ,
2245 4139 2363 4193 qua:
2392 4139 2511 4178 cum
2544 4119 2795 4191 praesenti
2821 4122 3046 4176 miriﬁce
3069 4119 3661 4193 eiuncinunt.Primum

2066 4191 2349 4256 Albanas,
2382 4196 2433 4248 in
2461 4197 2620 4265 epist.
2654 4195 2718 4249 ad
2746 4196 3038 4265 Episcupos
3069 4191 3283 4265 Egypti
3312 4203 3359 4246 et
3393 4192 3575 4265 Libym
3598 4211 3653 4245 ιι.

2064 4266 2127 4333 6,
2154 4282 2206 4337 p.
2234 4266 2371 4332 2'5,
2405 4278 2441 4319 t.
2474 4283 2489 4320 l
2524 4283 2536 4317 :
2567 4264 2744 4335 Itaque
2783 4263 2953 4320 ontttia
2992 4263 3187 4319 movent
3217 4273 3262 4337 et
3308 4263 3616 4337 conturbant
3642 4305 3658 4328 ,

2064 4336 2483 4401 nec’tamensuis
2512 4338 2727 4392 decretis
2750 4339 2847 4407 ipsi
2878 4346 2997 4390 sunt
3021 4336 3246 4391 contenti
3273 4351 3285 4387 :
3312 4352 3434 4388 nam
3462 4336 3661 4404 singu—

2064 4411 2127 4463 lis
2150 4412 2296 4463 aunis
2314 4452 2328 4475 ,
2358 4410 2490 4477 velut
2518 4410 2603 4479 qui
2626 4420 2775 4479 pacta
2799 4408 3054 4473 scribunt,
3086 4409 3184 4474 ipsi
3224 4422 3427 4476 quoque
3464 4421 3661 4479 cannea

2064 4483 2211 4535 niunt
2229 4524 2243 4546 ,
2277 4492 2323 4535 et
2353 4482 2416 4534 de
2444 4477 2547 4546 ﬁde
2573 4477 2790 4534 statuere
2818 4480 3092 4545 simulant,
3118 4488 3176 4532 ut
3209 4480 3360 4531 etiam
3380 4477 3502 4530 inde
3528 4478 3661 4531 nihil

3229 4566 3413 4602 uorum
3449 4549 3658 4603 decreta

2060 4642 2159 4678 non
2182 4623 2244 4677 ab
2274 4626 2411 4683 aliis.
2438 4625 2527 4675 sed
2556 4624 2616 4676 ab
2642 4626 2764 4693 ipsis
2796 4620 3174 4677 rescindantur.
3199 4620 3257 4676 Si
3285 4623 3420 4674 enim
3445 4620 3519 4684 Iti,
3544 4636 3660 4690 qua:

2062 4698 2201 4763 prius
2232 4697 2539 4763 definierunt
2558 4737 2571 4760 ,
2597 4696 2975 4748 considerarent
2999 4736 3013 4758 ,
3057 4695 3246 4748 nollent
3275 4694 3509 4762 profecta
3551 4694 3658 4745 alia

2061 4768 2274 4831 delinire
2295 4808 2309 4831 ,
2342 4783 2637 4825 necJursus
2667 4767 2768 4821 illis
2796 4766 3019 4819 dimissis
3039 4807 3052 4831 ,
3092 4783 3151 4819 ea
3180 4780 3317 4818 nunc
3344 4763 3618 4831 delinirent
3641 4806 3656 4828 ,

2061 4856 2205 4906 qua},
2258 4848 2307 4891 ut
2350 4837 2450 4905 ipsi
2501 4848 2634 4892 certe
2675 4838 3006 4903 meditantur,
3054 4846 3167 4906 post
3204 4837 3415 4905 aliquod
3457 4846 3656 4903 tempus

2060 4922 2176 4964 sunt
2204 4912 2635 4964 immutaturi.....
2678 4908 2811 4962 Hinc
2848 4924 2966 4979 ergo
2996 4922 3269 4975 numquam
3301 4916 3497 4961 cessant
3526 4906 3656 4979 scri-

2065 4985 2196 5048 bere,
2225 4994 2376 5053 atque
2401 4983 2472 5034 ita
2490 4998 2585 5035 sua
2618 4983 2863 5052 perpetuo
2893 4977 3144 5033 mutantes
3164 4980 3451 5053 ,incertam
3477 4977 3649 5053 ﬁdem,

2049 5054 2123 5108 vel
2154 5050 2318 5121 potius
2341 5063 2531 5107 certam
2560 5050 2983 5121 manifestamque
3018 5052 3378 5121 inﬁdelitatem
3404 5062 3450 5104 et
3474 5050 3654 5119 pravi-

2052 5137 2203 5179 tatem
2234 5124 2438 5178 habent.
2467 5124 2734 5179 Przetcrea
2757 5123 2810 5177 in
2840 5123 2932 5178 lib.
2967 5124 3031 5177 de
3061 5122 3099 5178 S
3142 5122 3307 5187 nodis,
3331 5140 3385 5176 ιι.
3415 5122 3503 5185 li,
3529 5135 3650 5191 pag.

2052 5198 2154 5249 727
2192 5216 2203 5249 :
2248 5197 2449 5249 Etenim
2488 5197 2589 5249 ipsi
2617 5197 2748 5249 inter
2791 5211 2844 5249 se
2878 5204 3050 5248 mutuo
3081 5140 3357 5249 dissident.
3388 5204 3580 5248 etcum
3624 5209 3650 5245 a

2051 5198 2154 5251 727
2192 5216 2203 5250 :
2248 5197 2449 5249 Etenim
2488 5197 2589 5264 ipsi
2617 5197 2748 5249 inter
2791 5211 2844 5249 se
2878 5204 3050 5248 mutuo
3081 5196 3357 5259 dissident,
3388 5204 3435 5248 et
3462 5209 3580 5246 cum
3624 5209 3655 5245 a

2054 5267 2297 5333 Patribus
2345 5268 2657 5337 defecerint,
2704 5283 3021 5334 nequaquam
3067 5284 3169 5319 una
3211 5267 3491 5335 eademque
3535 5272 3655 5337 sunt

2053 5350 2216 5393 mente
2243 5382 2252 5399 .
2290 5339 2378 5393 sed
2408 5339 2562 5393 variis
2591 5339 2900 5407 diversisque
2929 5340 3188 5392 sententiis
3221 5338 3476 5407 ﬂuctuant
3505 5351 3521 5388 :
3545 5336 3655 5389 dis-

2054 5422 2408 5483 ceptantesque
2427 5410 2674 5483 adversus
2708 5408 2978 5465 Nicamam
3022 5411 3312 5483 synodum,
3350 5409 3561 5483 Antulta‘s
3598 5416 3654 5483 et

2053 5479 2153 5549 ipsi
2194 5482 2418 5553 synodos
2448 5482 2799 5549 celebrarunt,
2840 5483 2894 5536 in
2935 5479 3152 5549 quarum
3188 5481 3405 5553 singulis
3433 5480 3553 5553 cum
3582 5479 3654 5548 [i-

2051 5556 2163 5607 dem
2190 5552 2516 5624 deposuerint
2536 5595 2550 5614 ,
2584 5554 2711 5607 nulli
2747 5562 2917 5607 tamen
2957 5562 3138 5624 stetere
3164 5552 3479 5623 professioni
3512 5567 3529 5605 :
3559 5566 3655 5605 nec

2048 5628 2152 5679 alio
2182 5623 2425 5695 umquam
2454 5626 2605 5679 modo
2632 5626 2796 5679 acturi
2819 5634 2937 5679 sunt
2964 5623 3136 5678 :male
3156 5624 3348 5693 quippe
3366 5625 3654 5695 quwrendo

2046 5716 2197 5766 quam
2242 5698 2456 5752 oderunt
2498 5699 2836 5767 sapientiam,
2880 5711 3155 5764 numquam
3194 5696 3474 5767 invenient.
3511 5694 3657 5751 Tau-

2046 5763 2168 5826 dcm
2201 5769 2455 5837 Hilarius,
2494 5763 2585 5824 lib.
2621 5784 2656 5823 ιι
2679 5767 2744 5823 ad
2772 5763 3241 5836 Constantium,n.
3273 5763 3325 5833 .l,
3358 5766 3411 5820 id
3445 5768 3531 5823 sui
3564 5782 3657 5834 sunt
