3820 6220
190 196 286 257 2ῧί
1426 189 1628 254 LIBER
1666 194 1707 253 Ι.
1748 187 2170 251 τΒΑΟΤᾹΤυΞ
2208 191 2249 250 1.
3401 186 3510 250 Ώϐἓ

193 322 455 382 vocatus,
486 329 687 372 rursus
714 330 811 371 eas
835 328 931 386 pro
959 311 1299 383 ingeniorum
1324 319 1797 381 argnmentorum-
1834 315 1883 373 Α
1910 307 2092 371 ciunt,
2120 304 2214 359 sed
2243 317 2343 359 nec
2372 302 2473 373 ipsi
2498 345 2511 369 ,
2549 303 2641 373 qui
2664 302 2838 357 sciunt
2869 319 2881 356 :
2918 302 3039 371 quia
3068 301 3203 372 legis
3230 303 3514 359 scientiam

196 425 303 479 que
328 410 542 467 viribus
572 410 919 467 retractando
965 422 1029 462 ac
1054 405 1352 461 refellendo
1383 406 1670 460 consumit.
1714 405 1806 458 Sin
1915 404 2428 475 oliscrvatttiatnque
2473 404 2538 458 ad
2573 402 2958 474 perfectionem
3004 401 3303 474 perducere
3351 402 3511 456 nullis

194 500 353 575 verb.
383 509 527 562 sicut
557 520 786 562 necesse
809 512 1034 568 eshuna
1058 499 1254 557 estilla
1286 498 1480 553 ιιοιιῖιίε
1506 498 1693 569 clt'34)
1718 514 1811 550 ωι-
1918 506 2215 561 rationibus
2249 515 2493 576 possunt.
2544 504 2602 561 Si
2640 522 2703 560 ex
2759 505 3113 572 credulitate,
3149 520 3256 560 n0n
3289 505 3339 559 ei
3384 519 3522 573 opus

199 600 371 668 tiqua,
396 616 517 671 quae
551 616 657 654 non
692 598 864 653 dicam
894 602 1148 658 tractatu,
1168 592 1262 648 sed
1291 592 1462 663 ipsius
1487 592 1765 646 nativitate
1796 607 1810 645 :

2036 609 2142 663 ulla
2172 608 2549 678 interpretatio
2584 626 2596 658 :
2624 608 2747 677 quia
2775 609 2915 663 sicut
2938 607 3110 664 semel
3134 607 3398 674 creditur,
3442 608 3517 661 ita
3542 651 3545 655 .

207 695 314 763 11
344 707 507 762 βοτΐο
542 690 660 761 (55)
704 689 878 759 major
908 696 991 741 est
1014 686 1169 756 ivgis,
1199 697 1320 755 qua:
1353 682 1523 737 Deum
1555 682 1663 737 Deo
1689 694 1812 735 cre-

216 784 401 839 dendo
433 783 772 854 promeruit,
803 776 1031 852 quaeque
1061 777 1284 855 credere
1316 791 1421 841 non
1465 775 1688 843 didicit,
1720 773 1816 829 sed

204 877 596 948 praesumpsit;
643 876 821 931 edicat
866 873 997 928 mihi
1035 872 1338 944 perniciosa
1376 871 1474 925 ista
1506 868 1817 924 adiuventio

204 980 477 1026 tractatus
504 968 588 1024 sui
609 1010 625 1035 ,
654 983 760 1037 quo
791 966 1000 1037 prolicit
1032 948 1243 1036 pugna?
1271 963 1348 1019 Ne
1397 963 1534 1018 ﬁdes
1558 1006 1571 1027 ,
1606 956 1781 1032 inquit
1802 1001 1816 1025 ,

221 1056 498 1129 intereat,
528 1076 650 1116 cum
676 1058 817 1137 male
840 1067 934 1114 aut
960 1057 1217 1126 creditur,
1249 1067 1341 1113 aut
1369 1057 1611 1138 docetur.
1664 1054 1819 1126 Quod

209 1155 418 1210 malum
445 1163 525 1210 est
550 1153 651 1208 ista
682 1154 850 1217 ratio,
883 1166 1006 1207 mox
1030 1150 1356 1207 videbimus.

280 1245 372 1301 IV.
416 1239 571 1300 Nunc
599 1246 737 1301 scire
760 1243 928 1317 cupio
948 1287 962 1310 ,
1006 1244 1142 1299 ﬁdes
1168 1260 1230 1300 ex
1262 1242 1379 1317 (36)
1403 1242 1651 1300 doctrina
1683 1257 1817 1297 con-

212 1349 363 1407 stet,
395 1355 462 1395 an
492 1354 558 1394 ex
582 1314 921 1405 creddlitate,
952 1352 1020 1393 an
1044 1353 1109 1392 ex
1134 1314 1380 1408 utroque.
1398 1336 1456 1394 Si
1476 1352 1540 1393 ex
1572 1336 1815 1391 doctrina

209 1442 468 1499 constat;
503 1449 609 1488 non
647 1432 850 1489 habent
892 1447 1021 1503 ergo
1060 1430 1219 1487 ﬁdem
1243 1473 1258 1498 ,
1308 1432 1399 1502 qui
1442 1433 1650 1487 litteras
1689 1446 1816 1485 nes-

212 1578 330 1632 lnm
366 1574 626 1638 temporis
652 1571 950 1645 proprium,
972 1581 1039 1645 et
1053 1570 1287 1645 antiquis
1309 1572 1610 1628 inauditum
1634 1571 1814 1645 tradit,

218 1658 284 1702 ut
308 1656 386 1701 tot
422 1647 556 1709 ﬁdes
586 1643 971 1700 scriberentur.
1013 1644 1121 1700 Sub
1163 1644 1313 1715 cujus
1359 1644 1671 1711 necessitatis
1696 1688 1702 1709 ,
1732 1643 1824 1698 in-

216 1719 335 1791 quit
358 1763 371 1779 ,
407 1727 679 1791 tamququ
707 1715 1031 1791 improbabili
1057 1716 1324 1791 occasione
1368 1715 1828 1791 scribendte_atqu_e
1868 1781 1870 1783 b

1920 710 2088 764 semel
2119 725 2187 765 ex
2212 724 2279 765 eo
2307 708 2459 779 ipso,
2494 707 2634 778 quod
2666 707 2926 763 creditum
2969 718 3047 764 est
3071 750 3087 776 ,
3137 717 3511 765 consummata

1925 814 2087 881 ﬁdes,
2121 814 2232 869 ulla
2267 830 2367 870 nec
2398 815 2656 869 minuitur
2680 858 2693 881 ,
2743 829 2843 869 nec
2869 824 3113 886 augetur.
3150 814 3245 871 Sin
3283 828 3415 869 vero
3445 828 3513 869 ex

1924 924 2183 988 tumque;
2217 916 2647 972 Patriarcltarum
2694 913 2812 989 (57)
2845 931 3091 973 semensa
3124 916 3258 972 ﬁdes
3295 921 3381 971 est
3412 932 3425 971 :
3459 931 3523 970 ac

1874 1050 1875 1053 η
1927 1042 2021 1095 per
2062 1025 2168 1082 hoc
2212 1026 2323 1081 illis
2342 1024 2747 1081 cettstitutionis
2785 1004 2986 1080 nostra:
3017 1023 3268 1078 videlicet
3295 1027 3397 1096 12
3426 1022 3523 1079 de-

1925 1125 2181 1182 cernendi
2209 1135 2333 1180 sunt
2363 1124 2513 1191 libri,
2546 1137 2603 1181 ttt
2634 1124 2843 1196 possint
2865 1139 2985 1181 esse
3016 1122 3260 1196 perfecti.
3296 1125 3340 1180 Ο
3364 1138 3527 1195 quam

1923 1226 2121 1281 misera
2150 1236 2233 1281 est
2272 1226 2437 1293 ﬁdes,
2467 1242 2628 1297 quam
2676 1226 2840 1282 verba
2870 1226 3234 1281 concinnant!
3270 1225 3315 1282 Ο
3363 1242 3523 1297 quam

1926 1332 2118 1406 debilis
2144 1373 2159 1401 ,
2184 1334 2342 1406 cujus
2366 1333 2607 1404 quatidie
2637 1312 2970 1404 dissipantur
2998 1331 3159 1388 variis
3180 1340 3532 1404 argumenta-

1931 1433 2167 1490 tionibus
2215 1434 2488 1490 membral
2539 1433 2585 1489 Ο
2622 1448 2783 1505 quam
2815 1432 3115 1500 indefensa,
3150 1447 3270 1503 quae
3299 1431 3415 1505 (58)
3438 1448 3525 1490 re-

1938 1589 2055 1627 mus
2082 1573 2146 1627 de
2175 1572 2468 1643 Abraham,
2503 1588 2557 1626 n.
2593 1574 2645 1627 5.
2689 1571 2828 1643 _Heic
2860 1580 3038 1637 tamen
3084 1571 3370 1642 legendum
3403 1587 3537 1643 pra:-

1936 1646 2155 1714 sumpsit
2180 1642 2209 1711 ,’
2227 1659 2560 1699 cutnsermo
2584 1646 2652 1697 sit
2678 1640 2744 1699 de
2777 1644 2902 1709 ﬁde,
2932 1659 3090 1714 qnam
3122 1640 3215 1699 ille
3241 1655 3360 1699 ante
3382 1640 3538 1700 Chri-

1935 1717 2126 1783 stianae
2170 1716 2292 1771 fidei
2340 1714 2826 1787 promulgationem
2873 1717 3094 1780 sumpsit
3120 1731 3140 1771 :
3165 1728 3221 1769 ut
3248 1716 3393 1787 enim
3422 1731 3539 1779 mo-

218 1785 535 1845 innovandte
558 1789 680 1859 ﬁdei
706 1785 887 1843 ejittde
914 1804 1035 1843 usus
1056 1788 1264 1862 inoleuit
1289 1803 1306 1840 :
1339 1798 1390 1862 et
1426 1805 1478 1840 η.
1511 1786 1544 1842 5
1573 1803 1592 1841 :
1620 1785 1829 1862 Cngscii
1864 1791 1907 1849 Β
1939 1789 2184 1862 animus,
2216 1785 2471 1862 prteiymo
2501 1788 2641 1855 apud
2672 1788 2930 1858 probatos
2960 1787 3256 1856 scriptores
3282 1786 3367 1842 εει
3395 1787 3534 1843 anti-

226 1863 370 1917 enim
396 1849 786 1928 nobis'invicent
810 1876 985 1913 sumus
1021 1870 1131 1928 post
1166 1858 1368 1913 Nicaeni
1387 1870 1662 1913 convrntus
1688 1849 1827 1928 Syn-

222 1934 384 1988 odttm
412 1924 548 1985 nihil
573 1932 715 1986 aliud
741 1948 890 1996 quam
949 1924 1103 1999 ﬁdem
1128 1930 1399 1984 scribi.....
1444 1931 1654 1984 Annuus
1680 1924 1834 1993 atque

226 2017 522 2058 menstruas
567 2004 631 2056 de
669 2002 775 2056 Deo
810 2002 941 2072 ﬁdes
984 2002 1303 2071 decernimus
1328 2045 1340 2062 ,
1372 2003 1586 2055 decretis
1618 2002 1833 2070 paeniteo

226 2092 377 2141 ntus,
421 2077 713 2147 pandentes
740 2073 1106 2147 :defenditnus,
1141 2072 1822 2147 defensasanatltematizao

228 2165 379 2211 mus,
415 2144 520 2201 etc.
553 2144 703 2212 Quod
738 2144 966 2199 Hilarius
1006 2144 1081 2198 ait
1119 2144 1338 2199 decerni
1375 2144 1505 2198 lides
1535 2160 1733 2196 annuas
1782 2150 1832 2197 et

232 2229 551 2281 menstruas,
583 2218 640 2273 S.
666 2216 813 2271 Zeno
835 2215 969 2270 dixit
1000 2224 1272 2279 tractatus,
1299 2216 1387 2284 qui
1408 2231 1494 2268 eos
1525 2215 1730 2283 genuit,
1755 2215 1833 2266 vel

228 2290 693 2360 quotidiergenerat
717 2304 737 2342 :
760 2303 826 2341 ex
856 2302 962 2356 quo
991 2288 1152 2342 etiam
1183 2295 1353 2360 putet,
1387 2284 1515 2355 ﬁdes
1544 2302 1571 2336 a
1594 2285 1831 2360 tractati-

229 2357 328 2415 bus
359 2357 652 2427 distingui,
676 2367 943 2429 quatenus
970 2365 1232 2429 tractatus
1260 2357 1835 2429 dicerentnrdisputa-

230 2432 415 2487 tiones
437 2474 451 2498 ,
480 2427 707 2501 quibus,
739 2441 793 2484 ut
820 2428 962 2482 idem
992 2430 1067 2481 ait
1094 2427 1273 2493 Zeno,
1302 2428 1835 2501 proﬂingeniornmar-

232 2498 698 2574 gumentorttmque
727 2500 917 2574 viribus
946 2515 1104 2574 suam
1129 2501 1356 2574 quisque
1387 2498 1544 2552 ﬁdem
1564 2498 1826 2553 defende-

231 2570 315 2630 ret
336 2615 353 2638 ,
380 2574 722 2642 alienamque
745 2571 1043 2638 refelleret,
1075 2570 1209 2625 ﬁdes
1236 2578 1416 2624 autem
1447 2585 1827 2636 nuncunaren-

233 2656 326 2700 tur
356 2645 481 2701 ﬁdei
511 2643 759 2697 formula:
780 2684 794 2705 .
825 2657 945 2713 qua:
970 2658 1037 2696 ex
1077 2643 1469 2713 cotitrariorunt
1511 2650 1833 2713 tractatuum

231 2714 589 2785 opinionibus
637 2710 862 2785 genitae,
919 2714 1241 2781 multiplices
1266 2712 1374 2785 fin.
1402 2712 1564 2785 variis
1609 2710 1834 2782 syitodis

233 2780 397 2843 edite
427 2792 574 2841 sunt.
609 2780 683 2841 De
709 2786 808 2839 hac
834 2780 1151 2838 Arianorum
1172 2793 1227 2839 et
1257 2780 1719 2845 Semiariatt'nrum
1741 2798 1834 2850 pn-

232 2875 338 2928 gna
366 2859 508 2912 inter
530 2873 589 2911 se
616 2856 879 2928 videndus
901 2855 1062 2928 etiam
1098 2856 1248 2909 locus
1277 2854 1545 2909 Ambrosii
1574 2854 1638 2908 de
1672 2852 1831 2919 Fide,

234 2924 332 2983 lib.
367 2928 604 2992 t,c.6,
639 2924 788 2981 ιλιι
815 2924 978 2982 θιιό.
1312 2986 1320 2995 α

313 2997 429 3071 (54)
457 2999 583 3071 Hau:
612 3006 857 3071 spectant
886 2999 1150 3067 antiquam
1181 2994 1420 3071 Abrahae
1443 2994 1600 3049 ﬁdem
1623 3036 1636 3058 ,
1674 3011 1833 3063 quam

235 3068 438 3126 Paulus
466 3070 648 3135 laudat
689 3071 753 3122 ad
783 3069 938 3122 Rom.
998 3085 1047 3124 tv
1097 3078 1152 3123 et
1203 3070 1268 3121 ad
1327 3068 1444 3122 Gal.
1488 3083 1824 3137 "[1111th00,

235 3158 345 3196 non
378 3142 553 3195 solum
608 3141 931 3194 Arianorum
976 3149 1263 3200 tractatos,
1310 3138 1405 3193 sed
1452 3140 1621 3206 ipsam
1666 3142 1830 3192 etiam

235 3216 519 3282 praecessit
546 3213 718 3281 lt-getn
741 3211 1004 3275 decalogi,
1031 3225 1126 3263 seu
1150 3210 1630 3282 promulgationem
1649 3209 1831 3264 Chris-

235 3280 400 3338 tiana:
433 3282 555 3337 lidei
576 3324 590 3347 ,
612 3280 780 3350 quam
814 3283 938 3352 legis
966 3283 1181 3335 nomine
1211 3282 1266 3336 S.
1301 3281 1449 3336 Zeno
1475 3280 1576 3335 hoc
1601 3282 1720 3336 loco
1741 3292 1835 3344 ap-

236 3356 446 3423 pellare
472 3354 685 3408 videtur
713 3369 727 3406 :
758 3351 899 3407 unde
922 3352 1069 3405 addit
1094 3368 1107 3404 :
1136 3351 1265 3419 Qua:
1285 3352 1490 3405 credere
1509 3362 1611 3405 nan
1636 3352 1838 3419 didicit,

234 3428 329 3478 sed
357 3425 705 3494 prwntmpsit.
733 3425 828 3478 Est
847 3424 1262 3494 ettim’prtesunto
1286 3433 1411 3494 ante
1433 3434 1643 3494 tempus
1663 3438 1840 3477 sumo.

237 3491 515 3551 Abraham
548 3506 729 3549 autem
754 3508 878 3549 vera
901 3491 1039 3557 ﬁdei,
1069 3510 1172 3563 qua
1198 3510 1295 3548 nos
1319 3491 1607 3549 Christiani
1632 3506 1840 3557 sumus,

237 3569 407 3623 fuisse
430 3566 661 3637 potitum
685 3607 699 3629 ,
732 3578 938 3632 certum
966 3575 1045 3620 est
1075 3581 1141 3619 cx
1167 3564 1448 3635 Apostolp,
1482 3567 1571 3634 qui
1601 3566 1747 3619 hanc
1774 3565 1845 3619 οι)

238 3640 401 3694 tidem
432 3636 492 3693 et
543 3636 813 3705 Abraham
861 3646 1017 3691 vocat
1045 3648 1243 3707 patrem
1292 3639 1521 3707 omnium
1569 3645 1841 3701 nostrum,

237 3724 429 3762 eorum
460 3709 707 3771 scilicet,
729 3709 817 3775 qui
844 3706 1098 3761 sectantur
1122 3708 1334 3778 vestigia
1379 3706 1522 3777 ﬁdei,
1579 3707 1733 3762 Rom,
1794 3723 1846 3760 tv

238 3797 299 3832 ν.
348 3780 448 3843 l2,
484 3778 584 3835 16.
617 3790 671 3833 et
717 3786 977 3847 quotquot
1007 3778 1249 3831 eamdem
1284 3777 1441 3832 ﬁdem
1478 3788 1653 3832 tenent
1681 3819 1694 3842 ,
1726 3778 1845 3847 ejus

243 3797 299 3832 ν.
348 3796 448 3843 12,
484 3796 584 3835 ιο.
617 3796 671 3833 et
757 3796 977 3847 umqum
1007 3796 1249 3831 eantuetn
1284 3796 1441 3832 nitent
1478 3796 1653 3832 tenent
1681 3819 1694 3842 ,
1726 3796 1845 3847 eius

243 3851 388 3907 ﬁlios
417 3850 656 3919 appellat
684 3796 827 3916 τίδιιὶ
850 3866 911 3903 ex
943 3848 1047 3918 ﬁde
1087 3860 1232 3909 sunt,
1261 3850 1299 3901 ii
1330 3859 1445 3901 stmt
1467 3849 1565 3917 ﬁlii
1589 3848 1809 3902 Abiu/ta:
1830 3890 1845 3913 ,

241 3922 363 3977 Gal.
414 3938 509 3986 ut,
536 3922 590 3975 7.
628 3921 760 3974 Ilinc
802 3921 984 3974 Patres
1013 3919 1273 3973 adversus
1300 3920 1529 3973 Ariauos
1576 3920 1843 3980 Abraltntn

242 3995 499 4049 eamdem
530 4007 593 4045 ac
628 4007 723 4044 nos
758 3992 849 4045 Dei
880 4001 1039 4059 atque
1068 3989 1346 4043 Trinitatis
1376 3989 1533 4043 ﬁdem
1564 3990 1840 4054 habuisse,

241 4082 313 4119 ex
367 4064 537 4119 Paulo
588 4063 1050 4116 demonstrarunt.
1110 4060 1342 4129 Denique
1382 4060 1637 4113 Abraham
1689 4060 1847 4130 ﬁdem

239 4145 491 4206 prouocat
520 4132 825 4204 Apostolus,
862 4133 1122 4206 probans,
1170 4133 1472 4206 auctoritate
1501 4148 1626 4185 usus
1668 4146 1846 4206 sacra-

236 4200 361 4259 rum
412 4200 737 4270 litterarum,
802 4200 875 4258 sic
925 4202 1204 4256 credidisse
1249 4201 1542 4273 Abraham,
1591 4200 1847 4273 quomodo

237 4294 382 4330 nunc
410 4277 568 4345 fuerit
612 4277 819 4328 credens
859 4273 1092 4327 Paulus:
1124 4274 1203 4345 sic
1250 4274 1459 4328 Lucifer
1475 4271 1843 4345 Ca‘a‘rit-utus,

238 4349 298 4401 in
322 4343 417 4401 lib.
453 4363 467 4400 t
500 4362 597 4414 pro
622 4345 677 4401 S.
706 4344 1020 4406 Athanasio.
1056 4360 1107 4412 p.
1146 4344 1278 4409 198,
1316 4355 1447 4397 tom.
1494 4361 1542 4397 tv
1586 4343 1842 4401 Biltliotlt.

240 4419 349 4473 PP.
379 4418 516 4473 edit.
544 4417 813 4486 Lugdnu.,
842 4427 895 4471 et
924 4415 1048 4467 alibi
1079 4417 1295 4486 saepius,
1325 4415 1513 4486 eadem
1528 4416 1745 4486 repetit,
1784 4429 1848 4468 ac

242 4489 559 4555 praesertim
588 4484 683 4540 lib.
718 4487 790 4539 De
820 4502 917 4539 non
948 4484 1207 4557 parcendo
1231 4486 1283 4537 in
1312 4484 1476 4537 Deum
1502 4484 1844 4557 delinquenti-

1938 1860 2128 1929 cipate.
2158 1860 2257 1926 seu
2286 1860 2431 1928 prius
2460 1874 2630 1913 sumo.
3018 1928 3023 1929 ν
3212 1924 3215 1925 ν

2011 1930 2126 2002 (56)
2163 1929 2459 1984 Doctrinam
2501 1929 2622 1984 lteic
2658 1940 2813 1985 vocat
2835 1928 3118 2002 scientiam
3148 1944 3247 1985 seu
3276 1928 3523 1999 peritiam

1936 2000 2331 2057 de'Trinitatis’
2376 2006 2669 2073 mysterio,
2701 2018 2859 2070 quam
2907 2001 3092 2073 Ariani
3122 2015 3182 2057 se
3237 2011 3424 2073 tenere
3471 2010 3526 2055 et
3588 2022 3589 2025 η

1940 2074 2255 2143 tractatibus
2279 2072 2529 2143 digerere
2562 2072 2881 2137 jaCIitahant
2912 2091 2925 2125 :
2952 2072 3175 2138 haecque
3204 2072 3344 2127 idem
3368 2074 3531 2141 plane

1937 2153 2022 2199 est
2059 2160 2145 2215 ac:
2175 2141 2261 2197 illa
2290 2186 2305 2209 ,
2338 2141 2498 2212 quam
2530 2144 2709 2215 legent
2753 2144 2873 2215 fidei
2907 2144 3157 2215 superius
3202 2145 3529 2213 appellatam

1937 2214 2418 2269 animadvertimus
2457 2213 2644 2270 acinot.
2680 2213 2714 2268 5
2742 2232 2757 2269 :
2783 2214 2863 2269 De
2912 2214 3218 2281 credulitate
3257 2229 3388 2268 vero
3440 2230 3536 2281 pro

1939 2286 2171 2353 simplici
2194 2284 2312 2355 ﬁde
2337 2326 2352 2349 ,
2380 2302 2499 2355 quae
2531 2286 2649 2340 sine
2678 2286 2922 2343 doctrina
2952 2301 3048 2341 seu
3078 2285 3304 2355 ratione
3350 2295 3535 2339 aucto-

1939 2352 2081 2411 ritati
2106 2352 2372 2422 defertur,
2397 2352 2529 2410 sati.
2558 2355 2760 2426 dictum
2780 2366 2865 2417 est
2889 2356 3159 2426 annot..6.
3187 2354 3319 2413 Post
3347 2372 3537 2426 pauca,

1941 2428 2268 2509 tibidegitur
2296 2429 2342 2481 si
2370 2444 2447 2509 ear
2461 2422 2767 2509 credulitate
2784 2471 2801 2495 ἓ,
2838 2427 2897 2481 in
2925 2422 3086 2483 editis
3104 2437 3223 2509 erat
3260 2431 3304 2482 si
3333 2422 3445 2482 rere

1938 2498 2242 2553 credulitate
2267 2515 2285 2552 :
2316 2501 2634 2567 particulam
2656 2510 2837 2569 autem
2857 2515 2994 2565 vero,
3022 2515 3141 2568 qua:
3166 2499 3318 2556 abest
3342 2517 3368 2551 ιι
3398 2515 3529 2554 mss.

1942 2571 2134 2638 Pontp;
2165 2581 2230 2632 et,
2248 2569 2453 2638 Zenon.
2480 2570 2733 2624 duximus
2755 2570 3136 2633 omittendam,
3161 2587 3285 2625 cum
3312 2586 3373 2623 ea
3408 2587 3535 2626 mox

1940 2634 2237 2710 repetatur.
2266 2634 2329 2694 ltt'
2342 2656 2443 2695 ms.
2472 2640 2516 2695 T
2520 2642 2686 2697 olent.
2717 2642 2831 2710 haec
2860 2644 3113 2711 periodus
3144 2645 3387 2713 sequenti
3414 2658 3537 2713 per-

1941 2729 2124 2783 peram
2156 2713 2513 2781 postponitur.

2010 2784 2126 2853 (37)
2161 2784 2437 2839 Sentensus
2461 2825 2476 2849 ,
2519 2783 2661 2838 sicut
2686 2783 2946 2839 dimensus
2971 2824 2986 2851 ,
3031 2800 3263 2839 emensus
3282 2826 3298 2850 ,
3330 2792 3434 2840 etc.
3464 2824 3479 2845 ,
3510 2795 3540 2836 a

1940 2870 2199 2937 mensura
2219 2854 2481 2937 originem
2512 2853 2662 2937 ducit
2681 2896 2696 2918 ,
2721 2864 2775 2910 et
2795 2856 2863 2937 de
2893 2858 2957 2911 iis
2978 2855 3197 2937 dicitur,
3229 2872 3350 2926 qua:
3376 2869 3534 2937 men-

1939 2925 2119 2980 suram
2147 2925 2424 2980 dimidiam
2462 2925 2708 2982 referunt
2732 2968 2746 2987 .
2791 2927 2865 2981 uti
2900 2927 3177 2981 semodiale
3199 2942 3233 2984 a
3266 2926 3496 2981 semodio
3517 2966 3532 2989 ,

1938 2997 2079 3067 quod
2109 2998 2269 3052 modii
2313 2997 2595 3052 dimidium
2626 2999 2888 3052 coiitinet.
2935 2996 3066 3052 Eam
3097 3012 3260 3068 porro
3305 3012 3493 3054 vocent
3517 3038 3533 3063 ,

1940 3083 2101 3132 quam
2150 3068 2315 3138 probe
2359 3068 2609 3123 Latinam
2636 3069 2771 3122 nihil
2798 3068 3112 3124 dubitamus
3135 3110 3149 3133 ,
3196 3070 3338 3139 apud
3370 3084 3538 3121 unum

1940 3139 2215 3209 Zenonem
2264 3140 2505 3207 reperire
2552 3141 2811 3195 hactenus
2858 3139 3038 3207 licuit,
3079 3141 3180 3194 nisi
3227 3139 3368 3209 apud
3405 3142 3537 3192 Ain-

1945 3205 2211 3274 b'rosium,
2261 3205 2357 3265 lib.
2390 3226 2427 3264 ιι
2457 3210 2525 3273 de
2551 3210 2753 3269 Posuit.
2779 3252 2792 3273 ,
2823 3226 2942 3280 cap.
2977 3205 3047 3277 1⁷,
3085 3205 3340 3266 semensas
3364 3211 3544 3278 epulas

1946 3280 2232 3351 legendum
2264 3283 2334 3335 sit
2364 3297 2462 3350 pro
2491 3297 2713 3345 semesos
2735 3324 2749 3347 ,
2779 3298 2900 3338 cum
2944 3282 3289 3349 deconvivio
3339 3282 3540 3350 allego-

1946 3355 2057 3407 rice
2087 3352 2363 3420 descripto
2397 3353 2671 3421 loquatur,
2704 3355 2755 3406 in
2778 3353 2921 3422 quod
2947 3369 3052 3408 non
3082 3351 3536 3423 pridi‘anrcsente-

1946 3440 2017 3477 sa:
2040 3426 2210 3491 epulas
2244 3417 2538 3478 inferendae
2570 3435 2761 3490 erant,
2794 3417 2890 3479 sed
2924 3417 3415 3495 novm'adjiciendze
3437 3417 3474 3487 ,ἶ
3484 3433 3542 3477 ιιι

1945 3510 2014 3549 ex
2072 3496 2312 3565 utrisque
2346 3495 2666 3567 convivium
2723 3498 2988 3567 integrum
3022 3503 3350 3567 constaret;
3401 3496 3542 3549 unde

1948 3567 2065 3620 sine
2090 3567 2207 3619 istis
2233 3566 2406 3636 epulae
2441 3566 2610 3634 pridie
2641 3565 2839 3633 allatae,
2870 3565 3086 3630 dimidia
3119 3567 3502 3636 couviviipars
3524 3606 3538 3627 ,

1947 3653 2192 3690 semenste
2222 3635 2468 3692 fuiSsetit.
2519 3637 2772 3691 Semensa
2807 3653 2969 3706 porro
3000 3653 3028 3690 a
3073 3636 3294 3692 Zenone
3317 3635 3544 3694 .dicitur

1952 3706 2384 3761 Patriarcltnrum
2434 3717 2678 3761 veternnt
2734 3708 2901 3773 ﬁdes,
2951 3719 3228 3777 proriterea
3277 3706 3417 3775 quod
3474 3722 3543 3761 ex

1950 3779 2157 3832 duabus
2185 3777 2309 3832 ﬁdei
2336 3820 2350 3844 ,
2384 3794 2509 3848 qu_:e
2556 3778 2624 3832 ah
2670 3780 2888 3848 Arianjs
2919 3776 3291 3848 supponuntur
3311 3776 3345 3839 ,‘
3374 3779 3543 3846 parti-

1948 3848 2069 3912 bus,
2103 3837 2425 3903 credulitate
2448 3837 2707 3903 nimirum
2732 3864 2783 3904 et
2814 3837 3059 3903 doctrina
3085 3851 3101 3910 .’
3133 3850 3207 3903 illi
3236 3837 3393 3912 unam
3427 3857 3547 3901 tan-

1922 3984 1925 3995 Α
1952 3930 2086 3995 tum,
2122 3936 2183 3972 ac
2216 3920 2441 3995 proinde
2468 3919 2748 3995 dimidiam
2784 3920 2941 3975 fidem
2987 3920 3310 3983 habuerint,
3338 3921 3542 3995 quippe

1950 3994 2038 4059 qui
2068 4007 2130 4061 ex
2156 3989 2637 4061 solacredulitate',
2672 4004 2778 4043 non
2808 4005 2935 4061 vero
2966 4007 3032 4047 ex
3065 3999 3390 4045 tractatuum
3413 4032 3427 4057 ,
3450 3991 3564 4055 qui

1950 4058 2016 4113 ait
2044 4058 2240 4114 ii~dein
2261 4058 2477 4113 Arionis
2504 4070 2688 4131 postea
2720 4060 2906 4129 scripti
2947 4071 3104 4123 sunt,
3139 4062 3383 4117 doctrina
3425 4076 3544 4114 cre-

1949 4132 2223 4185 diderunt.
2261 4130 2315 4184 Id
2349 4142 2676 4202 autentperi
2704 4132 2935 4185 ironiam
2980 4132 3181 4187 dictum
3224 4142 3309 4189 e>t
3335 4175 3349 4197 ,
3380 4149 3542 4202 quam

1949 4204 2049 4256 alia
2081 4204 2307 4266 ratione,
2346 4217 2446 4256 nec
2473 4200 2628 4256 valde
2650 4201 2896 4256 dissimili
2932 4205 3196 4258 sententia
3226 4205 3277 4257 in
3321 4200 3541 4259 eosdem

1950 4273 2217 4327 convertit
2247 4271 2599 4345 Athanasius,
2630 4272 2682 4345 in
2719 4273 2753 4327 Ι.
2797 4274 2860 4328 de
2898 4272 3128 4345 Synodis
3156 4274 3269 4329 nui»
3296 4292 3310 4331 :
3340 4274 3490 4345 Quod
3510 4274 3553 4328 si

1951 4360 2013 4415 ea:
2037 4344 2245 4396 illorum
2325 4344 2689 4415 Arianorum)
2721 4360 2871 4399 sensu
2917 4341 2960 4397 α’
2993 4348 3227 4415 prtzsenti
3277 4344 3549 4405 consulatu

1950 4414 2092 4487 (quo
2125 4414 2346 4487 signata
2364 4414 2531 4469 fuerat
2558 4416 2931 4487 Arimineusis
2959 4414 3223 4487 furtnola)
3253 4418 3382 4486 ﬁdes
3402 4415 3573 4469 lmbct‘

1950 4484 2151 4557 initium
2176 4525 2190 4548 ,
2224 4484 2357 4557 quid
2398 4486 2567 4539 acturi
2605 4485 2785 4557 Patres
2825 4497 2945 4541 sunt
3001 4499 3045 4541 et
3091 4484 3221 4542 beati
3253 4484 3504 4557 ntat‘tgres
3528 4486 3554 4538 ?

240 4553 373 4633 bus,
404 4574 550 4633 pag.
574 4574 581 4577 '
602 4558 737 4633 29.8,
794 4559 889 4633 ubi
915 4553 1063 4633 alios
1112 4570 1298 4633 omnes
1350 4556 1683 4633 patriarchas
1732 4564 1851 4633 post
1877 4563 1931 4621 1)
1960 4554 2125 4633 lmmo
2147 4553 2377 4633 quidjlli
2403 4558 2502 4628 ipsi
2528 4556 2727 4633 facient
2751 4575 2873 4633 erga
2894 4575 2989 4633 eos.
3025 4561 3113 4627 qui
3153 4578 3188 4633 ar
3222 4575 3275 4612 se
3296 4560 3347 4611 in
3371 4553 3552 4633 Claris-

238 4624 525 4686 Abraltaui
572 4630 812 4689 eamdem
863 4626 1026 4681 Iidem
1064 4627 1295 4679 eoluissc
1344 4627 1526 4678 statuit
1574 4644 1586 4678 :
1624 4624 1683 4677 Si
1713 4628 1846 4678 enim

239 4718 351 4755 non
382 4703 456 4753 ita
503 4698 815 4752 crediderint
846 4698 1078 4768 Apostoli
1099 4736 1113 4761 ,
1141 4707 1211 4768 ut
1234 4695 1565 4768 crediderunt
1607 4695 1847 4749 Ptttriur-

239 4776 395 4833 clue;
426 4788 518 4824 cur
546 4768 611 4822 Β.
648 4765 919 4840 Apostolus
948 4765 1211 4840 omnesad
1245 4766 1499 4840 Abraham
1520 4768 1849 4840 comprehen-

242 4842 481 4895 dendam
508 4836 749 4911 provocat
777 4838 973 4911 ﬁdem?
1008 4838 1080 4911 De
1126 4836 1240 4911 hac
1264 4838 1495 4911 Abt-alta:
1526 4836 1641 4911 ﬁde
1656 4847 1848 4911 contra

246 4905 590 4967 Arianorum
631 4905 873 4964 errorem
902 4908 1164 4962 inculcata
1196 4908 1315 4962 vide
1344 4911 1489 4977 plura
1526 4905 1672 4978 apud
1702 4908 1850 4962 ll‘ila-

244 4987 420 5048 rium,
446 4984 539 5036 lib.
576 4997 627 5034 tv
658 4982 725 5035 de
754 4980 973 5044 Triuit.,
1006 4995 1058 5032 n.
1090 4978 1160 5032 27
1192 4988 1240 5032 et
1267 4994 1416 5050 seqq.
1454 4979 1527 5033 De
1549 4980 1734 5033 eadem
1760 4993 1854 5033 au-

245 5064 365 5108 tem
400 5053 641 5107 Omnium
668 5052 938 5123 justorutn
973 5053 1241 5123 Iide_attte
1269 5048 1543 5123 Clit-istum
1594 5050 1851 5123 legendus

244 5124 605 5186 Philastrius,
632 5136 753 5189 cap.
784 5121 887 5176 108
925 5131 980 5177 et
1008 5121 1142 5193 l09,
1176 5128 1337 5192 atque
1375 5121 1728 5193 Augustinus,
1762 5122 1854 5176 lib.

247 5211 386 5250 xvm
415 5195 478 5247 de
505 5193 657 5249 Cioit.
681 5193 788 5245 Dei
810 5235 823 5257 ,
856 5202 973 5262 cap,
1006 5192 1098 5247 47,
1155 5199 1159 5203 ~
1406 5199 1413 5204 -
1476 5192 1479 5193 ν
1554 5204 1557 5208 .

331 5266 449 5337 (Ξὸ)
478 5264 627 5320 Edit.
658 5264 803 5337 Ven.
834 5263 997 5337 habet
1024 5264 1187 5337 magis
1210 5278 1308 5333 pro
1356 5265 1527 5337 major
1548 5307 1562 5329 ,
1606 5270 1857 5335 quantque

249 5334 358 5408 pro
398 5334 614 5407 quisque
643 5334 772 5406 (ubi
815 5351 915 5389 ms.
962 5334 1327 5408 Pompeianus
1369 5334 1558 5408 scribit
1584 5334 1745 5408 (φίας)
1798 5342 1854 5408 et

250 5406 545 5476 promeruit
598 5421 702 5477 pro
840 5407 1121 5476 resumpsit,
1176 5406 1333 5461 sicuti
1378 5407 1522 5474 apud
1581 5406 1727 5460 llier.
1798 5407 1850 5459 in

250 5493 380 5529 can.
426 5492 481 5529 ιιι
527 5483 697 5529 eoist.
728 5421 1001 5529 ad’rGalat.
1023 5516 1038 5529 .
1073 5485 1203 5529 tom.
1233 5491 1335 5529 vn.
1379 5491 1499 5529 [κιρ.
1544 5471 1651 5529 425
1675 5518 1687 5529 .
1717 5476 1849 5529 edit.

248 5471 380 5546 cap.
426 5492 481 5531 nt
527 5471 697 5544 epist.
728 5471 796 5529 ad
827 5471 1038 5541 Galati,
1073 5485 1203 5531 tom.
1233 5491 1335 5546 vn,
1379 5471 1499 5546 pag.
1544 5471 1651 5531 425
1672 5518 1687 5538 ,
1717 5476 1849 5531 edit.

250 5543 595 5624 γένη-[ιεςῦ
623 5560 787 5615 opera
814 5560 1161 5624 supergressus
1186 5586 1201 5610 ,
1227 5543 1396 5624 Dentri
1419 5543 1698 5624 nominem
1716 5588 1731 5612 ,
1764 5548 1854 5600 sed

248 5616 533 5673 dilectione
584 5616 915 5689 promeruit;
968 5630 1068 5683 qua
1096 5629 1227 5689 voce
1280 5616 1470 5689 eodem
1530 5616 1852 5689 fere"'sensu

248 5706 390 5745 usus
416 5685 697 5750 estZéno,
737 5685 813 5738 ιιι»
865 5698 900 5737 ιι
932 5693 1078 5739 tract.
1124 5687 1214 5755 to,
1235 5687 1323 5756 qui
1347 5695 1432 5743 est
1455 5686 1713 5743 tractatus
1744 5688 1853 5758 pri-

1957 4628 2096 4699 tiana
2140 4625 2393 4699 religione
2418 4625 2636 4698 instituti
2668 4638 2784 4687 ante
2810 4625 3327 4699 'hunc'consulatum
3368 4628 3550 4693 obdor—

1950 4698 2211 4750 ntiernnt?
2238 4710 2343 4751 etc.
2818 4740 2825 4753 .
3140 4698 3143 4699 ⁷
3489 4760 3491 4763 ,
3562 4751 3572 4757 .

2028 4766 2144 4837 (58)
2180 4768 2373 4840 Regum
2418 4771 2634 4825 nomine
2668 4772 3044 4841 imperatores,
3080 4772 3310 4833 Zenonis
3331 4778 3546 4840 quoque

1954 4841 2187 4912 sict-nlo,
2234 4849 2459 4912 vocatos
2502 4841 2723 4898 inﬁnitis
2775 4859 2942 4912 prope
2995 4843 3313 4912 testimoniis
3365 4842 3547 4912 liquet.

1952 4906 2090 4981 Vide
2122 4909 2361 4981 libellum
2382 4926 2606 4981 precum
2629 4906 2919 4981 Marcellini
2945 4926 3000 4968 et
3023 4908 3262 4972 Fausﬁni
3281 4913 3349 4979 ad
3372 4906 3553 4967 Theo-

1956 4976 2190 5055 dosinm,
2217 4976 2458 5055 intciferi
2485 4980 2775 5055 Balaritani
2817 4989 2978 5055 opera
3011 4985 3225 5055 passim.
3258 4976 3548 5055 Hilarium,

1959 5051 2026 5106 de
2049 5050 2319 5125 Synodis,
2336 5053 2508 5120 n.,78,
2534 5049 2906 5125 Ambrosium,
2938 5049 3461 5125 ApolnggDavidca
3479 5060 3514 5114 6
3538 5098 3555 5123 ,

1962 5137 2027 5205 η...
2050 5115 2141 5187 26,
2174 5115 2469 5205 sulpicium
2497 5115 2790 5205 Severian,
2823 5115 2913 5183 lib.
2965 5115 3022 5197 ti,
3080 5115 3421 5205 Pbilgstriunt
3451 5169 3466 5189 ,
3500 5115 3556 5179 ci.

1959 5194 2117 5267 alios,
2151 5194 2241 5267 qui
2285 5194 2668 5262 imperatorem
2703 5194 3021 5267 frequenter
3047 5194 3321 5267 appellant
3346 5211 3555 5267 regem;

1959 5265 2032 5347 uti
2062 5262 2242 5347 regina
2267 5268 2475 5347 pariter
2503 5262 2813 5347 pontumue
2839 5266 3045 5336 Justina
3077 5262 3454 5347 Valentiniani
3469 5282 3557 5321 sc-

1958 5336 2369 5395 nioris‘uxoriu
2403 5337 2669 5392 Ambrosii
2708 5338 2823 5391 Vita
2850 5379 2863 5401 ,
2898 5353 3044 5390 num.
3079 5337 3141 5392 ll
3168 5378 3183 5401 ,
3218 5354 3377 5407 quam
3421 5340 3560 5394 Pan-

1961 5407 2098 5461 linus
2143 5411 2210 5461 ad
2242 5408 2597 5477 Augustinum
2631 5408 2872 5477 scripsit,
2905 5415 2961 5475 et
3000 5408 3122 5463 alia:
3163 5411 3290 5466 item
3331 5412 3559 5464 aliorum

1963 5476 2347 5551 imperatorum
2382 5476 3076 5551 uxoresreginwdicnntur
3098 5479 3475 5550 aLatnpridin
3504 5481 3560 5535 in
3622 5548 3625 5551 γ

1962 5546 2271 5620 Alexandro
2290 5546 2524 5620 Severo,
2545 5550 2612 5620 ab
2641 5546 2931 5620 Ammiano
2958 5546 3362 5620 Marcellinofl.
3391 5568 3480 5605 xtv
3507 5558 3562 5604 et

1964 5636 2054 5687 xv,
2085 5630 2187 5676 etc.
2218 5618 2477 5673 Similiter
2503 5633 2534 5671 a
2562 5618 2766 5674 Graecis
2791 5617 3043 5676 Patribus
3067 5617 3261 5676 nomen
3292 5622 3567 5685 Βασιλεὺς,

1966 5690 2109 5762 quod
2134 5704 2225 5744 res:
2253 5688 2421 5744 latine
2472 5689 2753 5759 redditur,
2792 5691 3097 5763 saepissime
3144 5693 3211 5749 ab
3264 5691 3421 5760 hujus
3464 5692 3571 5745 aevi
