3820 6220
201 276 295 330 273

1416 276 1616 331 LIBER
1659 276 1699 331 l.
1743 278 2157 338 TRACTATUS
2193 283 2256 338 ll.

3354 244 3459 340 5m

201 410 255 448 ac
287 393 407 449 lides
444 403 656 465 tempus
690 394 921 460 habent;
969 390 1206 447 cliaritas
1236 401 1417 449 autent
1457 394 1616 448 linem
1658 408 1762 448 non
1793 398 1847 459 Α
1870 409 2031 452 sensu
2061 384 2313 469 magistra
2344 377 2635 457 dilectione
2675 402 2937 468 converti,
2972 411 3028 457 ut
3053 401 3228 473 quivis
3259 401 3455 457 intelli-

201 486 344 542 habet
365 488 411 558 (ι
430 485 546 542 Cor.
573 504 669 542 xm
688 489 737 557 ’),
767 487 1050 540 momentis
1073 487 1324 540 omnibus
1347 487 1564 549 crescit,
1592 502 1763 557 quan-

200 589 344 650 toque
367 581 432 635 ab
460 580 902 649 ett-diligentibus
936 578 1161 633 invicem
1195 578 1452 645 creditur,
1497 588 1644 633 tanto
1686 580 1772 633 in—

199 673 352 727 vicem
381 673 494 742 plus
520 673 766 728 debetur.
812 669 925 726 Non
953 685 1276 740 quemquam
1300 686 1396 740 pro
1428 686 1656 740 persona
1685 671 1766 726 di-

197 762 318 833 ligit,
349 764 547 818 adulari
575 762 702 832 quia
738 763 946 827 nescit;
978 776 1084 816 non
1115 777 1211 832 pro
1241 764 1466 825 honore,
1498 764 1617 832 quia
1649 779 1765 816 am-

198 855 371 910 bitiosa
399 852 505 910 non
527 863 640 920 est;
673 869 779 908 non
811 868 908 924 pro
935 869 1092 917 sexu,
1124 847 1376 924 quoniam
1403 855 1487 908 illi
1512 869 1666 918 unus
1687 864 1770 909 est

196 947 368 1012 ambo;
410 963 515 1002 non
549 962 644 1016 pro
688 956 952 1016 tempore,
999 949 1122 1017 quia
1163 952 1309 1001 varia
1350 963 1453 1003 non
1495 959 1616 1012 est;
1662 962 1768 1002 non

198 1039 484 1103 :emulatur,
529 1037 653 1107 quia
683 1037 879 1092 invidia
913 1037 1040 1107 quid
1083 1039 1171 1103 sit,
1208 1040 1442 1108 ignorat;
1475 1054 1579 1094 non
1614 1038 1768 1093 iolla-

195 1139 301 1194 tur,
349 1131 467 1198 quia
518 1128 876 1195 ltumilitatem
923 1131 1088 1195 colit;
1134 1146 1240 1186 non
1282 1133 1480 1186 malum
1530 1133 1764 1201 cogitat,

195 1221 303 1292 quia
332 1223 553 1292 simplex
595 1234 711 1289 est;
745 1240 850 1280 non
889 1225 1166 1290 irascitur,
1197 1227 1318 1296 quia
1350 1225 1514 1281 etiam
1547 1225 1771 1294 injurias

190 1316 402 1372 libenter
434 1299 836 1387 'ampleCtitur;
887 1334 994 1372 non
1047 1318 1216 1384 l‘allit,
1264 1320 1386 1389 quia
1443 1318 1603 1372 [idem
1657 1317 1772 1387 ipsa

189 1408 439 1474 custodit;
483 1424 591 1467 non
634 1404 743 1465 ulla
783 1426 844 1467 re
893 1412 1116 1482 indiget,
1144 1405 1273 1482 'quia
1312 1413 1363 1468 ei
1407 1423 1605 1482 praeter
1629 1411 1773 1481 quod

187 1510 284 1565 est,
327 1501 454 1556 nihil
486 1511 572 1558 est
611 1503 1172 1558 necessuiunn'ch
1212 1520 1355 1570 rura,
1391 1504 1551 1559 urbes
1581 1519 1644 1558 ac
1674 1517 1770 1571 po-

187 1584 346 1659 pulos,
372 1593 484 1664 (22)
527 1595 825 1664 composita
869 1597 978 1679 23
1009 1597 1260 1666 paciSque
1301 1608 1607 1652 conservat.
1648 1597 1775 1652 Htec

186 1683 313 1739 circa
338 1700 517 1757 regum
549 1687 714 1742 latera
756 1702 978 1745 securos
1029 1689 1237 1760 gladios
1281 1687 1400 1762 (“25)
1453 1689 1775 1745 facituﬂtnc

1866 498 1976 559 gat,
2011 491 2115 546 hoc
2141 493 2254 548 ﬁeri
2285 486 2389 549 non
2410 491 2568 564 posse
2593 496 2711 552 sine
2738 497 2998 576 naturalis
3025 495 3279 552 amicitia:
3303 495 3460 551 disci-

1867 583 2047 652 plina?
2075 587 2212 652 Quid
2229 581 2420 648 autem
2455 604 2551 657 pro
2581 605 2640 645 se
2687 577 2755 644 in‘
2791 580 3205 646 necessitatibus
3243 599 3458 661 gerant,

1871 676 2119 731 omnibus
2151 687 2279 731 nota
2306 695 2589 747 porcorum
2606 680 2913 750 quotidiana
2934 681 3323 753 propemodum
3349 691 3455 736 tam

1867 769 2089 837 jucundi
2121 773 2433 826 certaminis
2477 774 2723 842 exempla
2755 773 3026 835 declarant
3057 791 3070 830 :
3101 777 3236 851 quia
3264 774 3458 846 aliquis

1872 876 2056 916 eorum
2072 876 2192 915 cum
2215 861 2347 916 forte
2361 863 2427 917 de
2450 878 2675 917 numero
2698 865 2912 919 audacis
2932 866 3041 934 lupi
3061 866 3207 921 rabie
3223 858 3355 937 ’(28)
3375 880 3462 921 ro-

1874 962 2034 1020 tatus,
2053 954 2103 1008 in
2127 965 2367 1024 przesens
2386 955 2678 1023 periculum
2705 953 2812 1026 24
2836 956 3061 1026 cmperit'
3094 954 3206 1030 (29)
3233 954 3461 1012 infesta-
3488 997 3497 1006 .

1876 1046 2110 1101 tionibus
2135 1049 2426 1118 tyrannicis
2455 1048 2598 1113 duci,
2629 1061 2817 1103 omnes
2843 1049 3452 1128 repenteconcelerant;

1876 1138 2143 1194 laboranti
2173 1140 2526 1206 subveniunt;
2553 1155 2688 1209 pene
2713 1141 2878 1195 armis
2897 1141 3025 1209 ipsis
3056 1141 3254 1197 inimici
3287 1152 3464 1196 certa-

1877 1232 1972 1284 tim
2000 1246 2060 1285 se
2088 1228 2200 1302 (30)
2233 1234 2425 1284 crebro
2451 1231 2759 1299 subjiciunt;
2782 1231 2980 1301 ingenti
3005 1231 3212 1302 fragore
3231 1231 3466 1287 confud-

1877 1321 2044 1384 duut;
2077 1322 2414 1392 exsertisque
2445 1322 2792 1377 mucronibus
2819 1322 3069 1388 sordidis,
3107 1324 3251 1376 velut
3289 1333 3463 1378 testu-

1878 1415 2003 1470 dine
2026 1415 2256 1484 qttadam
2285 1418 2576 1480 resistunt;
2610 1413 2934 1486 vincuntque
2949 1414 3156 1480 facilius
3183 1416 3467 1481 charitate,

1879 1507 2021 1577 quod
2055 1507 2323 1577 sigillatim
2371 1507 2510 1561 nuda
2551 1507 2636 1561 vix
2683 1516 2908 1577 possunt
2951 1521 3209 1578 Superare
3253 1508 3470 1564 virtute.

1881 1599 2160 1654 Elementa
2188 1613 2402 1668 quoque
2426 1598 2560 1669 ipsa,
2593 1599 2808 1663 fratres,
2839 1601 2970 1654 satis
2994 1599 3219 1653 diversa.
3233 1599 3473 1669 satisque

1880 1687 2235 1762 repugnantia
2281 1692 2412 1745 olim
2455 1691 2907 1761 deprehendisset
2955 1691 3224 1758 interitus,
3277 1690 3474 1745 nisi'ea

184 1775 308 1830 bella
338 1779 551 1845 premit,
591 1779 709 1834 lites
741 1779 899 1846 tollit,
941 1781 1062 1851 jura
1098 1793 1342 1855 evacuat,
1377 1781 1488 1838 l'ora
1521 1798 1758 1853 compes-
1877 1786 2104 1842 invicem
2154 1787 2354 1841 mutuis
2403 1786 2806 1867 aequalibusque
2861 1787 3261 1856 temperantia
3288 1785 3473 1841 dotata

183 1871 268 1937 cit,
311 1871 426 1925 odia
478 1870 740 1938 eradicat,
785 1875 901 1929 'i'ras
928 1877 1209 1947 extinguit.
1260 1877 1386 1932 Haec
1416 1893 1563 1932 mare
1605 1893 1767 1948 pene.

185 1974 297 2033 trat,
322 1959 640 2038 (24)orbem
666 1971 878 2037 circuit,
908 1957 1234 2029 commercio
1257 1975 1562 2029 nationibus
1591 1989 1776 2030 neces-

183 2059 320 2134 saria.
346 2060 746 2117 subministrat.
773 2062 1098 2132 Potentiam,
1137 2063 1354 2131 fratres,
1391 2068 1499 2122 cito
1521 2057 1640 2138 ejus
1662 2067 1777 2122 edi-

181 2167 310 2207 cam.
337 2152 608 2226 Quidquid
655 2157 786 2212 locis
825 2167 1012 2212 natura
1042 2161 1312 2229 negaverit
1345 2202 1358 2226 ,
1390 2145 1629 2216 charitas
1658 2159 1774 2232 (25)

180 2245 365 2301 reddit.
397 2247 525 2303 Haec
557 2249 858 2319 conjuga‘lis
897 2240 1123 2306 allectus
1152 2236 1287 2325 duos
1319 2251 1569 2306 homines
1597 2266 1776 2325 sacrae

185 2349 357 2392 mento
379 2341 680 2396 venerabili
706 2358 862 2396 unam
892 2343 1036 2413 cogit
1068 2344 1121 2396 in
1153 2342 1392 2399 carnem.
1442 2343 1566 2398 HiBC
1589 2344 1778 2397 huma-

182 2428 333 2482 nitat'r
369 2441 590 2499 praestat
618 2447 762 2496 esse,
789 2433 932 2502 quod
959 2432 1216 2505 nascitur.
1247 2434 1413 2502 Hujus
1441 2445 1526 2489 est
1554 2450 1769 2500 munus,

176 2520 308 2587 quod
333 2536 456 2574 cara
484 2523 819 2601 uxor,_quod
851 2522 967 2593 (26)
1001 2527 1248 2594 generosi
1275 2525 1450 2590 liberi,
1485 2525 1630 2595 quod
1663 2527 1776 2580 veri

181 2620 316 2664 sitnt'
339 2621 542 2680 patres;
578 2612 747 2684 llujus
772 2625 854 2669 est
881 2631 1095 2682 munus,
1127 2615 1269 2686 quod
1297 2614 1411 2681 alii,
1444 2627 1501 2671 ut
1525 2631 1643 2683 nos,
1677 2625 1779 2671 aut'

179 2702 453 2771 plustjuam
485 2719 609 2770 nos,
643 2692 894 2773 proiimi,
942 2709 1022 2761 vel
1054 2699 1213 2762 amici
1241 2715 1366 2762 sunt
1395 2709 1568 2764 nobis.
1603 2708 1775 2778 Hujus

178 2803 255 2847 est
284 2809 496 2863 tnunus,
550 2795 694 2866 quod
732 2783 1002 2866 diligimus
1028 2814 1236 2866 servos,
1260 2787 1266 2793 ’
1286 2810 1344 2854 ut
1379 2800 1554 2866 ﬁlios;
1585 2817 1648 2857 ac
1676 2817 1777 2858 nos

179 2885 250 2941 illi
275 2887 459 2942 colunt
493 2887 751 2954 libenter,
780 2901 836 2942 ut
864 2890 1130 2946 dominos.
1166 2891 1334 2961 Hujus
1352 2901 1433 2947 est
1463 2905 1676 2955 munus,
1699 2901 1778 2960 ut,

179 2995 277 3032 non
299 2979 473 3035 dicam
503 2981 620 3051 (27)
652 2990 829 3046 notos,
854 2991 946 3035 aut
967 2983 1187 3048 amicos,
1211 2983 1463 3053 sedsaepe
1477 2984 1638 3038 etiam
1656 2985 1772 3049 eos,

177 3087 308 3141 quos
355 3063 655 3144 numquam
700 3074 953 3138 vidimus,
1001 3075 1305 3145 diligamus.
1357 3077 1521 3146 ltujus
1552 3085 1635 3131 est
1664 3091 1783 3152 mu-

1878 1881 2219 1942 muneribus,
2253 1880 2508 1949 perennis
2540 1875 2792 1934 connubii
2833 1878 2978 1932 lideli
3008 1878 3301 1949 propagine
3326 1877 3480 1933 beni-

1875 1989 1976 2044 gna
1999 1972 2556 2042 charitas‘illigasset.-
2577 1968 2719 2025 Nihil
2749 1971 3144 2047 estfprorsus,
3173 1956 3316 2040 quod
3359 1969 3478 2024 sine

1878 2064 1979 2118 hac
2004 2075 2239 2134 gratum,
2268 2063 2385 2116 sine
2412 2049 2514 2117 hac
2538 2061 2842 2131 pacilicum,
2875 2063 3002 2141 sine.
3021 2061 3124 2116 hac
3146 2061 3327 2126 fidele,
3355 2062 3474 2117 sine

1878 2154 1980 2210 hac
2010 2169 2283 2218 securum,
2315 2143 2432 2210 sine
2464 2153 2563 2208 hac
2583 2153 2903 2224 gloriosum,
2927 2153 3044 2208 sine
3071 2152 3173 2206 hac
3201 2152 3314 2207 Deo
3349 2152 3476 2222 jun-

1877 2255 2046 2307 ctum,
2081 2249 2197 2300 sine
2243 2245 2344 2301 hac
2378 2246 2550 2314 possit
2584 2260 2704 2299 esse
2731 2243 3051 2314 perlectum.
3083 2244 3323 2314 Denique
3351 2259 3475 2300 cum

1883 2338 2141 2392 Dominus
2171 2338 2621 2407 interrogaretur,
2647 2335 2792 2407 quod
2833 2345 2979 2391 esset
3019 2351 3289 2400 summum
3338 2336 3474 2406 legis

1880 2445 2050 2485 sacra:
2073 2429 2445 2505 "pratceptum,
2485 2429 2564 2483 sic
2592 2430 2668 2482 ait
2698 2428 2883 2483 dicens
2913 2447 2927 2486 :
2957 2425 3155 2500 Diliges
3200 2428 3477 2482 Dominum

1887 2524 2222 2583 Deum'tuum
2252 2538 2315 2576 ea:
2347 2531 2450 2576 toto
2478 2521 2631 2576 corde
2657 2530 2761 2586 tuo,
2791 2537 2853 2576 ex
2879 2530 2982 2575 tota
3012 2521 3185 2590 anima
3212 2530 3322 2585 tua,
3344 2529 3389 2573 et
3414 2535 3480 2574 ea:

1882 2624 1984 2669 tota
2030 2615 2215 2666 virtute
2263 2623 2374 2666 tua.
2422 2610 2490 2664 Et
2536 2597 2812 2666 secundum
2855 2611 3022 2664 simile
3066 2611 3229 2680 huic:
3282 2609 3478 2681 Diliges

1883 2707 2363 2777 proximum‘tuum,
2386 2714 2645 2773 tamquam
2668 2705 2903 2776 teipsum.
2937 2702 3004 2759 In
3031 2704 3109 2769 Itis
3133 2704 3326 2757 duobus
3357 2687 3474 2777 (31A)

1884 2801 2152 2870 praeceptis
2189 2789 2374 2869 pendet
2403 2800 2566 2852 omnis
2591 2797 2692 2863 lex,
2721 2808 2766 2851 et
2791 2798 3055 2869 propheta:
3088 2798 3106 2867 (
3135 2795 3322 2849 Matth.
3345 2811 3475 2860 χιιι,

1884 2893 1975 2953 57.
2021 2890 2128 2957 39,
2168 2890 2296 2961 40).
2351 2889 2504 2945 Unde
2549 2888 2894 2944 manifestum
2961 2898 3074 2954 est,
3132 2882 3480 2944 dilectionem
3559 2879 3562 2882 ί

1886 2984 2141 3039 virtutum
2173 2983 2415 3038 omnium
2445 2982 2749 3036 divinarum
2781 2997 2903 3037 esse
2941 2982 3297 3037 substantiam
3329 2975 3484 3036 natu-

1889 3080 2165 3148 ralemque
2196 3076 2507 3147 magistram
2534 3094 2547 3143 ;
2581 3075 2927 3146 quoniantex
2960 3077 3075 3145 lege
3104 3074 3354 3140 discitur,
3386 3075 3482 3130 sed

181 3179 295 3229 nus,
342 3170 490 3235 quod
519 3163 989 3236 antiquorutn'aut
1016 3169 1242 3222 virtutes
1270 3182 1338 3222 ex
1368 3168 1537 3235 libris,
1585 3177 1770 3223 aut‘ex
1802 3165 1846 3227 C
1881 3171 1932 3225 in
1965 3171 2234 3225 mentibus
2281 3170 2518 3224 nascitur
2551 3186 2564 3222 :
2598 3169 2684 3223 lex
2713 3171 2856 3224 enim
2886 3169 3082 3239 pendet
3106 3185 3172 3223 ex
3197 3168 3484 3238 charitate,

178 3259 467 3316 virtutibus
497 3262 667 3316 libros
689 3262 1052 3333 agnoscimus.

255 3351 314 3404 γ.
348 3353 458 3409 Sed
507 3353 637 3422 quid
687 3368 818 3423 ergo
857 3350 1060 3408 diutius
1090 3354 1343 3409 demorer
1397 3356 1452 3431 in
1499 3355 1781 3422 humanis,

177 3447 326 3513 quasi
355 3447 479 3502 sola
516 3448 623 3501 isto
649 3445 843 3502 all'cctu
876 3448 986 3501 sint
1017 3447 1283 3517 praedita?
1320 3446 1511 3502 Nonne
1541 3448 1786 3502 videmus

184 3551 340 3594 Omne
386 3539 749 3593 animantium
798 3522 965 3609 genus
1005 3540 1446 3610 congregatione,
1495 3537 1787 3594 concordia

179 3632 360 3687 testari
385 3632 750 3698 charitatetn;
783 3633 1035 3703 atqueita
1071 3646 1262 3688 omnes
1290 3640 1469 3687 motus
1494 3631 1651 3702 quasi
1681 3647 1789 3686 uno

179 3793 265 3849 hic
299 3795 369 3851 de
422 3810 554 3850 vera
580 3804 634 3850 et
669 3794 972 3850 Christiana
999 3796 1259 3851 cbaritate
1287 3813 1466 3853 sermo
1488 3804 1602 3862 est;
1631 3813 1787 3854 secus

178 3868 514 3922 admittenda
550 3877 697 3921 esset
725 3868 1032 3937 Sparaverii
1080 3868 1387 3922 emendatio
1433 3887 1444 3921 :
1481 3867 1637 3922 Fides
1679 3886 1790 3922 om.

179 3940 321 3991 nium
351 3951 448 4002 est,
485 3939 712 3992 Charitas
743 3955 1047 4009 paucorum.
1095 3938 1201 3994 Sed
1229 3938 1351 3994 cum
1381 3942 1503 3994 huic
1529 3940 1789 3999 emenda-

185 4011 312 4063 tioni
353 4012 488 4064 nullt
525 4010 770 4072 Codices,
806 4012 967 4064 nullzc
996 4011 1261 4078 editiones
1291 4011 1677 4081 sull‘ragentur;
1725 4011 1792 4065 de

178 4082 444 4136 charitate
475 4083 584 4136 late
617 4091 827 4149 sumpta
861 4081 944 4135 hic
971 4081 1118 4136 locus
1149 4083 1495 4149 accipiendos
1528 4093 1583 4134 et
1625 4083 1795 4135 inter-

184 4155 486 4222 pretandus
519 4153 763 4206 videtur:
790 4154 856 4207 de
889 4169 994 4219 quo
1028 4155 1176 4222 plura
1207 4153 1421 4207 dissert.
1458 4171 1517 4219 ιι,
1547 4169 1666 4220 cap.
1700 4154 1754 4208 5.

403 4245 481 4300 [tu
509 4262 576 4299 ex
607 4260 735 4299 mss.
764 4245 942 4306 Rem.,
972 4245 1090 4300 vat.
1118 4256 1169 4300 et
1197 4247 1379 4314 Pomp.
1406 4247 1464 4300 ln-
1485 4247 1638 4315 hujus
1667 4261 1792 4316 pos-

183 4329 339 4370 tremi
370 4321 646 4386 margine,
686 4327 739 4371 et
769 4320 818 4371 iu
850 4318 984 4372 Ven.
1015 4320 1143 4372 edit.
1188 4334 1282 4383 pro
1306 4319 1544 4388 pacisque
1572 4317 1797 4371 habetur

177 4405 484 4460 pacesque;
526 4388 581 4441 in
623 4389 780 4449 edit.,,
807 4388 1000 4442 Veron.
1057 4403 1318 4460 paceque;
1349 4390 1400 4441 in
1442 4388 1624 4460 Patav.
1675 4405 1797 4460 parce

182 4458 365 4515 deleto
394 4477 499 4528 que
527 4476 594 4514 ex
622 4460 1038 4521 emendatione,
1059 4458 1142 4512 uti
1172 4469 1418 4527 apparet,
1467 4458 1791 4526 Sparaverii,

178 4531 337 4600 Cujus
397 4533 593 4586 adnot.
645 4531 696 4584 in
746 4530 850 4584 line
881 4530 1201 4583 referentur.
1267 4528 1390 4600 Haec
1439 4529 1596 4582 lectio
1647 4530 1800 4583 nobis

177 4599 402 4674 quoque
450 4603 709 4671 placeret,
751 4601 792 4653 si
818 4604 909 4674 cui
939 4600 1110 4674 codici
1140 4600 1226 4674 vel
1258 4599 1477 4653 editioni
1513 4603 1792 4674 niteretur.
1823 4607 1876 4665 1)

181 4671 249 4728 At
292 4671 426 4728 cum
455 4690 556 4740 que
589 4675 784 4740 ubique
815 4673 1042 4741 legatur,
1075 4672 1358 4724 lectionem
1386 4679 1616 4740 quatuor
1645 4671 1795 4725 codi-

187 4761 312 4798 cum
343 4745 576 4800 cwteris
611 4743 1019 4812 jirprsuimus,
1047 4757 1166 4809 qure
1198 4757 1225 4794 a
1254 4741 1559 4796 Zeuoniann
1585 4743 1794 4812 syntaxi

181 4831 290 4870 non
345 4816 665 4881 discrepat;
720 4828 822 4866 non
857 4827 1126 4878 nunquam
1171 4817 1316 4866 enim
1361 4813 1796 4884 conjunctionem

181 4905 281 4958 que
335 4885 606 4940 secunda:
659 4894 778 4952 post
819 4883 1077 4958 virgulam
1127 4885 1245 4958 voci
1287 4894 1489 4958 auctor
1527 4886 1796 4958 apposuit.

186 4953 498 5028 Composita
523 4966 703 5028 autem
732 4955 873 5025 pacis
904 4969 999 5028 pro
1035 4966 1185 5022 pacta
1214 4956 1265 5008 in
1298 4953 1638 5028 Concilianda
1670 4970 1801 5028 pace

182 5025 505 5094 wlnposita
553 5026 723 5086 dixit,
773 5033 828 5080 et
870 5025 1041 5091 ellipsl
1096 5040 1223 5080 usus
1275 5035 1359 5079 est
1407 5025 1548 5080 illius
1599 5027 1800 5081 simili:

189 5103 394 5153 Amata
415 5104 688 5150 "curarum
732 5097 871 5165 apud
905 5095 1212 5164 Horatium,
1255 5095 1431 5149 abdita
1456 5099 1724 5164 montium,
1753 5106 1809 5152 et

183 5169 293 5224 alia
321 5171 376 5222 id
409 5168 636 5238 generis
670 5169 819 5237 plura
839 5167 978 5238 apud
1002 5167 1343 5234 Lucretium,
1374 5166 1646 5236 Tacitum,
1668 5171 1814 5239 Apu-

189 5242 364 5292 [cium
395 5249 458 5292 et.
488 5239 646 5292 alios.

189 5242 364 5298 leium
395 5249 458 5294 et
488 5241 646 5294 alios.

269 5335 396 5408 (εὖ)
447 5333 609 5408 [fallit
636 5335 690 5408 in
735 5333 1006 5408 plerisque
1029 5333 1306 5408 codicibus
1332 5332 1652 5408 etAeditione
1684 5333 1815 5408 Ven.

189 5403 422 5479 legitur.
459 5405 648 5479 Solum
679 5407 730 5458 in
757 5418 894 5479 mss.
915 5403 1129 5474 Pomp.,
1154 5405 1286 5460 Zen.
1309 5415 1362 5460 et
1391 5405 1443 5460 in
1468 5405 1680 5460 caeteris
1707 5406 1821 5460 edi-

195 5473 272 5541 lii
297 5479 462 5550 facit.
495 5473 641 5550 quad
670 5476 1011 5530 retiuuimns.

268 5572 400 5647 (ει)
434 5571 629 5647 Urbem
655 5584 753 5640 pro
770 5568 938 5644 urbem
966 5569 1103 5647 facili
1130 5572 1286 5647 unius
1313 5571 1513 5647 littera;
1530 5571 1826 5627 mutatione

271 5642 506 5714 ipsum
557 5644 612 5698 in
665 5642 1046 5709 manuscriptis
1098 5651 1154 5696 et
1204 5642 1362 5714 editis
1411 5644 1668 5711 scriptum
1718 5651 1822 5698 est.
1885 5650 1894 5654 ·

345 5715 674 5772 elationem
709 5726 903 5767 sensns
932 5715 1217 5782 persuasit.
1245 5710 1561 5768 Commercio
1589 5714 1828 5769 restitui-

202 5803 338 5845 tnns
365 5801 444 5844 ex
472 5801 610 5844 se.
646 5783 832 5850 Rem.,
867 5784 1077 5854 Pomp.,
1108 5797 1163 5842 et
1202 5784 1331 5842 edit.
1358 5785 1517 5854 Ven.,
1564 5801 1686 5841 cum
1719 5787 1827 5844 alio
1886 5794 1894 5799 '

1887 3277 1990 3317 non
2010 3261 2250 3317 charitas
2266 3261 2465 3330 pendet
2495 3277 2563 3316 ex
2585 3262 2722 3332 lege,
2747 3264 2916 3316 sacra'
2935 3261 3211 3331 Scriptura
3237 3262 3450 3318 dicente
3475 3281 3488 3316 :

1884 3354 2036 3409 Justo
2068 3356 2150 3409 (ea;
2183 3355 2344 3425 posita
2374 3371 2477 3408 non
2524 3363 2616 3419 est,
2651 3354 2741 3408 sed
2771 3356 3026 3422 peccatori
3067 3354 3122 3425 (1
3148 3353 3282 3408 Tim.
3316 3371 3356 3421 ι,
3383 3353 3484 3423 9).

1889 3447 2147 3502 Peccator
2193 3455 2371 3501 autem
2428 3446 2520 3500 ille
2563 3455 2667 3510 est,
2699 3446 2788 3517 qui
2821 3445 3138 3500 charitatem
3168 3463 3272 3501 non
3324 3446 3486 3501 habet

1891 3539 2016 3594 Dei:
2036 3554 2098 3593 ac
2118 3554 2213 3608 per
2236 3540 2337 3592 hoc
2364 3537 2481 3611 (32)
2504 3539 2748 3607 operanti
2771 3540 3073 3594 iram-recte
3093 3541 3334 3610 subjacet
3356 3540 3480 3610 legi.

1895 3633 2054 3702 Atqui
2099 3629 2240 3686 forte
2283 3630 2478 3701 aliquis
2523 3630 2688 3700 dicat,
2722 3631 2808 3686 lex
2855 3632 3158 3702 spernenda
3198 3641 3310 3700 est,
3357 3633 3486 3722 quia

1895 3813 2056 3871 sensu
2088 3798 2360 3871 legeretur
2387 3797 2466 3871 sic
2498 3813 2510 3850 :
2536 3796 2713 3871 urbem
2736 3797 2915 3851 circuit
2940 3812 2959 3851 :
2985 3797 3294 3852 commercia
3314 3798 3487 3852 natio-

1897 3868 2042 3921 nibus
2071 3869 2354 3921 necessaria
2382 3868 2745 3920 subministrat.
3229 3881 3235 3889 ‘

1969 3938 2082 4008 (25)
2125 3939 2309 3992 Reddit
2341 3953 2434 4004 pro
2460 3938 2579 4001 dat;
2627 3953 2746 3991 nam
2789 3946 2844 3990 ut
2871 3945 3021 3992 notat
3047 3936 3237 3994 Celsus
3260 3937 3310 3994 J.
3339 3936 3401 3994 C.
3427 3940 3491 3993 de

1897 4011 2160 4065 verborum
2185 4009 2580 4080 signiﬁcatione,
2606 4009 2664 4062 L.
2691 4010 2894 4063 verbum
2915 4011 2950 4062 Ι.
2975 4025 3046 4063 xx
3071 4008 3491 4080 Dig.,Reddendi

1899 4081 2104 4134 verbum
2131 4095 2436 4148 quamquam
2462 4078 2884 4147 signiﬁcationem
2910 4080 3058 4150 habet
3095 4078 3251 4150 retro
3283 4081 3446 4136 dandi
3470 4098 3488 4145 ;

1901 4153 2083 4218 accipit
2111 4161 2277 4203 tamen
2301 4160 2348 4203 et
2377 4166 2465 4214 per
2503 4166 2556 4202 se
2596 4151 2753 4216 dandi
2774 4148 3225 4220 signiﬁcationem.
3254 4151 3344 4208 Sic
3373 4153 3492 4205 red-

1904 4224 2019 4275 dere
2042 4223 2328 4288 epistolam,
2354 4222 2435 4285 ius
2467 4221 2676 4274 reddere
2707 4237 2802 4290 pro
2828 4224 2951 4276 dare
2977 4225 3174 4291 Saepius
3201 4221 3340 4291 apud
3363 4238 3492 4292 pro-

1901 4294 2056 4348 batos
2081 4304 2326 4346 auctores
2350 4293 2612 4345 invenies.
2632 4292 2964 4362 Quamquam
2992 4310 3112 4347 cum
3141 4293 3209 4348 de
3227 4309 3493 4348 commer-

1903 4368 1987 4418 cio
2040 4364 2123 4417 hic
2159 4377 2336 4417 sermo
2378 4365 2476 4426 sit;
2508 4362 2668 4416 reddo
2695 4366 2884 4418 ’stricte
2927 4365 3092 4432 accipi
3123 4364 3325 4435 potuit,
3358 4381 3492 4435 qua-

1906 4445 2059 4490 tenus
2089 4449 2182 4500 per
2210 4435 2591 4488 commercium
2635 4436 3312 4501 commutatis'mercibus,
3346 4435 3492 4490 aliud

1909 4521 2003 4575 pro
2032 4505 2157 4562 alio.
2187 4505 2326 4573 quod
2358 4507 2642 4572 accipitur,
2670 4505 2935 4560 redditur.
2984 4539 2991 4546 ς

1983 4575 2101 4647 (26)
2145 4575 2404 4647 (ἔειπενοεὶ
2440 4575 2542 4630 hoc
2561 4576 2680 4630 loco
2713 4576 2964 4631 dicuntur
2982 4591 3085 4631 non
3113 4576 3406 4645 degeneres
3434 4577 3500 4631 li-

1904 4648 2038 4706 beri,
2069 4648 2157 4716 qui
2184 4657 2328 4701 recte
2362 4646 2514 4702 laetis
2541 4649 2859 4716 sui‘generis
2884 4649 3048 4702 decus
3069 4657 3306 4710 tuentur,
3331 4648 3494 4716 idque

1901 4718 2233 4794 potissitttutrt
2267 4719 2528 4794 clt:t_rttate
2561 4727 2868 4794 praestatur,
2897 4720 3297 4794 quatenusth
3311 4719 3497 4794 adge-

1901 4791 2045 4844 neris
2069 4790 2307 4858 ejmdettt
2337 4789 2502 4843 decus
2531 4789 2952 4844 conservandum
2980 4790 3139 4859 .ipsos
3166 4790 3408 4858 impellit.

1978 4860 2093 4931 (‘27)
2136 4861 2190 4914 lo
2227 4875 2360 4914 mss.‘
2389 4861 2542 4914 Rem.
2577 4870 2631 4914 et
2660 4860 2788 4916 Urb.
2820 4863 3050 4928 iqnotos,
3098 4870 3189 4931 aut
3220 4862 3449 4913 inimicos
3479 4875 3497 4913 :

1903 4930 2104 5002 ignotos
2133 4933 2294 4986 etiam
2326 4931 2520 5001 legitur
2545 4932 2596 4986 in
2616 4933 2801 4987 codice
2820 4932 3034 5001 Pomp.,
3059 4930 3152 4985 sed
3185 4931 3352 4997 male;
3378 4946 3502 4985 nam

1906 5006 2064 5070 ignoti
2094 5003 2339 5070 sequenti
2378 5017 2536 5056 versu
2566 5005 3113 5073 comprehenduntur.
3160 5002 3324 5073 Paulo
3371 5011 3504 5073 post

1914 5073 2278 5144 prodentorer,
2299 5075 2351 5127 in
2373 5075 2612 5144 margine
2633 5072 2735 5129 ms.
2762 5074 2945 5144 Pomp.
2972 5083 3026 5129 et
3043 5073 3181 5127 Edit.
3208 5072 3344 5128 Ven.
3368 5072 3502 5143 legi—

1918 5156 2002 5200 tur
2019 5146 2296 5211 demoror,
2324 5154 2378 5200 et
2404 5155 2524 5198 sunt
2549 5160 2647 5211 pro
2677 5148 2798 5199 sint.
3093 5155 3095 5158 ·
3221 5192 3234 5210 ,

1991 5215 2107 5286 (28)
2151 5217 2275 5271 Mss.
2312 5216 2429 5270 Vat.
2458 5224 2514 5270 et
2542 5214 2671 5272 Urb.
2703 5217 2966 5270 denotatus
2988 5214 3187 5286 :rZen.,
3216 5214 3405 5283 Pomp.
3452 5225 3511 5270 et

1923 5285 2381 5356 Spar.’deaoratus
2404 5305 2422 5342 :
2450 5287 2579 5343 Tol.
2615 5288 2903 5352 denotatur,
2935 5285 3024 5356 qui
3068 5302 3192 5340 mox
3216 5302 3333 5340 cum
3361 5289 3515 5354 coepit

1963 5374 2024 5414 ro
2052 5360 2276 5414 creuerit.

1925 5376 2024 5430 pro
2052 5376 2276 5428 coeperit.

2002 5429 2118 5502 (29)
2136 5430 2162 5483 Ι
2170 5431 2406 5502 nfestatio
2419 5438 2502 5485 est
2517 5429 2656 5494 apud
2674 5427 3065 5502 Tertullianum
3087 5428 3312 5502 Apolog.
3330 5430 3485 5498 cap.l
3501 5469 3515 5482 .

2031 5439 2095 5486 '29
2136 5439 2406 5502 lnfetlatio
2419 5439 2502 5485 est
2517 5439 2656 5494 apud
2674 5439 3065 5483 'l'ertulltanum
3087 5439 3312 5498 Apelog.
3330 5439 3485 5498 cap.1
3501 5469 3515 5482 .

2031 5439 2122 5575 30)
2165 5503 2303 5558 Edit'.
2358 5501 2492 5556 Ven.
2519 5510 2574 5555 et
2597 5515 2698 5555 ms.
2725 5498 2916 5569 Pomp.
2950 5501 3004 5553 in
3046 5500 3293 5569 tnargine
3325 5502 3527 5556 habent

1933 5575 2155 5629 cerebro.
2975 5577 2997 5586 "

2011 5646 2128 5715 (51)
2144 5645 2199 5700 In
2217 5643 2375 5700 editis
2395 5651 2450 5697 et
2466 5639 2829 5715 in_Pomp.ms.
2851 5641 3385 5715 mgginemandatis;
3401 5649 3455 5695 at
3474 5642 3535 5699 in

1938 5710 2084 5774 textu
2111 5710 2212 5771 nec
2234 5729 2337 5770 non
2362 5715 2414 5768 in
2439 5712 2713 5767 codicibus
2733 5710 3226 5779 Rem.,Tol.,Zen.,
3244 5718 3534 5784 praceptis.

2012 5787 2125 5857 (52)
2152 5787 2207 5842 In
2239 5786 2369 5842 edit.
2397 5785 2578 5841 Patav.
2605 5784 2960 5856 operam,'sed
2987 5799 3270 5856 perperam
3296 5802 3310 5840 :
3333 5792 3544 5856 specta~
