3820 6220
284 190 390 250 97-3

1636 175 1882 259 sanari
1909 141 2202 236 nummis
2507 217 2512 223 .
3479 166 3587 223 ere

281 307 428 376 justo
455 291 757 359 necessaria
786 313 893 354 non
927 305 1031 364 est,
1064 295 1331 365 peccaturi
1355 306 1485 349 vero
1514 293 1741 346 molesta
1762 300 1865 346 est.
1901 295 1946 355 Α
1979 307 2120 357 mus,
2145 290 2269 364 quia
2314 287 2449 342 facta
2481 287 2924 352 commutatione,
2957 284 3100 355 quod
3129 284 3244 353 ejus
3266 295 3368 348 cst,
3405 285 3466 336 lit.
3490 298 3588 353 pro

289 375 464 460 Absit,
495 397 686 448 fratres
716 411 728 446 :
787 391 894 446 imo
923 390 1098 460 potius
1137 386 1445 443 veneranda
1473 375 1586 451 est,
1628 385 1750 456 quia
1779 399 1875 439 ve-

289 487 466 542 ritatis
493 482 768 555 speculum
792 522 808 548 ,
839 481 962 552 quia
992 479 1162 550 rigida
1191 481 1435 550 quaedam
1466 475 1771 530 dilectionis
1793 483 1877 530 est

288 581 458 637 forma
501 596 513 633 :
545 575 801 648 quidquid
838 575 985 631 enim
1023 589 1053 628 a
1082 574 1227 644 justo
1256 572 1463 638 didicit,
1495 570 1545 625 id
1575 569 1752 626 facere
1797 571 1877 623 in-

290 674 492 743 justam
518 686 730 742 quoque
759 666 1036 738 compellit
1054 685 1072 737 _:
1106 665 1224 738 (‘55)
1253 663 1446 737 bifarie
1473 662 1689 734 inclyta,
1711 677 1877 717 unum

289 764 658 842 glorilicando,
689 761 850 816 alium
874 758 1216 830 corrigendo.
1424 749 1428 754 ’

335 872 340 878 ’
366 855 453 917 Vl.
471 854 832 926 Constatergn
845 868 1003 912 omne
1019 848 1436 911 Christianitatis
1450 848 1620 918 magis
1639 844 1879 901 in'chari-

296 960 424 1016 tate,
451 964 608 1020 quam
634 950 686 1002 in
712 963 829 1018 spe,
859 947 945 1003 vel
969 945 1072 1002 nde
1093 960 1212 1002 esse
1233 941 1530 1012 depositum
1557 959 1571 994 :
1605 941 1742 995 sicut
1769 939 1881 995 evi-

290 1044 422 1099 dens
436 1049 662 1097 testatur
681 1022 1006 1111 exemplum.
1026 1036 1191 1094 Judas
1214 1037 1317 1111 25
1339 1032 1453 1107 (54)
1473 1032 1752 1088 Iscariotes
1775 1041 1884 1088 tra-

286 1136 428 1193 ditor
451 1133 678 1202 Domini,
706 1143 759 1190 et
784 1149 932 1202 spem
953 1140 1006 1188 et
1032 1128 1442 1200 lidemperdidit
1466 1144 1478 1180 :
1504 1126 1626 1196 quia
1647 1124 1883 1179 charitas

303 1247 336 1283 n
363 1229 476 1298 ipso
507 1242 611 1281 non
645 1227 837 1283 mansit
867 1244 886 1298 εν
915 1239 1035 1280 nam
1068 1232 1124 1278 et
1153 1221 1385 1275 haereses
1415 1224 1468 1274 et
1497 1216 1782 1274 schismata
1806 1215 1884 1269 sic

286 1297 739 1386 disseminantur,
763 1297 886 1374 cum
926 1313 1104 1371 inﬂata
1139 1313 1274 1377 ﬁdes
1303 1327 1365 1366 ac
1400 1325 1546 1387 Spes,
1577 1307 1883 1364 dilectionis

292 1431 320 1468 a
355 1413 704 1469 fundamento
743 1411 1030 1465 velluntur.
1065 1397 1205 1473 Quid
1234 1414 1430 1460 'autem
1462 1404 1578 1458 sine
1622 1402 1885 1458 charitate

287 1508 396 1564 sint
425 1521 531 1562 non
563 1512 766 1560 tantum
797 1503 935 1566 istae,
966 1501 1057 1558 sed
1086 1510 1137 1555 et
1162 1500 1280 1554 alia:
1307 1510 1517 1574 quoque
1545 1494 1888 1561 virtutes,in-

289 1600 409 1655 dice
432 1598 594 1653 Paulo
623 1597 930 1667 cognoscite
961 1612 972 1646 :
1031 1591 1094 1645 Et
1123 1593 1162 1646 si
1189 1590 1428 1656 habuero,
1460 1586 1652 1658 inquit,
1688 1601 1887 1639 omnem

1980 385 2221 456 partibus
2255 383 2369 453 (‘57)
2401 379 2882 451 nostris.Sequens
2908 388 3010 442 est,
3031 385 3089 432 ut
3118 378 3280 432 etiam
3314 378 3588 456 proximos

1979 454 2054 532 eoi
2095 474 2304 540 atTeCtu,
2360 490 2466 544 quo
2520 489 2618 527 nos
2669 473 2814 542 ipsos
2861 470 3134 540 diligimus
3167 510 3183 537 ,
3239 454 3527 538 diligamus
3569 485 3584 520 :

1981 569 2213 626 maxime
2240 583 2360 622 cum
2384 567 2721 637 cognationis
2753 567 2864 636 ipsa
2895 564 2996 618 hoc
3028 564 3245 633 exigant
3265 561 3386 632 jura
3421 578 3434 613 :
3478 561 3589 614 cla-

1981 673 2093 718 mat
2111 662 2252 717 enim
2279 660 2537 730 propheta
2568 677 2581 713 :
2611 656 2752 713 Deus
2779 673 2914 713 unus
2939 657 3125 712 creavit
3154 671 3260 709 vos.
3292 654 3481 708 Nonne
3499 672 3591 723 pa-

1982 764 2059 810 ter
2083 771 2217 808 unus
2246 762 2318 806 est
2348 751 2571 806 omnium
2600 759 2822 806 vestrum
2853 750 2868 817 (
2899 748 3031 804 Mal.
3069 765 3128 813 ll,
3163 747 3310 818 l0)?
3338 748 3592 818 Quisquis

1985 847 2146 917 igitur
2175 843 2470 901 nobilitatis
2492 841 3025 901 su:n.con$cientiam
3045 839 3262 906 retinet,
3288 837 3462 909 diligit
3483 839 3592 892 ira-

1984 949 2119 996 trem
2144 956 2158 992 z
2191 953 2288 996 nec
2311 937 2508 1012 aliquid
2522 937 2707 992 audire
2730 934 2846 1007 (38)
2868 943 3146 1006 exspectat
3165 950 3230 989 ex
3260 934 3399 1004 lege,
3418 948 3485 989 ne
3508 933 3595 987 ad.

1987 1029 2301 1109 monitione,
2336 1029 2516 1099 pietati
2536 1028 2736 1098 aliquid
2766 1028 3058 1098 derogetur
3080 1043 3092 1082 :
3118 1034 3433 1095 tantumque
3453 1042 3514 1081 se
3540 1028 3592 1080 in

1986 1126 2103 1188 ipso
2131 1133 2295 1189 amat,
2336 1134 2392 1179 ut
2419 1123 2593 1178 oderit
2618 1138 2678 1178 se
2726 1121 2842 1176 sine
2870 1122 3006 1190 ipso.
3057 1121 3285 1177 Accedit
3312 1121 3378 1176 ad
3405 1137 3594 1176 cumu-

1987 1217 2119 1283 lum,
2149 1216 2290 1293 quod
2322 1215 2443 1270 ideo
2473 1214 2614 1270 Deus
2640 1213 2909 1268 hominem
2939 1211 3005 1268 ad
3050 1213 3339 1283 imaginem
3367 1221 3423 1269 et
3445 1213 3596 1269 simi-

1989 1312 2268 1372 litudinem
2301 1318 2453 1367 suam
2485 1309 2628 1377 fecit,
2657 1320 2713 1364 ut
2741 1307 3204 1379 contemplatione
3227 1307 3474 1378 imaginis
3501 1321 3597 1375 pa-

1990 1417 2228 1468 teremur
2245 1404 2600 1461 reverentiam
2622 1403 2893 1468 veritatis;
2921 1402 2972 1456 in
2988 1415 3158 1471 eaque
3173 1416 3260 1456 res
3283 1400 3598 1456 conditione

1990 1499 2208 1555 dimissa
2231 1509 2332 1563 est,
2359 1497 2473 1554 utsi
2492 1497 2620 1568 quid
2639 1495 2785 1566 mali,
2815 1494 2924 1567 26
2941 1495 3020 1549 vel
3045 1493 3171 1550 boni
3191 1492 3438 1567 cuiquam
3455 1491 3599 1547 fece-

1992 1595 2181 1659 rimus,
2214 1591 2323 1650 Deo
2341 1589 2532 1646 fecisse
2550 1587 2856 1652 videamur;
2883 1595 3100 1656 propter
3117 1584 3260 1656 quod
3285 1600 3390 1639 non
3409 1584 3596 1638 imme-

293 1686 446 1762 ﬁdem
472 1693 545 1745 ita
573 1700 626 1744 ut
658 1698 849 1744 montes
875 1685 1197 1756 transferam,
1226 1682 1634 1744 charitalemnon
1655 1680 1887 1742 habeam.
1920 1689 1972 1756 Β,
1997 1687 2099 1740 rite
2126 1683 2360 1740 Joannes
2400 1681 2683 1757 peculiaris
2724 1693 3043 1741 arcanorum
3075 1678 3287 1733 Domini
3316 1677 3600 1733 consultor

293 1785 426 1840 nihil
459 1801 591 1839 sunt.
642 1782 711 1836 Et
752 1783 876 1836 siin
903 1779 1039 1839 cibos
1073 1791 1351 1849 pauperum
1381 1774 1684 1830 distribuere
1715 1773 1888 1826 omnia

295 1894 425 1943 mea,
455 1887 502 1938 et
528 1877 573 1931 si
602 1875 860 1930 tradidero
893 1889 1076 1940 corpus
1106 1885 1294 1932 meum,
1329 1876 1385 1921 ut
1404 1867 1634 1928 ardeam,
1666 1863 1888 1917 charita—

295 1982 392 2025 tem
422 1971 592 2026 autem
622 1986 724 2023 non
754 1969 987 2031 habeam,
1021 1965 1151 2018 nihil
1179 1962 1391 2035 proficio
1421 1960 1468 2031 (ι
1494 1957 1617 2014 Cor.
1646 1974 1684 2023 ι,
1721 1958 1777 2021 2,
1807 1957 1883 2027 5).

296 2063 544 2120 Charitas
582 2064 747 2128 enim,
782 2061 996 2124 fratres,
1026 2059 1202 2114 omnia
1245 2055 1433 2125 diligit,
1489 2053 1659 2106 omnia
1706 2051 1887 2115 credit,

292 2159 463 2213 omnia
489 2167 680 2226 sperat,
727 2157 898 2210 omnia
949 2155 1178 2208 sustinet.
1213 2149 1450 2203 Charitas
1485 2161 1770 2217 numquam
1803 2161 1891 2199 ex-

295 2250 418 2303 cidit
451 2246 659 2320 (Ibid.,
704 2249 734 2303 7
763 2258 808 2303 et
855 2245 945 2316 8).
995 2245 1158 2315 lgitur
1188 2255 1295 2296 non
1328 2239 1596 2294 immerito
1630 2237 1892 2291 Dominus

297 2335 435 2402 Deus
467 2342 690 2413 proximi
724 2341 1060 2400 dilectionem
1093 2333 1431 2392 commendat
1463 2349 1475 2385 :
1507 2332 1761 2403 quoniam
1802 2346 1893 2386 so-

300 2436 406 2492 lam
435 2434 552 2505 ('55)
584 2433 858 2504 praesumit
881 2445 1095 2486 servare
1128 2441 1308 2498 posse,
1332 2425 1474 2496 quod
1507 2425 1767 2502 praecipit.

378 2528 489 2586 Vll.
537 2528 883 2590 Primum'est
924 2525 1100 2594 itaque
1131 2520 1437 2575 dilectionis
1476 2515 1736 2582 ofﬁcium,
1786 2517 1898 2573 Deo

299 2627 606 2691 relundere.
634 2621 793 2694 quod
837 2618 944 2674 nati
974 2599 1215 2672 'sumus:
1249 2613 1458 2683 solique
1507 2611 1728 2678 debere,
1754 2609 1899 2680 quod

304 2720 530 2775 vivimus
560 2733 573 2772 :
606 2712 841 2782 nihilque
872 2721 1088 2778 prorsus
1117 2704 1296 2759 cordis
1328 2703 1496 2760 nostri
1531 2701 1582 2757 in
1610 2702 1900 2772 penetrali-

305 2815 406 2870 bus
429 2794 682 2869 retinere,
711 2803 852 2875 quod
886 2801 1000 2872 (56)
1025 2800 1202 2854 alieno
1227 2798 1345 2867 jure
1363 2811 1666 2853 servemus.
1691 2795 1760 2850 Αἰ
1782 2809 1901 2848 cum

305 2911 372 2963 ab
394 2905 582 2962 eodem
611 2900 768 2970 hujus
797 2895 1095 2954 devotionis
1123 2892 1436 2947 invitatione
1464 2889 1781 2952 inhabitari,
1806 2903 1901 2958 seu

301 3013 401 3054 nos
434 2999 483 3050 in
512 2995 628 3063 ipso
659 2991 899 3044 habitare
926 2985 1273 3054 coeperimus,
1306 2984 1443 3036 sicut
1468 2979 1704 3035 Joannes
1731 2979 1898 3033 dicit':

287 3089 445 3145 Deus
471 3087 691 3146 charitas
721 3091 816 3148 est;
841 3081 926 3151 qui
947 3087 1113 3132 manet
1139 3079 1192 3130 in
1213 3077 1479 3141 charitate,
1505 3074 1559 3127 in
1591 3072 1702 3128 Deo
1724 3082 1910 3139 manet,

1992 1784 2304 1843 constanter
2354 1773 2561 1827 edicit‘:
2609 1771 2669 1825 Si
2715 1771 2830 1838 quis
2883 1770 3093 1834 dixerit,
3144 1770 3391 1833 quoniam
3439 1768 3601 1838 diligo

1995 1865 2177 1932 Deum,
2209 1877 2254 1921 et
2283 1868 2492 1936 fratrem
2519 1882 2666 1920 suum
2685 1865 2814 1930 odit,
2834 1865 3059 1941 mendax.
3080 1874 3153 1918 est
3181 1879 3198 1917 :
3225 1864 3313 1933 qui
3337 1863 3469 1917 enim
3493 1880 3600 1917 non

1995 1960 2159 2035 diligit
2188 1965 2398 2032 fratrem
2446 1977 2615 2024 suum,
2659 1975 2803 2028 queat
2840 1955 2991 2024 uidet,
3046 1954 3234 2023 Deum,
3290 1975 3441 2028 quem
3485 1973 3590 2022 non

1995 2055 2151 2121 videt,
2177 2071 2276 2108 non
2307 2063 2470 2125 potest
2500 2053 2712 2124 diligere
2734 2051 2753 2124 (
2772 2051 2791 2106 l
2813 2049 2968 2106 Joan.
2995 2067 3070 2117 tv,
3094 2051 3224 2120 20).
3253 2051 3599 2108 Decertemus

1997 2148 2174 2218 igitur,
2209 2147 2418 2211 fratres,
2464 2147 2602 2200 inter
2647 2159 2744 2200 nos
2791 2144 2960 2199 mutui
3008 2145 3211 2204 amoris
3247 2144 3595 2204 aemulatione

1997 2238 2261 2310 gloriosa;
2314 2239 2704 2308 imaginemque
2750 2237 2843 2292 Dei
2893 2237 3208 2307 dignissime
3257 2237 3592 2302 venerando,

2000 2332 2338 2401 declaremus
2382 2331 2507 2401 quid
2561 2332 2658 2401 ipsi
2714 2331 2922 2386 veritati
2969 2329 3282 2398 debeamus,
3341 2331 3608 2396 scientes,-

2000 2426 2248 2495 quoniam
2266 2425 2309 2478 si
2331 2423 2752 2496 quisimaginem
2786 2425 3002 2490 Inserit,
3027 2425 3077 2479 in
3099 2422 3211 2496 (59)
3231 2423 3452 2479 exitium
3478 2440 3594 2482 sua:
3627 2422 3634 2427 ’

2001 2519 2193 2581 animae
2226 2518 2410 2572 incitat
2431 2518 2740 2577 veritatem.
2775 2515 2883 2572 Nec
2920 2525 3000 2572 est
3042 2515 3188 2570 dicto
3220 2516 3379 2587 longe
3409 2518 3597 2584 proba-

2002 2610 2096 2664 tio.
2127 2608 2180 2666 Si
2212 2609 2391 2679 iuclyti
2419 2609 2733 2681 cujusquam
2768 2609 2925 2678 Regis
2958 2608 3215 2682 (hominis
3240 2607 3443 2681 tamen)
3479 2607 3591 2681 (40)

2002 2702 2205 2767 vultus,
2231 2702 2403 2772 quivis
2436 2701 2543 2759 ulla
2570 2701 2853 2763 violaverit
2881 2702 3123 2765 ratione;
3145 2715 3326 2757 nerine
3344 2701 3596 2757 continuo

2003 2793 2149 2851 velut
2174 2793 2440 2865 sacrilegii
2461 2796 2732 2850 commissi
2756 2794 3009 2864 capitales
3030 2809 3233 2864 poenas-
3249 2795 3382 2852 luit?
3399 2803 3597 2866 quanto

2008 2891 2175 2960 magis
2205 2890 2256 2943 in
2291 2890 2378 2943 Dei
2431 2903 2588 2944 causa
2622 2888 2811 2945 fortius
2841 2889 3246 2958 prmcavendum
3293 2899 3409 2955 est,
3439 2907 3591 2959 quem

2008 2972 2183 3045 solum
2211 2991 2445 3046 veretur,
2479 2980 2732 3056 quidquid
2762 2981 2814 3037 in
2846 2981 2962 3052 (61)
3003 2981 3292 3040 virtutibus
3316 2991 3518 3038 natura:
3563 2997 3598 3039 a

2016 3076 2252 3148 Regibus
2283 3077 2409 3145 ipsis
2435 3091 2648 3148 quoque
2675 3077 2962 3132 metuitur?
3480 3075 3496 3086 ‘

301 3193 349 3243 et
379 3181 519 3238 Deus
561 3181 616 3234 in
639 3179 731 3232 illo
779 3183 946 3228 manet
976 3172 1020 3245 (ι
1050 3170 1207 3225 Joan.
1234 3185 1307 3235 tv,
1341 3170 1410 3224 16
1431 3174 1489 3242 );
1521 3178 1648 3222 tunc
1665 3167 1902 3233 demum,
1934 3145 1980 3209 (ἶ
2016 3200 2019 3203 -
2091 3145 2219 3222 \llll.
2261 3168 2366 3224 Sed
2398 3145 2701 3239 necessario
2753 3170 3038 3246 unicuique
3066 3169 3260 3231 sinceri
3289 3170 3490 3232 amoris
3517 3178 3601 3226 est

303 3278 514 3342 fratres,
543 3274 855 3332 charitatem
880 3283 974 3343 per
991 3264 1403 3335 semetipsumei
1430 3262 1692 3333 condigne
1713 3263 1907 3325 redde-

312 3451 395 3495 tur
425 3437 566 3494 enim
614 3433 766 3488 Pauli
810 3432 1004 3486 locus:
1057 3428 1140 3482 lex
1185 3425 1318 3480 enim
1360 3427 1490 3478 iram
1522 3439 1782 3496 operatur,
1841 3423 1906 3478 ad

313 3513 469 3567 Rom.
509 3519 586 3573 tv,
619 3519 758 3559 vers.
813 3503 896 3556 15.
934 3497 1562 3573 Emendavimusautem
1587 3511 1652 3549 ex
1683 3510 1811 3573 mss.
1857 3503 1911 3550 et

312 3585 524 3638 cmteris
551 3567 728 3633 editis.
757 3573 918 3630 Solus
949 3570 1136 3629 Urbin.
1171 3568 1338 3622 codex
1372 3567 1535 3624 habet
1563 3568 1906 3636 operantium.

314 3655 411 3709 Ms.
444 3651 563 3705 Tol.
597 3649 753 3716 paulo
785 3655 900 3716 post
925 3661 937 3696 :
965 3643 1084 3716 quia
1106 3651 1151 3716 et
1169 3641 1333 3716 justo.
1392 3709 1402 3716 _
1692 3709 1702 3716 _
1762 3708 1774 3716 _
1885 3684 1887 3686 _

387 3723 504 3794 (55)
521 3708 770 3794 Bifuriam
785 3708 1087 3794 scriptores
1106 3708 1276 3764 Latini
1296 3709 1509 3794 optima:
1529 3717 1668 3794 nota)
1692 3708 1909 3794 habent,

319 3777 775 3860 sic‘uli'trifariaon,
794 3777 1184 3860 quadrifariam,
1220 3781 1574 3860 multifariam,
1605 3789 1708 3832 etc.
1730 3777 1915 3860 ,ηὗρε-

284 3849 396 3920 'rie
440 3849 620 3920 tamen
669 3849 826 3914 habet
879 3849 1166 3913 Diomedes
1200 3849 1586 3920 grammaticus
1633 3851 1913 3920 multifarie

322 3937 527 3994 Plinius
553 3946 706 3990 xvut.
739 3930 791 3995 7,
823 3936 876 3982 et
910 3927 1125 3980 Solinus
1146 3938 1264 3992 cap.
1299 3922 1480 3995 18,31
1511 3922 1702 3995 quibus
1733 3920 1910 3995 Zeno-

322 3992 408 4066 nis
432 4005 630 4062 locutio
662 3992 791 4056 satis
822 3997 1089 4054 vindicata
1118 3995 1346 4050 videtur.
1381 3992 1508 4052 Mss.
1537 3992 1655 4048 Tol.
1687 4001 1742 4047 et
1777 3992 1906 4048 Urb.

323 4080 489 4134 indita
519 4070 856 4146 profugum.
961 4074 1042 4146 ‘_
1181 4133 1267 4146 η,
1348 4135 1410 4146 ..
1548 4134 1559 4146 .
1638 4135 1668 4146 Α.

399 4133 532 4220 (δυ’
556 4145 684 4220 Mss.
709 4133 894 4209 Pomp.
927 4136 1136 4220 etzeu:
1174 4133 1487 4220 Schariqtfs,
1517 4134 1669 4220 sicuti
1693 4142 1748 4188 et
1773 4149 1902 4216 mss.

325 4205 642 4288 Hieronymi
667 4214 725 4288 _iu
746 4205 872 4288 _cnp'_.
918 4226 948 4262 x
991 4208 1198 4268 Matth.,
1225 4221 1344 4288 pag.
1372 4205 1462 4288 57.,
1487 4206 1905 4288 similiterscri-

328 4293 482 4358 bunt,
513 4277 567 4344 et
596 4277 832 4358 Hilarius
853 4283 902 4358 i_n
931 4296 1010 4352 ps.
1045 4292 1277 4343 cxxvtti;
1308 4281 1359 4334 in
1393 4277 1661 4346 plerisque
1696 4287 1912 4331 nostro-

330 4378 447 4420 rum
467 4353 524 4415 ἰη
533 4373 606 4412 ss.
642 4353 902 4410 Scarioth.

399 4430 515 4515 (55)
541 4427 637 4515 llic
663 4440 916 4515 praesme
933 4431 1114 4492 aperte
1131 4433 1227 4488 pro
1253 4426 1387 4472 certo
1418 4433 1686 4491 cognosco,
1722 4426 1780 4473 ut
1801 4433 1933 4495 mos

330 4495 544 4559 animus
570 4495 752 4553 adnot.
787 4495 840 4549 6.

403 4546 814 4646 {ggj'u‘eiiijubd'
827 4546 956 4622 nihil
977 4546 1268 4646 debeamus
1282 4558 1501 4630 diligere
1515 4568 1709 4646 praeter
1722 4559 1913 4646 Deum,
1943 4563 1997 4624 1)

334 4631 459 4701 cum
487 4631 1028 4712 proximuurquoque
1053 4634 1196 4687 Deus
1215 4646 1418 4712 amare
1440 4647 1547 4712 _nos
1568 4631 1782 4712 jubeat;
1817 4631 1911 4685 sed

336 4703 646 4788 quod'niltil
673 4711 741 4788 sit
782 4703 1296 4788 diligendum,_nisi
1320 4717 1390 4788 eo
1429 4703 1552 4788 jure
1591 4717 1652 4788 ac
1684 4704 1910 4788 ratione,

335 4773 503 4860 quam
526 4784 680 4860 nobis
711 4781 847 4860 Deus
878 4773 1325 4860 ipseprzestituit,
1357 4774 1427 4827 ita
1453 4783 1509 4828 ut
1538 4773 1709 4843 ipsum
1750 4776 1914 4828 Deum

335 4844 392 4915 i'n
420 4854 692 4916 omnibus,
725 4857 841 4916 qtae
871 4844 1158 4918 diligimus,
1181 4844 1488 4914 diligamus.

415 4929 532 4998 (51)
553 4915 901 4998 sparaverius
917 4915 1292 4998 Ini-alletlegerc
1308 4915 1795 4998 nostrum.nguens
1823 4925 1920 4998 est,

341 4986 558 5071 ofﬁcium
596 4986 1038 5071 'sttbintelligitur,
1069 4990 1118 5042 id
1147 4986 1228 5071 est
1253 4989 1527 5055 secundum
1574 4986 1826 5056 ofﬁcium;
1857 4988 1923 5043 de

339 5059 518 5142 primo
539 5069 692 5142 enim
706 5059 961 5142 hactenus
980 5059 1206 5142 dixerat.

414 5140 530 5209 (58)
571 5139 696 5209 Mss.
724 5133 872 5209 To_l.,
901 5129 1210 5209 Urb.,._ch.
1243 5137 1298 5186 et
1323 5129 1511 5209 Pomp.
1544 5128 1868 5200 exspectavit.

445 5201 536 5283 39')
571 5208 624 5283 In
651 5205 888 5283 margine
915 5201 1016 5283 ms.
1050 5201 1234 5283 l’omp‘.
1267 5201 1474 5283 exitum}

441 5267 531 5347 4οῖ
587 5267 794 5347 γυιιιιδί
816 5289 911 5343 pro
939 5267 1462 5347 _ituagitiibus_dicti
1484 5288 1524 5347 _:_t
1553 5267 1840 5347 Trebellio
1867 5270 1922 5347 in

346 5333 576 5430 Claudii,
608 5365 634 5430 εξ
672 5333 896 5430 Xo‘pis'co
939 5343 992 5430 in
1027 5333 1204 5430 llr'obi,
1232 5358 1272 5430 at
1291 5340 1591 5430 capitpline
1618 5343 1668 5396 in
1698 5333 1922 5430 nblax'imi

350 5434 403 5482 et
433 5409 638 5478 Balbini
673 5409 825 5479 Vit—is,
868 5429 966 5470 nec
995 5428 1098 5469 non
1154 5413 1205 5471 in
1251 5409 1310 5474 ι.
1355 5409 1485 5469 Cod.
1521 5415 1583 5466 de
1624 5412 1765 5482 publ.
1814 5412 1919 5465 (tet.

347 5505 492 5547 nunt.
523 5493 608 5546 ubi
641 5493 1017 5558 imperaturum
1044 5484 1302 5558 imagines
1335 5485 1545 5558 publica
1569 5485 1923 5558 cultui__e_i_t_pu-~

347 5566 477 5619 sitas
509 5563 690 5633 liquet.
715 5553 1096 5633 “memorem
1115 5556 1180 5610 .S.
1213 5553 1441 5633 zanenis
1469 5569 1580 5633 aevo
1607 5555 1744 5633 apud
1773 5553 1926 5633 tibi-i-

353 5624 794 5702 stianos'quuque
840 5626 1133 5702 obtinuisse
1159 5639 1224 5679 ex
1270 5625 1716 5702 hocutcsumoniu
1758 5624 1924 5702 disci-

348 5721 498 5772 mus;
521 5696 680 5774 Reges
701 5696 845 5758 enim
872 5699 1226 5768 Imperatores
1239 5696 1490 5769 appellat,
1512 5703 1570 5751 ut
1594 5697 1926 5755 ostendimus

2017 3262 2284 3321 noscenda
2335 3263 2655 3332 proprietas,
2690 3278 2757 3320 ne
2804 3263 2903 3318 sub
2925 3277 3058 3320 seno
3080 3263 3604 3338 nominiqﬁjceuz-

2014 3432 2223 3478 tractat.
2258 3438 2274 3477 ι
2305 3423 2485 3477 adnot.
2517 3422 2605 3479 38.
2633 3423 2786 3478 Patet
2821 3423 2979 3478 etiam
3022 3438 3086 3479 ex
3117 3422 3407 3478 Ambrosio
3434 3439 3596 3478 scrm.

2015 3495 2081 3550 10
2112 3496 2274 3564 inps.
2304 3509 2486 3560 cxvm,
2522 3511 2669 3550 num.
2693 3494 2764 3550 25
2792 3513 2803 3548 :
2841 3494 3176 3559 Quicoronat
3205 3495 3483 3564 imaginem
3505 3497 3601 3547 im-

2016 3568 2285 3632 peratoris,
2315 3568 2488 3634 utique
2515 3567 2665 3620 illum
2695 3567 2930 3628 honorat,
2964 3569 3121 3638 cujus
3147 3566 3422 3638 imaginem
3459 3582 3604 3620 coro-

2015 3638 2152 3691 navit
2177 3654 2193 3691 :
2224 3647 2270 3690 et
2289 3639 2375 3706 qui
2397 3645 2616 3690 statuam
2641 3637 2995 3706 contempserit
3015 3637 3362 3708 imperaturis,
3389 3637 3608 3703 impera.

2016 3711 2114 3765 tori
2143 3711 2507 3780 utique,c¢rjus
2535 3718 2752 3780 statuam
2781 3709 3172 3778 consputaverit,
3205 3709 3386 3780 [scisse
3409 3708 3605 3764 videtur

2016 3775 2279 3846 injuriam.
2313 3775 2378 3833 Et
2415 3775 2517 3832 lib.
2568 3794 2619 3833 vr
2666 3775 3026 3849 llexameron,
3067 3775 3272 3849 cap.'9.
3303 3794 3451 3832 num.
3501 3781 3602 3835 ὅτε

2019 3849 2151 3904 {Ere
2180 3852 2294 3922 fusa
2327 3851 2615 3923 principum
2641 3851 2831 3920 rapito,
2857 3860 2903 3905 et
2929 3848 3068 3905 ducti
3087 3848 3269 3923 uultus
3308 3850 3372 3903 de
3397 3865 3500 3923 aere
3531 3854 3608 3907 ττι

2016 3925 2078 3976 de
2103 3919 2427 3990 marmoreiab
2439 3919 2729 3976 hominibus
2743 3923 3044 3976 adorantur.
3071 3922 3222 3990 Quod
3243 3935 3405 3990 porro
3425 3919 3493 3975 de
3518 3936 3607 3975 eu-

2017 3994 2165 4062 pitnli
2194 3989 2758 4062 pmnalin‘imugiuutn
2787 3991 3076 4046 violatores
3101 3989 3270 4046 tradit
3294 3989 3467 4062 Ζρησ,
3488 4010 3611 4061 spe-

2013 4060 2123 4134 ctat
2150 4060 2318 4134 legem
2347 4060 2544 4117 Iuliam
2572 4060 2857 4134 majestatis
2883 4062 3166 4134 allegatam
3207 4063 3266 4115 D.
3299 4063 3336 4117 l.
3382 4060 3477 4125 48.
3522 4060 3606 4120 tit.

2011 4132 2065 4200 4,
2097 4137 2132 4189 l.
2157 4136 2189 4190 5
2209 4132 2262 4190 et
2292 4135 2344 4190 6.
2366 4134 2423 4189 S.
2453 4132 2772 4200 Metltodius,
2799 4133 2936 4203 apud
2967 4134 3375 4200 Damascenum,
3406 4134 3610 4193 relatus

2018 4207 2328 4261 testimonio
2355 4206 2542 4262 ultimo
2573 4215 2688 4274 post
2727 4206 2821 4259 0r.
2870 4205 2904 4260 5
2930 4203 2999 4259 de
3038 4204 3377 4276 Imaginibus,
3399 4212 3533 4276 tom.
3565 4223 3606 4272 ι,

2018 4292 2138 4346 pag.
2169 4276 2298 4343 390,
2345 4291 2436 4332 eos
2466 4277 2852 4332 condemnatos
2901 4275 3265 4346 testatur,’qui
3299 4279 3350 4330 in
3405 4275 3610 4346 princi-

2018 4363 2141 4417 pum
2196 4349 2455 4418 imagines
2497 4349 2690 4418 probra
2741 4346 3120 4418 conjecissent,
3166 4361 3229 4418 ac
3271 4350 3315 4418 si
3366 4346 3422 4401 in
3465 4351 3610 4416 ipsos

2016 4418 2287 4491 principes
2311 4417 3054 4491 peccassent.Similia_habet
3078 4417 3133 4474 S.
3169 4417 3419 4491 Duilius,
3453 4429 3611 4474 enar-

2020 4487 2120 4544 rat.
2147 4491 2196 4543 in
2243 4489 2431 4560 Isaiam
2453 4504 2580 4560 cap.
2622 4492 2710 4554 15,
2743 4487 2878 4559 apud
2911 4491 3156 4544 eumdem
3188 4488 3605 4560 Damascenum,

2059 4576 2139 4632 ag.
2170 4559 2293 4632 E566.
2325 4559 2643 4632 Spartianus
2667 4577 2901 4630 quoque,
2921 4563 2972 4614 in
2995 4561 3289 4614 Caracallaa-
3313 4559 3459 4632 Vita,
3485 4578 3604 4632 pag.

2023 4577 2139 4686 pag.
2172 4577 2293 4615 one.
2325 4577 2640 4632 aparttanus
2667 4577 2901 4630 quoque,
2921 4577 2972 4614 In
2995 4577 3289 4614 Laracauaa-
3321 4577 3459 4627 Vlla,
3485 4578 3604 4632 pag.

2058 4633 2089 4686 '7
2118 4651 2130 4686 :
2158 4630 2402 4686 Danmati
2428 4642 2545 4688 sunt
2572 4649 2626 4686 eo
2653 4641 2891 4701 tempore,
2917 4633 3003 4702 qui
3027 4633 3225 4684 urinam
3243 4631 3294 4684 in
3322 4647 3379 4684 eo
3410 4631 3518 4686 loco
3543 4639 3611 4702 [e-

2021 4713 2213 4768 cerunt,
2238 4705 2290 4756 in
2316 4719 2415 4773 quo
2437 4713 2637 4770 stature,
2668 4715 2754 4756 aut
2781 4703 3027 4771 imagines
3053 4712 3193 4757 erant
3217 4704 3487 4771 principis.
3507 4705 3609 4759 Ce-

2025 4775 2185 4847 lebris
2209 4776 2331 4847 item
2371 4782 2453 4847 est
2481 4774 2837 4845 lmperialinm
2870 4783 3162 4847 statuarum
3187 4774 3452 4847 historia,
3491 4791 3611 4847 quae

2024 4845 2322 4900 Antiochia:
2362 4844 2584 4914 dejecta:
2622 4859 2862 4916 magnam
2909 4844 3110 4898 ibidem
3147 4844 3604 4914 perturbationem

2028 4916 2384 4988 severissima:
2417 4916 2705 4988 punitionis
2739 4925 2881 4969 metu
2920 4917 3253 4979 excitarunt;
3300 4932 3403 4988 qua
3454 4923 3610 4973 ocea-

2030 4989 2180 5058 sione
2205 4988 2260 5042 S.
2289 4987 2524 5042 Joannes
2545 4987 2960 5058 Chl'yaOSlUlilllS
2994 4988 3170 5056 plures
3197 4987 3469 5052 orationes
3515 4991 3606 5053 hn-

2027 5057 2143 5120 buit
2167 5058 2232 5112 ad
2263 5059 2535 5128 populum,
2563 5057 2680 5129 quae
2710 5059 2773 5113 de
2798 5059 2980 5111 statuis
3024 5058 3408 5114 inscribuntur.
3445 5059 3607 5115 Mitti-

2028 5145 2146 5185 mus
2172 5130 2273 5184 alia
2306 5129 2476 5198 plura.
2860 5166 2868 5178 .

2098 5201 2216 5271 (41)
2263 5200 2482 5254 Virtutes
2509 5209 2704 5271 natura:
2731 5199 2850 5255 lieic
2870 5211 3126 5256 vocamur
3151 5200 3397 5267 fulmina,
3428 5211 3608 5258 terras-

2027 5269 2225 5347 m_otus,
2277 5272 2467 5347 morbi,
2500 5286 2593 5324 seu
2625 5269 3030 5347 (utioquamur
3071 5273 3369 5347 Dsalmistze
3406 5275 3605 5347 verbis,
3655 5281 3658 5284 '

2025 5342 2090 5416 ad
2118 5357 2235 5411 qua:
2263 5343 2316 5416 :3.
2352 5340 2518 5416 Zeno
2539 5340 2839 5416 respexisse
2869 5341 3115 5415 videtur)
3165 5343 3330 5416 ignis,
3385 5346 3604 5416 grando,

2025 5413 2135 5477 nix,
2164 5415 2369 5484 glacies,
2396 5414 2605 5482 spiritus
2632 5414 2968 5483 procellarum
2986 5432 3005 5468 .·
3030 5413 3294 5469 ειεθιῐδιιθ
3317 5425 3420 5478 est,
3447 5413 3604 5470 hasce

2027 5496 2221 5538 natura:
2262 5485 2493 5546 virtutes,
2520 5500 2639 5556 qua).
2672 5486 2800 5556 ipsis
2832 5485 3044 5554 regibus
3089 5498 3289 5540 metum
3321 5487 3599 5551 incutiunt,

2029 5559 2297 5610 nemiuem
2322 5555 2513 5620 vereri,
2544 5555 2647 5611 nisi
2674 5555 2838 5610 solum
2868 5557 3057 5623 Deum,
3089 5557 3255 5623 cujus
3272 5556 3491 5611 nutibus
3513 5571 3601 5626 ps-

2026 5634 2175 5690 reut;
2210 5642 2330 5680 nam
2363 5628 2555 5695 {aciunt
2578 5627 2781 5681 verbum
2810 5626 2938 5696 ejus.

2100 5697 2214 5774 (42)
2260 5697 2333 5754 Ea
2379 5701 2619 5764 committi
2664 5700 2934 5765 dicuntur.
2983 5715 3102 5776 quae
3129 5699 3496 5762 indiserimen
3542 5710 3602 5756 ac
