3820 6220
136 258 225 316 277

1315 258 1518 317 LIBER
1556 258 1599 317 1.
1640 257 2061 321 TRACTATUS
2102 260 2166 318 11.

3300 263 3405 320 278

134 377 357 434 mittatur
388 375 563 449 regula
617 377 888 442 veritatis;
961 385 1046 433 est
1106 376 1250 432 enim
1299 385 1356 433 et
1384 375 1523 436 alius
1547 386 1700 434 amor
1727 381 1775 441 Α
1803 382 1895 444 est,
1927 374 2338 447 concupiscentia
2366 387 2437 431 est
2459 378 2628 432 carnis
2642 377 3119 448 “concupiscentia
3137 376 3406 432 oculorum

133 484 245 526 sane
292 468 445 529 saluti
498 479 700 525 nostrae
755 468 1089 533 contrarius;
1145 466 1233 522 cui
1278 475 1425 522 recte
1474 466 1714 521 hominis.

133 563 282 625 form
333 562 607 630 tribuitur,
634 562 781 632 (quia
827 559 1139 634 temporalis
1210 574 1277 643 ac,
1336 558 1540 643 fragilis
1583 572 1705 617 esse

133 654 462 727 cognoscitur.
525 652 655 709 Ideo
705 653 1028 709 lineamenta
1081 651 1274 725 puerili
1349 650 1656 723 depingitur
1684 694 1699 720 ,

132 744 241 813 quia
280 743 390 813 ejus
462 743 663 799 lasciva
711 742 988 798 lubricitas
1046 757 1148 799 nec
1214 741 1372 798 annis
1444 741 1707 797 senilibus
1750 734 1753 739 ’

135 837 223 908 2⁸1
267 845 603 906 temperatur.
660 834 786 890 Ideo
835 834 1048 901 nudus,
1097 834 1223 906 quia
1276 834 1527 889 voluntas
1588 832 1706 903 ejus

132 935 203 982 est
222 927 497 998 turpitudo.
527 925 653 982 ideo
674 935 965 996 pennatus,
988 925 1110 997 quia
1133 925 1185 979 in
1209 939 1561 996 quaecumque
1577 938 1707 978 con-

134 1018 351 1088 ceperit,
406 1019 666 1074 velociter
706 1016 833 1073 ruit.
884 1017 1014 1073 Ideo
1050 1018 1171 1073 telis
1211 1016 1524 1087 facibusque
1570 1029 1705 1071 con-

132 1123 368 1181 structus,
396 1114 520 1185 quia
553 1111 754 1168 illicitis
801 1111 1087 1193 ardoribus
1117 1106 1333 1179 Semper
1358 1110 1576 1180 junctus
1623 1115 1708 1165 est
1749 1113 1757 1126 '

133 1202 337 1273 gladius.
364 1202 490 1259 Ideo
514 1213 699 1259 autem
729 1217 908 1259 caicus
933 1243 947 1269 ,
974 1204 1096 1273 quia
1128 1217 1251 1258 cum
1279 1200 1565 1268 exarserit,
1595 1215 1705 1255 non

136 1302 326 1348 nitatem
350 1293 701 1363 considerat,
730 1311 836 1350 non
886 1294 1112 1351 formam
1140 1336 1154 1361 ,
1188 1311 1293 1349 non
1342 1308 1530 1349 sexum
1552 1334 1567 1360 ,
1597 1308 1706 1349 non

132 1383 350 1455 gradum,
368 1399 471 1441 non
487 1393 890 1440 sacrosanctum
916 1387 1064 1441 illum
1086 1384 1202 1457 (45)
1215 1386 1403 1440 saltem
1429 1400 1575 1448 sanae
1589 1385 1704 1455 pie-

133 1474 242 1529 tatis
262 1473 523 1535 allectum.
557 1475 653 1530 Hic
677 1476 882 1531 lacibus
908 1476 1020 1529 suis
1041 1475 1153 1546 (44)
1172 1477 1295 1530 Eva:
1314 1485 1503 1545 pectus
1522 1476 1707 1530 incen-

130 1566 216 1622 dit.
239 1566 330 1622 Hic
352 1567 524 1622 Adam
558 1567 671 1623 suis
700 1567 822 1622 telis
843 1567 1063 1635 occidit.
1088 1566 1187 1621 Hic
1212 1565 1516 1622 Susannam
1542 1581 1706 1621 cona-

133 1672 205 1715 tus
227 1670 305 1723 est
352 1661 584 1717 duorum
640 1661 912 1716 seniorum
964 1672 1059 1715 aut
1117 1660 1435 1730 prodigiosis
1491 1659 1706 1731 ignibus

1809 476 1857 522 et
1882 467 2093 522 ambitio
2114 467 2292 522 sazculi
2318 484 2337 522 :
2361 483 2474 538 qua:
2494 484 2595 522 non
2625 478 2701 528 est
2742 484 2773 526 a
2800 477 2976 539 patre,
3009 468 3101 526 sed
3129 483 3195 521 ea:
3215 474 3405 525 concu-

1804 562 2052 635 piscentia
2076 561 2259 615 mandi
2299 559 2320 633 (
2343 559 2543 643 I_Joan.
2577 576 2635 626 ιι,
2662 559 2728 615 15
2749 602 2765 628 ,
2790 558 2898 634 16)
2932 577 2944 613 :
2979 574 3075 632 per
3099 558 3240 619 hanc
3260 560 3403 616 enim

1803 653 2050 709 diabolus
2070 667 2192 708 cum
2214 651 2328 723 (50)
2356 650 2568 707 diverse
2591 651 2868 707 hominum
2891 662 3101 709 mentes
3122 651 3242 725 (51)
3260 652 3406 721 capit

1805 759 1871 801 ac
1893 744 2130 815 decipit,
2161 745 2240 800 sic
2262 741 2458 814 cupido
2483 742 2704 799 vocitari
2726 758 2755 799 a
2783 742 3084 805 luxuriosis
3111 744 3226 799 suis
3248 785 3263 810 ,
3295 743 3403 803 sibi

1806 840 2136 907 cultoribus,
2164 826 2350 909 coepit.

1802 1007 1809 1013 _
1877 932 1970 988 1X.
1992 931 2144 989 Nunc
2164 947 2295 1013 ergo
2315 930 2616 997 videamus,
2644 929 2784 986 unde
2803 944 2929 986 vera
2946 928 3182 987 charitas
3206 930 3409 996 veniat,

1806 1027 2023 1081 ubinam
2075 1026 2363 1103 consistat,
2394 1026 2481 1080 cui
2512 1024 2593 1080 vel
2638 1023 2870 1078 maxime
2895 1023 3175 1081 debeatur.
3214 1024 3410 1096 Utique

1806 1116 2012 1188 illi,qui
2044 1117 2313 1174 hominem
2345 1115 2503 1183 fecit;
2527 1116 2619 1187 qni
2646 1115 2695 1169 ei
2717 1130 2907 1170 munus
2936 1127 3210 1186 perpetuae
3232 1116 3410 1171 chari-

1808 1211 1935 1265 tatis
1979 1209 2388 1267 similitudinem
2420 1223 2574 1267 suam
2607 1205 2829 1261 tradidit
2853 1221 2869 1271 ;
2893 1207 2982 1275 qui
3026 1206 3216 1263 orbem
3249 1215 3410 1271 terra:

1808 1300 2066 1357 donavit:
2100 1301 2187 1371 qui
2216 1301 2399 1357 omnia
2432 1302 2703 1367 elementa
2748 1298 2937 1352 mundi
2974 1312 3095 1353 cum
3126 1299 3413 1359 animanti-

1808 1393 1908 1449 bus
1937 1393 2049 1449 suis
2077 1392 2193 1463 ejus
2239 1394 2495 1466 pOtestati
2541 1390 2811 1461 subjecit;
2840 1392 2931 1460 qui
2968 1389 3019 1445 ei
3040 1405 3241 1457 annos,
3274 1401 3413 1448 tem-

1807 1500 1938 1556 pora
1982 1500 2196 1542 menses
2217 1527 2232 1553 ,
2263 1492 2449 1562 noctes
2465 1527 2481 1554 ,
2510 1484 2627 1541 dies
2649 1526 2662 1551 ,
2698 1482 3140 1555 clarissimosque
3160 1482 3296 1539 duos
3319 1496 3411 1539 re-

1807 1578 2007 1650 galium
2038 1578 2248 1635 orbium
2268 1592 2457 1635 currus
2478 1577 2593 1651 (52)
2615 1572 2955 1647 muneriferq
2965 1587 3181 1646 semper
3209 1575 3416 1631 vicissi-

1811 1670 2011 1729 tudinis
2064 1669 2462 1727 delectamento
2517 1651 2721 1726 servir‘e
2772 1666 3072 1739 praecepit;
3126 1665 3220 1737 qui
3290 1653 3415 1723 eum

72 1746 75 1749 ’
128 1753 391 1824 subjicere,
415 1765 507 1810 aut
535 1754 847 1825 parricidali
875 1753 1054 1824 gladio
1070 1752 1338 1838 jugulare.
1374 1752 1473 1808 Hic
1500 1752 1698 1824 Joseph

1878 1763 2441 1838 pradictiamoris(5'5)
2460 1763 2602 1819 male
2628 1762 2877 1819 dulcibus
2896 1760 3124 1819 venenis
3146 1762 3411 1827 occisum,

129 1849 314 1904 mulieri
340 1850 449 1921 (45)
467 1848 675 1920 ﬂagitat
692 1863 812 1904 esse
834 1832 1160 1913 violentum;
1189 1863 1348 1918 quem
1370 1848 1553 1914 etiam,
1575 1848 1704 1904 dum

128 1943 359 2013 denudat,
377 1959 499 2007 esse
528 1958 640 1999 non
658 1942 862 1999 invenit
890 1943 1255 2013 impudicum:
1275 1942 1370 1998 ilic
1388 1943 1521 2017 (t6)
1539 1959 1701 2015 syna-

126 2052 294 2107 gogam
320 2040 688 2110 expugnavit,
716 2053 836 2093 cum
869 2053 965 2092 sua
1008 2038 1083 2092 illi
1114 2052 1261 2098 arma
1302 2040 1571 2094 concedit.
1609 2039 1704 2095 llic

125 2131 301 2202 ubique
341 2133 716 2197 turbulentus,
747 2132 943 2202 ubique
984 2130 1153 2187 fertur
1187 2131 1426 2189 insanus.
1466 2133 1702 2188 Promit-

128 2224 204 2289 tit,
234 2223 339 2298 (47)
368 2224 525 2294 fallit,
560 2226 669 2292 dat,
696 2225 872 2282 tollit:
907 2240 1050 2282 nunc
1072 2226 1267 2291 trisus,
1302 2241 1443 2281 nunc
1472 2226 1660 2281 hilaris
1686 2267 1701 2294 ,

122 2331 248 2371 nunc
268 2314 484 2373 humilis
503 2359 518 2384 ,
552 2332 695 2375 nunc
730 2304 913 2373 elatus
938 2359 954 2385 ,
982 2333 1125 2373 nunc
1152 2318 1334 2374 ebrius
1353 2360 1369 2385 ,
1402 2333 1543 2373 nunc
1563 2318 1706 2390 jeju-

124 2423 238 2473 nus,
270 2425 407 2463 nunc
431 2421 753 2476 accusator,
786 2424 927 2464 nunc
950 2425 1093 2464 reus.
1119 2408 1372 2475 ducatur,
1403 2408 1563 2475 ludit,
1591 2409 1707 2479 pal—

120 2498 212 2566 let,
265 2500 428 2568 tabet,
464 2501 748 2571 suspirat,
782 2499 900 2574 (48)
945 2499 1123 2568 celat,
1180 2499 1493 2570 obsequitur
1540 2517 1552 2552 :
1611 2506 1707 2555 aut

123 2600 301 2666 tentet,
354 2604 449 2647 aut
491 2593 730 2662 decipit,
766 2591 881 2666 (A9)
917 2592 1177 2663 pejusque
1206 2592 1512 2660 blanditur,
1544 2608 1702 2662 quam

118 2682 250 2739 furit.
298 2684 655 2749 Occasionem
704 2686 864 2741 ullam
894 2680 1119 2756 prorsus
1158 2685 1386 2741 nocendi
1429 2700 1536 2741 non
1568 2700 1706 2756 pra:-

119 2778 247 2832 tcrit.
276 2779 445 2837 Vultis
493 2780 679 2855 scire,
712 2778 854 2850 quod
896 2779 1097 2833 malum
1145 2777 1252 2833 sit?
1279 2779 1332 2833 in
1378 2779 1495 2849 ipso
1528 2779 1704 2835 fructu

114 2884 204 2930 suo
230 2874 388 2929 etiam
414 2873 536 2943 ipse
587 2887 647 2930 se
693 2872 827 2930 odit.
854 2872 1096 2929 Venenis
1136 2872 1251 2942 ejus
1274 2872 1515 2942 quotidie
1558 2879 1704 2927 totus

115 2973 363 3021 exaestuat
410 2966 650 3022 mundus
703 2985 717 3021 :
768 2966 1148 3037 pestilerisque
1200 2958 1567 3036 voluptatibus
1625 2965 1700 3020 ita

112 3072 348 3132 corrupta
379 3070 508 3117 sunt
538 3046 720 3116 omnia
740 3101 755 3129 ,
784 3068 845 3114 ut
867 3058 1124 3131 quidquid
1152 3057 1206 3113 in
1237 3073 1301 3115 eo
1330 3059 1557 3129 geritur,
1590 3072 1697 3114 non

1808 1857 2140 1927 infermequ'e
2170 1856 2286 1919 sedi
2308 1856 2677 1923 submersum,
2704 1852 3007 1925 maiestatis
3030 1866 3145 1913 sine
3169 1852 3287 1924 (54)
3317 1865 3408 1909 sa-

1806 1957 2085 2004 cramento
2112 1946 2436 2005 vivillcatum
2455 1988 2470 2015 ,
2500 1946 2723 2017 insuper
2750 1943 2901 2015 regni
2923 1943 3162 2001 caelestis
3194 1942 3414 2013 partici-

1807 2042 2027 2111 patione
2073 2040 2285 2097 ditavit.
2315 2038 2361 2097 0
2384 2034 2619 2097 charitas
2645 2079 2659 2105 ,
2692 2052 2850 2109 quam
2882 2036 2967 2109 pia
2996 2044 3052 2092 et
3079 2049 3239 2106 quam
3275 2049 3415 2105 epu-

1808 2132 1948 2187 lenta
1976 2133 1989 2186 !
2019 2146 2054 2187 ο
2082 2146 2240 2201 quam
2268 2139 2461 2203 potens
2485 2136 2497 2186 l
2531 2128 2664 2187 nihil
2688 2128 2873 2194 habet,
2896 2114 2987 2198 qui
3008 2136 3062 2183 te
3087 2141 3195 2201 non
3224 2126 3414 2181 habet.

1808 2223 1887 2280 Tu
1917 2225 2084 2281 Deum
2111 2227 2163 2281 in
2189 2224 2461 2284 hominem
2486 2221 2602 2295 (55)
2630 2221 2913 2285 demutare
2937 2218 3259 2293 valuisti.Tu
3289 2233 3413 2275 eum

1810 2314 2108 2372 breviatum
2133 2350 2149 2383 ς
2181 2314 2455 2386 paulisper
2480 2314 2547 2369 ab
2579 2312 2877 2384 majestatis
2902 2326 3015 2370 sunt
3050 2310 3415 2385 immensitate

1810 2409 2141 2480 peregrinari
2166 2408 2365 2465 fecisti.
2417 2407 2497 2463 Tu
2528 2407 2779 2479 virginali
2804 2406 3011 2464 carceri
3040 2420 3231 2462 novem
3261 2404 3413 2462 men;

1809 2501 1959 2575 sibus
1988 2501 2332 2575 religasti.Tu
2362 2500 2529 2559 Evam
2561 2502 2615 2558 in
2636 2500 2853 2559 Mariam
2881 2486 3412 2576 (dd)redintegrasti.

1809 2595 1889 2651 Tu
1918 2594 2087 2651 Adam
2113 2595 2167 2654 in
2197 2593 2415 2655 Christo
2445 2595 2741 2651 renovasti.
2772 2593 2853 2650 Tu
2875 2586 3095 2655 sacram
3115 2608 3333 2651 crucem
3359 2594 3415 2654 in

1807 2690 2033 2744 salutem
2054 2686 2262 2759 perdito
2280 2687 2389 2758 jam
2404 2686 2521 2759 (57)
2544 2686 2745 2743 mundo
2768 2685 3159 2757 providisti,’l‘u
3182 2694 3411 2746 mortem

1809 2782 1977 2837 Deum
2004 2780 2143 2835 mori
2172 2779 2420 2837 docendo
2450 2778 2717 2836 vacuasti.
2749 2776 2924 2855 Tuum
2953 2786 3073 2845 est,
3104 2778 3248 2851 quod
3287 2794 3413 2851 cum

1807 2874 2071 2932 occiditur
2100 2874 2171 2945 ab
2192 2873 2502 2933 hominibus
2530 2874 2673 2930 Dens
2698 2872 3088 2943 omnipotentis
3121 2872 3216 2931 Dei
3244 2869 3410 2940 ﬂliItS,

1807 2966 1991 3022 nullus
2034 2965 2287 3022 irascitur
2311 2965 2382 3024 de
2420 2963 2656 3021 duobus.
2697 2960 2779 3019 Tu
2809 2964 2991 3034 pepuli
3029 2950 3268 3023 celestis
3296 2968 3413 3021 ani.
3447 3038 3451 3043 τ

1804 3074 1945 3115 mam
1971 3068 2157 3127 tenes,
2189 3072 2313 3114 cum
2340 3072 2504 3113 ornas
2536 3072 2754 3127 pacem,
2781 3054 2941 3111 {idem
2983 3056 3260 3123 custodis,
3293 3053 3411 3113 a'm-

112 3150 297 3208 debere
339 3151 493 3223 diligi
540 3168 570 3206 a
612 3151 769 3207 nobis
811 3152 982 3207 sacris
1007 3150 1227 3206 vocibus
1278 3149 1406 3204 dum
1445 3147 1703 3219 jubetur,
1734 3148 1780 3211 C
1813 3150 2067 3223 plecteris
2119 3149 2518 3216 innocentiam,
2560 3150 2845 3215 veritatem
2894 3148 3059 3214 colis,
3093 3148 3409 3219 patientiam

112 3252 249 3303 recte
282 3247 626 3317 sapientibus
654 3244 1002 3301 exsecrabilis
1032 3258 1152 3300 esse
1200 3244 1467 3311 videatur,
1489 3242 1699 3300 Joanne

107 3337 305 3394 dicente
338 3358 352 3396 :
385 3337 571 3394 Nolite
594 3338 805 3409 diligere
833 3337 1105 3402 mundum,
1135 3346 1294 3407 neque
1340 3351 1400 3390 ea
1424 3377 1440 3403 ,
1492 3350 1606 3407 qua:
1649 3334 1706 3389 in

109 3433 286 3488 mando
310 3444 447 3489 sunt.
472 3434 536 3491 Si
562 3434 675 3503 quis
698 3433 932 3488 dilexerit
953 3432 1197 3487 mundum
1214 3472 1231 3500 ,
1264 3448 1367 3487 non
1390 3440 1465 3487 est
1484 3432 1708 3487 charitas

108 3526 256 3593 patris
288 3528 340 3583 in
379 3509 483 3587 illo.
508 3542 529 3587 .'
554 3528 800 3607 quoniam
833 3541 980 3580 omne
1005 3566 1021 3591 ,
1058 3524 1207 3595 quod
1253 3525 1308 3581 in
1350 3526 1463 3598 28
1516 3529 1709 3586 mundo

103 3696 364 3745 certamen
394 3686 671 3757 quoddam
713 3683 1095 3756 conjiciuntur.
1128 3684 1221 3741 Sic
1254 3684 1404 3757 apud
1451 3684 1687 3745 Juvena-

105 3758 223 3822 lem,
248 3757 365 3815 Sat.
397 3756 482 3825 vi,
533 3774 590 3815 v.
647 3756 778 3821 455,
831 3758 1025 3827 legitur
1081 3756 1345 3811 committit
1397 3768 1579 3827 vates,
1637 3771 1692 3817 et

101 3842 397 3900 comparat,
452 3832 742 3901 μορίαι-εει
790 3827 933 3898 quod
982 3834 1049 3882 ex
1093 3830 1507 3901 comparatione
1545 3833 1694 3900 peri-

99 3898 266 3957 eulum
294 3898 539 3973 ipsorum
561 3898 683 3973 Vliat.
713 3898 895 3973 Itaque
932 3915 993 3953 ne
1020 3899 1114 3954 sub
1140 3914 1265 3953 sono
1301 3900 1526 3973 nominis
1548 3898 1690 3957 com-

103 3970 331 4047 mittatur:
345 3973 530 4047 regula
554 3971 802 4047 ueritatis,
822 3970 964 4025 idem
988 3981 1067 4047 est
1091 3984 1156 4047 ac
1175 3984 1243 4025 ne
1263 3970 1333 4024 ob
1359 3972 1594 4047 nominis
1619 3975 1692 4028 si-

97 4040 454 4099 militudinem
480 4044 533 4097 in
555 4043 844 4098 discrimen
870 4050 925 4096 et
943 4040 1235 4112 periculum
1256 4040 1596 4112 cunjiciatur.
1618 4047 1692 4100 λι

98 4114 496 4188 fortecuipiam
546 4115 717 4184 magis
743 4112 977 4168 arrideat
1006 4112 1166 4168 lectio
1188 4128 1291 4167 ms.
1320 4112 1453 4169 Urb.
1488 4115 1540 4169 in
1583 4130 1692 4187 quo

96 4185 732 4264 scribitur—commutem}
952 4256 964 4264 _
990 4255 1002 4264 _
1122 4261 1130 4264 _
1167 4245 1181 4264 τ
1316 4217 1319 4219 ι

158 4257 273 4329 (45)
324 4258 460 4314 Mss.
486 4256 635 4329 Van,
672 4256 861 4326 Pomp.
886 4255 1139 4329 salti_nt_et
1167 4253 1293 4329 'cutn
1334 4253 1465 4311 Urb.
1490 4270 1614 4312 sum.
1636 4257 1694 4314 In

94 4325 328 4397 margine
358 4340 544 4386 autem
576 4325 886 4397 Pompeiani
912 4325 1145 4390 codicis,
1172 4326 1352 4397 saltem
1378 4342 1521 4382 sane.

160 4345 176 4381 ι
241 4345 328 4385 tne
358 4345 544 4386 autem
576 4345 886 4397 rumperent
912 4345 1145 4390 COCICIS,
1172 4345 1352 4381 sauem
1378 4345 1521 4382 sane.

160 4345 272 4474 (ἦ)
298 4400 443 4471 Quid
464 4400 569 4474 hoc
593 4402 713 4474 loco
740 4397 1190 4474 innuatSaZeno,
1210 4396 1408 4451 dictum
1424 4408 1525 4474 est
1537 4400 1695 4474 latius

91 4469 301 4527 dissert.
324 4469 366 4528 ιι
392 4488 517 4541 cap.
543 4473 600 4533 4,
627 4470 715 4525 ubi
745 4471 974 4525 similem
1001 4470 1257 4524 locumex
1285 4477 1439 4524 tract.
1462 4469 1529 4526 15
1551 4470 1645 4526 lib.
1676 4487 1694 4526 ι

93 4542 329 4614 pluribus
356 4542 776 4614 explicavimus,

158 4612 276 4688 (45)
306 4610 584 4687 Flagitare
606 4629 703 4688 pro
720 4614 974 4688 infamare
994 4620 1043 4666 et
1068 4627 1312 4666 accusare
1334 4610 1527 4688 legitur
1552 4612 1692 4682 apud

91 4683 346 4752 probatos
389 4683 705 4754 scriptores.
759 4684 886 4739 Vide
920 4683 1134 4738 Festum
1181 4697 1316 4737 voce
1343 4684 1690 4751 intercutem,

92 4764 143 4810 et
169 4756 321 4813 Tacit
354 4758 455 4814 lib.
480 4774 499 4813 t
536 4770 657 4826 cap.
701 4755 791 4811 53.
826 4755 922 4809 Est
948 4764 1125 4810 autem
1172 4754 1352 4825 ﬂagito
1395 4757 1692 4822 przesertim

89 4826 151 4882 de
180 4828 409 4884 infamia
442 4844 620 4885 rerum
648 4829 899 4897 turpium,
924 4827 1060 4908 sicut
1089 4826 1248 4909 etiam
1280 4835 1573 4909 usurpatur
1600 4839 1696 4895 pro

90 4909 281 4966 petere,
309 4916 412 4975 seu
444 4914 595 4975 agere
614 4909 887 4975 stuprum;
916 4907 971 4975 et
1014 4897 1265 4975 similiter
1303 4897 1556 4975 ﬂagitium
1597 4911 1697 4975 pro
1752 4906 1757 4911 '

90 4978 291 5036 stupro.
334 4967 509 5027 Amor
557 4967 738 5026 anteiit
778 4968 1089 5037 Josephum'
1120 4967 1399 5023 infamavit
1446 4969 1695 5023 intentati

89 5043 260 5111 turpis
285 5043 479 5110 ﬂagitii
503 5056 524 5108 ,‘
550 5057 614 5097 ac
636 5039 1023 5097 si‘violentiain
1047 5080 1061 5105 ,
1089 5056 1248 5108 quam
1279 5053 1469 5110 passus
1492 5038 1697 5103 fuerat,

88 5112 212 5253 31pm.
228 5114 449 5168 mulieri
470 5114 761 5175 intulisset.
790 5113 888 5170 Ms.
916 5111 1039 5168 Vat.
1070 5126 1166 5182 pro
1195 5112 1513 5182 ﬂagitatesse
1542 5110 1702 5167 habet

128 5194 376 5253 agitasse.
1620 5251 1632 5253 _

128 5194 376 5239 (ratione.

157 5199 1037 5325 alliguseparaveriusindicariheic
1058 5264 1244 5310 censet
1280 5253 1557 5309 historiam
1601 5251 1699 5308 de-

90 5324 353 5395 scriptam
385 5327 605 5381 Numer.
635 5341 762 5391 xxv,
792 5324 918 5395 .l‘ud.
948 5340 1038 5388 xx,
1069 5340 1179 5379 xxi.

163 5391 285 5470 (87)
311 5396 671 5453 Restituimus
714 5391 848 5470 fallit
869 5411 952 5470 _ei_t
984 5410 1095 5470 mss
1134 5400 1210 5470 et)
1232 5395 1465 5453 editione
1485 5397 1656 5467 prima
1681 5436 1697 5463 ,

92 5471 233 5537 quod
256 5466 491 5525 verbum
517 5484 546 5523 a
574 5468 787 5522 caeteris
819 5466 1143 5537 editionibus
1170 5469 1373 5524 aberat.

162 5540 288 5611 (d8)
317 5540 417 5595 Ms.
440 5540 568 5597 Urb.
593 5540 760 5611 celat,
790 5553 899 5611 quo
914 5536 1077 5592 \‘erbo
1092 5554 1217 5611 usus
1241 5548 1324 5595 est
1342 5539 1707 5593 Tertullianus

91 5611 147 5665 in
171 5608 422 5667 earinine
469 5621 660 5666 contra
699 5610 1026 5676 Mitt-nionem
1077 5620 1129 5663 et
1158 5608 1431 5679 Interpres
1461 5611 1707 5677 vulgatus

96 5684 291 5749 psalm.
329 5698 534 5747 Lxxnt,
563 5684 619 5739 3.
653 5684 722 5740 At
765 5679 935 5746 Zeno,
961 5686 1121 5735 tract.
1179 5682 1245 5747 Δ,
1292 5696 1345 5738 n.
1400 5682 1457 5745 2,
1514 5682 1711 5736 celatur

98 5766 198 5827 pro
225 5754 367 5810 celat
394 5754 627 5827 scripsit.

1806 3245 1983 3317 diligis
2007 3288 2021 3312 ,
2051 3260 2200 3316 spem
2228 3254 2610 3316 repraesentes.
2642 3242 2723 3299 Tu
2762 3242 2873 3314 29
2892 3242 3139 3297 diversos
3162 3240 3410 3311 homines

1808 3338 2068 3404 moribus,
2094 3336 2362 3406 aetatibus,
2396 3336 2621 3403 ditione,
2652 3350 2717 3390 ex
2750 3348 2853 3390 una
2881 3344 3071 3388 natura
3095 3346 3263 3389 unum
3290 3332 3407 3403 spl-

1808 3438 1995 3496 ritum.
2016 3450 2185 3491 unum
2214 3430 2387 3490 silicis
2407 3444 2625 3501 corpus.
2660 3427 2742 3483 Tu
2771 3435 3040 3495 martyres
3070 3424 3340 3499 gloriosos
3375 3440 3443 3485 ιη

1810 3527 2153 3585 coniessioae
2172 3521 2467 3580 Christiani
2492 3522 2727 3578 nominis
2750 3519 2909 3576 nullis
2928 3519 3237 3584 tormentis,
3260 3517 3409 3575 nulla

1870 3687 2119 3763 (gibbis.
2150 3683 2660 3763 Pomp._priusqtte._
2722 3750 2763 3763 ﬂ
2798 3741 2810 3763 ί
3011 3758 3023 3763 Α
3210 3758 3221 3763 _
3313 3744 3318 3749 ,

1824 3796 1849 3847 -.
2005 3741 2505 3816 idenimsfdiéersa
2529 3741 2549 3809 ἓ
2577 3753 2699 3837 dein
2722 3741 2852 3809 Urh.
2887 3758 3079 3806 mentes
3102 3758 3283 3821 captas
3311 3744 3417 3806 de;

1799 3842 1984 3975 cui?!)
2019 3901 2141 3958 Suis
2163 3856 2231 3955 ab
2250 3898 2410 3955 editis
2425 3898 2612 3954 aberat
2632 3912 2647 3964 ;
2666 3894 2987 3957 retinuimus
3003 3906 3071 3949 ex
3098 3905 3230 3956 mss.
3246 3891 3404 3956 Rern.

1801 3986 1857 4032 et
1877 3976 2341 4113 (Egrphegebatur
2378 4040 2695 4111 numerifero
2725 4046 2821 4113 :_at
2850 4035 3054 4113 placuit
3087 4035 3403 4113 lectiomss.

1800 4104 2142 4199 i’ompl,".l'oi
2164 4122 2217 4168 et
2248 4112 2423 4199 Urb.-;
2450 4104 2651 4199 quippe
2678 4109 2757 4164 sol
2788 4104 2867 4164 et'
2889 4109 3013 4164 luna
3033 4146 3050 4174 ,
3077 4104 3205 4162 dum
3227 4107 3407 4168 delec-

1800 4197 1915 4243 tant
1941 4228 1957 4251 ,
1984 4189 2148 4241 etiam
2171 4192 2417 4251 prosunt.
2574 4238 2579 4243 _

1871 4256 1990 4331 (5'5)
2021 4257 2121 4313 Ms.
2146 4251 2269 4310 Vat.
2300 4254 2447 4309 valde
2468 4251 2722 4306 dulcibus.

1872 4350 1986 4424 (ὃᾶν)
2015 4350 2447 4407 Incarnationem
2497 4343 2852 4424 diviniQNerbi
2882 4342 2984 4424 εξ.
3026 4342 3219 4402 Patres
3242 4357 3409 4424 geuge

1799 4412 2213 4488 sacramentum,
2272 4435 2366 4475 seu
2413 4412 2731 4489 n'iysterium
2791 4416 3063 4486 appellant
3114 4431 3195 4489 ex
3226 4412 3409 4489 [aulo

1720 4518 1776 4579 ι)
1801 4496 1821 4552 1
1851 4496 2115 4579 Tim._nt,
2150 4484 2236 4547 16.
2269 4490 2402 4579 Hinc
2432 4484 2618 4579 "illam?
2639 4484 2947 4579 episcopus,
2972 4484 3204 4579 tract.”
3226 4486 3319 4579 lib‘.
3345 4503 3401 4579 ξ,

1800 4578 1953 4621 num.
1988 4566 2015 4620 1
2044 4605 2060 4631 ,
2093 4558 2321 4634 loquens
2365 4561 2463 4634 deA
2478 4558 2696 4634 Christo
2724 4601 2737 4626 ,
2772 4559 2861 4634 qui
2898 4558 3092 4634 dicitur
3125 4570 3232 4634 tum
3262 4558 3360 4634 Qui
3385 4598 3404 4626 ,

1800 4634 1910 4692 tum
1948 4625 2183 4690 hominis
2216 4633 2389 4698 illius,
2426 4630 2521 4686 Dei
2563 4632 2705 4701 filius
2727 4673 2740 4699 ,
2773 4625 2975 4697 inquit,
2998 4629 3066 4684 ad
3098 4625 3404 4701 ineﬂ'abilcnt

1798 4710 2047 4780 originem
2071 4698 2571 4780 pm‘tinetlltominis'
2596 4706 2671 4780 ad
2694 4709 3102 4780 sacramentum,
3131 4700 3286 4780 idest
3333 4698 3401 4780 ad

1800 4770 2244 4837 incarnationem.
2276 4776 2365 4832 Sic
2409 4776 2571 4829 etiam
2614 4772 2931 4844 Chrysologi
2973 4770 3307 4834 sermoni,
3339 4771 3404 4833 de

1798 4850 2180 4905 Inca'rnationis
2202 4859 2525 4902 sacramento
2549 4845 2875 4900 inscribitur.
2902 4844 3291 4899 Sacramentttm
3306 4855 3405 4898 au-

1800 4932 1906 4978 tem
1951 4920 2327 4992 promysterio
2371 4917 2541 4989 accipi
2574 4916 2920 4971 ostendemus
2941 4914 3034 4971 lib.
3065 4928 3105 4968 ιι
3151 4920 3305 4968 tract.
3334 4911 3399 4982 9,

1801 4995 1985 5057 adnot.
2020 4991 2107 5047 l2.

1879 5088 1996 5161 (55)
2022 5086 2148 5161 Haec
2171 5084 2422 5161 formula,
2448 5097 2574 5161 qum
2594 5078 3119 5161 postIEutychianam
3151 5075 3402 5161 haeresim

1805 5147 2027 5223 exclusa
2068 5157 2203 5224 fuit,
2255 5147 2493 5229 Zenonis
2543 5147 2661 5229 mvo
2714 5147 2978 5229 inculpata
3028 5147 3405 5229 et__catholico

1807 5218 1971 5288 sensu
1998 5218 2207 5299 poterai
2235 5226 2480 5297 usurpari
2506 5267 2521 5291 ,
2549 5234 2617 5299 ut
2638 5223 2794 5299 latius
2822 5220 3060 5299 diximus
3076 5218 3293 5276 dissert.
3328 5234 3401 5299 tr,

1807 5318 1858 5359 c.
1889 5303 1942 5373 1,
1970 5289 2085 5373 ς’ὅ,
2110 5289 2406 5373 breviatum
2438 5289 2768 5373 participium
2816 5307 2880 5347 ex
2924 5290 3231 5373 Meriones,
3254 5289 3404 5373 “quod

1805 5360 2032 5428 verbuin
2058 5360 2277 5426 adhibet
2304 5360 2683 5436 Quintilianus,
2710 5362 3014 5436 lib._i,_.cap.
3039 5362 3102 5425 9;
3128 5360 3403 5436 Manilius,

1804 5445 1898 5499 lib.
1929 5458 2010 5508 ιιι,
2041 5447 2182 5498 vers.
2218 5430 2347 5497 16ίῖ
2378 5436 2774 5508 Lactantinsin
2803 5430 3077 5508 Epitome,
3102 5446 3151 5487 c.
3182 5430 3218 5489 8
3241 5430 3413 5508 ,Βνρ-

1806 5516 1953 5570 viatis
1967 5502 2210 5585 gradibus
2235 5509 2543 5585 adscendere
2561 5505 2699 5585 apud
2722 5502 3004 5585 Sidonium
3028 5503 3123 5585 lib.
3139 5518 3207 5585 Att,
3231 5518 3317 5573 ep.

1882 5576 2004 5656 (56')
2033 5586 2129 5640 Ms.
2160 5585 2345 5656 Pomp.
2371 5579 2562 5656 et_edit
2584 5579 2715 5656 Veii.
2734 5576 3061 5656 reintegrasti
3090 5588 3107 5625 :
3135 5582 3243 5630 tota
3274 5578 3403 5634 vero

1812 5648 1929 5714 huic
1955 5648 2225 5712 sententia
2254 5648 2405 5709 deest
2430 5653 2481 5705 in
2513 5664 2613 5704 ms.
2648 5648 2766 5702 Vat.
3224 5720 3227 5721 ν

1891 5746 2007 5822 (57)
2040 5746 2139 5805 Ms.
2183 5745 2336 5801 Rem.
2368 5741 2518 5797 addit
2553 5740 2605 5794 in
2646 5736 2880 5802 mundo;
2910 5734 3005 5791 sed
3035 5732 3247 5791 dativus
3288 5743 3371 5792 est
3392 5774 3413 5809 ι
