3820 6220
160 306 249 363 981

1377 309 1571 364 LIBER
1616 310 1653 363 Ι.
1697 307 2109 363 'I‘RACTA'I'US
2150 308 2235 361 lll.

3347 303 3451 356 7189.

161 428 267 480 sine
293 426 610 495 magisterio
650 425 733 497 (4)
756 424 947 481 divina:
973 424 1252 495 sapientic
1278 466 1292 490 ,
1327 411 1479 494 cujus
1510 404 1751 478 notitiam
1780 430 1834 485 Α
1859 420 2146 489 diSpendio
2175 434 2285 472 sua:
2308 457 2322 480 .
2359 432 2465 470 non
2496 415 2674 470 dicam
2706 414 2973 467 facultatis
2998 456 3014 480 ,
3053 410 3148 471 sed
3177 412 3335 469 etiam
3363 457 3378 481 ,
3411 418 3453 470 si

162 533 261 574 non
291 519 627 589 habebam),
662 520 797 573 duas
827 534 1110 574 asseruere
1144 518 1411 588 justitias,
1462 516 1541 589 (5)
1591 530 1750 569 unam

162 612 389 678 civilem,
418 612 530 683 32
560 605 801 683 alteram
816 611 1150 665 naturalem:
1183 623 1409 679 quarum
1442 608 1567 662 fecit
1595 620 1755 673 aper-

164 704 361 759 tissime
388 746 404 767 ,
458 718 586 757 cum
634 702 701 757 ad
752 702 1022 756 Romanos
1065 701 1375 770 loqueretur
1416 698 1711 765 Apnswlus
1739 736 1754 761 ,

162 797 484 856 mentionem
512 796 706 850 dicens
737 811 751 847 :
788 794 926 847 Nam
943 794 1203 863 justitiam
1231 791 1318 845 Det
1347 793 1641 864 ignorantes
1664 830 1677 855 ,
1713 800 1760 842 et

163 882 303 945 suam
320 893 546 945 colentes
575 889 887 943 constituere
907 928 922 952 ,
944 886 1165 958 justitia:
1194 881 1292 945 Dei
1313 899 1412 936 non
1435 883 1751 936 obedierunt.

165 984 330 1057 (Rom.
360 985 431 1050 x,
461 985 516 1040 5.
542 983 561 1053 )
585 982 693 1055 sed
723 997 844 1037 cum
873 980 941 1036 de
962 979 1043 1054 (6)
1073 978 1257 1034 futuro
1287 977 1420 1032 nihil
1447 979 1754 1048 opinantes,

164 1076 445 1147 praesentis
474 1058 683 1131 tantum
707 1076 831 1131 vita:
853 1072 1141 1130 commoda
1172 1071 1506 1151 inspiciunt,
1540 1068 1759 1124 falsam—

164 1188 261 1244 que
286 1172 553 1227 adversus
581 1186 763 1226 veram
795 1185 891 1242 pro
918 1178 1043 1225 vera
1073 1167 1405 1233 defendunt;
1446 1166 1524 1222 sic
1555 1176 1756 1221 utram-

164 1281 264 1333 que
291 1265 487 1320 mediis
528 1279 559 1319 e
604 1265 851 1320 manibus
876 1305 892 1331 ,
917 1262 1090 1339 oculis
1118 1262 1426 1332 patentibus
1447 1303 1461 1327 ,
1510 1258 1757 1329 perdide-

164 1368 319 1413 runt:
372 1356 472 1413 Dei
498 1396 516 1422 ,
548 1371 670 1412 cum
700 1355 779 1429 (7)
811 1356 1029 1412 stultam
1059 1362 1248 1425 putant
1270 1394 1287 1425 ,
1334 1352 1478 1424 quod
1500 1351 1763 1407 elaboret

166 1555 278 1596 mos
304 1546 422 1593 erat
461 1545 685 1605 paratos
711 1550 833 1591 esse
860 1549 1079 1603 semper
1098 1577 1113 1601 ,
1144 1543 1202 1589 ut
1230 1533 1297 1588 de
1322 1547 1663 1605 quacumque
1708 1547 1766 1605 re

168 1611 337 1666 subito
364 1600 723 1672 dissererent,
758 1616 895 1662 teste
916 1600 1028 1665 Cic.
1066 1605 1157 1659 lib.
1191 1606 1320 1660 ll-de
1342 1600 1614 1669 Finibus;
1637 1613 1691 1657 et
1714 1600 1764 1657 in

171 1683 268 1738 hoc
314 1682 493 1734 lietam
541 1680 829 1748 quamdam
878 1692 1178 1746 vanamque
1214 1676 1492 1743 sapientia:
1531 1676 1764 1744 speciem

168 1752 503 1823 jactitabant.
533 1765 762 1823 eamque
787 1749 1137 1823 ostentationis
1161 1790 1174 1809 .
1196 1756 1312 1823 ._out
1338 1757 1557 1817 quaestus
1587 1763 1767 1823 caussa

173 1818 587 1893 proﬁtebantur,
618 1818 836 1893 ut’idem
866 1821 941 1875 ait
981 1818 1403 1893 Academicorum
1431 1819 1765 1893 quies/ianum

89 1958 93 1961 _
172 1889 259 1951 lib.
290 1910 362 1957 Iv.
396 1909 520 1960 cap.
554 1894 647 1950 25.
695 1890 829 1946 Cum
861 1906 1023 1959 porro
1046 1891 1189 1962 apud
1220 1890 1422 1945 Gentes
1447 1890 1652 1962 justitia
1682 1889 1767 1943 di-

172 1974 397 2025 ceretur,
419 1963 684 2035 quidquid
714 1964 1063 2035 inpropriqu
1089 1961 1433 2035 eonunndum
1452 1961 1735 2035 utilitatem
1752 1992 1767 2001 -

172 2054 270 2107 que
289 2031 547 2101 cederet;
580 2031 638 2089 ut
667 2050 729 2090 ex
756 2031 998 2107 dicendis
1022 2032 1289 2107 constabit
1314 2049 1328 2098 ;
1373 2031 1591 2107 hinc_S.
1622 2031 1770 2107 Zeno

174 2104 223 2164 in
256 2111 355 2162 hac
383 2107 765 2178 Snpltistarum
798 2105 1462 2178 vaniloquentia'ipsortnn
1505 2104 1766 2174 justitiam

175 2182 328 2235 sitam
360 2174 483 2233 esse
514 2193 623 2232 non
647 2177 744 2231 abs
764 2191 823 2247 re
838 2174 1093 2232 afﬁrmat.
1122 2174 1196 2247 De
1224 2175 1325 2230 hoc
1349 2186 1632 2244 propterea
1659 2190 1771 2247 nie-

175 2262 409 2307 moratus
434 2245 784 2311 Ambrosius,
817 2248 909 2302 lib.
929 2264 978 2302 .tt
1007 2249 1070 2301 de
1091 2246 1363 2309 Abraham,
1390 2260 1438 2301 c.
1471 2247 1558 2307 10.
1593 2264 1646 2298 11.
1666 2245 1733 2300 76
1756 2265 1767 2298 :

175 2322 363 2376 Surculi
386 2322 540 2374 istius
574 2319 837 2389 sapitisttn,
878 2319 1091 2389 inquit,
1127 2328 1389 2374 traxerunt
1418 2317 1769 2384 deﬁnitionem

177 2393 471 2465 ltujusmodi
490 2432 506 2455 ,
535 2384 900 2465 qtto'd‘sapiens
931 2384 1007 2443 vir
1036 2384 1424 2465 bonus‘dicendj
1448 2389 1639 2460 peritus
1666 2392 1768 2441 sit:

178 2459 263 2517 11111
293 2465 575 2535 sapientem
599 2473 653 2516 et
681 2459 867 2515 bonum
903 2477 1001 2535 pro
1021 2462 1213 2535 eodem
1245 2459 1413 2535 accipi
1484 2470 1771 2535 utrumque

176 2531 362 2617 autem
390 2533 722 2617 1101110811ᾱὶ
770 2533 961 2617 peritia
990 2531 1310 2617 gsophistis
1336 2531 1567 2617 positum
1596 2531 1766 2617 vides.

180 2606 254 2661 De
284 2607 597 2661 oratoribus
640 2601 786 2659 vero
816 2601 1046 2659 ethnicis
1094 2601 1145 2658 iu
1193 2603 1555 2671 sophistarum
1589 2601 1770 2657 schola

177 2678 421 2743 eruditis,
453 2677 545 2747 qui
580 2676 908 2745 eloquentiae
946 2675 1268 2747 sapientiam
1310 2689 1422 2742 prae
1450 2688 1509 2727 se
1539 2673 1773 2747 ferentes

177 2749 382 2817 injustis
410 2742 730 2817 'qtiaistubu's
758 2742 1059 2811 inhiabant,
1084 2746 1203 2801 vide
1223 2761 1342 2814 quae
1365 2761 1391 2796 a
1421 2753 1609 2799 nostro
1626 2742 1774 2817 Auc-

178 2816 290 2874 tore
316 2816 569 2876 dicentur
597 2835 747 2871 num.
769 2818 826 2872 Ξ.
854 2819 1003 2887 Etlit.
1030 2820 1161 2878 Ven.
1195 2833 1290 2886 pro
1312 2817 1364 2870 in
1382 2816 1679 2885 eloquentia:
1696 2816 1769 2869 vi.

174 2891 311 2945 ribus
335 2891 505 2945 habet
532 2891 589 2944 in
621 2891 908 2959 eloquentia
931 2898 976 2944 et
1006 2890 1216 2944 viribus.

246 2961 325 3036 (1)
352 2962 511 3031 Quod
542 2952 794 3036 nimirum
822 2963 936 3016 sola
964 2962 1050 3015 illa
1078 3002 1109 3036 ,Α
1134 2977 1259 3036 qua:
1283 2973 1378 3027 per
1414 2956 1571 3036 fidem
1601 2952 1797 3036 _t_lisci-‘

85 3046 99 3059 '
176 3029 531 3096 lur',estvera
556 3034 822 3099 sapientia
845 3047 1074 3102 veraque
1090 3030 1317 3100 justitia,
1346 3030 1485 3102 unde
1515 3029 1571 3102 ξ.
1600 3029 1770 3096 Zeno,

174 3122 319 3160 num.
354 3104 425 3159 ιτ
468 3102 589 3157 Nisi
621 3102 944 3157 credideritis
967 3100 1069 3157 non
1098 3101 1427 3173 intelligetis;
1449 3110 1499 3152 et
1526 3100 1768 3155 Lactant.
1800 3139 1807 3143 ρ

176 3176 265 3230 lib.
302 3193 353 3230 vl
390 3175 625 3229 Institut.
672 3190 793 3240 cap.
816 3175 888 3229 9:
934 3174 1034 3241 Qui
1060 3173 1225 3229 Deum
1255 3176 1492 3243 ignorat,
1534 3184 1580 3225 et
1609 3174 1775 3241 ipsam

167 3249 424 3319 justitiam
446 3249 663 3319 ignoret
683 3262 885 3299 necesse
906 3258 998 3319 est.
1040 3289 1051 3298 .

242 3318 321 3389 (5)
368 3312 519 3372 Inter
548 3316 819 3389 sophistas
868 3314 1099 3389 celebris
1130 3312 1478 3389 carneades,
1514 3312 1605 3366 ilic
1631 3355 1646 3379 ,
1680 3315 1771 3384 qui

174 3384 313 3441 duas
337 3390 528 3444 [totum
556 3384 623 3441 de
646 3388 852 3456 justitia
888 3388 1163 3440 orationes
1186 3384 1394 3449 habuit,
1429 3387 1649 3456 alteram
1670 3399 1771 3454 qua

173 3458 316 3513 illam
349 3469 595 3531 statuere
624 3455 937 3531 contendit,
969 3459 1192 3512 alteram
1217 3469 1320 3525 qua
1352 3455 1594 3510 eamdem
1609 3471 1775 3531 ever-

174 3541 283 3585 tere
316 3546 379 3586 ac
428 3526 781 3584 nullamesse
810 3528 1036 3597 probare
1077 3538 1300 3584 conatus
1330 3537 1453 3581 est:
1505 3526 1772 3595 sopbista-

173 3616 287 3656 rum
318 3606 471 3656 enim
501 3599 763 3672 lansi'erat
787 3601 1017 3653 maxima
1042 3601 1092 3654 in
1128 3608 1632 3672 utramquepartem
1662 3597 1772 3651 dis-

174 3685 386 3741 putare.
413 3673 475 3728 ln
506 3670 753 3727 oratione
775 3682 976 3735 autem,
1005 3685 1164 3739 quam
1188 3681 1376 3741 contra
1400 3670 1661 3736 joStitiam
1691 3683 1776 3723 re—

172 3739 353 3797 citavit
382 3762 411 3810 ,'
453 3742 818 3797 distinctionis
840 3784 854 3807 ,
884 3758 1004 3811 qua:
1034 3742 1119 3795 hic
1158 3755 1189 3794 a
1218 3739 1437 3795 Zenone
1467 3741 1732 3793 indicatur
1758 3780 1772 3806 ,

171 3817 383 3869 semina
404 3814 864 3875 continebantur;
891 3814 1046 3879 hujus
1070 3813 1212 3868 enim
1237 3812 1495 3865 orationis
1509 3811 1775 3879 fragmen-

172 3895 221 3939 ta
271 3888 487 3957 aliquot
502 3900 622 3938 cum
652 3888 932 3938 recitasset
961 3884 1266 3957 Lactantius
1291 3924 1305 3947 ,
1335 3882 1426 3957 lib.
1461 3898 1511 3957 vt
1541 3882 1771 3934 lnstitut.

170 3972 217 4010 c.
255 3954 378 4011 161⁷
412 3956 499 4011 lto
523 3957 948 4028 ergojustitimn,
984 3956 1187 4028 inquit,
1232 3954 1422 4028 cuntin
1454 3955 1584 4005 duas
1608 3962 1776 4021 partes

171 4028 451 4085 divisisset.
481 4025 697 4080 alterum
725 4027 923 4080 civilem
954 4041 1061 4079 esse
1090 4025 1281 4089 dicens,
1314 4025 1528 4078 alterum
1560 4034 1769 4077 natura.

169 4100 301 4165 lem,
327 4112 604 4167 utramque
628 4098 867 4151 subvertit
893 4140 907 4161 ,
947 4094 1085 4164 quod
1120 4097 1211 4149 illa
1243 4096 1406 4155 ciuilis
1435 4095 1681 4167 sapientia
1711 4096 1775 4147 sit

168 4171 393 4237 quidem,
428 4172 520 4241 sed
537 4169 749 4241 justitia
778 4184 876 4222 non
906 4170 1007 4241 sit;
1038 4168 1487 4241 naturalisautent
1512 4166 1603 4241 illa
1625 4168 1775 4241 justi—

168 4235 240 4293 iia
266 4243 331 4294 sit
357 4235 592 4309 quidem.
627 4240 715 4293 sed
747 4256 846 4293 non
878 4240 941 4292 sit
961 4240 1233 4307 sapientia.
1290 4239 1399 4309 lloc
1430 4253 1493 4294 ex
1528 4235 1672 4290 fonte
1714 4236 1769 4291 S.

169 4308 454 4366 Zenonem
481 4310 726 4366 “ebibisse
755 4311 886 4364 nihil
927 4311 1252 4363 dubitamus.
1300 4308 1569 4362 Justitiam
1616 4323 1776 4375 porro

168 4383 404 4447 cirilem,
440 4397 601 4450 quam
628 4379 944 4447 sapientiam
974 4380 1190 4449 quidem
1212 4421 1225 4443 ,
1258 4390 1573 4433 nouantem
1611 4380 1775 4447 justi.

169 4454 297 4506 liam
320 4469 453 4509 βεδε
480 4452 747 4507 fatebatur
773 4452 1099 4517 Carneades,
1133 4452 1360 4505 vocabat
1379 4453 1526 4520 jura,
1548 4467 1662 4519 qua:
1678 4450 1775 4503 sibi

166 4526 393 4578 nominis
418 4541 514 4591 pro
537 4525 760 4577 utilitate
785 4535 1096 4589 sanxerunt;
1118 4539 1241 4576 cum
1268 4522 1473 4575 scilicet
1492 4523 1603 4574 Suis
1626 4534 1774 4573 com-

167 4597 349 4649 modis
374 4637 389 4659 ,
426 4610 540 4648 sua:
581 4596 793 4648 sanitati
826 4607 880 4647 et
908 4598 1027 4647 vita!
1054 4594 1334 4648 studerent
1371 4595 1543 4661 magis
1564 4632 1578 4655 ,
1609 4605 1770 4661 quam

164 4666 363 4720 alienm
387 4708 402 4731 ,
435 4667 546 4720 imo
573 4666 735 4719 etiam
761 4674 884 4719 cum
913 4667 1209 4719 alienarum
1251 4675 1308 4719 et
1348 4662 1681 4731 fortunarum
1713 4672 1767 4716 et

167 4737 293 4806 sita:
319 4738 367 4791 si
398 4751 536 4806 opus
570 4745 716 4791 esset
742 4779 754 4799 ,
783 4738 977 4803 injuria
1006 4778 1019 4801 ,
1046 4737 1204 4804 idque
1232 4737 1447 4803 sapiens
1475 4735 1595 4788 esse
1618 4735 1764 4787 dice—

166 4805 282 4871 bat,
312 4810 417 4862 etsi
446 4811 654 4875 justum
675 4807 786 4861 dici
818 4823 923 4861 non
944 4808 1143 4876 possit:
1171 4807 1430 4876 justitiam
1464 4815 1772 4876 verorinatu-

166 4880 335 4931 ralem
366 4879 515 4933 illam
541 4893 661 4933 esse
686 4877 861 4931 aiebat
892 4875 1027 4948 ,qna
1044 4875 1206 4931 homo
1232 4879 1500 4931 neminem
1528 4875 1769 4938 laederet,

168 4962 327 5001 suum
353 4951 550 5014 utique
580 4950 862 5013 tribueret,
887 4961 944 5004 et
977 4950 1080 5019 pati
1110 4950 1223 5018 ipse
1249 4949 1423 5016 potius
1449 4948 1498 5001 in
1531 4948 1682 5019 bonis
1710 4960 1771 4998 ac

171 5021 277 5072 vita
314 5020 568 5088 eligeret,
600 5034 761 5089 quam
783 5017 1013 5089 cuipiam
1046 5020 1149 5073 vim
1181 5033 1246 5074 ae
1269 5019 1518 5087 iujurialn
1541 5017 1771 5089 inferre;

169 5100 224 5143 et
249 5089 371 5143 haec
405 5091 546 5157 apud
577 5088 913 5151 carneadem
947 5092 1243 5150 habebatur
1273 5102 1483 5142 summa
1508 5088 1730 5142 stultitia
1758 5128 1772 5150 ,

170 5163 272 5212 etsi
296 5159 567 5228 justitiam
607 5176 734 5214 vere
761 5175 881 5215 esse
908 5176 1103 5227 negare
1151 5176 1256 5214 non
1303 5170 1503 5226 posset.
1556 5158 1676 5213 llazc
1707 5172 1773 5211 ex

172 5244 437 5284 memora'
450 5232 494 5283 is
518 5230 836 5301 fragmentis
860 5231 1412 5301 tusiuspra-mittenda
1430 5230 1582 5283 nobis
1599 5240 1744 5283 erant
1760 5270 1773 5293 ,

170 5311 231 5353 nt
278 5312 482 5356 cetera
509 5342 523 5365 ,
570 5300 692 5372 qua:
720 5302 843 5356 huic
870 5303 1218 5357 fundamento
1264 5300 1539 5357 aZenone
1584 5313 1772 5369 super-

172 5383 388 5426 structa
417 5382 568 5437 sunt,
603 5373 812 5426 [acilius
853 5373 1237 5442 intelligantur.

247 5461 333 5533 (6)
370 5463 578 5517 Ethnici
611 5463 684 5516 illi
715 5463 1042 5532 philosophi,
1068 5476 1257 5517 contra
1281 5457 1415 5533 quos
1457 5462 1544 5517 hic
1569 5463 1774 5533 agitur,

174 5532 403 5585 cnm'dc
429 5534 616 5585 virtute
648 5534 910 5600 disputant
938 5576 953 5599 ,
1005 5534 1178 5601 inquit
1212 5532 1523 5588 Lactantius
1567 5532 1660 5585 lib.
1703 5548 1731 5583 v
1758 5573 1772 5594 ,

173 5617 299 5669 cap.
332 5602 421 5674 17,
457 5603 798 5667 expetendam
819 5618 925 5655 esse
948 5604 1091 5656 aiunt
1121 5620 1213 5672 sua
1238 5620 1431 5667 causa;
1475 5606 1589 5674 ejus
1637 5603 1771 5655 enim

177 5673 418 5741 precatio,
448 5687 565 5740 qute
591 5680 714 5724 sunt
740 5678 940 5725 teterna‘
962 5683 1008 5727 et
1035 5674 1346 5728 immortalia
1386 5714 1402 5738 ,
1452 5673 1595 5726 nullo
1624 5674 1773 5726 modo

176 5744 370 5795 vident.
418 5743 688 5809 Equidem
735 5749 931 5808 praeter
971 5743 1228 5798 honorent
1284 5741 1465 5797 virtuti
1504 5742 1769 5796 redditum

136 5842 140 5853 1
176 5813 385 5870 nullam
414 5815 582 5871 aliam
609 5820 867 5866 teternam
895 5811 968 5868 illi
994 5815 1295 5871 mercedem
1344 5815 1455 5869 fore
1498 5821 1767 5884 putarunt.

1859 528 1995 582 opus
2021 511 2111 575 sit,
2142 520 2196 563 et
2225 509 2415 562 salutis
2438 550 2452 571 ,
2482 508 2571 562 alii
2602 507 2770 576 magis
2796 505 3053 575 prodesse
3079 548 3095 573 ,
3128 522 3285 577 quam
3316 508 3415 562 sibi
3443 525 3453 559 :

1861 620 2013 661 suam
2039 645 2054 671 ,
2087 605 2211 674 quia
2252 604 2498 672 quamvis
2528 602 2599 656 sit
2629 601 3161 670 sapientite'uomin'c
3194 600 3330 657 falso
3360 618 3457 659 ve-

1861 699 1984 751 stita
2012 740 2027 763 ,
2079 706 2255 751 tamen
2289 697 2400 749 suis
2427 695 2725 750 Commodis
2750 695 3082 749 consulendo
3108 738 3123 760 ,
3172 696 3312 767 quod
3344 696 3461 752 sine

1863 788 2059 843 alienis
2109 785 2467 843 incommodis
2509 786 2730 841 omnino
2778 801 2883 841 non
2927 796 3101 856 potest
3133 789 3409 856 procurari
3441 829 3456 854 ,

1865 896 1895 936 a
1934 882 2126 953 quovis
2157 895 2284 936 vere
2330 880 2655 936 stultissimo
2686 880 2867 951 negari
2912 896 3018 937 non
3060 883 3230 953 possit
3272 880 3352 956 (_8)
3379 882 3458 938 in-

1855 976 2021 1047 justa.
2344 994 2351 1005 ’
2554 1041 2557 1044 ἠ

1882 1072 1885 1075 ’
1934 1069 2042 1141 33
2087 1069 2150 1126 ll.
2212 1068 2479 1123 Cancrum
2522 1069 2566 1122 si
2605 1068 2742 1125 scire
2786 1058 3084 1139 potuissent
3131 1085 3312 1126 veram
3348 1055 3463 1141 jus?

1866 1155 2058 1230 titiam,
2083 1162 2237 1232 cujus
2258 1171 2341 1216 est
2367 1158 2737 1215 immortalitas
2753 1178 2976 1229 merces,
2992 1175 3274 1234 propterea
3290 1164 3459 1218 simu-

1866 1257 1988 1313 latae
2038 1255 2597 1320 stultitiaevclamine
2642 1256 2992 1327 adopertam,
3042 1268 3097 1312 ut
3141 1274 3225 1314 res
3271 1266 3461 1329 magna

1870 1348 2077 1421 magnis
2105 1348 2393 1424 virtutibus
2440 1349 2750 1420 magnisque
2796 1348 3068 1404 laboribus
3098 1358 3460 1429 quaereretur;

1874 1531 2009 1605 llinc
2028 1532 2178 1605 apud
2210 1531 2526 1588 Ciceronem
2556 1574 2570 1593 ,
2619 1542 2675 1586 ttt
2718 1549 2781 1589 ex
2827 1532 3040 1605 dialogo
3066 1534 3147 1605 de
3187 1533 3466 1603 Republica

1866 1604 1977 1676 jam
2007 1604 2288 1666 depertlito
2315 1615 2462 1658 notat
2492 1605 2632 1659 idem
2665 1604 2991 1676 Lactantius,
3022 1604 3114 1659 lib.
3139 1622 3193 1671 ν,
3216 1619 3333 1676 cap.
3359 1610 3424 1661 18
3451 1624 3463 1659 :

1877 1674 2027 1751 Idem
2050 1676 2139 1751 ille
2159 1677 2380 1748 justitia’
2407 1677 2649 1751 defensor
2669 1675 3060 1751 LwliussVult,
3089 1674 3294 1751 inquit,
3318 1678 3470 1747 plane

1872 1749 2030 1802 virtus
2057 1747 2300 1802 honorem
2322 1790 2338 1816 ,
2369 1764 2458 1801 nec
2479 1749 2677 1802 virtutis
2704 1750 2811 1802 ulla
2833 1749 2937 1815 alia
2955 1764 3162 1802 merces.
3222 1747 3337 1803 Huc
3376 1765 3467 1803 an-
3490 1780 3493 1783 ›
3538 1816 3540 1819 ν

1872 1830 1980 1873 tem
2015 1830 2122 1872 tota
2154 1820 2390 1874 refertur
2436 1834 2597 1873 causa
2621 1862 2634 1885 ,
2661 1836 2758 1875 cur
2786 1820 2858 1874 illi
2893 1834 3070 1874 veram
3092 1820 3355 1888 justitiam
3383 1836 3469 1875 sa-

1878 1891 2241 1960 pientiamque
2272 1905 2374 1944 non
2399 1891 2667 1955 noverint,
2695 1891 2786 1946 sed
2814 1892 2948 1945 hanc
2979 1892 3150 1958 potiu~
3178 1893 3465 1946 maximam

1873 1962 2150 2015 stultitiam
2179 1961 2487 2031 judiCarint.
2517 1962 2576 2016 Si
2595 1964 2750 2023 enim,
2780 1961 2951 2030 inquit
2969 1962 3108 2016 idem
3135 1962 3465 2026 Lactantius,

1873 2044 1983 2104 post
2010 2044 2234 2105 mortem.
2250 2032 2379 2087 nihil
2408 2049 2621 2096 sumus;
2672 2039 2898 2105 profecto
2940 2036 3232 2105 stultissimi
3258 2046 3331 2087 est
3372 2033 3468 2086 Ito—

1871 2102 2026 2157 minis
2065 2121 2167 2158 non
2192 2104 2313 2157 huic
2336 2105 2453 2158 vita:
2475 2102 2778 2170 consulere,
2813 2116 2866 2159 ut
2896 2108 2962 2159 sit
2995 2121 3147 2175 quam
3179 2102 3380 2158 diutin’a
3421 2117 3468 2157 et

1822 2189 1828 2194 '
1872 2175 2153 2230 commodis
2183 2176 2415 2240 omnibus
2438 2177 2607 2243 plena.
2661 2176 2795 2232 Vide
2838 2178 2999 2231 etiam
3047 2191 3167 2247 cap.
3197 2177 3287 2232 15.
3339 2177 3465 2229 Post

1873 2261 2040 2318 pauca
2072 2262 2166 2310 pro
2196 2257 2461 2317 utramque
2488 2262 2588 2301 ms.
2622 2247 2750 2303 Urb.
2786 2260 3019 2314 utraque.

1918 2320 1926 2325 “
1956 2316 2038 2388 (7)
2070 2318 2183 2373 Hoc
2224 2319 2345 2372 loco
2374 2316 2774 2385 prospiciuntur
2806 2319 2893 2373 illa
2940 2319 3229 2377 Carneadis
3269 2320 3319 2373 in
3350 2334 3473 2373 ora—

1863 2390 2019 2462 tione
2047 2389 2305 2443 adversus
2342 2390 2606 2457 justitiam
2638 2432 2651 2454 ,
2682 2392 2768 2445 ubi
2803 2392 2921 2444 etim
2951 2390 3077 2443 illud
3106 2392 3208 2445 sibl
3236 2394 3469 2459 prolnau-

1873 2461 2001 2527 dum
2032 2462 2373 2530 sumpsisset,
2401 2471 2490 2514 aut
2518 2462 2713 2515 nullum
2744 2478 2849 2516 esse
2864 2463 3142 2531 justitiam.
3169 2471 3255 2515 aut
3276 2503 3290 2526 ,
3324 2462 3367 2514 si
3404 2466 3470 2515 sit

1874 2532 2067 2600 aliqua,
2096 2548 2345 2585 summam
2374 2549 2481 2586 esse
2508 2533 2776 2587 stultitiam
2800 2574 2813 2597 ,
2841 2534 3079 2602 quoniam
3108 2533 3203 2587 sibi
3227 2543 3428 2587 noceret
3453 2575 3466 2593 .

1872 2603 2055 2656 alienis
2084 2603 2361 2665 commodis
2389 2607 2658 2658 consulens
2690 2622 2706 2658 :
2740 2606 2787 2657 id
2821 2605 3154 2674 argumentis
3184 2607 3373 2673 partim
3403 2604 3468 2658 ad

1878 2674 2140 2731 bettorum
2165 2674 2417 2739 fortunas,
2455 2678 2643 2742 partim
2692 2676 2754 2727 ad
2791 2677 2910 2728 vita-
2938 2676 3275 2744 dispendium
3306 2677 3472 2744 perti-

1876 2747 2124 2799 nentibus
2152 2745 2474 2800 ebulirmare
2502 2748 2742 2810 studuit;
2791 2761 2910 2815 quae
2959 2746 3232 2801 Zenonem
3281 2746 3472 2815 legisse

1877 2818 2013 2886 apud
2039 2817 2368 2871 Lactantium
2399 2832 2517 2882 cap.
2548 2819 2637 2879 111,
2663 2828 2715 2870 et
2747 2818 2996 2871 habuisse
3025 2818 3077 2871 itt
3104 2819 3306 2882 animo,
3348 2832 3470 2871 eum

1878 2886 1992 2941 haec
2015 2889 2273 2943 scriberet
2307 2929 2322 2953 ,
2356 2889 2510 2943 nobis
2549 2892 2681 2942 satis
2706 2890 2965 2944 credibile
2995 2900 3116 2950 est;
3181 2888 3322 2942 unde
3350 2929 3363 2951 ,
3417 2897 3475 2943 ut

1875 2957 2124 3014 Auctoris
2154 2961 2662 3033 seutetttia'vpo‘uitus
2694 2961 3021 3027 intelligatur
3045 3002 3059 3024 ,
3107 2974 3172 3014 ea
3200 2960 3469 3033 _prolerrt:
3535 2996 3542 3004 ι

1879 3046 1985 3083 non
2023 3035 2183 3097 piget.
2230 3029 2466 3083 Primum
2494 3031 2562 3085 de
2595 3036 2747 3085 bonis
2773 3032 2999 3084 1011111111»
3028 3033 3139 3085 sic:
3194 3029 3364 3084 Bonus
3400 3032 3474 3084 vir

1877 3102 1921 3154 si
1943 3102 2123 3155 habeat
2146 3118 2343 3155 servum
2367 3103 2635 3174 fugitivum
2659 3144 2671 3164 ,
2721 3104 2799 3155 vel
2829 3097 3035 3155 domum
3061 3103 3384 3156 insalubrem
3414 3120 3477 3155 ac

1881 3175 2219 3241 pestilentem,
2243 3189 2356 3241 qua:
2383 3173 2503 3227 vitia
2530 3175 2672 3227 solus
2698 3175 2843 3232 sciut.
2874 3184 2919 3227 et
2948 3174 3061 3226 ideo
3083 3173 3385 3241 proscribut.
3419 3183 3473 3227 ut

1804 3233 1847 3293 C
1882 3233 2099 3310 itendat;
2133 3233 2370 3299 utrumne
2409 3245 2731 3312 proﬁtebitur
2769 3245 3037 3313 fugitivum
3069 3233 3266 3299 servum
3291 3261 3351 3296 ac
3381 3260 3469 3313 pc-

1879 3314 2370 3387 stilentemtdomum
2401 3333 2453 3368 se
2481 3318 2717 3379 vendere,
2756 3334 2822 3368 an
2854 3317 3032 3368 cclubit
3059 3316 3380 3387 emptorem?
3410 3316 3470 3371 Si

1879 3386 2220 3455 proﬁtebitur,
2249 3385 2410 3439 bonus
2439 3389 2643 3455 quidem
2667 3430 2677 3445 .
2716 3388 2835 3452 quia
2864 3405 2961 3440 non
2986 3385 3171 3457 fallet,
3197 3388 3283 3439 sed
3309 3396 3472 3439 tamen

1878 3460 2063 3510 stultus
2085 3459 2432 3527 judicubilttr,
2461 3460 2581 3527 quia
2613 3459 2688 3510 vel
2713 3473 2866 3525 parvo
2911 3458 3083 3520 vendet
3108 3501 3120 3519 ,
3165 3459 3240 3510 vel
3268 3460 3471 3511 omnino

1879 3544 1980 3581 non
2018 3525 2213 3584 vendet.
2260 3525 2411 3582 Cedit
2442 3525 2671 3583 subinde
2702 3530 2843 3583 aliud
2886 3528 3191 3595 exetnplum
3245 3527 3471 3581 hominis

1882 3596 2202 3664 reperiendis
2235 3600 2488 3668 aliquem,
2514 3602 2599 3668 qui
2624 3600 2974 3654 aurichalcum
3009 3617 3060 3653 se
3078 3610 3216 3667 putet
3240 3601 3475 3662 uendere,

1879 3687 1997 3723 cum
2023 3672 2088 3724 sit
2114 3688 2331 3735 aurum;
2375 3681 2429 3725 et
2469 3675 2764 3739 l|l|:l35|lt)llt3
2798 3672 3064 3740 proposita
3096 3712 3122 3734 ,.
3160 3671 3426 3725 Tacebitne
3450 3710 3465 3735 ,

1881 3742 2049 3813 inquit
2080 3784 2093 3805 ,
2126 3753 2180 3795 ut
2202 3743 2255 3795 id
2284 3758 2438 3813 paruo
2458 3741 2627 3808 emat,
2654 3761 2720 3797 an
2748 3743 3012 3813 indicabit,
3044 3751 3101 3795 ut
3130 3742 3354 3813 magno?
3380 3756 3471 3813 re-

1881 3761 2049 3812 tnquu
2080 3784 2093 3805 ,
2126 3761 2180 3795 ut
2202 3761 2253 3795 ta
2318 3761 2438 3795 aruo
2466 3761 2627 3808 entat,
2654 3761 2720 3797 an
2748 3761 3012 3804 matcuou,
3044 3761 3101 3795 ut
3130 3761 3352 3813 magno:
3386 3761 3470 3795 re-

1880 3812 2141 3881 Spnudet:
2170 3761 2397 3868 Stullum
2429 3816 2581 3883 plane
2606 3830 2680 3868 vts
2705 3812 3028 3869 detur'malle
3047 3830 3245 3882 magno.
3282 3812 3470 3883 Delbe-

1882 3869 1963 3937 n'is
1991 3895 2163 3939 autem
2192 3886 2314 3938 vita:
2338 3869 2454 3939 sic":
2476 3884 2692 3951 Iustitia
2719 3894 2789 3939 est
2816 3887 3069 3938 hominem
3086 3869 3197 3936 nim
3217 3869 3466 3947 occidere,

1880 3956 2102 4009 alienum
2133 3960 2342 4025 prorsus
2372 3973 2477 4027 non
2495 3958 2761 4027 attingere.
2791 3956 3077 4027 Quitltergo
3097 3958 3267 4027 justus
3292 3954 3464 4027 faciet.

1879 4029 1921 4080 si
1949 4030 2079 4095 forte
2110 4024 2435 4097 naufragium
2458 4024 2653 4095 fecerit.
2684 4034 2729 4081 et
2756 4029 2939 4096 aliquis
2962 4024 3261 4078 imbecillior
3281 4025 3469 4078 uiribus

1880 4098 2105 4150 tabulam
2127 4100 2312 4165 ceperit
2338 4100 2363 4151 Ρ
2390 4096 2578 4152 Nonne
2602 4098 2749 4151 illum
2771 4100 2944 4152 tabula
2968 4097 3271 4159 deturbabit,
3292 4105 3344 4149 ut
3360 4097 3470 4159 ipse

1880 4170 2206 4234 conscendat,
2237 4186 2394 4239 cuque
2420 4171 2571 4223 nixus
2600 4170 2798 4233 eradat,
2826 4169 3040 4233 mna-inte
3064 4185 3175 4220 cum
3199 4169 3262 4221 sit
3297 4165 3468 4221 nullus

1878 4242 2043 4293 medio
2063 4242 2189 4294 mari
2214 4242 2387 4295 testis?
2412 4239 2472 4295 Si
2497 4242 2702 4307 sapiens
2725 4251 2817 4307 est,
2846 4243 2994 4310 faciet
3023 4256 3038 4293 :
3072 4240 3167 4310 ipsi
3192 4240 3324 4293 enim
3354 4254 3465 4309 per-

1878 4316 2101 4364 euntium
2142 4323 2233 4369 est.
2274 4313 2371 4365 nisi
2394 4315 2589 4383 fecerit.
2618 4312 2677 4366 Si
2698 4323 2860 4366 autem
2888 4312 3014 4363 mori
3038 4311 3290 4373 maluerit,
3315 4324 3469 4383 quam

1882 4399 2061 4435 manus
2090 4384 2283 4457 inferre
2310 4380 2463 4436 alteri
2486 4402 2504 4450 ;
2527 4388 2642 4457 jam
2665 4400 2765 4435 non
2797 4386 3015 4451 injustas
3040 4382 3143 4457 ille,
3170 4382 3257 4457 sed
3284 4380 3467 4457 stultus

1879 4456 1950 4526 est
1978 4495 1991 4516 ,
2023 4455 2109 4526 qui
2149 4452 2264 4507 vita:
2299 4471 2407 4508 sua:
2440 4452 2539 4508 non
2570 4470 2767 4526 parcnt,
2811 4458 2935 4526 dum
2961 4454 3121 4526 parcit
3150 4453 3348 4526 cliente.
3406 4452 3468 4526 lat

1879 4524 1986 4578 alio
2018 4524 2179 4579 simili
2207 4526 2371 4579 allato
2401 4522 2651 4594 exemplo
2695 4525 2962 4578 concludit
2987 4541 2998 4575 :
3150 4538 3248 4575 non
3291 4522 3468 4592 fecerit

1869 4596 2077 4662 justus,
2109 4597 2201 4650 sed
2238 4596 2370 4648 idem
2394 4593 2579 4649 stultus
2617 4597 2681 4649 sit
2723 4612 2917 4649 necesse
2943 4606 3035 4648 est.
3088 4593 3353 4649 llacteuus
3399 4607 3487 4646 ex.

1877 4668 2119 4721 oratione
2140 4667 2433 4722 Carneadis
2464 4667 2785 4721 Lactantius.

1952 4758 2031 4829 (8)
2059 4758 2177 4829 Ipse
2204 4757 2510 4813 Carneades
2533 4760 2589 4812 in
2624 4773 2686 4812 ca
2714 4760 2957 4812 oratione
2982 4798 2995 4821 ,
3026 4770 3132 4825 qua
3163 4768 3341 4829 veram
3366 4753 3469 4829 ju-

1878 4826 2096 4883 stitiatn'
2137 4832 2538 4913 impugnatnrus
2566 4870 2603 4911 ,_
2644 4829 2857 4911 civilem
2882 4831 3127 4911 alterum
3183 4826 3464 4913 defendit,

1880 4918 2037 4967 quam
2070 4897 2387 4963 sapientiam
2425 4901 2631 4969 vocavit
2652 4942 2666 4961 ,
2716 4900 3028 4969 injustitiam
3056 4914 3179 4953 cum
3210 4897 3307 4951 hic
3338 4910 3468 4950 con-

1876 4965 2116 5041 junctam
2140 4971 2363 5025 inliciari
2394 4965 2497 5023 non
2526 4986 2685 5023 ausus
2710 4965 2817 5036 est,
2844 4972 2952 5025 imo
2998 4972 3131 5024 satis
3178 4970 3317 5041 ultro
3337 4982 3466 5020 con.

1878 5040 2063 5107 ee~-sit,
2086 5058 2205 5095 cum
2240 5043 2462 5111 loquens
2486 5043 2553 5095 de
2579 5057 2666 5111 eo,
2696 5045 2783 5111 qui
2818 5045 3000 5096 vitium
3043 5042 3118 5094 rei
3139 5040 3463 5111 celansrem

1883 5113 2090 5182 majore
2112 5113 2284 5180 pretio
2312 5108 2495 5164 vendit
2522 5128 2536 5176 ;
2564 5108 2624 5167 Si
2647 5108 2897 5169 celaverit,
2926 5112 3115 5181 inquit,
3143 5113 3237 5182 erit
3262 5109 3468 5182 quidem

1880 5178 2240 5255 sapiensﬁuia
2269 5183 2341 5255 rei
2362 5182 2611 5255 consulet,
2636 5184 2724 5237 sed
2752 5185 2881 5236 idem
2906 5178 3091 5246 malus,
3128 5181 3178 5255 id
3214 5178 3297 5235 e~t
3325 5178 3464 5255 inju-

1880 5250 1993 5307 stus
2020 5296 2034 5319 ,
2066 5255 2183 5323 quia
2206 5254 2369 5323 fallet.
2408 5253 2499 5306 llis
2528 5255 2720 5308 similia
2756 5258 2804 5306 in
2834 5255 2937 5307 alio
2965 5256 3103 5321 apud
3136 5250 3465 5307 Lactantium

1881 5324 2177 5394 fragmento
2209 5323 2568 5394 reperiuntur.
2624 5326 2875 5390 Apertius
2916 5326 3148 5393 loquitur
3182 5325 3373 5394 Cicero
3415 5324 3465 5375 in

1886 5391 2097 5465 dialogo
2118 5394 2180 5446 de
2202 5392 2507 5457 Republica,
2540 5395 2625 5449 ubi
2648 5393 2863 5449 Furium
2898 5391 2995 5463 pro
3022 5395 3320 5455 Carneade,
3349 5392 3468 5449 La-

1884 5466 2010 5519 lium
2038 5480 2214 5519 autem
2241 5475 2429 5517 contra
2459 5465 2814 5534 dis-putantem
2849 5467 3083 5519 induxit.
3126 5465 3277 5519 Licet
3322 5467 3465 5517 enint

1884 5535 2077 5589 Furius
2105 5536 2316 5589 civilem
2354 5536 2534 5589 tnundi
2569 5537 2830 5603 justitiam
2874 5552 3031 5605 quam
3058 5552 3203 5589 suum
3226 5534 3282 5590 S.
3318 5535 3466 5589 Zeno

1881 5615 2069 5670 vocat,
2103 5616 2465 5674 propugnaret
2513 5608 2810 5669 acerrime;
2860 5621 2976 5659 eam
3027 5617 3243 5671 tamen,
3296 5605 3470 5673 inquit

1879 5676 2186 5731 Lactantius
2214 5691 2333 5746 cap.
2361 5675 2450 5743 16,
2470 5676 2768 5747 sapientium
2787 5679 2989 5742 quidem
3010 5694 3115 5731 esse
3130 5685 3467 5739 concesserat,

1877 5747 1968 5803 sed
1993 5748 2263 5819 injustam.
