  <div class='ocr_page' id='page_1' title='image "/cluster/home/n/w/nwhite01/storage/ocr_20150623/11/uva.x000826576/149.png"; bbox 0 0 3820 6220; ppageno 0'>
   <div class='ocr_carea' id='block_1_1' title="bbox 360 188 468 254">
    <p class='ocr_par' dir='ltr' id='par_1_1' title="bbox 360 188 468 254">
     <span class='ocr_line' id='line_1_1' title="bbox 360 188 468 254; baseline 0 -8"><span class='ocrx_word' id='word_1_1' title='bbox 360 188 468 254; x_wconf 71' lang='lat'><strong>283</strong></span> 
     </span>
    </p>
   </div>
   <div class='ocr_carea' id='block_1_2' title="bbox 1714 194 2289 260">
    <p class='ocr_par' dir='ltr' id='par_1_2' title="bbox 1714 194 2289 260">
     <span class='ocr_line' id='line_1_2' title="bbox 1714 194 2289 260; baseline 0.012 -7"><span class='ocrx_word' id='word_1_2' title='bbox 1714 194 1963 255; x_wconf 76' lang='lat' dir='ltr'><strong>SANCTI</strong></span> <span class='ocrx_word' id='word_1_3' title='bbox 2002 198 2289 260; x_wconf 78' lang='lat' dir='ltr'><strong>ZENONIS</strong></span> 
     </span>
    </p>
   </div>
   <div class='ocr_carea' id='block_1_3' title="bbox 3543 215 3686 273">
    <p class='ocr_par' dir='ltr' id='par_1_3' title="bbox 3543 215 3686 273">
     <span class='ocr_line' id='line_1_3' title="bbox 3543 215 3686 273; baseline 0.007 -2"><span class='ocrx_word' id='word_1_4' title='bbox 3543 215 3648 273; x_wconf 67' lang='grc' dir='ltr'><strong>*ὶεῶ</strong></span> <span class='ocrx_word' id='word_1_5' title='bbox 3669 247 3686 258; x_wconf 65' lang='grc' dir='ltr'><em>κ</em></span> 
     </span>
    </p>
   </div>
   <div class='ocr_carea' id='block_1_4' title="bbox 357 310 3648 398">
    <p class='ocr_par' dir='ltr' id='par_1_4' title="bbox 357 310 3648 398">
     <span class='ocr_line' id='line_1_4' title="bbox 357 310 3648 398; baseline 0.005 -35"><span class='ocrx_word' id='word_1_6' title='bbox 357 310 729 367; x_wconf 88' lang='lat' dir='ltr'><strong>incunctanter</strong></span> <span class='ocrx_word' id='word_1_7' title='bbox 757 319 1004 382; x_wconf 93' lang='lat' dir='ltr'><strong>optarent</strong></span> <span class='ocrx_word' id='word_1_8' title='bbox 1047 312 1196 367; x_wconf 84' lang='lat' dir='ltr'><strong>stulti</strong></span> <span class='ocrx_word' id='word_1_9' title='bbox 1237 311 1484 383; x_wconf 87' lang='lat' dir='ltr'><strong>judicare</strong></span> <span class='ocrx_word' id='word_1_10' title='bbox 1525 328 1583 368; x_wconf 90' lang='lat' dir='ltr'><strong>se</strong></span> <span class='ocrx_word' id='word_1_11' title='bbox 1606 313 1759 384; x_wconf 89' lang='lat' dir='ltr'><strong>justi,</strong></span> <span class='ocrx_word' id='word_1_12' title='bbox 1792 329 1951 384; x_wconf 89' lang='lat' dir='ltr'><strong>quam</strong></span> <span class='ocrx_word' id='word_1_13' title='bbox 1979 319 2029 385; x_wconf 77' lang='grc' dir='ltr'>Α</span> <span class='ocrx_word' id='word_1_14' title='bbox 2058 334 2217 390; x_wconf 90' lang='lat' dir='ltr'><strong>quam</strong></span> <span class='ocrx_word' id='word_1_15' title='bbox 2266 320 2398 376; x_wconf 89' lang='lat' dir='ltr'><strong>recti</strong></span> <span class='ocrx_word' id='word_1_16' title='bbox 2437 319 2637 391; x_wconf 87' lang='lat' dir='ltr'><strong>aliquid</strong></span> <span class='ocrx_word' id='word_1_17' title='bbox 2684 321 2829 379; x_wconf 85' lang='lat' dir='ltr'><strong>illam</strong></span> <span class='ocrx_word' id='word_1_18' title='bbox 2882 320 3059 377; x_wconf 81' lang='lat' dir='ltr'><strong>facere</strong></span> <span class='ocrx_word' id='word_1_19' title='bbox 3103 321 3183 384; x_wconf 86' lang='lat' dir='ltr'><strong>vel</strong></span> <span class='ocrx_word' id='word_1_20' title='bbox 3227 322 3461 395; x_wconf 81' lang='lat' dir='ltr'><strong>iecisse,</strong></span> <span class='ocrx_word' id='word_1_21' title='bbox 3508 331 3648 398; x_wconf 86' lang='lat' dir='ltr'><strong>quod</strong></span> 
     </span>
    </p>
   </div>
   <div class='ocr_carea' id='block_1_5' title="bbox 346 402 1954 473">
    <p class='ocr_par' dir='ltr' id='par_1_5' title="bbox 346 402 1954 473">
     <span class='ocr_line' id='line_1_5' title="bbox 346 402 1954 473; baseline 0.005 -17"><span class='ocrx_word' id='word_1_22' title='bbox 346 402 626 472; x_wconf 77' lang='lat' dir='ltr'><strong>&#39;Sapientes</strong></span> <span class='ocrx_word' id='word_1_23' title='bbox 666 402 885 473; x_wconf 90' lang='lat' dir='ltr'><strong>injusti:</strong></span> <span class='ocrx_word' id='word_1_24' title='bbox 917 403 1147 457; x_wconf 82' lang='lat' dir='ltr'><strong>maxime</strong></span> <span class='ocrx_word' id='word_1_25' title='bbox 1185 417 1305 459; x_wconf 89' lang='lat' dir='ltr'><strong>cum</strong></span> <span class='ocrx_word' id='word_1_26' title='bbox 1341 404 1453 473; x_wconf 86' lang='lat' dir='ltr'><strong>jam</strong></span> <span class='ocrx_word' id='word_1_27' title='bbox 1481 404 1553 458; x_wconf 88' lang='lat' dir='ltr'><strong>sit</strong></span> <span class='ocrx_word' id='word_1_28' title='bbox 1578 419 1766 463; x_wconf 89' lang='lat' dir='ltr'><strong>eorum</strong></span> <span class='ocrx_word' id='word_1_29' title='bbox 1808 404 1954 464; x_wconf 79' lang='lat' dir='ltr'><strong>fraus</strong></span> 
     </span>
    </p>
   </div>
   <div class='ocr_carea' id='block_1_6' title="bbox 354 496 1954 577">
    <p class='ocr_par' dir='ltr' id='par_1_6' title="bbox 354 496 1954 577">
     <span class='ocr_line' id='line_1_6' title="bbox 354 496 1954 577; baseline 0.003 -24"><span class='ocrx_word' id='word_1_30' title='bbox 354 498 533 553; x_wconf 91' lang='lat' dir='ltr'><strong>omnis</strong></span> <span class='ocrx_word' id='word_1_31' title='bbox 554 498 606 552; x_wconf 94' lang='lat' dir='ltr'><strong>in</strong></span> <span class='ocrx_word' id='word_1_32' title='bbox 649 499 826 553; x_wconf 90' lang='lat' dir='ltr'><strong>medio</strong></span> <span class='ocrx_word' id='word_1_33' title='bbox 846 539 873 577; x_wconf 32' lang='lat'><strong>,‘</strong></span> <span class='ocrx_word' id='word_1_34' title='bbox 896 496 1285 569; x_wconf 61' lang='lat' dir='ltr'><strong>non&#39;enim;(9)</strong></span> <span class='ocrx_word' id='word_1_35' title='bbox 1330 514 1443 554; x_wconf 89' lang='lat' dir='ltr'><strong>rem</strong></span> <span class='ocrx_word' id='word_1_36' title='bbox 1477 499 1954 557; x_wconf 83' lang='lat' dir='ltr'><strong>valuerunttrans-</strong></span> 
     </span>
    </p>
   </div>
   <div class='ocr_carea' id='block_1_7' title="bbox 353 588 1949 661">
    <p class='ocr_par' dir='ltr' id='par_1_7' title="bbox 353 588 1949 661">
     <span class='ocr_line' id='line_1_7' title="bbox 353 588 1949 661; baseline 0.002 -16"><span class='ocrx_word' id='word_1_37' title='bbox 353 588 516 656; x_wconf 80' lang='lat' dir='ltr'><strong>ferre,</strong></span> <span class='ocrx_word' id='word_1_38' title='bbox 546 589 639 644; x_wconf 91' lang='lat' dir='ltr'><strong>sed</strong></span> <span class='ocrx_word' id='word_1_39' title='bbox 672 588 908 654; x_wconf 89' lang='lat' dir='ltr'><strong>nomina,</strong></span> <span class='ocrx_word' id='word_1_40' title='bbox 932 589 1191 657; x_wconf 87' lang='lat' dir='ltr'><strong>justitiam</strong></span> <span class='ocrx_word' id='word_1_41' title='bbox 1219 590 1478 654; x_wconf 80' lang='lat' dir='ltr'><strong>stultitiae.</strong></span> <span class='ocrx_word' id='word_1_42' title='bbox 1513 590 1832 661; x_wconf 71' lang='lat' dir='ltr'><strong>iniustitiam</strong></span> <span class='ocrx_word' id='word_1_43' title='bbox 1860 607 1949 648; x_wconf 87' lang='lat' dir='ltr'><strong>sa-</strong></span> 
     </span>
    </p>
   </div>
   <div class='ocr_carea' id='block_1_8' title="bbox 353 675 1953 759">
    <p class='ocr_par' dir='ltr' id='par_1_8' title="bbox 353 675 1953 759">
     <span class='ocr_line' id='line_1_8' title="bbox 353 675 1953 759; baseline 0.008 -27"><span class='ocrx_word' id='word_1_44' title='bbox 353 682 566 752; x_wconf 76' lang='lat' dir='ltr'><strong>pientiae</strong></span> <span class='ocrx_word' id='word_1_45' title='bbox 588 682 863 737; x_wconf 80' lang='lat' dir='ltr'><strong>vocabulis</strong></span> <span class='ocrx_word' id='word_1_46' title='bbox 892 675 1211 738; x_wconf 81' lang='lat' dir='ltr'><strong>infamantes</strong></span> <span class='ocrx_word' id='word_1_47' title='bbox 1244 701 1257 737; x_wconf 88' lang='lat'>:</span> <span class='ocrx_word' id='word_1_48' title='bbox 1288 698 1407 754; x_wconf 85' lang='lat' dir='ltr'><strong>quae</strong></span> <span class='ocrx_word' id='word_1_49' title='bbox 1435 684 1479 739; x_wconf 92' lang='lat' dir='ltr'><strong>si</strong></span> <span class='ocrx_word' id='word_1_50' title='bbox 1501 685 1684 741; x_wconf 85' lang='lat' dir='ltr'><strong>adsua</strong></span> <span class='ocrx_word' id='word_1_51' title='bbox 1713 690 1953 759; x_wconf 77' lang='lat' dir='ltr'><strong>corrigas</strong></span> 
     </span>
    </p>
   </div>
   <div class='ocr_carea' id='block_1_9' title="bbox 351 773 1953 851">
    <p class='ocr_par' dir='ltr' id='par_1_9' title="bbox 351 773 1953 851">
     <span class='ocr_line' id='line_1_9' title="bbox 351 773 1953 851; baseline 0.004 -22"><span class='ocrx_word' id='word_1_52' title='bbox 351 774 685 845; x_wconf 84' lang='lat' dir='ltr'><strong>propriisque</strong></span> <span class='ocrx_word' id='word_1_53' title='bbox 712 773 929 829; x_wconf 87' lang='lat' dir='ltr'><strong>sedibus</strong></span> <span class='ocrx_word' id='word_1_54' title='bbox 956 774 1179 841; x_wconf 81' lang='lat' dir='ltr'><strong>reddas,</strong></span> <span class='ocrx_word' id='word_1_55' title='bbox 1214 775 1453 832; x_wconf 75' lang='lat' dir='ltr'><strong>invenies</strong></span> <span class='ocrx_word' id='word_1_56' title='bbox 1476 777 1752 848; x_wconf 66' lang='lat' dir='ltr'><strong>injustitite</strong></span> <span class='ocrx_word' id='word_1_57' title='bbox 1783 781 1953 851; x_wconf 86' lang='lat' dir='ltr'><strong>magis</strong></span> 
     </span>
    </p>
   </div>
   <div class='ocr_carea' id='block_1_10' title="bbox 348 866 1951 943">
    <p class='ocr_par' dir='ltr' id='par_1_10' title="bbox 348 866 1951 943">
     <span class='ocr_line' id='line_1_10' title="bbox 348 866 1951 943; baseline 0.003 -21"><span class='ocrx_word' id='word_1_58' title='bbox 348 867 670 932; x_wconf 89' lang='lat' dir='ltr'><strong>stultitiam,</strong></span> <span class='ocrx_word' id='word_1_59' title='bbox 730 866 956 936; x_wconf 67' lang='lat' dir='ltr'><strong>justitia:</strong></span> <span class='ocrx_word' id='word_1_60' title='bbox 1019 868 1340 937; x_wconf 86' lang='lat' dir='ltr'><strong>sapientiam</strong></span> <span class='ocrx_word' id='word_1_61' title='bbox 1398 871 1740 937; x_wconf 77' lang='lat' dir='ltr'><strong>convenire;</strong></span> <span class='ocrx_word' id='word_1_62' title='bbox 1808 872 1951 943; x_wconf 87' lang='lat' dir='ltr'><strong>quod</strong></span> 
     </span>
    </p>
   </div>
   <div class='ocr_carea' id='block_1_11' title="bbox 347 960 1947 1035">
    <p class='ocr_par' dir='ltr' id='par_1_11' title="bbox 347 960 1947 1035">
     <span class='ocr_line' id='line_1_11' title="bbox 347 960 1947 1035; baseline 0.003 -18"><span class='ocrx_word' id='word_1_63' title='bbox 347 962 504 1017; x_wconf 88' lang='lat' dir='ltr'><strong>etiam</strong></span> <span class='ocrx_word' id='word_1_64' title='bbox 532 974 700 1015; x_wconf 85' lang='lat' dir='ltr'><strong>sacrae</strong></span> <span class='ocrx_word' id='word_1_65' title='bbox 744 960 875 1031; x_wconf 90' lang='lat' dir='ltr'><strong>legis</strong></span> <span class='ocrx_word' id='word_1_66' title='bbox 909 963 1232 1017; x_wconf 87' lang='lat' dir='ltr'><strong>testimoniis</strong></span> <span class='ocrx_word' id='word_1_67' title='bbox 1276 964 1503 1033; x_wconf 91' lang='lat' dir='ltr'><strong>probare</strong></span> <span class='ocrx_word' id='word_1_68' title='bbox 1529 981 1639 1020; x_wconf 88' lang='lat' dir='ltr'><strong>non</strong></span> <span class='ocrx_word' id='word_1_69' title='bbox 1670 966 1947 1035; x_wconf 79' lang='lat' dir='ltr'><strong>desinam,</strong></span> 
     </span>
    </p>
   </div>
   <div class='ocr_carea' id='block_1_12' title="bbox 345 1052 1945 1129">
    <p class='ocr_par' dir='ltr' id='par_1_12' title="bbox 345 1052 1945 1129">
     <span class='ocr_line' id='line_1_12' title="bbox 345 1052 1945 1129; baseline 0.006 -21"><span class='ocrx_word' id='word_1_70' title='bbox 345 1054 495 1123; x_wconf 88' lang='lat' dir='ltr'><strong>cujus</strong></span> <span class='ocrx_word' id='word_1_71' title='bbox 524 1052 625 1108; x_wconf 87' lang='lat' dir='ltr'><strong>ista</strong></span> <span class='ocrx_word' id='word_1_72' title='bbox 654 1062 780 1108; x_wconf 89' lang='lat' dir='ltr'><strong>sunt</strong></span> <span class='ocrx_word' id='word_1_73' title='bbox 812 1056 973 1110; x_wconf 88' lang='lat' dir='ltr'><strong>verba</strong></span> <span class='ocrx_word' id='word_1_74' title='bbox 1008 1074 1022 1109; x_wconf 86' lang='lat'><strong>:</strong></span> <span class='ocrx_word' id='word_1_75' title='bbox 1057 1055 1198 1110; x_wconf 87' lang='lat' dir='ltr'><strong>Nam</strong></span> <span class='ocrx_word' id='word_1_76' title='bbox 1225 1060 1345 1128; x_wconf 88' lang='lat' dir='ltr'><strong>quia</strong></span> <span class='ocrx_word' id='word_1_77' title='bbox 1381 1061 1686 1129; x_wconf 72' lang='lat' dir='ltr'><strong>sapientiam</strong></span> <span class='ocrx_word' id='word_1_78' title='bbox 1714 1060 1808 1114; x_wconf 85' lang='lat' dir='ltr'><strong>Dei</strong></span> <span class='ocrx_word' id='word_1_79' title='bbox 1843 1079 1945 1117; x_wconf 90' lang='lat' dir='ltr'><strong>non</strong></span> 
     </span>
    </p>
   </div>
   <div class='ocr_carea' id='block_1_13' title="bbox 341 1146 1949 1222">
    <p class='ocr_par' dir='ltr' id='par_1_13' title="bbox 341 1146 1949 1222">
     <span class='ocr_line' id='line_1_13' title="bbox 341 1146 1949 1222; baseline 0.006 -23"><span class='ocrx_word' id='word_1_80' title='bbox 341 1146 572 1217; x_wconf 78' lang='lat' dir='ltr'><strong>cognovit</strong></span> <span class='ocrx_word' id='word_1_81' title='bbox 600 1146 844 1200; x_wconf 74' lang='lat' dir='ltr'><strong>swculum</strong></span> <span class='ocrx_word' id='word_1_82' title='bbox 872 1165 962 1217; x_wconf 89' lang='lat' dir='ltr'><strong>per</strong></span> <span class='ocrx_word' id='word_1_83' title='bbox 988 1149 1312 1220; x_wconf 79' lang='lat' dir='ltr'><strong>sapientiam,</strong></span> <span class='ocrx_word' id='word_1_84' title='bbox 1342 1148 1481 1205; x_wconf 86' lang='lat' dir='ltr'><strong>Deus</strong></span> <span class='ocrx_word' id='word_1_85' title='bbox 1502 1153 1749 1222; x_wconf 86' lang='lat' dir='ltr'><strong>optimum</strong></span> <span class='ocrx_word' id='word_1_86' title='bbox 1770 1155 1949 1210; x_wconf 74' lang='lat' dir='ltr'><strong>existi-</strong></span> 
     </span>
    </p>
   </div>
   <div class='ocr_carea' id='block_1_14' title="bbox 340 1224 1952 1315">
    <p class='ocr_par' dir='ltr' id='par_1_14' title="bbox 340 1224 1952 1315">
     <span class='ocr_line' id='line_1_14' title="bbox 340 1224 1952 1315; baseline 0.006 -23"><span class='ocrx_word' id='word_1_87' title='bbox 340 1241 494 1292; x_wconf 83' lang='lat' dir='ltr'><strong>mauit</strong></span> <span class='ocrx_word' id='word_1_88' title='bbox 522 1224 907 1309; x_wconf 42' lang='lat' dir='ltr'><strong>per&#39;stultitiam</strong></span> <span class='ocrx_word' id='word_1_89' title='bbox 935 1242 1318 1310; x_wconf 59' lang='lat' dir='ltr'><strong>praedicationis</strong></span> <span class='ocrx_word' id='word_1_90' title='bbox 1348 1244 1514 1299; x_wconf 86' lang='lat' dir='ltr'><strong>salvos</strong></span> <span class='ocrx_word' id='word_1_91' title='bbox 1545 1245 1714 1315; x_wconf 82' lang='lat' dir='ltr'><strong>facere</strong></span> <span class='ocrx_word' id='word_1_92' title='bbox 1742 1247 1952 1301; x_wconf 82' lang='lat' dir='ltr'><strong>creden-</strong></span> 
     </span>
    </p>
   </div>
   <div class='ocr_carea' id='block_1_15' title="bbox 340 1327 1948 1403">
    <p class='ocr_par' dir='ltr' id='par_1_15' title="bbox 340 1327 1948 1403">
     <span class='ocr_line' id='line_1_15' title="bbox 340 1327 1948 1403; baseline 0.004 -18"><span class='ocrx_word' id='word_1_93' title='bbox 340 1341 411 1385; x_wconf 89' lang='lat' dir='ltr'><strong>tes</strong></span> <span class='ocrx_word' id='word_1_94' title='bbox 442 1330 484 1403; x_wconf 92' lang='lat' dir='ltr'><strong>(i</strong></span> <span class='ocrx_word' id='word_1_95' title='bbox 517 1327 636 1384; x_wconf 86' lang='lat' dir='ltr'><strong>Cor.</strong></span> <span class='ocrx_word' id='word_1_96' title='bbox 670 1346 718 1398; x_wconf 86' lang='grc' dir='ltr'>ι,</span> <span class='ocrx_word' id='word_1_97' title='bbox 748 1332 865 1400; x_wconf 80' lang='lat' dir='ltr'><strong>2i).</strong></span> <span class='ocrx_word' id='word_1_98' title='bbox 903 1332 967 1386; x_wconf 87' lang='lat' dir='ltr'><strong>Et</strong></span> <span class='ocrx_word' id='word_1_99' title='bbox 995 1335 1187 1387; x_wconf 87' lang='lat' dir='ltr'><strong>iterum</strong></span> <span class='ocrx_word' id='word_1_100' title='bbox 1222 1328 1554 1389; x_wconf 79' lang='lat' dir='ltr'><strong>manifestius</strong></span> <span class='ocrx_word' id='word_1_101' title='bbox 1586 1354 1600 1390; x_wconf 89' lang='lat'><strong>:</strong></span> <span class='ocrx_word' id='word_1_102' title='bbox 1634 1334 1695 1391; x_wconf 91' lang='lat' dir='ltr'><strong>Si</strong></span> <span class='ocrx_word' id='word_1_103' title='bbox 1724 1338 1836 1403; x_wconf 83' lang='lat' dir='ltr'><strong>quis</strong></span> <span class='ocrx_word' id='word_1_104' title='bbox 1866 1338 1948 1391; x_wconf 84' lang='lat' dir='ltr'><strong>in-</strong></span> 
     </span>
    </p>
   </div>
   <div class='ocr_carea' id='block_1_16' title="bbox 339 1419 1943 1506">
    <p class='ocr_par' dir='ltr' id='par_1_16' title="bbox 339 1419 1943 1506">
     <span class='ocr_line' id='line_1_16' title="bbox 339 1419 1943 1506; baseline 0.003 -29"><span class='ocrx_word' id='word_1_105' title='bbox 339 1427 412 1477; x_wconf 80' lang='lat' dir='ltr'><strong>ter</strong></span> <span class='ocrx_word' id='word_1_106' title='bbox 441 1440 527 1478; x_wconf 84' lang='lat' dir='ltr'><strong>vos</strong></span> <span class='ocrx_word' id='word_1_107' title='bbox 555 1423 752 1479; x_wconf 81' lang='lat' dir='ltr'><strong>videtur</strong></span> <span class='ocrx_word' id='word_1_108' title='bbox 794 1426 998 1495; x_wconf 84' lang='lat' dir='ltr'><strong>sapiens</strong></span> <span class='ocrx_word' id='word_1_109' title='bbox 1028 1443 1140 1481; x_wconf 83' lang='lat' dir='ltr'><strong>esse</strong></span> <span class='ocrx_word' id='word_1_110' title='bbox 1161 1428 1213 1479; x_wconf 88' lang='lat' dir='ltr'><strong>in</strong></span> <span class='ocrx_word' id='word_1_111' title='bbox 1241 1428 1336 1481; x_wconf 85' lang='lat' dir='ltr'><strong>hoc</strong></span> <span class='ocrx_word' id='word_1_112' title='bbox 1362 1419 1572 1494; x_wconf 61' lang='lat' dir='ltr'><strong>sarculo,</strong></span> <span class='ocrx_word' id='word_1_113' title='bbox 1598 1432 1786 1485; x_wconf 79' lang='lat' dir='ltr'><strong>stultus</strong></span> <span class='ocrx_word' id='word_1_114' title='bbox 1818 1432 1909 1499; x_wconf 74' lang='lat' dir='ltr'><strong>ﬁat</strong></span> <span class='ocrx_word' id='word_1_115' title='bbox 1928 1481 1943 1506; x_wconf 63' lang='lat'><strong>,</strong></span> 
     </span>
    </p>
   </div>
   <div class='ocr_carea' id='block_1_17' title="bbox 337 1516 1946 1590">
    <p class='ocr_par' dir='ltr' id='par_1_17' title="bbox 337 1516 1946 1590">
     <span class='ocr_line' id='line_1_17' title="bbox 337 1516 1946 1590; baseline 0.002 -21"><span class='ocrx_word' id='word_1_116' title='bbox 337 1524 391 1569; x_wconf 89' lang='lat' dir='ltr'><strong>ut</strong></span> <span class='ocrx_word' id='word_1_117' title='bbox 422 1516 485 1569; x_wconf 85' lang='lat' dir='ltr'><strong>sit</strong></span> <span class='ocrx_word' id='word_1_118' title='bbox 512 1516 739 1587; x_wconf 82' lang='lat' dir='ltr'><strong>prudens</strong></span> <span class='ocrx_word' id='word_1_119' title='bbox 763 1532 780 1570; x_wconf 90' lang='lat'><strong><em>:</em></strong></span> <span class='ocrx_word' id='word_1_120' title='bbox 812 1534 929 1571; x_wconf 87' lang='lat' dir='ltr'><strong>nam</strong></span> <span class='ocrx_word' id='word_1_121' title='bbox 958 1516 1117 1589; x_wconf 82' lang='lat' dir='ltr'><strong>hujus</strong></span> <span class='ocrx_word' id='word_1_122' title='bbox 1144 1519 1321 1571; x_wconf 83' lang='lat' dir='ltr'><strong>mundi</strong></span> <span class='ocrx_word' id='word_1_123' title='bbox 1350 1520 1600 1590; x_wconf 85' lang='lat' dir='ltr'><strong>sapientia</strong></span> <span class='ocrx_word' id='word_1_124' title='bbox 1625 1520 1841 1574; x_wconf 84' lang='lat' dir='ltr'><strong>stultitia</strong></span> <span class='ocrx_word' id='word_1_125' title='bbox 1872 1522 1946 1573; x_wconf 70' lang='lat' dir='ltr'><strong>est</strong></span> 
     </span>
    </p>
   </div>
   <div class='ocr_carea' id='block_1_18' title="bbox 336 1607 1939 1684">
    <p class='ocr_par' dir='ltr' id='par_1_18' title="bbox 336 1607 1939 1684">
     <span class='ocr_line' id='line_1_18' title="bbox 336 1607 1939 1684; baseline 0.004 -21"><span class='ocrx_word' id='word_1_126' title='bbox 336 1609 477 1678; x_wconf 86' lang='lat' dir='ltr'><strong>apud</strong></span> <span class='ocrx_word' id='word_1_127' title='bbox 522 1607 690 1663; x_wconf 83' lang='lat' dir='ltr'><strong>Deum</strong></span> <span class='ocrx_word' id='word_1_128' title='bbox 720 1610 781 1683; x_wconf 85' lang='grc' dir='ltr'><strong>(Ι</strong></span> <span class='ocrx_word' id='word_1_129' title='bbox 813 1611 929 1665; x_wconf 82' lang='lat' dir='ltr'><strong>Cor.</strong></span> <span class='ocrx_word' id='word_1_130' title='bbox 958 1627 1045 1679; x_wconf 88' lang='lat' dir='ltr'><strong>ttt,</strong></span> <span class='ocrx_word' id='word_1_131' title='bbox 1068 1611 1189 1675; x_wconf 80' lang='grc'><strong>-18,</strong></span> <span class='ocrx_word' id='word_1_132' title='bbox 1228 1612 1335 1684; x_wconf 89' lang='lat' dir='ltr'><strong>i9).</strong></span> <span class='ocrx_word' id='word_1_133' title='bbox 1388 1613 1466 1667; x_wconf 87' lang='lat' dir='ltr'><strong>0b</strong></span> <span class='ocrx_word' id='word_1_134' title='bbox 1514 1630 1673 1684; x_wconf 80' lang='lat' dir='ltr'><strong>quant</strong></span> <span class='ocrx_word' id='word_1_135' title='bbox 1724 1630 1939 1669; x_wconf 77' lang='lat' dir='ltr'><strong>causam</strong></span> 
     </span>
    </p>
   </div>
   <div class='ocr_carea' id='block_1_19' title="bbox 2058 412 3650 489">
    <p class='ocr_par' dir='ltr' id='par_1_19' title="bbox 2058 412 3650 489">
     <span class='ocr_line' id='line_1_19' title="bbox 2058 412 3650 489; baseline 0.005 -22"><span class='ocrx_word' id='word_1_136' title='bbox 2058 412 2249 469; x_wconf 80' lang='lat' dir='ltr'><strong>iecerit</strong></span> <span class='ocrx_word' id='word_1_137' title='bbox 2269 414 2291 468; x_wconf 82' lang='lat'><strong>?</strong></span> <span class='ocrx_word' id='word_1_138' title='bbox 2315 414 2493 472; x_wconf 81' lang='lat' dir='ltr'><strong>Vultis</strong></span> <span class='ocrx_word' id='word_1_139' title='bbox 2520 415 2682 482; x_wconf 84' lang='lat' dir='ltr'><strong>seire,</strong></span> <span class='ocrx_word' id='word_1_140' title='bbox 2710 430 2872 486; x_wconf 88' lang='lat' dir='ltr'><strong>quam</strong></span> <span class='ocrx_word' id='word_1_141' title='bbox 2886 414 3031 486; x_wconf 87' lang='lat' dir='ltr'><strong>justa</strong></span> <span class='ocrx_word' id='word_1_142' title='bbox 3048 413 3155 475; x_wconf 69' lang='lat' dir='ltr'><strong>siti</strong></span> <span class='ocrx_word' id='word_1_143' title='bbox 3184 415 3438 479; x_wconf 86' lang='lat' dir='ltr'><strong>miseram</strong></span> <span class='ocrx_word' id='word_1_144' title='bbox 3461 433 3523 475; x_wconf 86' lang='lat' dir='ltr'><strong>se</strong></span> <span class='ocrx_word' id='word_1_145' title='bbox 3551 435 3650 489; x_wconf 84' lang='lat' dir='ltr'><strong>pu-</strong></span> 
     </span>
    </p>
   </div>
   <div class='ocr_carea' id='block_1_20' title="bbox 2058 508 3649 581">
    <p class='ocr_par' dir='ltr' id='par_1_20' title="bbox 2058 508 3649 581">
     <span class='ocr_line' id='line_1_20' title="bbox 2058 508 3649 581; baseline 0.004 -20"><span class='ocrx_word' id='word_1_146' title='bbox 2058 516 2160 575; x_wconf 93' lang='lat' dir='ltr'><strong>tat,</strong></span> <span class='ocrx_word' id='word_1_147' title='bbox 2225 508 2325 563; x_wconf 89' lang='lat' dir='ltr'><strong>nisi</strong></span> <span class='ocrx_word' id='word_1_148' title='bbox 2371 510 2625 569; x_wconf 82' lang='lat' dir='ltr'><strong>everterit</strong></span> <span class='ocrx_word' id='word_1_149' title='bbox 2675 510 2979 570; x_wconf 75' lang='lat' dir='ltr'><strong>veritatem.</strong></span> <span class='ocrx_word' id='word_1_150' title='bbox 3041 510 3309 566; x_wconf 85' lang='lat' dir='ltr'><strong>Caeterum</strong></span> <span class='ocrx_word' id='word_1_151' title='bbox 3361 509 3649 581; x_wconf 78' lang='lat' dir='ltr'><strong>fortitudo,</strong></span> 
     </span>
    </p>
   </div>
   <div class='ocr_carea' id='block_1_21' title="bbox 2054 600 3651 679">
    <p class='ocr_par' dir='ltr' id='par_1_21' title="bbox 2054 600 3651 679">
     <span class='ocr_line' id='line_1_21' title="bbox 2054 600 3651 679; baseline 0.003 -24"><span class='ocrx_word' id='word_1_152' title='bbox 2054 616 2175 672; x_wconf 68' lang='lat' dir='ltr'><strong>quin</strong></span> <span class='ocrx_word' id='word_1_153' title='bbox 2198 601 2503 658; x_wconf 89' lang='lat' dir='ltr'><strong>hominibus</strong></span> <span class='ocrx_word' id='word_1_154' title='bbox 2525 608 2609 658; x_wconf 85' lang='lat' dir='ltr'><strong>est</strong></span> <span class='ocrx_word' id='word_1_155' title='bbox 2628 617 2751 657; x_wconf 87' lang='lat' dir='ltr'><strong>cum</strong></span> <span class='ocrx_word' id='word_1_156' title='bbox 2778 600 2989 679; x_wconf 76' lang='lat' dir='ltr'><strong>feritate</strong></span> <span class='ocrx_word' id='word_1_157' title='bbox 3018 602 3345 667; x_wconf 86' lang='lat' dir='ltr'><strong>communis,</strong></span> <span class='ocrx_word' id='word_1_158' title='bbox 3375 618 3542 659; x_wconf 88' lang='lat' dir='ltr'><strong>omne</strong></span> <span class='ocrx_word' id='word_1_159' title='bbox 3560 602 3651 675; x_wconf 81' lang='lat' dir='ltr'><strong>jus</strong></span> 
     </span>
    </p>
   </div>
   <div class='ocr_carea' id='block_1_22' title="bbox 2055 691 3653 764">
    <p class='ocr_par' dir='ltr' id='par_1_22' title="bbox 2055 691 3653 764">
     <span class='ocr_line' id='line_1_22' title="bbox 2055 691 3653 764; baseline 0 -17"><span class='ocrx_word' id='word_1_160' title='bbox 2055 694 2107 747; x_wconf 90' lang='lat' dir='ltr'><strong>in</strong></span> <span class='ocrx_word' id='word_1_161' title='bbox 2141 692 2342 749; x_wconf 83' lang='lat' dir='ltr'><strong>viribus</strong></span> <span class='ocrx_word' id='word_1_162' title='bbox 2387 692 2588 757; x_wconf 80' lang='lat' dir='ltr'><strong>habet;</strong></span> <span class='ocrx_word' id='word_1_163' title='bbox 2621 693 2765 764; x_wconf 91' lang='lat' dir='ltr'><strong>quod</strong></span> <span class='ocrx_word' id='word_1_164' title='bbox 2805 691 2986 749; x_wconf 78' lang='lat' dir='ltr'><strong>facere</strong></span> <span class='ocrx_word' id='word_1_165' title='bbox 3016 693 3388 763; x_wconf 64' lang='lat' dir='ltr'><strong>pra-valuerit,</strong></span> <span class='ocrx_word' id='word_1_166' title='bbox 3420 693 3653 753; x_wconf 61' lang='lat' dir='ltr'><strong>aestimat</strong></span> 
     </span>
    </p>
   </div>
   <div class='ocr_carea' id='block_1_23' title="bbox 2054 785 3653 863">
    <p class='ocr_par' dir='ltr' id='par_1_23' title="bbox 2054 785 3653 863">
     <span class='ocr_line' id='line_1_23' title="bbox 2054 785 3653 863; baseline 0.001 -22"><span class='ocrx_word' id='word_1_167' title='bbox 2054 795 2258 842; x_wconf 91' lang='lat' dir='ltr'><strong>rectum</strong></span> <span class='ocrx_word' id='word_1_168' title='bbox 2285 806 2298 843; x_wconf 89' lang='lat'><strong>:</strong></span> <span class='ocrx_word' id='word_1_169' title='bbox 2328 786 2441 859; x_wconf 79' lang='grc'><strong>(12)</strong></span> <span class='ocrx_word' id='word_1_170' title='bbox 2470 787 2697 857; x_wconf 89' lang='lat' dir='ltr'><strong>ideoque</strong></span> <span class='ocrx_word' id='word_1_171' title='bbox 2725 787 2844 841; x_wconf 86' lang='lat' dir='ltr'><strong>sine</strong></span> <span class='ocrx_word' id='word_1_172' title='bbox 2882 785 2989 841; x_wconf 92' lang='lat' dir='ltr'><strong>ulla</strong></span> <span class='ocrx_word' id='word_1_173' title='bbox 3020 786 3318 841; x_wconf 84' lang='lat' dir='ltr'><strong>reverentia</strong></span> <span class='ocrx_word' id='word_1_174' title='bbox 3346 785 3546 849; x_wconf 62' lang='lat' dir='ltr'><strong>divina:</strong></span> <span class='ocrx_word' id='word_1_175' title='bbox 3571 796 3653 863; x_wconf 83' lang='lat' dir='ltr'><strong>at-</strong></span> 
     </span>
    </p>
   </div>
   <div class='ocr_carea' id='block_1_24' title="bbox 2053 876 3649 951">
    <p class='ocr_par' dir='ltr' id='par_1_24' title="bbox 2053 876 3649 951">
     <span class='ocr_line' id='line_1_24' title="bbox 2053 876 3649 951; baseline 0.001 -16"><span class='ocrx_word' id='word_1_176' title='bbox 2053 897 2156 951; x_wconf 91' lang='lat' dir='ltr'><strong>que</strong></span> <span class='ocrx_word' id='word_1_177' title='bbox 2184 880 2435 937; x_wconf 76' lang='lat' dir='ltr'><strong>humana)</strong></span> <span class='ocrx_word' id='word_1_178' title='bbox 2476 880 2750 951; x_wconf 91' lang='lat' dir='ltr'><strong>religionis</strong></span> <span class='ocrx_word' id='word_1_179' title='bbox 2788 879 2932 936; x_wconf 83' lang='lat' dir='ltr'><strong>delet</strong></span> <span class='ocrx_word' id='word_1_180' title='bbox 2969 878 3193 948; x_wconf 90' lang='lat' dir='ltr'><strong>abrupte</strong></span> <span class='ocrx_word' id='word_1_181' title='bbox 3242 878 3351 949; x_wconf 86' lang='lat' dir='ltr'><strong>igni</strong></span> <span class='ocrx_word' id='word_1_182' title='bbox 3399 876 3649 951; x_wconf 75' lang='lat' dir='ltr'><strong>ferroque</strong></span> 
     </span>
    </p>
   </div>
   <div class='ocr_carea' id='block_1_25' title="bbox 2052 970 3647 1039">
    <p class='ocr_par' dir='ltr' id='par_1_25' title="bbox 2052 970 3647 1039">
     <span class='ocr_line' id='line_1_25' title="bbox 2052 970 3647 1039; baseline -0.003 -9"><span class='ocrx_word' id='word_1_183' title='bbox 2052 990 2171 1030; x_wconf 91' lang='lat' dir='ltr'><strong>cum</strong></span> <span class='ocrx_word' id='word_1_184' title='bbox 2199 989 2295 1031; x_wconf 89' lang='lat' dir='ltr'><strong>sua</strong></span> <span class='ocrx_word' id='word_1_185' title='bbox 2322 974 2423 1031; x_wconf 87' lang='lat' dir='ltr'><strong>sibi</strong></span> <span class='ocrx_word' id='word_1_186' title='bbox 2451 982 2559 1029; x_wconf 84' lang='lat' dir='ltr'><strong>tota</strong></span> <span class='ocrx_word' id='word_1_187' title='bbox 2582 972 2878 1031; x_wconf 81' lang='lat' dir='ltr'><strong>substantia</strong></span> <span class='ocrx_word' id='word_1_188' title='bbox 2916 970 3138 1035; x_wconf 83' lang='lat' dir='ltr'><strong>incolas,</strong></span> <span class='ocrx_word' id='word_1_189' title='bbox 3170 970 3441 1039; x_wconf 82' lang='lat' dir='ltr'><strong>civitates,</strong></span> <span class='ocrx_word' id='word_1_190' title='bbox 3474 983 3530 1025; x_wconf 91' lang='lat' dir='ltr'><strong>et</strong></span> <span class='ocrx_word' id='word_1_191' title='bbox 3557 987 3647 1027; x_wconf 79' lang='lat' dir='ltr'><strong>ru-</strong></span> 
     </span>
    </p>
   </div>
   <div class='ocr_carea' id='block_1_26' title="bbox 2053 1063 3687 1132">
    <p class='ocr_par' dir='ltr' id='par_1_26' title="bbox 2053 1063 3687 1132">
     <span class='ocr_line' id='line_1_26' title="bbox 2053 1063 3687 1132; baseline -0.002 -9"><span class='ocrx_word' id='word_1_192' title='bbox 2053 1085 2133 1132; x_wconf 85' lang='lat' dir='ltr'><strong>ra,</strong></span> <span class='ocrx_word' id='word_1_193' title='bbox 2163 1069 2293 1123; x_wconf 87' lang='lat' dir='ltr'><strong>nihil</strong></span> <span class='ocrx_word' id='word_1_194' title='bbox 2317 1069 2538 1123; x_wconf 91' lang='lat' dir='ltr'><strong>omnino</strong></span> <span class='ocrx_word' id='word_1_195' title='bbox 2580 1076 2823 1121; x_wconf 86' lang='lat' dir='ltr'><strong>metuens</strong></span> <span class='ocrx_word' id='word_1_196' title='bbox 2852 1064 3038 1122; x_wconf 64' lang='lat' dir='ltr'><strong>amicat</strong></span> <span class='ocrx_word' id='word_1_197' title='bbox 3069 1065 3262 1123; x_wconf 84' lang='lat' dir='ltr'><strong>mortis</strong></span> <span class='ocrx_word' id='word_1_198' title='bbox 3294 1063 3484 1125; x_wconf 77' lang='lat' dir='ltr'><strong>ﬁducia</strong></span> <span class='ocrx_word' id='word_1_199' title='bbox 3508 1081 3527 1131; x_wconf 84' lang='lat'><strong>;</strong></span> <span class='ocrx_word' id='word_1_200' title='bbox 3555 1065 3647 1122; x_wconf 84' lang='lat' dir='ltr'><strong>tie-.-</strong></span> <span class='ocrx_word' id='word_1_201' title='bbox 3682 1098 3687 1107; x_wconf 73' lang='grc' dir='ltr'><strong>ι</strong></span> 
     </span>
    </p>
   </div>
   <div class='ocr_carea' id='block_1_27' title="bbox 2052 1143 3644 1234">
    <p class='ocr_par' dir='ltr' id='par_1_27' title="bbox 2052 1143 3644 1234">
     <span class='ocr_line' id='line_1_27' title="bbox 2052 1143 3644 1234; baseline -0.002 -17"><span class='ocrx_word' id='word_1_202' title='bbox 2052 1165 2215 1234; x_wconf 89' lang='lat' dir='ltr'><strong>nique</strong></span> <span class='ocrx_word' id='word_1_203' title='bbox 2235 1162 2375 1233; x_wconf 80' lang='lat' dir='ltr'><strong>quod</strong></span> <span class='ocrx_word' id='word_1_204' title='bbox 2416 1161 2679 1229; x_wconf 87' lang='lat' dir='ltr'><strong>sapientia</strong></span> <span class='ocrx_word' id='word_1_205' title='bbox 2713 1143 2918 1229; x_wconf 75' lang='lat' dir='ltr'><strong>legibus</strong></span> <span class='ocrx_word' id='word_1_206' title='bbox 2942 1174 3037 1228; x_wconf 90' lang='lat' dir='ltr'><strong>per</strong></span> <span class='ocrx_word' id='word_1_207' title='bbox 3067 1157 3388 1214; x_wconf 86' lang='lat' dir='ltr'><strong>industriam</strong></span> <span class='ocrx_word' id='word_1_208' title='bbox 3417 1162 3644 1232; x_wconf 84' lang='lat' dir='ltr'><strong>colligit,</strong></span> 
     </span>
    </p>
   </div>
   <div class='ocr_carea' id='block_1_28' title="bbox 2051 1248 3647 1323">
    <p class='ocr_par' dir='ltr' id='par_1_28' title="bbox 2051 1248 3647 1323">
     <span class='ocr_line' id='line_1_28' title="bbox 2051 1248 3647 1323; baseline -0.001 -14"><span class='ocrx_word' id='word_1_209' title='bbox 2051 1270 2158 1309; x_wconf 90' lang='lat' dir='ltr'><strong>uno</strong></span> <span class='ocrx_word' id='word_1_210' title='bbox 2187 1250 2715 1323; x_wconf 82' lang='lat' dir='ltr'><strong>impetualiquetictts</strong></span> <span class='ocrx_word' id='word_1_211' title='bbox 2742 1248 2857 1322; x_wconf 80' lang='lat' dir='ltr'><strong>(i5)</strong></span> <span class='ocrx_word' id='word_1_212' title='bbox 2879 1249 3043 1307; x_wconf 85' lang='lat' dir='ltr'><strong>clusis</strong></span> <span class='ocrx_word' id='word_1_213' title='bbox 3057 1250 3228 1306; x_wconf 87' lang='lat' dir='ltr'><strong>oculis</strong></span> <span class='ocrx_word' id='word_1_214' title='bbox 3251 1250 3341 1308; x_wconf 87' lang='lat' dir='ltr'><strong>illa</strong></span> <span class='ocrx_word' id='word_1_215' title='bbox 3366 1250 3647 1323; x_wconf 75' lang='lat' dir='ltr'><strong>dispergit.</strong></span> 
     </span>
    </p>
   </div>
   <div class='ocr_carea' id='block_1_29' title="bbox 2050 1344 3647 1418">
    <p class='ocr_par' dir='ltr' id='par_1_29' title="bbox 2050 1344 3647 1418">
     <span class='ocr_line' id='line_1_29' title="bbox 2050 1344 3647 1418; baseline 0.001 -17"><span class='ocrx_word' id='word_1_216' title='bbox 2050 1346 2234 1401; x_wconf 86' lang='lat' dir='ltr'><strong>Tertio</strong></span> <span class='ocrx_word' id='word_1_217' title='bbox 2274 1346 2422 1400; x_wconf 87' lang='lat' dir='ltr'><strong>dives</strong></span> <span class='ocrx_word' id='word_1_218' title='bbox 2464 1354 2545 1397; x_wconf 91' lang='lat' dir='ltr'><strong>est</strong></span> <span class='ocrx_word' id='word_1_219' title='bbox 2570 1344 2816 1409; x_wconf 88' lang='lat' dir='ltr'><strong>avaritia,</strong></span> <span class='ocrx_word' id='word_1_220' title='bbox 2850 1351 3091 1415; x_wconf 66' lang='lat' dir='ltr'><strong>utrmque</strong></span> <span class='ocrx_word' id='word_1_221' title='bbox 3119 1344 3274 1415; x_wconf 85' lang='lat' dir='ltr'><strong>cujus</strong></span> <span class='ocrx_word' id='word_1_222' title='bbox 3319 1361 3647 1418; x_wconf 80' lang='lat' dir='ltr'><strong>exaggerare</strong></span> 
     </span>
    </p>
   </div>
   <div class='ocr_carea' id='block_1_30' title="bbox 2049 1436 3646 1507">
    <p class='ocr_par' dir='ltr' id='par_1_30' title="bbox 2049 1436 3646 1507">
     <span class='ocr_line' id='line_1_30' title="bbox 2049 1436 3646 1507; baseline 0.001 -16"><span class='ocrx_word' id='word_1_223' title='bbox 2049 1438 2376 1507; x_wconf 89' lang='lat' dir='ltr'><strong>opulentiam</strong></span> <span class='ocrx_word' id='word_1_224' title='bbox 2425 1436 2707 1492; x_wconf 75' lang='lat' dir='ltr'><strong>velocitate</strong></span> <span class='ocrx_word' id='word_1_225' title='bbox 2753 1438 2887 1493; x_wconf 89' lang='lat' dir='ltr'><strong>mira</strong></span> <span class='ocrx_word' id='word_1_226' title='bbox 2940 1439 3313 1504; x_wconf 87' lang='lat' dir='ltr'><strong>contendunt;</strong></span> <span class='ocrx_word' id='word_1_227' title='bbox 3370 1441 3459 1495; x_wconf 92' lang='lat' dir='ltr'><strong>cui</strong></span> <span class='ocrx_word' id='word_1_228' title='bbox 3506 1450 3646 1505; x_wconf 69' lang='lat' dir='ltr'><strong>totus</strong></span> 
     </span>
    </p>
   </div>
   <div class='ocr_carea' id='block_1_31' title="bbox 2051 1524 3644 1591">
    <p class='ocr_par' dir='ltr' id='par_1_31' title="bbox 2051 1524 3644 1591">
     <span class='ocr_line' id='line_1_31' title="bbox 2051 1524 3644 1591; baseline 0.004 -10"><span class='ocrx_word' id='word_1_229' title='bbox 2051 1529 2241 1583; x_wconf 87' lang='lat' dir='ltr'><strong>militat</strong></span> <span class='ocrx_word' id='word_1_230' title='bbox 2273 1529 2537 1591; x_wconf 86' lang='lat' dir='ltr'><strong>mundus;</strong></span> <span class='ocrx_word' id='word_1_231' title='bbox 2590 1538 2720 1585; x_wconf 74' lang='lat' dir='ltr'><strong>tetas</strong></span> <span class='ocrx_word' id='word_1_232' title='bbox 2770 1530 2859 1586; x_wconf 85' lang='lat' dir='ltr'><strong>cui</strong></span> <span class='ocrx_word' id='word_1_233' title='bbox 2908 1530 3154 1585; x_wconf 77' lang='lat' dir='ltr'><strong>universa</strong></span> <span class='ocrx_word' id='word_1_234' title='bbox 3201 1530 3459 1587; x_wconf 55' lang='lat' dir='ltr'><strong>deservit.</strong></span> <span class='ocrx_word' id='word_1_235' title='bbox 3511 1524 3644 1587; x_wconf 79' lang='lat' dir='ltr'><strong>Proh</strong></span> 
     </span>
    </p>
   </div>
   <div class='ocr_carea' id='block_1_32' title="bbox 2049 1621 3646 1694">
    <p class='ocr_par' dir='ltr' id='par_1_32' title="bbox 2049 1621 3646 1694">
     <span class='ocr_line' id='line_1_32' title="bbox 2049 1621 3646 1694; baseline 0.002 -17"><span class='ocrx_word' id='word_1_236' title='bbox 2049 1622 2199 1677; x_wconf 82' lang='lat' dir='ltr'><strong>nefas</strong></span> <span class='ocrx_word' id='word_1_237' title='bbox 2226 1623 2238 1677; x_wconf 85' lang='lat' dir='ltr'><strong>l</strong></span> <span class='ocrx_word' id='word_1_238' title='bbox 2269 1638 2387 1694; x_wconf 71' lang='lat' dir='ltr'><strong>qua:</strong></span> <span class='ocrx_word' id='word_1_239' title='bbox 2416 1622 2531 1676; x_wconf 70' lang='lat' dir='ltr'><strong>ista:</strong></span> <span class='ocrx_word' id='word_1_240' title='bbox 2568 1633 2691 1677; x_wconf 90' lang='lat' dir='ltr'><strong>sunt</strong></span> <span class='ocrx_word' id='word_1_241' title='bbox 2719 1621 2998 1677; x_wconf 75' lang='lat' dir='ltr'><strong>tenebrae?</strong></span> <span class='ocrx_word' id='word_1_242' title='bbox 3030 1623 3171 1677; x_wconf 90' lang='lat' dir='ltr'><strong>inest</strong></span> <span class='ocrx_word' id='word_1_243' title='bbox 3197 1624 3474 1690; x_wconf 89' lang='lat' dir='ltr'><strong>omnibus,</strong></span> <span class='ocrx_word' id='word_1_244' title='bbox 3503 1634 3566 1688; x_wconf 83' lang='lat' dir='ltr'><strong>et.</strong></span> <span class='ocrx_word' id='word_1_245' title='bbox 3583 1624 3646 1680; x_wconf 86' lang='lat' dir='ltr'><strong>ab</strong></span> 
     </span>
    </p>
   </div>
   <div class='ocr_carea' id='block_1_33' title="bbox 335 1702 3641 1785">
    <p class='ocr_par' dir='ltr' id='par_1_33' title="bbox 335 1702 3641 1785">
     <span class='ocr_line' id='line_1_33' title="bbox 335 1702 3641 1785; baseline 0.004 -29"><span class='ocrx_word' id='word_1_246' title='bbox 335 1702 477 1756; x_wconf 89' lang='lat' dir='ltr'><strong>idem</strong></span> <span class='ocrx_word' id='word_1_247' title='bbox 506 1702 646 1757; x_wconf 90' lang='lat' dir='ltr'><strong>Deus</strong></span> <span class='ocrx_word' id='word_1_248' title='bbox 668 1718 763 1772; x_wconf 89' lang='lat' dir='ltr'><strong>per</strong></span> <span class='ocrx_word' id='word_1_249' title='bbox 797 1705 1105 1773; x_wconf 84' lang='lat' dir='ltr'><strong>prophetam</strong></span> <span class='ocrx_word' id='word_1_250' title='bbox 1133 1704 1388 1759; x_wconf 90' lang='lat' dir='ltr'><strong>hactenus</strong></span> <span class='ocrx_word' id='word_1_251' title='bbox 1412 1713 1739 1775; x_wconf 89' lang='lat' dir='ltr'><strong>protestatur</strong></span> <span class='ocrx_word' id='word_1_252' title='bbox 1768 1725 1782 1761; x_wconf 88' lang='lat'><strong>;</strong></span> <span class='ocrx_word' id='word_1_253' title='bbox 1820 1706 1940 1761; x_wconf 86' lang='lat' dir='ltr'><strong>Non</strong></span> <span class='ocrx_word' id='word_1_254' title='bbox 1973 1702 2017 1761; x_wconf 84' lang='grc' dir='ltr'><strong>Β</strong></span> <span class='ocrx_word' id='word_1_255' title='bbox 2047 1714 2318 1779; x_wconf 76' lang='lat' dir='ltr'><strong>nantibus,</strong></span> <span class='ocrx_word' id='word_1_256' title='bbox 2338 1715 2500 1783; x_wconf 85' lang='lat' dir='ltr'><strong>‘quasi</strong></span> <span class='ocrx_word' id='word_1_257' title='bbox 2549 1729 2654 1769; x_wconf 91' lang='lat' dir='ltr'><strong>non</strong></span> <span class='ocrx_word' id='word_1_258' title='bbox 2685 1714 2775 1779; x_wconf 90' lang='lat' dir='ltr'><strong>sit,</strong></span> <span class='ocrx_word' id='word_1_259' title='bbox 2807 1714 3069 1785; x_wconf 87' lang='lat' dir='ltr'><strong>arguitur.</strong></span> <span class='ocrx_word' id='word_1_260' title='bbox 3108 1716 3431 1782; x_wconf 83' lang='lat' dir='ltr'><strong>Accusatur,</strong></span> <span class='ocrx_word' id='word_1_261' title='bbox 3468 1725 3522 1769; x_wconf 89' lang='lat' dir='ltr'><strong>et</strong></span> <span class='ocrx_word' id='word_1_262' title='bbox 3567 1726 3641 1771; x_wconf 86' lang='lat' dir='ltr'><strong>ta-</strong></span> 
     </span>
    </p>
   </div>
   <div class='ocr_carea' id='block_1_34' title="bbox 334 1795 1941 1869">
    <p class='ocr_par' dir='ltr' id='par_1_34' title="bbox 334 1795 1941 1869">
     <span class='ocr_line' id='line_1_34' title="bbox 334 1795 1941 1869; baseline 0.004 -22"><span class='ocrx_word' id='word_1_263' title='bbox 334 1796 580 1867; x_wconf 85' lang='lat' dir='ltr'><strong>glorietur</strong></span> <span class='ocrx_word' id='word_1_264' title='bbox 605 1795 808 1865; x_wconf 86' lang='lat' dir='ltr'><strong>sapiens</strong></span> <span class='ocrx_word' id='word_1_265' title='bbox 833 1798 885 1849; x_wconf 89' lang='lat' dir='ltr'><strong>in</strong></span> <span class='ocrx_word' id='word_1_266' title='bbox 913 1813 1005 1849; x_wconf 89' lang='lat' dir='ltr'><strong>sua</strong></span> <span class='ocrx_word' id='word_1_267' title='bbox 1032 1798 1305 1866; x_wconf 76' lang='lat' dir='ltr'><strong>sapientia,</strong></span> <span class='ocrx_word' id='word_1_268' title='bbox 1338 1814 1498 1867; x_wconf 83' lang='lat' dir='ltr'><strong>neque</strong></span> <span class='ocrx_word' id='word_1_269' title='bbox 1526 1799 1771 1869; x_wconf 85' lang='lat' dir='ltr'><strong>glorietur</strong></span> <span class='ocrx_word' id='word_1_270' title='bbox 1793 1801 1941 1869; x_wconf 77' lang='lat' dir='ltr'><strong>fortis</strong></span> 
     </span>
    </p>
   </div>
   <div class='ocr_carea' id='block_1_35' title="bbox 334 1887 1939 1959">
    <p class='ocr_par' dir='ltr' id='par_1_35' title="bbox 334 1887 1939 1959">
     <span class='ocr_line' id='line_1_35' title="bbox 334 1887 1939 1959; baseline 0.004 -20"><span class='ocrx_word' id='word_1_271' title='bbox 334 1889 387 1939; x_wconf 82' lang='lat' dir='ltr'><strong>in</strong></span> <span class='ocrx_word' id='word_1_272' title='bbox 419 1887 723 1957; x_wconf 80' lang='lat' dir='ltr'><strong>fortitudine</strong></span> <span class='ocrx_word' id='word_1_273' title='bbox 748 1904 862 1952; x_wconf 87' lang='lat' dir='ltr'><strong>sua,</strong></span> <span class='ocrx_word' id='word_1_274' title='bbox 897 1904 1054 1959; x_wconf 85' lang='lat' dir='ltr'><strong>neque</strong></span> <span class='ocrx_word' id='word_1_275' title='bbox 1100 1889 1237 1942; x_wconf 82' lang='lat' dir='ltr'><strong>dives</strong></span> <span class='ocrx_word' id='word_1_276' title='bbox 1282 1890 1333 1942; x_wconf 89' lang='lat' dir='ltr'><strong>in</strong></span> <span class='ocrx_word' id='word_1_277' title='bbox 1380 1891 1568 1944; x_wconf 80' lang='lat' dir='ltr'><strong>divitiis</strong></span> <span class='ocrx_word' id='word_1_278' title='bbox 1616 1892 1741 1957; x_wconf 86' lang='lat' dir='ltr'><strong>suis,</strong></span> <span class='ocrx_word' id='word_1_279' title='bbox 1771 1894 1861 1945; x_wconf 85' lang='lat' dir='ltr'><strong>sed</strong></span> <span class='ocrx_word' id='word_1_280' title='bbox 1886 1895 1939 1946; x_wconf 86' lang='lat' dir='ltr'><strong>in</strong></span> 
     </span>
    </p>
   </div>
   <div class='ocr_carea' id='block_1_36' title="bbox 332 1968 1939 2059">
    <p class='ocr_par' dir='ltr' id='par_1_36' title="bbox 332 1968 1939 2059">
     <span class='ocr_line' id='line_1_36' title="bbox 332 1968 1939 2059; baseline 0.006 -26"><span class='ocrx_word' id='word_1_281' title='bbox 332 1970 426 2037; x_wconf 81' lang='lat' dir='ltr'><strong>hoc</strong></span> <span class='ocrx_word' id='word_1_282' title='bbox 454 1984 717 2053; x_wconf 71' lang='lat' dir='ltr'><strong>glorietur,</strong></span> <span class='ocrx_word' id='word_1_283' title='bbox 760 1982 851 2052; x_wconf 85' lang='lat' dir='ltr'><strong>qui</strong></span> <span class='ocrx_word' id='word_1_284' title='bbox 876 1983 1151 2053; x_wconf 85' lang='lat' dir='ltr'><strong>gloriatur,</strong></span> <span class='ocrx_word' id='word_1_285' title='bbox 1197 1968 1481 2054; x_wconf 81' lang='lat' dir='ltr'><strong>intelligere</strong></span> <span class='ocrx_word' id='word_1_286' title='bbox 1524 1995 1569 2039; x_wconf 85' lang='lat' dir='ltr'><strong>et</strong></span> <span class='ocrx_word' id='word_1_287' title='bbox 1617 1987 1766 2053; x_wconf 87' lang='lat' dir='ltr'><strong>scire,</strong></span> <span class='ocrx_word' id='word_1_288' title='bbox 1818 1990 1939 2059; x_wconf 82' lang='lat' dir='ltr'><strong>quia</strong></span> 
     </span>
    </p>
   </div>
   <div class='ocr_carea' id='block_1_37' title="bbox 330 2076 1937 2151">
    <p class='ocr_par' dir='ltr' id='par_1_37' title="bbox 330 2076 1937 2151">
     <span class='ocr_line' id='line_1_37' title="bbox 330 2076 1937 2151; baseline 0.002 -20"><span class='ocrx_word' id='word_1_289' title='bbox 330 2094 423 2148; x_wconf 90' lang='lat' dir='ltr'><strong>ego</strong></span> <span class='ocrx_word' id='word_1_290' title='bbox 454 2094 564 2132; x_wconf 88' lang='lat' dir='ltr'><strong>sum</strong></span> <span class='ocrx_word' id='word_1_291' title='bbox 598 2076 872 2144; x_wconf 85' lang='lat' dir='ltr'><strong>Dominus,</strong></span> <span class='ocrx_word' id='word_1_292' title='bbox 904 2080 991 2148; x_wconf 81' lang='lat' dir='ltr'><strong>qui</strong></span> <span class='ocrx_word' id='word_1_293' title='bbox 1017 2079 1152 2151; x_wconf 79' lang='lat' dir='ltr'><strong>facio</strong></span> <span class='ocrx_word' id='word_1_294' title='bbox 1176 2078 1575 2134; x_wconf 81' lang='lat' dir='ltr'><strong>misericordiam</strong></span> <span class='ocrx_word' id='word_1_295' title='bbox 1600 2091 1663 2134; x_wconf 20' lang='lat' dir='ltr'><strong>et.</strong></span> <span class='ocrx_word' id='word_1_296' title='bbox 1676 2082 1937 2151; x_wconf 83' lang='lat' dir='ltr'><strong>judicium</strong></span> 
     </span>
    </p>
   </div>
   <div class='ocr_carea' id='block_1_38' title="bbox 330 2170 1934 2245">
    <p class='ocr_par' dir='ltr' id='par_1_38' title="bbox 330 2170 1934 2245">
     <span class='ocr_line' id='line_1_38' title="bbox 330 2170 1934 2245; baseline 0.003 -20"><span class='ocrx_word' id='word_1_297' title='bbox 330 2180 375 2225; x_wconf 91' lang='lat' dir='ltr'><strong>et</strong></span> <span class='ocrx_word' id='word_1_298' title='bbox 394 2172 658 2244; x_wconf 81' lang='lat' dir='ltr'><strong>justitiam</strong></span> <span class='ocrx_word' id='word_1_299' title='bbox 679 2186 831 2243; x_wconf 85' lang='lat' dir='ltr'><strong>super</strong></span> <span class='ocrx_word' id='word_1_300' title='bbox 851 2180 1040 2227; x_wconf 87' lang='lat' dir='ltr'><strong>terram</strong></span> <span class='ocrx_word' id='word_1_301' title='bbox 1071 2170 1289 2243; x_wconf 81' lang='lat' dir='ltr'><strong>(Jerem.</strong></span> <span class='ocrx_word' id='word_1_302' title='bbox 1336 2189 1386 2226; x_wconf 74' lang='grc' dir='ltr'>ιχ</span> <span class='ocrx_word' id='word_1_303' title='bbox 1408 2212 1422 2236; x_wconf 89' lang='grc'><em>,</em></span> <span class='ocrx_word' id='word_1_304' title='bbox 1450 2172 1665 2243; x_wconf 66' lang='lat'><strong>25,24).</strong></span> <span class='ocrx_word' id='word_1_305' title='bbox 1700 2175 1743 2228; x_wconf 88' lang='lat'>0</span> <span class='ocrx_word' id='word_1_306' title='bbox 1774 2192 1934 2245; x_wconf 87' lang='lat' dir='ltr'><strong>quam</strong></span> 
     </span>
    </p>
   </div>
   <div class='ocr_carea' id='block_1_39' title="bbox 327 2265 1936 2340">
    <p class='ocr_par' dir='ltr' id='par_1_39' title="bbox 327 2265 1936 2340">
     <span class='ocr_line' id='line_1_39' title="bbox 327 2265 1936 2340; baseline 0.002 -20"><span class='ocrx_word' id='word_1_307' title='bbox 327 2265 670 2338; x_wconf 84' lang='lat' dir='ltr'><strong>paucissimis</strong></span> <span class='ocrx_word' id='word_1_308' title='bbox 700 2266 875 2321; x_wconf 87' lang='lat' dir='ltr'><strong>verbis</strong></span> <span class='ocrx_word' id='word_1_309' title='bbox 907 2282 1069 2321; x_wconf 89' lang='lat' dir='ltr'><strong>omne</strong></span> <span class='ocrx_word' id='word_1_310' title='bbox 1100 2266 1208 2321; x_wconf 76' lang='lat' dir='ltr'><strong>hoc&#39;</strong></span> <span class='ocrx_word' id='word_1_311' title='bbox 1232 2267 1415 2322; x_wconf 89' lang='lat' dir='ltr'><strong>mundi</strong></span> <span class='ocrx_word' id='word_1_312' title='bbox 1437 2268 1595 2323; x_wconf 82' lang='lat' dir='ltr'><strong>enixe</strong></span> <span class='ocrx_word' id='word_1_313' title='bbox 1622 2268 1775 2338; x_wconf 76' lang='lat' dir='ltr'><strong>quod,</strong></span> <span class='ocrx_word' id='word_1_314' title='bbox 1797 2269 1936 2340; x_wconf 84' lang='lat' dir='ltr'><strong>geri-</strong></span> 
     </span>
    </p>
   </div>
   <div class='ocr_carea' id='block_1_40' title="bbox 328 2352 1936 2435">
    <p class='ocr_par' dir='ltr' id='par_1_40' title="bbox 328 2352 1936 2435">
     <span class='ocr_line' id='line_1_40' title="bbox 328 2352 1936 2435; baseline 0.005 -23"><span class='ocrx_word' id='word_1_315' title='bbox 328 2366 416 2413; x_wconf 90' lang='lat' dir='ltr'><strong>tur</strong></span> <span class='ocrx_word' id='word_1_316' title='bbox 444 2352 743 2431; x_wconf 82' lang='lat' dir='ltr'><strong>negotitim,</strong></span> <span class='ocrx_word' id='word_1_317' title='bbox 772 2361 1042 2430; x_wconf 87' lang='lat' dir='ltr'><strong>peroravit</strong></span> <span class='ocrx_word' id='word_1_318' title='bbox 1072 2362 1084 2417; x_wconf 90' lang='lat' dir='ltr'><strong>l</strong></span> <span class='ocrx_word' id='word_1_319' title='bbox 1118 2360 1200 2415; x_wconf 88' lang='lat' dir='ltr'><strong>his</strong></span> <span class='ocrx_word' id='word_1_320' title='bbox 1230 2361 1373 2416; x_wconf 88' lang='lat' dir='ltr'><strong>enim</strong></span> <span class='ocrx_word' id='word_1_321' title='bbox 1400 2363 1572 2417; x_wconf 87' lang='lat' dir='ltr'><strong>tribus</strong></span> <span class='ocrx_word' id='word_1_322' title='bbox 1598 2364 1781 2431; x_wconf 81' lang='lat' dir='ltr'><strong>rebus,</strong></span> <span class='ocrx_word' id='word_1_323' title='bbox 1816 2381 1936 2435; x_wconf 73' lang='lat' dir='ltr'><strong>quat</strong></span> 
     </span>
    </p>
   </div>
   <div class='ocr_carea' id='block_1_41' title="bbox 329 2451 1935 2529">
    <p class='ocr_par' dir='ltr' id='par_1_41' title="bbox 329 2451 1935 2529">
     <span class='ocr_line' id='line_1_41' title="bbox 329 2451 1935 2529; baseline 0.006 -24"><span class='ocrx_word' id='word_1_324' title='bbox 329 2452 675 2508; x_wconf 80' lang='lat' dir='ltr'><strong>fundamenta</strong></span> <span class='ocrx_word' id='word_1_325' title='bbox 718 2462 843 2507; x_wconf 86' lang='lat' dir='ltr'><strong>sunt</strong></span> <span class='ocrx_word' id='word_1_326' title='bbox 884 2455 1120 2507; x_wconf 91' lang='lat' dir='ltr'><strong>omnium</strong></span> <span class='ocrx_word' id='word_1_327' title='bbox 1170 2451 1441 2520; x_wconf 86' lang='lat' dir='ltr'><strong>vitiorum,</strong></span> <span class='ocrx_word' id='word_1_328' title='bbox 1488 2456 1739 2529; x_wconf 84' lang='lat' dir='ltr'><strong>violentis</strong></span> <span class='ocrx_word' id='word_1_329' title='bbox 1782 2453 1935 2529; x_wconf 87' lang='lat' dir='ltr'><strong>quasi</strong></span> 
     </span>
    </p>
   </div>
   <div class='ocr_carea' id='block_1_42' title="bbox 328 2544 1932 2618">
    <p class='ocr_par' dir='ltr' id='par_1_42' title="bbox 328 2544 1932 2618">
     <span class='ocr_line' id='line_1_42' title="bbox 328 2544 1932 2618; baseline 0.004 -19"><span class='ocrx_word' id='word_1_330' title='bbox 328 2544 651 2615; x_wconf 80' lang='lat' dir='ltr'><strong>quibusdam</strong></span> <span class='ocrx_word' id='word_1_331' title='bbox 678 2545 1083 2613; x_wconf 79' lang='lat' dir='ltr'><strong>tempestatibus</strong></span> <span class='ocrx_word' id='word_1_332' title='bbox 1107 2546 1479 2618; x_wconf 73' lang='lat' dir='ltr'><strong>naul‘ragatum</strong></span> <span class='ocrx_word' id='word_1_333' title='bbox 1501 2551 1793 2605; x_wconf 89' lang='lat' dir='ltr'><strong>momentis</strong></span> <span class='ocrx_word' id='word_1_334' title='bbox 1816 2551 1932 2605; x_wconf 90' lang='lat' dir='ltr'><strong>nni-</strong></span> 
     </span>
    </p>
   </div>
   <div class='ocr_carea' id='block_1_43' title="bbox 328 2638 1931 2713">
    <p class='ocr_par' dir='ltr' id='par_1_43' title="bbox 328 2638 1931 2713">
     <span class='ocr_line' id='line_1_43' title="bbox 328 2638 1931 2713; baseline 0.002 -20"><span class='ocrx_word' id='word_1_335' title='bbox 328 2642 501 2699; x_wconf 82' lang='lat' dir='ltr'><strong>versis</strong></span> <span class='ocrx_word' id='word_1_336' title='bbox 547 2640 601 2695; x_wconf 92' lang='lat' dir='ltr'><strong>in</strong></span> <span class='ocrx_word' id='word_1_337' title='bbox 647 2638 1011 2696; x_wconf 85' lang='lat' dir='ltr'><strong>interitionem</strong></span> <span class='ocrx_word' id='word_1_338' title='bbox 1055 2642 1265 2708; x_wconf 82' lang='lat' dir='ltr'><strong>cogitur</strong></span> <span class='ocrx_word' id='word_1_339' title='bbox 1303 2657 1464 2698; x_wconf 90' lang='lat' dir='ltr'><strong>omne</strong></span> <span class='ocrx_word' id='word_1_340' title='bbox 1515 2658 1685 2713; x_wconf 86' lang='lat' dir='ltr'><strong>genus</strong></span> <span class='ocrx_word' id='word_1_341' title='bbox 1735 2644 1931 2698; x_wconf 85' lang='lat' dir='ltr'><strong>buma-</strong></span> 
     </span>
    </p>
   </div>
   <div class='ocr_carea' id='block_1_44' title="bbox 329 2732 1934 2807">
    <p class='ocr_par' dir='ltr' id='par_1_44' title="bbox 329 2732 1934 2807">
     <span class='ocr_line' id='line_1_44' title="bbox 329 2732 1934 2807; baseline 0.004 -22"><span class='ocrx_word' id='word_1_342' title='bbox 329 2748 480 2799; x_wconf 89' lang='lat' dir='ltr'><strong>num.</strong></span> <span class='ocrx_word' id='word_1_343' title='bbox 524 2732 769 2804; x_wconf 85' lang='lat' dir='ltr'><strong>Namque</strong></span> <span class='ocrx_word' id='word_1_344' title='bbox 809 2734 1073 2804; x_wconf 85' lang='lat' dir='ltr'><strong>sapientia</strong></span> <span class='ocrx_word' id='word_1_345' title='bbox 1094 2735 1277 2790; x_wconf 90' lang='lat' dir='ltr'><strong>densis</strong></span> <span class='ocrx_word' id='word_1_346' title='bbox 1307 2734 1424 2807; x_wconf 85' lang='lat' dir='ltr'><strong>(i0)</strong></span> <span class='ocrx_word' id='word_1_347' title='bbox 1446 2744 1748 2791; x_wconf 70' lang='lat' dir='ltr'><strong>estestuans</strong></span> <span class='ocrx_word' id='word_1_348' title='bbox 1776 2752 1934 2807; x_wconf 64' lang='lat' dir='ltr'><strong>argur</strong></span> 
     </span>
    </p>
   </div>
   <div class='ocr_carea' id='block_1_45' title="bbox 330 2810 1933 2905">
    <p class='ocr_par' dir='ltr' id='par_1_45' title="bbox 330 2810 1933 2905">
     <span class='ocr_line' id='line_1_45' title="bbox 330 2810 1933 2905; baseline 0.002 -23"><span class='ocrx_word' id='word_1_349' title='bbox 330 2829 544 2895; x_wconf 87' lang='lat' dir='ltr'><strong>mentis,</strong></span> <span class='ocrx_word' id='word_1_350' title='bbox 574 2829 821 2884; x_wconf 83' lang='lat' dir='ltr'><strong>suasoria</strong></span> <span class='ocrx_word' id='word_1_351' title='bbox 866 2844 929 2885; x_wconf 91' lang='lat' dir='ltr'><strong>ac</strong></span> <span class='ocrx_word' id='word_1_352' title='bbox 978 2830 1285 2885; x_wconf 85' lang='lat' dir='ltr'><strong>delectabili</strong></span> <span class='ocrx_word' id='word_1_353' title='bbox 1333 2810 1620 2891; x_wconf 73' lang='lat' dir='ltr'><strong>luculenta:</strong></span> <span class='ocrx_word' id='word_1_354' title='bbox 1669 2832 1933 2905; x_wconf 85' lang='lat' dir='ltr'><strong>orationis</strong></span> 
     </span>
    </p>
   </div>
   <div class='ocr_carea' id='block_1_46' title="bbox 326 2920 1926 2993">
    <p class='ocr_par' dir='ltr' id='par_1_46' title="bbox 326 2920 1926 2993">
     <span class='ocr_line' id='line_1_46' title="bbox 326 2920 1926 2993; baseline 0.001 -18"><span class='ocrx_word' id='word_1_355' title='bbox 326 2928 537 2990; x_wconf 90' lang='lat' dir='ltr'><strong>compta</strong></span> <span class='ocrx_word' id='word_1_356' title='bbox 559 2920 860 2989; x_wconf 89' lang='lat' dir='ltr'><strong>mendacio,</strong></span> <span class='ocrx_word' id='word_1_357' title='bbox 887 2932 1091 2977; x_wconf 88' lang='lat' dir='ltr'><strong>armata</strong></span> <span class='ocrx_word' id='word_1_358' title='bbox 1116 2922 1261 2977; x_wconf 85' lang='lat' dir='ltr'><strong>vocis</strong></span> <span class='ocrx_word' id='word_1_359' title='bbox 1290 2922 1410 2977; x_wconf 92' lang='lat' dir='ltr'><strong>tuba</strong></span> <span class='ocrx_word' id='word_1_360' title='bbox 1440 2931 1492 2978; x_wconf 91' lang='lat' dir='ltr'><strong>et</strong></span> <span class='ocrx_word' id='word_1_361' title='bbox 1518 2921 1926 2993; x_wconf 77' lang='lat' dir='ltr'><strong>gladiolinguae,</strong></span> 
     </span>
    </p>
   </div>
   <div class='ocr_carea' id='block_1_47' title="bbox 325 3014 1931 3086">
    <p class='ocr_par' dir='ltr' id='par_1_47' title="bbox 325 3014 1931 3086">
     <span class='ocr_line' id='line_1_47' title="bbox 325 3014 1931 3086; baseline 0.002 -19"><span class='ocrx_word' id='word_1_362' title='bbox 325 3021 517 3071; x_wconf 76' lang='lat' dir='ltr'><strong>amnes</strong></span> <span class='ocrx_word' id='word_1_363' title='bbox 559 3024 711 3072; x_wconf 91' lang='lat' dir='ltr'><strong>actus</strong></span> <span class='ocrx_word' id='word_1_364' title='bbox 738 3015 805 3071; x_wconf 90' lang='lat' dir='ltr'><strong>ad</strong></span> <span class='ocrx_word' id='word_1_365' title='bbox 835 3031 895 3072; x_wconf 89' lang='lat' dir='ltr'><strong>se</strong></span> <span class='ocrx_word' id='word_1_366' title='bbox 937 3015 1124 3081; x_wconf 87' lang='lat' dir='ltr'><strong>trahit,</strong></span> <span class='ocrx_word' id='word_1_367' title='bbox 1157 3024 1451 3086; x_wconf 79' lang='lat' dir='ltr'><strong>congregat</strong></span> <span class='ocrx_word' id='word_1_368' title='bbox 1482 3014 1683 3080; x_wconf 88' lang='lat' dir='ltr'><strong>turbas,</strong></span> <span class='ocrx_word' id='word_1_369' title='bbox 1713 3016 1931 3070; x_wconf 88' lang='lat' dir='ltr'><strong>concio-</strong></span> 
     </span>
    </p>
   </div>
   <div class='ocr_carea' id='block_1_48' title="bbox 2047 1805 3646 1877">
    <p class='ocr_par' dir='ltr' id='par_1_48' title="bbox 2047 1805 3646 1877">
     <span class='ocr_line' id='line_1_48' title="bbox 2047 1805 3646 1877; baseline 0.001 -18"><span class='ocrx_word' id='word_1_370' title='bbox 2047 1823 2165 1859; x_wconf 90' lang='lat' dir='ltr'><strong>men</strong></span> <span class='ocrx_word' id='word_1_371' title='bbox 2193 1809 2387 1860; x_wconf 88' lang='lat' dir='ltr'><strong>colitur</strong></span> <span class='ocrx_word' id='word_1_372' title='bbox 2420 1824 2432 1857; x_wconf 88' lang='lat'><strong>:</strong></span> <span class='ocrx_word' id='word_1_373' title='bbox 2460 1806 2690 1877; x_wconf 90' lang='lat' dir='ltr'><strong>jugulat,</strong></span> <span class='ocrx_word' id='word_1_374' title='bbox 2715 1814 2769 1861; x_wconf 90' lang='lat' dir='ltr'><strong>et</strong></span> <span class='ocrx_word' id='word_1_375' title='bbox 2800 1818 3027 1861; x_wconf 86' lang='lat' dir='ltr'><strong>amatur.</strong></span> <span class='ocrx_word' id='word_1_376' title='bbox 3064 1806 3379 1861; x_wconf 86' lang='lat' dir='ltr'><strong>lnvincibile</strong></span> <span class='ocrx_word' id='word_1_377' title='bbox 3411 1805 3646 1875; x_wconf 72' lang='lat' dir='ltr'><strong>proiecto</strong></span> 
     </span>
    </p>
   </div>
   <div class='ocr_carea' id='block_1_49' title="bbox 2044 1897 3637 1969">
    <p class='ocr_par' dir='ltr' id='par_1_49' title="bbox 2044 1897 3637 1969">
     <span class='ocr_line' id='line_1_49' title="bbox 2044 1897 3637 1969; baseline 0 -16"><span class='ocrx_word' id='word_1_378' title='bbox 2044 1899 2361 1953; x_wconf 82' lang='lat' dir='ltr'><strong>calamitatis</strong></span> <span class='ocrx_word' id='word_1_379' title='bbox 2393 1906 2473 1954; x_wconf 87' lang='lat' dir='ltr'><strong>est</strong></span> <span class='ocrx_word' id='word_1_380' title='bbox 2502 1913 2692 1968; x_wconf 89' lang='lat' dir='ltr'><strong>genus,</strong></span> <span class='ocrx_word' id='word_1_381' title='bbox 2726 1897 2833 1962; x_wconf 91' lang='lat' dir='ltr'><strong>cui,</strong></span> <span class='ocrx_word' id='word_1_382' title='bbox 2880 1897 3161 1969; x_wconf 85' lang='lat' dir='ltr'><strong>subjugata</strong></span> <span class='ocrx_word' id='word_1_383' title='bbox 3202 1897 3489 1967; x_wconf 85' lang='lat' dir='ltr'><strong>sapientia,</strong></span> <span class='ocrx_word' id='word_1_384' title='bbox 3532 1914 3637 1953; x_wconf 55' lang='lat' dir='ltr'><strong>sero</strong></span> 
     </span>
    </p>
   </div>
   <div class='ocr_carea' id='block_1_50' title="bbox 2044 1992 3357 2049">
    <p class='ocr_par' dir='ltr' id='par_1_50' title="bbox 2044 1992 3357 2049">
     <span class='ocr_line' id='line_1_50' title="bbox 2044 1992 3357 2049; baseline -0.005 -3"><span class='ocrx_word' id='word_1_385' title='bbox 2044 1994 2152 2049; x_wconf 87' lang='lat' dir='ltr'><strong>viet</strong></span> <span class='ocrx_word' id='word_1_386' title='bbox 2180 1994 2365 2047; x_wconf 73' lang='lat' dir='ltr'><strong>virtus.</strong></span> <span class='ocrx_word' id='word_1_387' title='bbox 2892 2016 2897 2021; x_wconf 94' lang='lat'><strong><em>-</em></strong></span> <span class='ocrx_word' id='word_1_388' title='bbox 3354 1992 3357 1995; x_wconf 73' lang='lat'><em>‘</em></span> 
     </span>
    </p>
   </div>
   <div class='ocr_carea' id='block_1_51' title="bbox 2115 2085 3641 2158">
    <p class='ocr_par' dir='ltr' id='par_1_51' title="bbox 2115 2085 3641 2158">
     <span class='ocr_line' id='line_1_51' title="bbox 2115 2085 3641 2158; baseline 0.002 -17"><span class='ocrx_word' id='word_1_389' title='bbox 2115 2088 2201 2143; x_wconf 87' lang='lat' dir='ltr'><strong>ill.</strong></span> <span class='ocrx_word' id='word_1_390' title='bbox 2274 2085 2553 2142; x_wconf 77' lang='lat' dir='ltr'><strong>Videtisne</strong></span> <span class='ocrx_word' id='word_1_391' title='bbox 2607 2087 2717 2158; x_wconf 90' lang='lat' dir='ltr'><strong>jam</strong></span> <span class='ocrx_word' id='word_1_392' title='bbox 2774 2086 3060 2142; x_wconf 82' lang='lat' dir='ltr'><strong>manifeste</strong></span> <span class='ocrx_word' id='word_1_393' title='bbox 3109 2086 3429 2157; x_wconf 85' lang='lat' dir='ltr'><strong>sapientiam</strong></span> <span class='ocrx_word' id='word_1_394' title='bbox 3487 2086 3641 2156; x_wconf 80' lang='lat' dir='ltr'><strong>hujus</strong></span> 
     </span>
    </p>
   </div>
   <div class='ocr_carea' id='block_1_52' title="bbox 2043 2167 3641 2257">
    <p class='ocr_par' dir='ltr' id='par_1_52' title="bbox 2043 2167 3641 2257">
     <span class='ocr_line' id='line_1_52' title="bbox 2043 2167 3641 2257; baseline -0.001 -23"><span class='ocrx_word' id='word_1_395' title='bbox 2043 2180 2226 2235; x_wconf 86' lang='lat' dir='ltr'><strong>mundi</strong></span> <span class='ocrx_word' id='word_1_396' title='bbox 2253 2167 2362 2245; x_wconf 74' lang='lat' dir='ltr'><strong>non</strong></span> <span class='ocrx_word' id='word_1_397' title='bbox 2399 2194 2523 2234; x_wconf 88' lang='lat' dir='ltr'><strong>esse</strong></span> <span class='ocrx_word' id='word_1_398' title='bbox 2547 2178 2856 2251; x_wconf 75' lang='lat' dir='ltr'><strong>justitiam?</strong></span> <span class='ocrx_word' id='word_1_399' title='bbox 2882 2188 2937 2234; x_wconf 87' lang='lat' dir='ltr'><strong>et</strong></span> <span class='ocrx_word' id='word_1_400' title='bbox 2969 2178 3183 2250; x_wconf 86' lang='lat' dir='ltr'><strong>quidem</strong></span> <span class='ocrx_word' id='word_1_401' title='bbox 3216 2194 3325 2257; x_wconf 78' lang='lat' dir='ltr'><strong>nec,</strong></span> <span class='ocrx_word' id='word_1_402' title='bbox 3348 2194 3529 2240; x_wconf 85' lang='lat' dir='ltr'><strong>veram</strong></span> <span class='ocrx_word' id='word_1_403' title='bbox 3558 2194 3641 2233; x_wconf 85' lang='lat' dir='ltr'><strong>sa-</strong></span> 
     </span>
    </p>
   </div>
   <div class='ocr_carea' id='block_1_53' title="bbox 2042 2271 3638 2351">
    <p class='ocr_par' dir='ltr' id='par_1_53' title="bbox 2042 2271 3638 2351">
     <span class='ocr_line' id='line_1_53' title="bbox 2042 2271 3638 2351; baseline 0.001 -24"><span class='ocrx_word' id='word_1_404' title='bbox 2042 2274 2336 2343; x_wconf 68' lang='lat' dir='ltr'><strong>pientiam“:</strong></span> <span class='ocrx_word' id='word_1_405' title='bbox 2370 2271 2657 2351; x_wconf 88' lang='lat' dir='ltr'><strong>quialieri</strong></span> <span class='ocrx_word' id='word_1_406' title='bbox 2706 2287 2812 2328; x_wconf 89' lang='lat' dir='ltr'><strong>non</strong></span> <span class='ocrx_word' id='word_1_407' title='bbox 2869 2282 3065 2342; x_wconf 89' lang='lat' dir='ltr'><strong>potest,</strong></span> <span class='ocrx_word' id='word_1_408' title='bbox 3117 2282 3173 2335; x_wconf 88' lang='lat' dir='ltr'><strong>ut</strong></span> <span class='ocrx_word' id='word_1_409' title='bbox 3213 2273 3372 2329; x_wconf 75' lang='lat' dir='ltr'><strong>verus</strong></span> <span class='ocrx_word' id='word_1_410' title='bbox 3427 2275 3638 2344; x_wconf 83' lang='lat' dir='ltr'><strong>sapiens</strong></span> 
     </span>
    </p>
   </div>
   <div class='ocr_carea' id='block_1_54' title="bbox 2040 2366 3627 2437">
    <p class='ocr_par' dir='ltr' id='par_1_54' title="bbox 2040 2366 3627 2437">
     <span class='ocr_line' id='line_1_54' title="bbox 2040 2366 3627 2437; baseline -0.001 -14"><span class='ocrx_word' id='word_1_411' title='bbox 2040 2384 2147 2423; x_wconf 88' lang='lat' dir='ltr'><strong>non</strong></span> <span class='ocrx_word' id='word_1_412' title='bbox 2180 2368 2247 2421; x_wconf 88' lang='lat' dir='ltr'><strong>sit</strong></span> <span class='ocrx_word' id='word_1_413' title='bbox 2274 2378 2330 2421; x_wconf 90' lang='lat' dir='ltr'><strong>et</strong></span> <span class='ocrx_word' id='word_1_414' title='bbox 2356 2366 2531 2436; x_wconf 89' lang='lat' dir='ltr'><strong>justus</strong></span> <span class='ocrx_word' id='word_1_415' title='bbox 2561 2385 2574 2422; x_wconf 88' lang='lat'>:</span> <span class='ocrx_word' id='word_1_416' title='bbox 2596 2366 2770 2436; x_wconf 73' lang='lat' dir='ltr'><strong>justus</strong></span> <span class='ocrx_word' id='word_1_417' title='bbox 2794 2366 3199 2437; x_wconf 66' lang='lat' dir='ltr'><strong>adaeque‘verus</strong></span> <span class='ocrx_word' id='word_1_418' title='bbox 3223 2381 3329 2421; x_wconf 83' lang='lat' dir='ltr'><strong>non</strong></span> <span class='ocrx_word' id='word_1_419' title='bbox 3358 2369 3431 2421; x_wconf 91' lang='lat' dir='ltr'><strong>sit</strong></span> <span class='ocrx_word' id='word_1_420' title='bbox 3459 2376 3515 2422; x_wconf 89' lang='lat' dir='ltr'><strong>et</strong></span> <span class='ocrx_word' id='word_1_421' title='bbox 3542 2382 3627 2422; x_wconf 86' lang='lat' dir='ltr'><strong>sa-</strong></span> 
     </span>
    </p>
   </div>
   <div class='ocr_carea' id='block_1_55' title="bbox 2042 2459 3637 2543">
    <p class='ocr_par' dir='ltr' id='par_1_55' title="bbox 2042 2459 3637 2543">
     <span class='ocr_line' id='line_1_55' title="bbox 2042 2459 3637 2543; baseline -0.003 -27"><span class='ocrx_word' id='word_1_422' title='bbox 2042 2462 2231 2529; x_wconf 85' lang='lat' dir='ltr'><strong>piens:</strong></span> <span class='ocrx_word' id='word_1_423' title='bbox 2264 2460 2386 2543; x_wconf 79' lang='lat' dir='ltr'><strong>quia</strong></span> <span class='ocrx_word' id='word_1_424' title='bbox 2423 2460 2601 2527; x_wconf 85' lang='lat' dir='ltr'><strong>justus</strong></span> <span class='ocrx_word' id='word_1_425' title='bbox 2622 2472 2743 2513; x_wconf 88' lang='lat' dir='ltr'><strong>esse</strong></span> <span class='ocrx_word' id='word_1_426' title='bbox 2766 2470 2871 2514; x_wconf 91' lang='lat' dir='ltr'><strong>non</strong></span> <span class='ocrx_word' id='word_1_427' title='bbox 2904 2466 3083 2529; x_wconf 80' lang='lat' dir='ltr'><strong>petest</strong></span> <span class='ocrx_word' id='word_1_428' title='bbox 3107 2459 3321 2524; x_wconf 88' lang='lat' dir='ltr'><strong>stultus,</strong></span> <span class='ocrx_word' id='word_1_429' title='bbox 3354 2474 3529 2530; x_wconf 87' lang='lat' dir='ltr'><strong>neque</strong></span> <span class='ocrx_word' id='word_1_430' title='bbox 3556 2474 3637 2513; x_wconf 84' lang='lat' dir='ltr'><strong>sa-</strong></span> 
     </span>
    </p>
   </div>
   <div class='ocr_carea' id='block_1_56' title="bbox 2042 2544 3634 2624">
    <p class='ocr_par' dir='ltr' id='par_1_56' title="bbox 2042 2544 3634 2624">
     <span class='ocr_line' id='line_1_56' title="bbox 2042 2544 3634 2624; baseline -0.002 -15"><span class='ocrx_word' id='word_1_431' title='bbox 2042 2553 2192 2624; x_wconf 86' lang='lat' dir='ltr'><strong>piens</strong></span> <span class='ocrx_word' id='word_1_432' title='bbox 2234 2552 2489 2619; x_wconf 87' lang='lat' dir='ltr'><strong>injustus,</strong></span> <span class='ocrx_word' id='word_1_433' title='bbox 2534 2551 2647 2621; x_wconf 86' lang='lat' dir='ltr'><strong>ipsa</strong></span> <span class='ocrx_word' id='word_1_434' title='bbox 2676 2551 2886 2608; x_wconf 77' lang='lat' dir='ltr'><strong>ratione</strong></span> <span class='ocrx_word' id='word_1_435' title='bbox 2916 2544 3144 2606; x_wconf 89' lang='lat' dir='ltr'><strong>docente</strong></span> <span class='ocrx_word' id='word_1_436' title='bbox 3178 2569 3190 2604; x_wconf 91' lang='lat'><strong>:</strong></span> <span class='ocrx_word' id='word_1_437' title='bbox 3225 2549 3341 2624; x_wconf 69' lang='lat' dir='ltr'><strong>(l4)</strong></span> <span class='ocrx_word' id='word_1_438' title='bbox 3374 2550 3465 2621; x_wconf 88' lang='lat' dir='ltr'><strong>qui</strong></span> <span class='ocrx_word' id='word_1_439' title='bbox 3495 2553 3634 2606; x_wconf 87' lang='lat' dir='ltr'><strong>enim</strong></span> 
     </span>
    </p>
   </div>
   <div class='ocr_carea' id='block_1_57' title="bbox 2038 2643 3631 2716">
    <p class='ocr_par' dir='ltr' id='par_1_57' title="bbox 2038 2643 3631 2716">
     <span class='ocr_line' id='line_1_57' title="bbox 2038 2643 3631 2716; baseline -0.001 -16"><span class='ocrx_word' id='word_1_440' title='bbox 2038 2646 2233 2701; x_wconf 90' lang='lat' dir='ltr'><strong>stultus</strong></span> <span class='ocrx_word' id='word_1_441' title='bbox 2263 2653 2366 2712; x_wconf 87' lang='lat' dir='ltr'><strong>est,</strong></span> <span class='ocrx_word' id='word_1_442' title='bbox 2395 2643 2519 2714; x_wconf 80' lang='lat' dir='ltr'><strong>quid</strong></span> <span class='ocrx_word' id='word_1_443' title='bbox 2553 2644 2623 2699; x_wconf 87' lang='lat' dir='ltr'><strong>sit</strong></span> <span class='ocrx_word' id='word_1_444' title='bbox 2669 2643 2871 2699; x_wconf 83' lang='lat' dir='ltr'><strong>bonum</strong></span> <span class='ocrx_word' id='word_1_445' title='bbox 2918 2658 2983 2698; x_wconf 90' lang='lat' dir='ltr'><strong>ac</strong></span> <span class='ocrx_word' id='word_1_446' title='bbox 3012 2644 3233 2709; x_wconf 73' lang='lat' dir='ltr'><strong>malum,</strong></span> <span class='ocrx_word' id='word_1_447' title='bbox 3282 2643 3393 2716; x_wconf 81' lang='lat'><strong>35</strong></span> <span class='ocrx_word' id='word_1_448' title='bbox 3434 2645 3631 2710; x_wconf 88' lang='lat' dir='ltr'><strong>nescit;</strong></span> 
     </span>
    </p>
   </div>
   <div class='ocr_carea' id='block_1_58' title="bbox 2037 2735 3628 2807">
    <p class='ocr_par' dir='ltr' id='par_1_58' title="bbox 2037 2735 3628 2807">
     <span class='ocr_line' id='line_1_58' title="bbox 2037 2735 3628 2807; baseline -0.001 -14"><span class='ocrx_word' id='word_1_449' title='bbox 2037 2753 2137 2794; x_wconf 87' lang='lat' dir='ltr'><strong>nec</strong></span> <span class='ocrx_word' id='word_1_450' title='bbox 2213 2746 2390 2807; x_wconf 89' lang='lat' dir='ltr'><strong>potest</strong></span> <span class='ocrx_word' id='word_1_451' title='bbox 2459 2736 2636 2801; x_wconf 86' lang='lat' dir='ltr'><strong>scire,</strong></span> <span class='ocrx_word' id='word_1_452' title='bbox 2690 2736 2819 2807; x_wconf 90' lang='lat' dir='ltr'><strong>quid</strong></span> <span class='ocrx_word' id='word_1_453' title='bbox 2868 2735 3158 2804; x_wconf 78' lang='lat' dir='ltr'><strong>reprobet,&#39;,</strong></span> <span class='ocrx_word' id='word_1_454' title='bbox 3220 2736 3348 2805; x_wconf 87' lang='lat' dir='ltr'><strong>quid</strong></span> <span class='ocrx_word' id='word_1_455' title='bbox 3420 2746 3628 2800; x_wconf 86' lang='lat' dir='ltr'><strong>teneat;</strong></span> 
     </span>
    </p>
   </div>
   <div class='ocr_carea' id='block_1_59' title="bbox 2034 2827 3626 2909">
    <p class='ocr_par' dir='ltr' id='par_1_59' title="bbox 2034 2827 3626 2909">
     <span class='ocr_line' id='line_1_59' title="bbox 2034 2827 3626 2909; baseline -0.003 -22"><span class='ocrx_word' id='word_1_456' title='bbox 2034 2842 2088 2887; x_wconf 90' lang='lat' dir='ltr'><strong>et</strong></span> <span class='ocrx_word' id='word_1_457' title='bbox 2152 2830 2271 2885; x_wconf 92' lang='lat' dir='ltr'><strong>ideo</strong></span> <span class='ocrx_word' id='word_1_458' title='bbox 2331 2844 2544 2897; x_wconf 88' lang='lat' dir='ltr'><strong>semper</strong></span> <span class='ocrx_word' id='word_1_459' title='bbox 2596 2835 2819 2899; x_wconf 84' lang='lat' dir='ltr'><strong>peccat,</strong></span> <span class='ocrx_word' id='word_1_460' title='bbox 2889 2827 3031 2909; x_wconf 84' lang='lat' dir='ltr'><strong>quod</strong></span> <span class='ocrx_word' id='word_1_461' title='bbox 3084 2837 3167 2883; x_wconf 90' lang='lat' dir='ltr'><strong>est</strong></span> <span class='ocrx_word' id='word_1_462' title='bbox 3222 2827 3449 2907; x_wconf 73' lang='lat' dir='ltr'><strong>justitize</strong></span> <span class='ocrx_word' id='word_1_463' title='bbox 3494 2844 3626 2899; x_wconf 83' lang='lat' dir='ltr'><strong>cop-</strong></span> 
     </span>
    </p>
   </div>
   <div class='ocr_carea' id='block_1_60' title="bbox 2037 2921 3626 2992">
    <p class='ocr_par' dir='ltr' id='par_1_60' title="bbox 2037 2921 3626 2992">
     <span class='ocr_line' id='line_1_60' title="bbox 2037 2921 3626 2992; baseline -0.003 -13"><span class='ocrx_word' id='word_1_464' title='bbox 2037 2925 2298 2985; x_wconf 79' lang='lat' dir='ltr'><strong>trarium:</strong></span> <span class='ocrx_word' id='word_1_465' title='bbox 2343 2924 2513 2992; x_wconf 83' lang='lat' dir='ltr'><strong>justus</strong></span> <span class='ocrx_word' id='word_1_466' title='bbox 2556 2931 2735 2977; x_wconf 88' lang='lat' dir='ltr'><strong>autem</strong></span> <span class='ocrx_word' id='word_1_467' title='bbox 2784 2921 2852 2977; x_wconf 86' lang='lat' dir='ltr'><strong>ab</strong></span> <span class='ocrx_word' id='word_1_468' title='bbox 2892 2922 3057 2981; x_wconf 65' lang='lat' dir='ltr'><strong>omni</strong></span> <span class='ocrx_word' id='word_1_469' title='bbox 3089 2932 3309 2992; x_wconf 86' lang='lat' dir='ltr'><strong>peccato</strong></span> <span class='ocrx_word' id='word_1_470' title='bbox 3354 2937 3415 2977; x_wconf 86' lang='lat' dir='ltr'><strong>se</strong></span> <span class='ocrx_word' id='word_1_471' title='bbox 3456 2922 3626 2977; x_wconf 89' lang='lat' dir='ltr'><strong>absti-</strong></span> 
     </span>
    </p>
   </div>
   <div class='ocr_carea' id='block_1_61' title="bbox 2036 3012 3631 3086">
    <p class='ocr_par' dir='ltr' id='par_1_61' title="bbox 2036 3012 3631 3086">
     <span class='ocr_line' id='line_1_61' title="bbox 2036 3012 3631 3086; baseline 0 -15"><span class='ocrx_word' id='word_1_472' title='bbox 2036 3027 2170 3073; x_wconf 80' lang='lat' dir='ltr'><strong>net‘:</strong></span> <span class='ocrx_word' id='word_1_473' title='bbox 2210 3014 2352 3086; x_wconf 86' lang='lat' dir='ltr'><strong>quod</strong></span> <span class='ocrx_word' id='word_1_474' title='bbox 2403 3018 2686 3086; x_wconf 69' lang='lat' dir='ltr'><strong>propterea</strong></span> <span class='ocrx_word' id='word_1_475' title='bbox 2726 3012 2871 3082; x_wconf 79' lang='lat' dir='ltr'><strong>facit,</strong></span> <span class='ocrx_word' id='word_1_476' title='bbox 2913 3015 3035 3082; x_wconf 82' lang='lat' dir='ltr'><strong>quia</strong></span> <span class='ocrx_word' id='word_1_477' title='bbox 3078 3015 3222 3085; x_wconf 75' lang='lat' dir='ltr'><strong>pravi</strong></span> <span class='ocrx_word' id='word_1_478' title='bbox 3263 3014 3498 3085; x_wconf 86' lang='lat' dir='ltr'><strong>bonique</strong></span> <span class='ocrx_word' id='word_1_479' title='bbox 3535 3030 3631 3073; x_wconf 87' lang='lat' dir='ltr'><strong>no-</strong></span> 
     </span>
    </p>
   </div>
   <div class='ocr_carea' id='block_1_62' title="bbox 326 3100 3630 3182">
    <p class='ocr_par' dir='ltr' id='par_1_62' title="bbox 326 3100 3630 3182">
     <span class='ocr_line' id='line_1_62' title="bbox 326 3100 3630 3182; baseline 0 -19"><span class='ocrx_word' id='word_1_480' title='bbox 326 3116 517 3175; x_wconf 86' lang='lat' dir='ltr'><strong>natur;</strong></span> <span class='ocrx_word' id='word_1_481' title='bbox 562 3108 682 3164; x_wconf 81' lang='lat' dir='ltr'><strong>lites</strong></span> <span class='ocrx_word' id='word_1_482' title='bbox 725 3109 802 3163; x_wconf 90' lang='lat' dir='ltr'><strong>sic</strong></span> <span class='ocrx_word' id='word_1_483' title='bbox 838 3108 1118 3172; x_wconf 84' lang='lat' dir='ltr'><strong>discernit,</strong></span> <span class='ocrx_word' id='word_1_484' title='bbox 1150 3117 1205 3161; x_wconf 92' lang='lat' dir='ltr'><strong>ut</strong></span> <span class='ocrx_word' id='word_1_485' title='bbox 1242 3107 1495 3173; x_wconf 89' lang='lat' dir='ltr'><strong>seminet,</strong></span> <span class='ocrx_word' id='word_1_486' title='bbox 1530 3122 1722 3178; x_wconf 81' lang='lat' dir='ltr'><strong>pravos</strong></span> <span class='ocrx_word' id='word_1_487' title='bbox 1748 3123 1810 3162; x_wconf 90' lang='lat' dir='ltr'><strong>ac</strong></span> <span class='ocrx_word' id='word_1_488' title='bbox 1840 3108 1921 3162; x_wconf 90' lang='lat' dir='ltr'><strong>lu-</strong></span> <span class='ocrx_word' id='word_1_489' title='bbox 1948 3100 1990 3163; x_wconf 92' lang='lat' dir='ltr'>C</span> <span class='ocrx_word' id='word_1_490' title='bbox 2028 3112 2193 3166; x_wconf 87' lang='lat' dir='ltr'><strong>titiam</strong></span> <span class='ocrx_word' id='word_1_491' title='bbox 2221 3111 2380 3182; x_wconf 86' lang='lat' dir='ltr'><strong>gerit,</strong></span> <span class='ocrx_word' id='word_1_492' title='bbox 2412 3108 2553 3179; x_wconf 89' lang='lat' dir='ltr'><strong>quod</strong></span> <span class='ocrx_word' id='word_1_493' title='bbox 2576 3116 2659 3181; x_wconf 90' lang='lat' dir='ltr'><strong>est</strong></span> <span class='ocrx_word' id='word_1_494' title='bbox 2705 3109 2891 3178; x_wconf 82' lang='lat' dir='ltr'><strong>utique</strong></span> <span class='ocrx_word' id='word_1_495' title='bbox 2936 3109 3214 3179; x_wconf 81' lang='lat' dir='ltr'><strong>sapientis.</strong></span> <span class='ocrx_word' id='word_1_496' title='bbox 3250 3106 3405 3165; x_wconf 86' lang='lat' dir='ltr'><strong>Unde</strong></span> <span class='ocrx_word' id='word_1_497' title='bbox 3451 3107 3533 3175; x_wconf 86' lang='lat' dir='ltr'><strong>lit,</strong></span> <span class='ocrx_word' id='word_1_498' title='bbox 3576 3117 3630 3165; x_wconf 90' lang='lat' dir='ltr'><strong>ut</strong></span> 
     </span>
    </p>
   </div>
   <div class='ocr_carea' id='block_1_63' title="bbox 256 3196 1916 3279">
    <p class='ocr_par' dir='ltr' id='par_1_63' title="bbox 256 3196 1916 3279">
     <span class='ocr_line' id='line_1_63' title="bbox 256 3196 1916 3279; baseline 0 -21"><span class='ocrx_word' id='word_1_499' title='bbox 256 3274 261 3279; x_wconf 12' lang='grc' dir='ltr'><em>κ</em></span> <span class='ocrx_word' id='word_1_500' title='bbox 327 3201 505 3258; x_wconf 86' lang='lat' dir='ltr'><strong>bricos</strong></span> <span class='ocrx_word' id='word_1_501' title='bbox 527 3201 731 3272; x_wconf 83' lang='lat' dir='ltr'><strong>colligit</strong></span> <span class='ocrx_word' id='word_1_502' title='bbox 755 3215 965 3267; x_wconf 88' lang='lat' dir='ltr'><strong>mores;</strong></span> <span class='ocrx_word' id='word_1_503' title='bbox 997 3198 1322 3273; x_wconf 51' lang='lat' dir='ltr'><strong>legibus”</strong></span> <span class='ocrx_word' id='word_1_504' title='bbox 1347 3206 1458 3254; x_wconf 88' lang='lat' dir='ltr'><strong>suis</strong></span> <span class='ocrx_word' id='word_1_505' title='bbox 1487 3215 1610 3255; x_wconf 83' lang='lat' dir='ltr'><strong>suas</strong></span> <span class='ocrx_word' id='word_1_506' title='bbox 1650 3196 1799 3271; x_wconf 81' lang='lat' dir='ltr'><strong>leges</strong></span> <span class='ocrx_word' id='word_1_507' title='bbox 1826 3200 1916 3258; x_wconf 87' lang='lat' dir='ltr'><strong>im-</strong></span> 
     </span>
    </p>
   </div>
   <div class='ocr_carea' id='block_1_64' title="bbox 326 3294 1916 3368">
    <p class='ocr_par' dir='ltr' id='par_1_64' title="bbox 326 3294 1916 3368">
     <span class='ocr_line' id='line_1_64' title="bbox 326 3294 1916 3368; baseline 0 -19"><span class='ocrx_word' id='word_1_508' title='bbox 326 3302 530 3365; x_wconf 83' lang='lat' dir='ltr'><strong>pugnat</strong></span> <span class='ocrx_word' id='word_1_509' title='bbox 558 3294 675 3364; x_wconf 88' lang='lat' dir='ltr'><strong>:jus</strong></span> <span class='ocrx_word' id='word_1_510' title='bbox 692 3294 814 3365; x_wconf 84' lang='lat' dir='ltr'><strong>jure</strong></span> <span class='ocrx_word' id='word_1_511' title='bbox 835 3294 948 3368; x_wconf 89' lang='lat' dir='ltr'><strong>(ll)</strong></span> <span class='ocrx_word' id='word_1_512' title='bbox 966 3294 1256 3363; x_wconf 79' lang='lat' dir='ltr'><strong>distringit.</strong></span> <span class='ocrx_word' id='word_1_513' title='bbox 1284 3294 1413 3360; x_wconf 82' lang='lat' dir='ltr'><strong>Quis</strong></span> <span class='ocrx_word' id='word_1_514' title='bbox 1436 3294 1733 3349; x_wconf 76' lang='lat' dir='ltr'><strong>nouvideat</strong></span> <span class='ocrx_word' id='word_1_515' title='bbox 1759 3310 1916 3365; x_wconf 79' lang='lat' dir='ltr'><strong>num—</strong></span> 
     </span>
    </p>
   </div>
   <div class='ocr_carea' id='block_1_65' title="bbox 400 3427 1921 3500">
    <p class='ocr_par' dir='ltr' id='par_1_65' title="bbox 400 3427 1921 3500">
     <span class='ocr_line' id='line_1_65' title="bbox 400 3427 1921 3500; baseline 0.001 -16"><span class='ocrx_word' id='word_1_516' title='bbox 400 3427 482 3500; x_wconf 88' lang='grc'><strong>(9)</strong></span> <span class='ocrx_word' id='word_1_517' title='bbox 517 3427 779 3484; x_wconf 89' lang='lat' dir='ltr'><strong>Similiter</strong></span> <span class='ocrx_word' id='word_1_518' title='bbox 807 3428 1140 3494; x_wconf 88' lang='lat' dir='ltr'><strong>Lactantius,</strong></span> <span class='ocrx_word' id='word_1_519' title='bbox 1168 3429 1262 3485; x_wconf 90' lang='lat' dir='ltr'><strong>lib.</strong></span> <span class='ocrx_word' id='word_1_520' title='bbox 1294 3446 1372 3490; x_wconf 78' lang='lat' dir='ltr'><strong>Vl,</strong></span> <span class='ocrx_word' id='word_1_521' title='bbox 1399 3445 1519 3498; x_wconf 88' lang='lat' dir='ltr'><strong>cap.</strong></span> <span class='ocrx_word' id='word_1_522' title='bbox 1550 3430 1655 3485; x_wconf 75' lang='lat'><strong>16:</strong></span> <span class='ocrx_word' id='word_1_523' title='bbox 1693 3430 1921 3487; x_wconf 86' lang='lat' dir='ltr'><strong>Nomina</strong></span> 
     </span>
    </p>
   </div>
   <div class='ocr_carea' id='block_1_66' title="bbox 330 3500 1506 3569">
    <p class='ocr_par' dir='ltr' id='par_1_66' title="bbox 330 3500 1506 3569">
     <span class='ocr_line' id='line_1_66' title="bbox 330 3500 1506 3569; baseline 0.001 -15"><span class='ocrx_word' id='word_1_524' title='bbox 330 3500 679 3556; x_wconf 75' lang='lat' dir='ltr'><strong>tantummodo</strong></span> <span class='ocrx_word' id='word_1_525' title='bbox 708 3502 1001 3566; x_wconf 85' lang='lat' dir='ltr'><strong>immutant,</strong></span> <span class='ocrx_word' id='word_1_526' title='bbox 1028 3516 1109 3554; x_wconf 86' lang='lat' dir='ltr'><strong>res</strong></span> <span class='ocrx_word' id='word_1_527' title='bbox 1131 3501 1256 3569; x_wconf 65' lang='lat' dir='ltr'><strong>ipsa</strong></span> <span class='ocrx_word' id='word_1_528' title='bbox 1282 3513 1506 3555; x_wconf 86' lang='lat' dir='ltr'><strong>manent.</strong></span> 
     </span>
    </p>
   </div>
   <div class='ocr_carea' id='block_1_67' title="bbox 399 3570 1917 3643">
    <p class='ocr_par' dir='ltr' id='par_1_67' title="bbox 399 3570 1917 3643">
     <span class='ocr_line' id='line_1_67' title="bbox 399 3570 1917 3643; baseline 0.002 -16"><span class='ocrx_word' id='word_1_529' title='bbox 399 3570 518 3643; x_wconf 75' lang='lat' dir='ltr'><strong>(i0)</strong></span> <span class='ocrx_word' id='word_1_530' title='bbox 550 3570 774 3626; x_wconf 71' lang='lat' dir='ltr'><strong>Itamss.</strong></span> <span class='ocrx_word' id='word_1_531' title='bbox 798 3572 979 3643; x_wconf 62' lang='lat' dir='ltr'><strong>item,</strong></span> <span class='ocrx_word' id='word_1_532' title='bbox 1008 3570 1155 3643; x_wconf 75' lang='lat' dir='ltr'><strong>Tol..</strong></span> <span class='ocrx_word' id='word_1_533' title='bbox 1176 3572 1392 3641; x_wconf 88' lang='lat' dir='ltr'><strong>Pomp.;</strong></span> <span class='ocrx_word' id='word_1_534' title='bbox 1425 3573 1550 3629; x_wconf 87' lang='lat' dir='ltr'><strong>alibi</strong></span> <span class='ocrx_word' id='word_1_535' title='bbox 1574 3584 1750 3629; x_wconf 83' lang='lat' dir='ltr'><strong>autent</strong></span> <span class='ocrx_word' id='word_1_536' title='bbox 1782 3586 1836 3630; x_wconf 89' lang='lat' dir='ltr'><strong>et</strong></span> <span class='ocrx_word' id='word_1_537' title='bbox 1866 3577 1917 3631; x_wconf 89' lang='lat' dir='ltr'><strong>in</strong></span> 
     </span>
    </p>
   </div>
   <div class='ocr_carea' id='block_1_68' title="bbox 328 3642 1919 3703">
    <p class='ocr_par' dir='ltr' id='par_1_68' title="bbox 328 3642 1919 3703">
     <span class='ocr_line' id='line_1_68' title="bbox 328 3642 1919 3703; baseline 0.003 -4"><span class='ocrx_word' id='word_1_538' title='bbox 328 3642 759 3699; x_wconf 79' lang='lat' dir='ltr'><strong>editistestuans.</strong></span> <span class='ocrx_word' id='word_1_539' title='bbox 799 3642 896 3698; x_wconf 83' lang='lat' dir='ltr'><strong>Hie</strong></span> <span class='ocrx_word' id='word_1_540' title='bbox 927 3656 1057 3698; x_wconf 80' lang='lat' dir='ltr'><strong>vero</strong></span> <span class='ocrx_word' id='word_1_541' title='bbox 1098 3642 1300 3699; x_wconf 87' lang='lat' dir='ltr'><strong>Auctor</strong></span> <span class='ocrx_word' id='word_1_542' title='bbox 1349 3644 1695 3701; x_wconf 81' lang='lat' dir='ltr'><strong>Ettinicorum</strong></span> <span class='ocrx_word' id='word_1_543' title='bbox 1736 3659 1919 3703; x_wconf 61' lang='lat' dir='ltr'><strong>orato-</strong></span> 
     </span>
    </p>
   </div>
   <div class='ocr_carea' id='block_1_69' title="bbox 327 3714 1917 3785">
    <p class='ocr_par' dir='ltr' id='par_1_69' title="bbox 327 3714 1917 3785">
     <span class='ocr_line' id='line_1_69' title="bbox 327 3714 1917 3785; baseline 0.001 -14"><span class='ocrx_word' id='word_1_544' title='bbox 327 3728 447 3771; x_wconf 82' lang='lat' dir='ltr'><strong>tum</strong></span> <span class='ocrx_word' id='word_1_545' title='bbox 473 3714 783 3785; x_wconf 80' lang='lat' dir='ltr'><strong>perstringit</strong></span> <span class='ocrx_word' id='word_1_546' title='bbox 802 3716 1119 3785; x_wconf 81' lang='lat' dir='ltr'><strong>sapientiam</strong></span> <span class='ocrx_word' id='word_1_547' title='bbox 1146 3716 1196 3768; x_wconf 91' lang='lat' dir='ltr'><strong>iu</strong></span> <span class='ocrx_word' id='word_1_548' title='bbox 1217 3716 1521 3783; x_wconf 88' lang='lat' dir='ltr'><strong>eloquentia</strong></span> <span class='ocrx_word' id='word_1_549' title='bbox 1545 3718 1917 3785; x_wconf 87' lang='lat' dir='ltr'><strong>constitutam,</strong></span> 
     </span>
    </p>
   </div>
   <div class='ocr_carea' id='block_1_70' title="bbox 327 3785 1917 3856">
    <p class='ocr_par' dir='ltr' id='par_1_70' title="bbox 327 3785 1917 3856">
     <span class='ocr_line' id='line_1_70' title="bbox 327 3785 1917 3856; baseline 0.003 -16"><span class='ocrx_word' id='word_1_550' title='bbox 327 3801 429 3856; x_wconf 85' lang='lat' dir='ltr'><strong>qua</strong></span> <span class='ocrx_word' id='word_1_551' title='bbox 460 3785 735 3841; x_wconf 77' lang='lat' dir='ltr'><strong>auditores</strong></span> <span class='ocrx_word' id='word_1_552' title='bbox 755 3796 808 3842; x_wconf 91' lang='lat' dir='ltr'><strong>et</strong></span> <span class='ocrx_word' id='word_1_553' title='bbox 831 3785 1041 3854; x_wconf 77' lang='lat' dir='ltr'><strong>judiees</strong></span> <span class='ocrx_word' id='word_1_554' title='bbox 1067 3787 1117 3838; x_wconf 88' lang='lat' dir='ltr'><strong>in</strong></span> <span class='ocrx_word' id='word_1_555' title='bbox 1145 3787 1414 3856; x_wconf 87' lang='lat' dir='ltr'><strong>propriam</strong></span> <span class='ocrx_word' id='word_1_556' title='bbox 1441 3787 1771 3844; x_wconf 83' lang='lat' dir='ltr'><strong>adducerent</strong></span> <span class='ocrx_word' id='word_1_557' title='bbox 1792 3804 1917 3844; x_wconf 55' lang='lat' dir='ltr'><strong>seu-</strong></span> 
     </span>
    </p>
   </div>
   <div class='ocr_carea' id='block_1_71' title="bbox 329 3856 1923 3931">
    <p class='ocr_par' dir='ltr' id='par_1_71' title="bbox 329 3856 1923 3931">
     <span class='ocr_line' id='line_1_71' title="bbox 329 3856 1923 3931; baseline 0.004 -20"><span class='ocrx_word' id='word_1_558' title='bbox 329 3858 573 3923; x_wconf 88' lang='lat' dir='ltr'><strong>tentiam,</strong></span> <span class='ocrx_word' id='word_1_559' title='bbox 606 3873 712 3931; x_wconf 79' lang='lat' dir='ltr'><strong>non</strong></span> <span class='ocrx_word' id='word_1_560' title='bbox 745 3858 953 3931; x_wconf 84' lang='lat' dir='ltr'><strong>ratione</strong></span> <span class='ocrx_word' id='word_1_561' title='bbox 979 3856 1187 3931; x_wconf 70' lang='lat' dir='ltr'><strong>aliqua,</strong></span> <span class='ocrx_word' id='word_1_562' title='bbox 1213 3861 1305 3931; x_wconf 83' lang='lat' dir='ltr'><strong>sed</strong></span> <span class='ocrx_word' id='word_1_563' title='bbox 1330 3856 1630 3921; x_wconf 84' lang='lat' dir='ltr'><strong>aii‘ectibus,</strong></span> <span class='ocrx_word' id='word_1_564' title='bbox 1658 3864 1747 3931; x_wconf 91' lang='lat' dir='ltr'><strong>qui</strong></span> <span class='ocrx_word' id='word_1_565' title='bbox 1777 3876 1923 3930; x_wconf 85' lang='lat' dir='ltr'><strong>saepe</strong></span> 
     </span>
    </p>
   </div>
   <div class='ocr_carea' id='block_1_72' title="bbox 326 3928 1919 3998">
    <p class='ocr_par' dir='ltr' id='par_1_72' title="bbox 326 3928 1919 3998">
     <span class='ocr_line' id='line_1_72' title="bbox 326 3928 1919 3998; baseline 0.002 -14"><span class='ocrx_word' id='word_1_566' title='bbox 326 3936 519 3984; x_wconf 85' lang='lat' dir='ltr'><strong>contra</strong></span> <span class='ocrx_word' id='word_1_567' title='bbox 554 3928 812 3998; x_wconf 64' lang='lat' dir='ltr'><strong>rationem</strong></span> <span class='ocrx_word' id='word_1_568' title='bbox 845 3939 896 3982; x_wconf 88' lang='lat' dir='ltr'><strong>et</strong></span> <span class='ocrx_word' id='word_1_569' title='bbox 930 3929 1099 3998; x_wconf 76' lang='lat' dir='ltr'><strong>leges,</strong></span> <span class='ocrx_word' id='word_1_570' title='bbox 1146 3930 1189 3982; x_wconf 92' lang='lat' dir='ltr'><strong>si</strong></span> <span class='ocrx_word' id='word_1_571' title='bbox 1231 3930 1301 3983; x_wconf 86' lang='lat' dir='ltr'><strong>ita</strong></span> <span class='ocrx_word' id='word_1_572' title='bbox 1346 3931 1511 3984; x_wconf 82' lang='lat' dir='ltr'><strong>terret</strong></span> <span class='ocrx_word' id='word_1_573' title='bbox 1549 3928 1919 3995; x_wconf 79' lang='lat' dir='ltr'><strong>commodum,</strong></span> 
     </span>
    </p>
   </div>
   <div class='ocr_carea' id='block_1_73' title="bbox 328 3997 1919 4059">
    <p class='ocr_par' dir='ltr' id='par_1_73' title="bbox 328 3997 1919 4059">
     <span class='ocr_line' id='line_1_73' title="bbox 328 3997 1919 4059; baseline 0.004 -6"><span class='ocrx_word' id='word_1_574' title='bbox 328 3997 597 4056; x_wconf 76' lang='lat' dir='ltr'><strong>excitandi</strong></span> <span class='ocrx_word' id='word_1_575' title='bbox 628 4016 657 4053; x_wconf 84' lang='lat' dir='ltr'><strong>a</strong></span> <span class='ocrx_word' id='word_1_576' title='bbox 702 3997 1012 4055; x_wconf 85' lang='lat' dir='ltr'><strong>rhetoribus</strong></span> <span class='ocrx_word' id='word_1_577' title='bbox 1055 3998 1423 4055; x_wconf 83' lang='lat' dir='ltr'><strong>tradebantur.</strong></span> <span class='ocrx_word' id='word_1_578' title='bbox 1471 3999 1614 4057; x_wconf 91' lang='lat' dir='ltr'><strong>Inter</strong></span> <span class='ocrx_word' id='word_1_579' title='bbox 1658 4007 1823 4057; x_wconf 83' lang='lat' dir='ltr'><strong>multa</strong></span> <span class='ocrx_word' id='word_1_580' title='bbox 1861 4004 1919 4059; x_wconf 81' lang='lat' dir='ltr'><strong>id</strong></span> 
     </span>
    </p>
   </div>
   <div class='ocr_carea' id='block_1_74' title="bbox 327 4069 1919 4142">
    <p class='ocr_par' dir='ltr' id='par_1_74' title="bbox 327 4069 1919 4142">
     <span class='ocr_line' id='line_1_74' title="bbox 327 4069 1919 4142; baseline 0.003 -18"><span class='ocrx_word' id='word_1_581' title='bbox 327 4072 541 4142; x_wconf 72' lang='lat' dir='ltr'><strong>generis</strong></span> <span class='ocrx_word' id='word_1_582' title='bbox 562 4080 829 4141; x_wconf 84' lang='lat' dir='ltr'><strong>praecepta</strong></span> <span class='ocrx_word' id='word_1_583' title='bbox 860 4086 1019 4142; x_wconf 83' lang='lat' dir='ltr'><strong>unum</strong></span> <span class='ocrx_word' id='word_1_584' title='bbox 1050 4070 1294 4126; x_wconf 91' lang='lat' dir='ltr'><strong>cedimus</strong></span> <span class='ocrx_word' id='word_1_585' title='bbox 1313 4087 1377 4126; x_wconf 80' lang='lat' dir='ltr'><strong>ex</strong></span> <span class='ocrx_word' id='word_1_586' title='bbox 1400 4069 1663 4129; x_wconf 86' lang='lat' dir='ltr'><strong>Cicerone</strong></span> <span class='ocrx_word' id='word_1_587' title='bbox 1689 4116 1704 4139; x_wconf 92' lang='lat'><strong>,</strong></span> <span class='ocrx_word' id='word_1_588' title='bbox 1730 4076 1827 4131; x_wconf 89' lang='lat' dir='ltr'><strong>lib.</strong></span> <span class='ocrx_word' id='word_1_589' title='bbox 1860 4091 1919 4142; x_wconf 86' lang='lat' dir='ltr'><strong>lt,</strong></span> 
     </span>
    </p>
   </div>
   <div class='ocr_carea' id='block_1_75' title="bbox 327 4140 1920 4214">
    <p class='ocr_par' dir='ltr' id='par_1_75' title="bbox 327 4140 1920 4214">
     <span class='ocr_line' id='line_1_75' title="bbox 327 4140 1920 4214; baseline 0.003 -17"><span class='ocrx_word' id='word_1_590' title='bbox 327 4140 394 4197; x_wconf 82' lang='lat' dir='ltr'><strong>de</strong></span> <span class='ocrx_word' id='word_1_591' title='bbox 414 4140 575 4196; x_wconf 68' lang='lat' dir='ltr'><strong>Orat.</strong></span> <span class='ocrx_word' id='word_1_592' title='bbox 600 4147 718 4213; x_wconf 74' lang='lat' dir='ltr'><strong>pag.</strong></span> <span class='ocrx_word' id='word_1_593' title='bbox 744 4140 856 4214; x_wconf 54' lang='grc' dir='ltr'><strong>Ἴος</strong></span> <span class='ocrx_word' id='word_1_594' title='bbox 909 4140 1057 4214; x_wconf 82' lang='lat' dir='ltr'><strong>Nihil</strong></span> <span class='ocrx_word' id='word_1_595' title='bbox 1101 4152 1173 4195; x_wconf 85' lang='lat' dir='ltr'><strong>est</strong></span> <span class='ocrx_word' id='word_1_596' title='bbox 1214 4144 1346 4196; x_wconf 86' lang='lat' dir='ltr'><strong>enim</strong></span> <span class='ocrx_word' id='word_1_597' title='bbox 1390 4145 1444 4196; x_wconf 90' lang='lat' dir='ltr'><strong>in</strong></span> <span class='ocrx_word' id='word_1_598' title='bbox 1480 4146 1695 4199; x_wconf 81' lang='lat' dir='ltr'><strong>dicendo</strong></span> <span class='ocrx_word' id='word_1_599' title='bbox 1730 4140 1920 4214; x_wconf 76' lang='lat' dir='ltr'><strong>maius,</strong></span> 
     </span>
    </p>
   </div>
   <div class='ocr_carea' id='block_1_76' title="bbox 325 4211 1921 4287">
    <p class='ocr_par' dir='ltr' id='par_1_76' title="bbox 325 4211 1921 4287">
     <span class='ocr_line' id='line_1_76' title="bbox 325 4211 1921 4287; baseline 0.003 -20"><span class='ocrx_word' id='word_1_600' title='bbox 325 4230 481 4284; x_wconf 80' lang='lat' dir='ltr'><strong>quam</strong></span> <span class='ocrx_word' id='word_1_601' title='bbox 516 4223 571 4268; x_wconf 87' lang='lat' dir='ltr'><strong>ut</strong></span> <span class='ocrx_word' id='word_1_602' title='bbox 602 4211 767 4282; x_wconf 56' lang='lat' dir='ltr'><strong>faueat</strong></span> <span class='ocrx_word' id='word_1_603' title='bbox 800 4211 1009 4268; x_wconf 84' lang='lat' dir='ltr'><strong>Oratori</strong></span> <span class='ocrx_word' id='word_1_604' title='bbox 1040 4213 1119 4287; x_wconf 28' lang='lat' dir='ltr'><strong>is,‘</strong></span> <span class='ocrx_word' id='word_1_605' title='bbox 1141 4215 1229 4280; x_wconf 85' lang='lat' dir='ltr'><strong>qui</strong></span> <span class='ocrx_word' id='word_1_606' title='bbox 1272 4214 1467 4287; x_wconf 79' lang='lat' dir='ltr'><strong>audiet,</strong></span> <span class='ocrx_word' id='word_1_607' title='bbox 1517 4227 1672 4287; x_wconf 78' lang='lat' dir='ltr'><strong>utque</strong></span> <span class='ocrx_word' id='word_1_608' title='bbox 1707 4218 1815 4287; x_wconf 86' lang='lat' dir='ltr'><strong>ipse</strong></span> <span class='ocrx_word' id='word_1_609' title='bbox 1849 4211 1921 4271; x_wconf 80' lang='lat' dir='ltr'><strong>sic</strong></span> 
     </span>
    </p>
   </div>
   <div class='ocr_carea' id='block_1_77' title="bbox 327 4284 1921 4359">
    <p class='ocr_par' dir='ltr' id='par_1_77' title="bbox 327 4284 1921 4359">
     <span class='ocr_line' id='line_1_77' title="bbox 327 4284 1921 4359; baseline 0.003 -21"><span class='ocrx_word' id='word_1_610' title='bbox 327 4295 607 4359; x_wconf 69' lang='lat' dir='ltr'><strong>incusatur,</strong></span> <span class='ocrx_word' id='word_1_611' title='bbox 652 4296 707 4337; x_wconf 90' lang='lat' dir='ltr'><strong>ut</strong></span> <span class='ocrx_word' id='word_1_612' title='bbox 746 4287 937 4359; x_wconf 80' lang='lat' dir='ltr'><strong>impetu</strong></span> <span class='ocrx_word' id='word_1_613' title='bbox 981 4284 1401 4359; x_wconf 25' lang='lat' dir='ltr'><strong>quodamAanimi</strong></span> <span class='ocrx_word' id='word_1_614' title='bbox 1440 4295 1488 4342; x_wconf 76' lang='lat' dir='ltr'><strong>et</strong></span> <span class='ocrx_word' id='word_1_615' title='bbox 1540 4284 1921 4359; x_wconf 72' lang='lat' dir='ltr'><strong>perturbatione</strong></span> 
     </span>
    </p>
   </div>
   <div class='ocr_carea' id='block_1_78' title="bbox 328 4356 1924 4428">
    <p class='ocr_par' dir='ltr' id='par_1_78' title="bbox 328 4356 1924 4428">
     <span class='ocr_line' id='line_1_78' title="bbox 328 4356 1924 4428; baseline 0.003 -18"><span class='ocrx_word' id='word_1_616' title='bbox 328 4358 513 4428; x_wconf 83' lang='lat' dir='ltr'><strong>magis,</strong></span> <span class='ocrx_word' id='word_1_617' title='bbox 547 4373 699 4427; x_wconf 82' lang='lat' dir='ltr'><strong>quam</strong></span> <span class='ocrx_word' id='word_1_618' title='bbox 724 4356 928 4427; x_wconf 82' lang='lat' dir='ltr'><strong>judicio</strong></span> <span class='ocrx_word' id='word_1_619' title='bbox 955 4365 1043 4409; x_wconf 87' lang='lat' dir='ltr'><strong>aut</strong></span> <span class='ocrx_word' id='word_1_620' title='bbox 1070 4356 1283 4428; x_wconf 75' lang='lat' dir='ltr'><strong>consilio</strong></span> <span class='ocrx_word' id='word_1_621' title='bbox 1310 4356 1549 4427; x_wconf 54' lang='grc' dir='ltr'><strong>γεραιαί-,⁷</strong></span> <span class='ocrx_word' id='word_1_622' title='bbox 1584 4359 1749 4412; x_wconf 81' lang='lat' dir='ltr'><strong>Plura</strong></span> <span class='ocrx_word' id='word_1_623' title='bbox 1783 4361 1924 4414; x_wconf 73' lang='lat' dir='ltr'><strong>enim</strong></span> 
     </span>
    </p>
   </div>
   <div class='ocr_carea' id='block_1_79' title="bbox 327 4427 1915 4499">
    <p class='ocr_par' dir='ltr' id='par_1_79' title="bbox 327 4427 1915 4499">
     <span class='ocr_line' id='line_1_79' title="bbox 327 4427 1915 4499; baseline -0.001 -15"><span class='ocrx_word' id='word_1_624' title='bbox 327 4429 487 4484; x_wconf 81' lang='lat' dir='ltr'><strong>multo</strong></span> <span class='ocrx_word' id='word_1_625' title='bbox 505 4429 733 4483; x_wconf 81' lang='lat' dir='ltr'><strong>homines</strong></span> <span class='ocrx_word' id='word_1_626' title='bbox 746 4428 983 4499; x_wconf 83' lang='lat' dir='ltr'><strong>judicant</strong></span> <span class='ocrx_word' id='word_1_627' title='bbox 1009 4427 1149 4494; x_wconf 88' lang='lat' dir='ltr'><strong>odio,</strong></span> <span class='ocrx_word' id='word_1_628' title='bbox 1176 4438 1265 4480; x_wconf 88' lang='lat' dir='ltr'><strong>ant</strong></span> <span class='ocrx_word' id='word_1_629' title='bbox 1290 4443 1485 4487; x_wconf 84' lang='lat' dir='ltr'><strong>amore.</strong></span> <span class='ocrx_word' id='word_1_630' title='bbox 1511 4440 1598 4485; x_wconf 88' lang='lat' dir='ltr'><strong>aut</strong></span> <span class='ocrx_word' id='word_1_631' title='bbox 1618 4432 1915 4499; x_wconf 78' lang='lat' dir='ltr'><strong>cupiditate,</strong></span> 
     </span>
    </p>
   </div>
   <div class='ocr_carea' id='block_1_80' title="bbox 328 4500 1920 4569">
    <p class='ocr_par' dir='ltr' id='par_1_80' title="bbox 328 4500 1920 4569">
     <span class='ocr_line' id='line_1_80' title="bbox 328 4500 1920 4569; baseline 0.001 -14"><span class='ocrx_word' id='word_1_632' title='bbox 328 4510 415 4555; x_wconf 85' lang='lat' dir='ltr'><strong>aut</strong></span> <span class='ocrx_word' id='word_1_633' title='bbox 449 4501 741 4566; x_wconf 80' lang='lat' dir='ltr'><strong>iracundia,</strong></span> <span class='ocrx_word' id='word_1_634' title='bbox 776 4510 866 4555; x_wconf 88' lang='lat' dir='ltr'><strong>aut</strong></span> <span class='ocrx_word' id='word_1_635' title='bbox 895 4500 1089 4561; x_wconf 79' lang='lat' dir='ltr'><strong>dolore,</strong></span> <span class='ocrx_word' id='word_1_636' title='bbox 1116 4510 1204 4552; x_wconf 91' lang='lat' dir='ltr'><strong>aut</strong></span> <span class='ocrx_word' id='word_1_637' title='bbox 1233 4501 1435 4565; x_wconf 73' lang='lat' dir='ltr'><strong>ltetitia,</strong></span> <span class='ocrx_word' id='word_1_638' title='bbox 1465 4512 1552 4555; x_wconf 90' lang='lat' dir='ltr'><strong>aut</strong></span> <span class='ocrx_word' id='word_1_639' title='bbox 1581 4518 1691 4569; x_wconf 82' lang='lat' dir='ltr'><strong>spe,</strong></span> <span class='ocrx_word' id='word_1_640' title='bbox 1732 4512 1821 4555; x_wconf 77' lang='lat' dir='ltr'><strong>aut</strong></span> <span class='ocrx_word' id='word_1_641' title='bbox 1850 4504 1920 4556; x_wconf 83' lang='lat' dir='ltr'><strong>ti—</strong></span> 
     </span>
    </p>
   </div>
   <div class='ocr_carea' id='block_1_81' title="bbox 330 4570 1935 4643">
    <p class='ocr_par' dir='ltr' id='par_1_81' title="bbox 330 4570 1935 4643">
     <span class='ocr_line' id='line_1_81' title="bbox 330 4570 1935 4643; baseline 0.002 -20"><span class='ocrx_word' id='word_1_642' title='bbox 330 4587 488 4637; x_wconf 87' lang='lat' dir='ltr'><strong>more,</strong></span> <span class='ocrx_word' id='word_1_643' title='bbox 516 4583 601 4628; x_wconf 87' lang='lat' dir='ltr'><strong>aut</strong></span> <span class='ocrx_word' id='word_1_644' title='bbox 629 4587 819 4636; x_wconf 87' lang='lat' dir='ltr'><strong>errore,</strong></span> <span class='ocrx_word' id='word_1_645' title='bbox 858 4580 950 4625; x_wconf 87' lang='lat' dir='ltr'><strong>aut</strong></span> <span class='ocrx_word' id='word_1_646' title='bbox 983 4570 1159 4640; x_wconf 87' lang='lat' dir='ltr'><strong>aliqua</strong></span> <span class='ocrx_word' id='word_1_647' title='bbox 1182 4572 1496 4643; x_wconf 76' lang='lat' dir='ltr'><strong>permotione</strong></span> <span class='ocrx_word' id='word_1_648' title='bbox 1530 4574 1731 4638; x_wconf 87' lang='lat' dir='ltr'><strong>mentis,</strong></span> <span class='ocrx_word' id='word_1_649' title='bbox 1769 4591 1935 4642; x_wconf 29' lang='lat' dir='ltr'><strong>quam.</strong></span> 
     </span>
    </p>
   </div>
   <div class='ocr_carea' id='block_1_82' title="bbox 328 4644 1924 4714">
    <p class='ocr_par' dir='ltr' id='par_1_82' title="bbox 328 4644 1924 4714">
     <span class='ocr_line' id='line_1_82' title="bbox 328 4644 1924 4714; baseline 0.001 -18"><span class='ocrx_word' id='word_1_650' title='bbox 328 4644 556 4708; x_wconf 77' lang='lat' dir='ltr'><strong>veritate,</strong></span> <span class='ocrx_word' id='word_1_651' title='bbox 583 4653 670 4700; x_wconf 88' lang='lat' dir='ltr'><strong>aut</strong></span> <span class='ocrx_word' id='word_1_652' title='bbox 694 4645 1011 4713; x_wconf 67' lang='lat' dir='ltr'><strong>prescripto,</strong></span> <span class='ocrx_word' id='word_1_653' title='bbox 1040 4652 1128 4696; x_wconf 78' lang='lat' dir='ltr'><strong>aut</strong></span> <span class='ocrx_word' id='word_1_654' title='bbox 1143 4644 1284 4714; x_wconf 85' lang='lat' dir='ltr'><strong>juris</strong></span> <span class='ocrx_word' id='word_1_655' title='bbox 1302 4659 1479 4696; x_wconf 87' lang='lat' dir='ltr'><strong>norma</strong></span> <span class='ocrx_word' id='word_1_656' title='bbox 1500 4644 1691 4714; x_wconf 82' lang='lat' dir='ltr'><strong>aliqua,</strong></span> <span class='ocrx_word' id='word_1_657' title='bbox 1722 4654 1811 4698; x_wconf 89' lang='lat' dir='ltr'><strong>aut</strong></span> <span class='ocrx_word' id='word_1_658' title='bbox 1830 4647 1924 4714; x_wconf 88' lang='lat' dir='ltr'><strong>ju-</strong></span> 
     </span>
    </p>
   </div>
   <div class='ocr_carea' id='block_1_83' title="bbox 330 4712 1922 4788">
    <p class='ocr_par' dir='ltr' id='par_1_83' title="bbox 330 4712 1922 4788">
     <span class='ocr_line' id='line_1_83' title="bbox 330 4712 1922 4788; baseline 0.003 -21"><span class='ocrx_word' id='word_1_659' title='bbox 330 4714 451 4788; x_wconf 78' lang='lat' dir='ltr'><strong>dicii</strong></span> <span class='ocrx_word' id='word_1_660' title='bbox 480 4712 729 4788; x_wconf 76' lang='lat' dir='ltr'><strong>formula,</strong></span> <span class='ocrx_word' id='word_1_661' title='bbox 772 4727 860 4770; x_wconf 90' lang='lat' dir='ltr'><strong>aut</strong></span> <span class='ocrx_word' id='word_1_662' title='bbox 892 4716 1110 4788; x_wconf 82' lang='lat' dir='ltr'><strong>legibus.</strong></span> <span class='ocrx_word' id='word_1_663' title='bbox 1144 4712 1278 4771; x_wconf 73' lang='lat' dir='ltr'><strong>Vide</strong></span> <span class='ocrx_word' id='word_1_664' title='bbox 1310 4730 1429 4785; x_wconf 63' lang='lat' dir='ltr'><strong>quae</strong></span> <span class='ocrx_word' id='word_1_665' title='bbox 1450 4712 1639 4788; x_wconf 69' lang='lat' dir='ltr'><strong>contra</strong></span> <span class='ocrx_word' id='word_1_666' title='bbox 1672 4716 1721 4768; x_wconf 90' lang='lat' dir='ltr'><strong>id</strong></span> <span class='ocrx_word' id='word_1_667' title='bbox 1752 4712 1922 4785; x_wconf 83' lang='lat' dir='ltr'><strong>genus</strong></span> 
     </span>
    </p>
   </div>
   <div class='ocr_carea' id='block_1_84' title="bbox 329 4784 1924 4857">
    <p class='ocr_par' dir='ltr' id='par_1_84' title="bbox 329 4784 1924 4857">
     <span class='ocr_line' id='line_1_84' title="bbox 329 4784 1924 4857; baseline 0.002 -17"><span class='ocrx_word' id='word_1_668' title='bbox 329 4784 675 4855; x_wconf 63' lang='lat' dir='ltr'><strong>eloquentiae,</strong></span> <span class='ocrx_word' id='word_1_669' title='bbox 701 4784 1035 4843; x_wconf 72' lang='lat' dir='ltr'><strong>disseruntur</strong></span> <span class='ocrx_word' id='word_1_670' title='bbox 1054 4787 1107 4841; x_wconf 91' lang='lat' dir='ltr'><strong>in</strong></span> <span class='ocrx_word' id='word_1_671' title='bbox 1138 4787 1353 4857; x_wconf 86' lang='lat' dir='ltr'><strong>dialogo</strong></span> <span class='ocrx_word' id='word_1_672' title='bbox 1381 4788 1443 4841; x_wconf 90' lang='lat' dir='ltr'><strong>de</strong></span> <span class='ocrx_word' id='word_1_673' title='bbox 1468 4784 1647 4841; x_wconf 86' lang='lat' dir='ltr'><strong>Causis</strong></span> <span class='ocrx_word' id='word_1_674' title='bbox 1669 4784 1924 4857; x_wconf 76' lang='lat' dir='ltr'><strong>corrupta:</strong></span> 
     </span>
    </p>
   </div>
   <div class='ocr_carea' id='block_1_85' title="bbox 329 4857 1920 4932">
    <p class='ocr_par' dir='ltr' id='par_1_85' title="bbox 329 4857 1920 4932">
     <span class='ocr_line' id='line_1_85' title="bbox 329 4857 1920 4932; baseline 0 -20"><span class='ocrx_word' id='word_1_675' title='bbox 329 4858 635 4932; x_wconf 61' lang='lat' dir='ltr'><strong>eloquentur:</strong></span> <span class='ocrx_word' id='word_1_676' title='bbox 666 4874 813 4932; x_wconf 83' lang='lat' dir='ltr'><strong>num.</strong></span> <span class='ocrx_word' id='word_1_677' title='bbox 838 4859 936 4932; x_wconf 77' lang='lat'><strong>25,</strong></span> <span class='ocrx_word' id='word_1_678' title='bbox 970 4874 1126 4932; x_wconf 84' lang='lat' dir='ltr'><strong>quem</strong></span> <span class='ocrx_word' id='word_1_679' title='bbox 1156 4861 1244 4912; x_wconf 90' lang='lat' dir='ltr'><strong>alii</strong></span> <span class='ocrx_word' id='word_1_680' title='bbox 1274 4859 1523 4932; x_wconf 71' lang='lat' dir='ltr'><strong>Senecm,</strong></span> <span class='ocrx_word' id='word_1_681' title='bbox 1551 4857 1639 4913; x_wconf 89' lang='lat' dir='ltr'><strong>alii</strong></span> <span class='ocrx_word' id='word_1_682' title='bbox 1672 4859 1920 4925; x_wconf 86' lang='lat' dir='ltr'><strong>Quincti-</strong></span> 
     </span>
    </p>
   </div>
   <div class='ocr_carea' id='block_1_86' title="bbox 328 4928 1922 4997">
    <p class='ocr_par' dir='ltr' id='par_1_86' title="bbox 328 4928 1922 4997">
     <span class='ocr_line' id='line_1_86' title="bbox 328 4928 1922 4997; baseline 0.001 -14"><span class='ocrx_word' id='word_1_683' title='bbox 328 4928 495 4997; x_wconf 78' lang='lat' dir='ltr'><strong>liauo,</strong></span> <span class='ocrx_word' id='word_1_684' title='bbox 522 4930 614 4985; x_wconf 84' lang='lat' dir='ltr'><strong>alii</strong></span> <span class='ocrx_word' id='word_1_685' title='bbox 638 4929 760 4985; x_wconf 88' lang='lat' dir='ltr'><strong>aliis</strong></span> <span class='ocrx_word' id='word_1_686' title='bbox 783 4928 1051 4995; x_wconf 77' lang='lat' dir='ltr'><strong>tribuunt;</strong></span> <span class='ocrx_word' id='word_1_687' title='bbox 1085 4932 1225 4986; x_wconf 89' lang='lat' dir='ltr'><strong>unde</strong></span> <span class='ocrx_word' id='word_1_688' title='bbox 1248 4932 1299 4985; x_wconf 90' lang='lat' dir='ltr'><strong>in</strong></span> <span class='ocrx_word' id='word_1_689' title='bbox 1323 4930 1483 4986; x_wconf 89' lang='lat' dir='ltr'><strong>editis</strong></span> <span class='ocrx_word' id='word_1_690' title='bbox 1510 4933 1783 4984; x_wconf 87' lang='lat' dir='ltr'><strong>variorum</strong></span> <span class='ocrx_word' id='word_1_691' title='bbox 1808 4932 1922 4985; x_wconf 89' lang='lat' dir='ltr'><strong>Au-</strong></span> 
     </span>
    </p>
   </div>
   <div class='ocr_carea' id='block_1_87' title="bbox 327 4999 1920 5072">
    <p class='ocr_par' dir='ltr' id='par_1_87' title="bbox 327 4999 1920 5072">
     <span class='ocr_line' id='line_1_87' title="bbox 327 4999 1920 5072; baseline 0.003 -18"><span class='ocrx_word' id='word_1_692' title='bbox 327 5010 538 5056; x_wconf 83' lang='lat' dir='ltr'><strong>ctorem</strong></span> <span class='ocrx_word' id='word_1_693' title='bbox 584 5002 839 5072; x_wconf 85' lang='lat' dir='ltr'><strong>operibus</strong></span> <span class='ocrx_word' id='word_1_694' title='bbox 881 5002 1154 5072; x_wconf 90' lang='lat' dir='ltr'><strong>subjectus</strong></span> <span class='ocrx_word' id='word_1_695' title='bbox 1196 5005 1404 5072; x_wconf 85' lang='lat' dir='ltr'><strong>legitur.</strong></span> <span class='ocrx_word' id='word_1_696' title='bbox 1459 4999 1626 5057; x_wconf 88' lang='lat' dir='ltr'><strong>Paulo</strong></span> <span class='ocrx_word' id='word_1_697' title='bbox 1662 5010 1784 5072; x_wconf 81' lang='lat' dir='ltr'><strong>post</strong></span> <span class='ocrx_word' id='word_1_698' title='bbox 1825 5020 1920 5072; x_wconf 92' lang='lat' dir='ltr'><strong>pro</strong></span> 
     </span>
    </p>
   </div>
   <div class='ocr_carea' id='block_1_88' title="bbox 326 5071 1091 5143">
    <p class='ocr_par' dir='ltr' id='par_1_88' title="bbox 326 5071 1091 5143">
     <span class='ocr_line' id='line_1_88' title="bbox 326 5071 1091 5143; baseline 0.001 -18"><span class='ocrx_word' id='word_1_699' title='bbox 326 5073 521 5143; x_wconf 79' lang='lat' dir='ltr'><strong>colligit</strong></span> <span class='ocrx_word' id='word_1_700' title='bbox 552 5085 654 5128; x_wconf 88' lang='lat' dir='ltr'><strong>ms.</strong></span> <span class='ocrx_word' id='word_1_701' title='bbox 684 5071 816 5131; x_wconf 86' lang='lat' dir='ltr'><strong>Urb.</strong></span> <span class='ocrx_word' id='word_1_702' title='bbox 852 5071 1091 5143; x_wconf 80' lang='lat' dir='ltr'><strong>congerit.</strong></span> 
     </span>
    </p>
   </div>
   <div class='ocr_carea' id='block_1_89' title="bbox 398 5143 1919 5217">
    <p class='ocr_par' dir='ltr' id='par_1_89' title="bbox 398 5143 1919 5217">
     <span class='ocr_line' id='line_1_89' title="bbox 398 5143 1919 5217; baseline 0 -17"><span class='ocrx_word' id='word_1_703' title='bbox 398 5143 515 5217; x_wconf 79' lang='lat' dir='ltr'><strong>(ii)</strong></span> <span class='ocrx_word' id='word_1_704' title='bbox 550 5144 623 5217; x_wconf 87' lang='lat' dir='ltr'><strong>ita</strong></span> <span class='ocrx_word' id='word_1_705' title='bbox 667 5145 719 5200; x_wconf 92' lang='lat' dir='ltr'><strong>in</strong></span> <span class='ocrx_word' id='word_1_706' title='bbox 764 5160 895 5217; x_wconf 87' lang='lat' dir='ltr'><strong>mss.</strong></span> <span class='ocrx_word' id='word_1_707' title='bbox 943 5143 1121 5208; x_wconf 70' lang='lat' dir='ltr'><strong>Rem,</strong></span> <span class='ocrx_word' id='word_1_708' title='bbox 1165 5146 1547 5213; x_wconf 86' lang='lat' dir='ltr'><strong>Tol.,Pomp.,</strong></span> <span class='ocrx_word' id='word_1_709' title='bbox 1582 5143 1745 5211; x_wconf 85' lang='lat' dir='ltr'><strong>Vat.;</strong></span> <span class='ocrx_word' id='word_1_710' title='bbox 1792 5144 1919 5200; x_wconf 85' lang='lat' dir='ltr'><strong>alibi</strong></span> 
     </span>
    </p>
   </div>
   <div class='ocr_carea' id='block_1_90' title="bbox 329 5216 1923 5287">
    <p class='ocr_par' dir='ltr' id='par_1_90' title="bbox 329 5216 1923 5287">
     <span class='ocr_line' id='line_1_90' title="bbox 329 5216 1923 5287; baseline 0.002 -19"><span class='ocrx_word' id='word_1_711' title='bbox 329 5229 457 5282; x_wconf 71' lang='lat' dir='ltr'><strong>vero</strong></span> <span class='ocrx_word' id='word_1_712' title='bbox 482 5216 539 5279; x_wconf 62' lang='lat' dir='ltr'><strong>et</strong></span> <span class='ocrx_word' id='word_1_713' title='bbox 564 5216 613 5269; x_wconf 87' lang='lat' dir='ltr'><strong>in</strong></span> <span class='ocrx_word' id='word_1_714' title='bbox 640 5216 801 5273; x_wconf 83' lang='lat' dir='ltr'><strong>editis</strong></span> <span class='ocrx_word' id='word_1_715' title='bbox 826 5216 1112 5287; x_wconf 82' lang='lat' dir='ltr'><strong>distinguit.</strong></span> <span class='ocrx_word' id='word_1_716' title='bbox 1161 5218 1421 5287; x_wconf 82' lang='lat' dir='ltr'><strong>Distringo</strong></span> <span class='ocrx_word' id='word_1_717' title='bbox 1450 5217 1568 5271; x_wconf 89' lang='lat' dir='ltr'><strong>heic</strong></span> <span class='ocrx_word' id='word_1_718' title='bbox 1594 5227 1805 5285; x_wconf 75' lang='lat' dir='ltr'><strong>estpro</strong></span> <span class='ocrx_word' id='word_1_719' title='bbox 1830 5220 1923 5271; x_wconf 88' lang='lat' dir='ltr'><strong>de-</strong></span> 
     </span>
    </p>
   </div>
   <div class='ocr_carea' id='block_1_91' title="bbox 329 5288 1914 5359">
    <p class='ocr_par' dir='ltr' id='par_1_91' title="bbox 329 5288 1914 5359">
     <span class='ocr_line' id='line_1_91' title="bbox 329 5288 1914 5359; baseline 0 -16"><span class='ocrx_word' id='word_1_720' title='bbox 329 5288 426 5359; x_wconf 81' lang='lat' dir='ltr'><strong>leo,</strong></span> <span class='ocrx_word' id='word_1_721' title='bbox 461 5288 685 5351; x_wconf 83' lang='lat' dir='ltr'><strong>destruo,</strong></span> <span class='ocrx_word' id='word_1_722' title='bbox 706 5300 894 5350; x_wconf 73' lang='lat' dir='ltr'><strong>averto.</strong></span> <span class='ocrx_word' id='word_1_723' title='bbox 918 5293 1057 5344; x_wconf 86' lang='lat' dir='ltr'><strong>sicut</strong></span> <span class='ocrx_word' id='word_1_724' title='bbox 1082 5290 1219 5359; x_wconf 87' lang='lat' dir='ltr'><strong>apud</strong></span> <span class='ocrx_word' id='word_1_725' title='bbox 1244 5288 1483 5351; x_wconf 82' lang='lat' dir='ltr'><strong>Florum,</strong></span> <span class='ocrx_word' id='word_1_726' title='bbox 1513 5289 1604 5344; x_wconf 89' lang='lat' dir='ltr'><strong>lib.</strong></span> <span class='ocrx_word' id='word_1_727' title='bbox 1631 5304 1700 5355; x_wconf 86' lang='lat' dir='ltr'><strong>tv,</strong></span> <span class='ocrx_word' id='word_1_728' title='bbox 1726 5304 1824 5359; x_wconf 80' lang='lat' dir='ltr'><strong>eap</strong></span> <span class='ocrx_word' id='word_1_729' title='bbox 1874 5304 1914 5354; x_wconf 82' lang='lat' dir='ltr'><strong>t,</strong></span> 
     </span>
    </p>
   </div>
   <div class='ocr_carea' id='block_1_92' title="bbox 328 5358 1921 5431">
    <p class='ocr_par' dir='ltr' id='par_1_92' title="bbox 328 5358 1921 5431">
     <span class='ocr_line' id='line_1_92' title="bbox 328 5358 1921 5431; baseline 0.002 -20"><span class='ocrx_word' id='word_1_730' title='bbox 328 5358 633 5431; x_wconf 76' lang='lat' dir='ltr'><strong>distringere</strong></span> <span class='ocrx_word' id='word_1_731' title='bbox 658 5360 908 5416; x_wconf 80' lang='lat' dir='ltr'><strong>incendiis</strong></span> <span class='ocrx_word' id='word_1_732' title='bbox 936 5358 1142 5427; x_wconf 83' lang='lat' dir='ltr'><strong>urbem,</strong></span> <span class='ocrx_word' id='word_1_733' title='bbox 1188 5371 1240 5415; x_wconf 85' lang='lat' dir='ltr'><strong>et</strong></span> <span class='ocrx_word' id='word_1_734' title='bbox 1278 5360 1417 5430; x_wconf 85' lang='lat' dir='ltr'><strong>apud</strong></span> <span class='ocrx_word' id='word_1_735' title='bbox 1449 5359 1762 5413; x_wconf 89' lang='lat' dir='ltr'><strong>Frontinum</strong></span> <span class='ocrx_word' id='word_1_736' title='bbox 1796 5358 1921 5414; x_wconf 84' lang='lat' dir='ltr'><strong>libri</strong></span> 
     </span>
    </p>
   </div>
   <div class='ocr_carea' id='block_1_93' title="bbox 330 5431 1923 5502">
    <p class='ocr_par' dir='ltr' id='par_1_93' title="bbox 330 5431 1923 5502">
     <span class='ocr_line' id='line_1_93' title="bbox 330 5431 1923 5502; baseline -0.003 -13"><span class='ocrx_word' id='word_1_737' title='bbox 330 5431 489 5502; x_wconf 69' lang='lat' dir='ltr'><strong>primi</strong></span> <span class='ocrx_word' id='word_1_738' title='bbox 539 5442 701 5502; x_wconf 87' lang='lat' dir='ltr'><strong>caput</strong></span> <span class='ocrx_word' id='word_1_739' title='bbox 733 5434 1152 5491; x_wconf 82' lang='lat' dir='ltr'><strong>nonum-eodem</strong></span> <span class='ocrx_word' id='word_1_740' title='bbox 1194 5446 1355 5489; x_wconf 88' lang='lat' dir='ltr'><strong>sensu</strong></span> <span class='ocrx_word' id='word_1_741' title='bbox 1400 5431 1714 5487; x_wconf 86' lang='lat' dir='ltr'><strong>inscribitur</strong></span> <span class='ocrx_word' id='word_1_742' title='bbox 1744 5433 1807 5487; x_wconf 88' lang='lat' dir='ltr'><strong>de</strong></span> <span class='ocrx_word' id='word_1_743' title='bbox 1843 5432 1923 5484; x_wconf 84' lang='lat' dir='ltr'><strong>di-</strong></span> 
     </span>
    </p>
   </div>
   <div class='ocr_carea' id='block_1_94' title="bbox 326 5501 908 5571">
    <p class='ocr_par' dir='ltr' id='par_1_94' title="bbox 326 5501 908 5571">
     <span class='ocr_line' id='line_1_94' title="bbox 326 5501 908 5571; baseline -0.002 -12"><span class='ocrx_word' id='word_1_744' title='bbox 326 5501 635 5571; x_wconf 66' lang='lat' dir='ltr'><strong>stringendis</strong></span> <span class='ocrx_word' id='word_1_745' title='bbox 665 5504 908 5560; x_wconf 79' lang='lat' dir='ltr'><strong>hostibus.</strong></span> 
     </span>
    </p>
   </div>
   <div class='ocr_carea' id='block_1_95' title="bbox 408 5573 1925 5648">
    <p class='ocr_par' dir='ltr' id='par_1_95' title="bbox 408 5573 1925 5648">
     <span class='ocr_line' id='line_1_95' title="bbox 408 5573 1925 5648; baseline -0.001 -19"><span class='ocrx_word' id='word_1_746' title='bbox 408 5573 525 5645; x_wconf 74' lang='grc'><strong>(12)</strong></span> <span class='ocrx_word' id='word_1_747' title='bbox 565 5573 622 5632; x_wconf 85' lang='lat' dir='ltr'><strong>in</strong></span> <span class='ocrx_word' id='word_1_748' title='bbox 672 5576 832 5635; x_wconf 77' lang='lat' dir='ltr'><strong>editis</strong></span> <span class='ocrx_word' id='word_1_749' title='bbox 866 5575 1209 5648; x_wconf 83' lang='lat' dir='ltr'><strong>adeo,quod;</strong></span> <span class='ocrx_word' id='word_1_750' title='bbox 1237 5580 1288 5632; x_wconf 90' lang='lat' dir='ltr'><strong>in</strong></span> <span class='ocrx_word' id='word_1_751' title='bbox 1332 5591 1436 5633; x_wconf 88' lang='lat' dir='ltr'><strong>ms.</strong></span> <span class='ocrx_word' id='word_1_752' title='bbox 1485 5575 1639 5646; x_wconf 79' lang='lat' dir='ltr'><strong>Rem.</strong></span> <span class='ocrx_word' id='word_1_753' title='bbox 1680 5576 1826 5629; x_wconf 89' lang='lat' dir='ltr'><strong>ideo:</strong></span> <span class='ocrx_word' id='word_1_754' title='bbox 1870 5574 1925 5632; x_wconf 90' lang='lat' dir='ltr'><strong>in</strong></span> 
     </span>
    </p>
   </div>
   <div class='ocr_carea' id='block_1_96' title="bbox 340 5641 1949 5719">
    <p class='ocr_par' dir='ltr' id='par_1_96' title="bbox 340 5641 1949 5719">
     <span class='ocr_line' id='line_1_96' title="bbox 340 5641 1949 5719; baseline -0.001 -16"><span class='ocrx_word' id='word_1_755' title='bbox 340 5641 529 5719; x_wconf 64' lang='lat' dir='ltr'><strong>anm.</strong></span> <span class='ocrx_word' id='word_1_756' title='bbox 558 5648 695 5719; x_wconf 85' lang='lat' dir='ltr'><strong>quod</strong></span> <span class='ocrx_word' id='word_1_757' title='bbox 718 5648 889 5706; x_wconf 81' lang='lat' dir='ltr'><strong>deest.</strong></span> <span class='ocrx_word' id='word_1_758' title='bbox 937 5641 1143 5707; x_wconf 76' lang='lat' dir='ltr'><strong>Placuit</strong></span> <span class='ocrx_word' id='word_1_759' title='bbox 1183 5641 1247 5706; x_wconf 74' lang='lat' dir='ltr'><strong>ex</strong></span> <span class='ocrx_word' id='word_1_760' title='bbox 1284 5649 1367 5705; x_wconf 86' lang='lat' dir='ltr'><strong>his</strong></span> <span class='ocrx_word' id='word_1_761' title='bbox 1411 5642 1653 5719; x_wconf 71' lang='lat' dir='ltr'><strong>scribere</strong></span> <span class='ocrx_word' id='word_1_762' title='bbox 1689 5648 1949 5717; x_wconf 51' lang='lat' dir='ltr'><strong>ideoque,</strong></span> 
     </span>
    </p>
   </div>
   <div class='ocr_carea' id='block_1_97' title="bbox 336 5715 1923 5797">
    <p class='ocr_par' dir='ltr' id='par_1_97' title="bbox 336 5715 1923 5797">
     <span class='ocr_line' id='line_1_97' title="bbox 336 5715 1923 5797; baseline -0.003 -18"><span class='ocrx_word' id='word_1_763' title='bbox 336 5715 533 5779; x_wconf 68' lang='grc' dir='ltr'><strong>τεχιυὶ</strong></span> <span class='ocrx_word' id='word_1_764' title='bbox 559 5715 721 5793; x_wconf 83' lang='lat' dir='ltr'><strong>porto</strong></span> <span class='ocrx_word' id='word_1_765' title='bbox 750 5723 924 5795; x_wconf 85' lang='lat' dir='ltr'><strong>lucem</strong></span> <span class='ocrx_word' id='word_1_766' title='bbox 949 5723 1142 5781; x_wconf 85' lang='lat' dir='ltr'><strong>aii‘erre</strong></span> <span class='ocrx_word' id='word_1_767' title='bbox 1173 5730 1352 5796; x_wconf 90' lang='lat' dir='ltr'><strong>potest</strong></span> <span class='ocrx_word' id='word_1_768' title='bbox 1382 5720 1531 5797; x_wconf 84' lang='lat' dir='ltr'><strong>locus</strong></span> <span class='ocrx_word' id='word_1_769' title='bbox 1568 5715 1827 5774; x_wconf 84' lang='lat' dir='ltr'><strong>Lactantii</strong></span> <span class='ocrx_word' id='word_1_770' title='bbox 1856 5734 1923 5792; x_wconf 64' lang='lat' dir='ltr'><strong>es</strong></span> 
     </span>
    </p>
   </div>
   <div class='ocr_carea' id='block_1_98' title="bbox 1950 4470 2000 4529">
    <p class='ocr_par' dir='ltr' id='par_1_98' title="bbox 1950 4470 2000 4529">
     <span class='ocr_line' id='line_1_98' title="bbox 1950 4470 2000 4529; baseline 0 0"><span class='ocrx_word' id='word_1_771' title='bbox 1950 4470 2000 4529; x_wconf 92' lang='lat' dir='ltr'><strong>D</strong></span> 
     </span>
    </p>
   </div>
   <div class='ocr_carea' id='block_1_99' title="bbox 2030 3200 3625 3275">
    <p class='ocr_par' dir='ltr' id='par_1_99' title="bbox 2030 3200 3625 3275">
     <span class='ocr_line' id='line_1_99' title="bbox 2030 3200 3625 3275; baseline -0.004 -16"><span class='ocrx_word' id='word_1_772' title='bbox 2030 3218 2319 3275; x_wconf 89' lang='lat' dir='ltr'><strong>numquam</strong></span> <span class='ocrx_word' id='word_1_773' title='bbox 2385 3202 2559 3272; x_wconf 91' lang='lat' dir='ltr'><strong>justus</strong></span> <span class='ocrx_word' id='word_1_774' title='bbox 2632 3202 2805 3272; x_wconf 79' lang='lat' dir='ltr'><strong>possit</strong></span> <span class='ocrx_word' id='word_1_775' title='bbox 2856 3214 3016 3267; x_wconf 88' lang='lat' dir='ltr'><strong>esse,</strong></span> <span class='ocrx_word' id='word_1_776' title='bbox 3072 3203 3164 3270; x_wconf 89' lang='lat' dir='ltr'><strong>qui</strong></span> <span class='ocrx_word' id='word_1_777' title='bbox 3220 3200 3417 3255; x_wconf 87' lang='lat' dir='ltr'><strong>stultus</strong></span> <span class='ocrx_word' id='word_1_778' title='bbox 3483 3209 3563 3256; x_wconf 88' lang='lat' dir='ltr'><strong>est</strong></span> <span class='ocrx_word' id='word_1_779' title='bbox 3613 3220 3625 3253; x_wconf 93' lang='lat'><strong>:</strong></span> 
     </span>
    </p>
   </div>
   <div class='ocr_carea' id='block_1_100' title="bbox 2022 3291 3628 3375">
    <p class='ocr_par' dir='ltr' id='par_1_100' title="bbox 2022 3291 3628 3375">
     <span class='ocr_line' id='line_1_100' title="bbox 2022 3291 3628 3375; baseline 0.002 -28"><span class='ocrx_word' id='word_1_780' title='bbox 2022 3311 2195 3366; x_wconf 84' lang='lat' dir='ltr'><strong>neque</strong></span> <span class='ocrx_word' id='word_1_781' title='bbox 2237 3295 2491 3365; x_wconf 85' lang='lat' dir='ltr'><strong>sapiens,</strong></span> <span class='ocrx_word' id='word_1_782' title='bbox 2540 3293 2630 3365; x_wconf 83' lang='lat' dir='ltr'><strong>qui</strong></span> <span class='ocrx_word' id='word_1_783' title='bbox 2685 3292 2844 3375; x_wconf 81' lang='lat' dir='ltr'><strong>fuerit</strong></span> <span class='ocrx_word' id='word_1_784' title='bbox 2893 3291 3143 3362; x_wconf 81' lang='lat' dir='ltr'><strong>injustas.</strong></span> <span class='ocrx_word' id='word_1_785' title='bbox 3201 3293 3472 3350; x_wconf 70' lang='lat' dir='ltr'><strong>Ceterum</strong></span> <span class='ocrx_word' id='word_1_786' title='bbox 3519 3294 3628 3373; x_wconf 73' lang='lat' dir='ltr'><strong>sive</strong></span> 
     </span>
    </p>
   </div>
   <div class='ocr_carea' id='block_1_101' title="bbox 2029 3418 3625 3506">
    <p class='ocr_par' dir='ltr' id='par_1_101' title="bbox 2029 3418 3625 3506">
     <span class='ocr_line' id='line_1_101' title="bbox 2029 3418 3625 3506; baseline 0.001 -19"><span class='ocrx_word' id='word_1_787' title='bbox 2029 3433 2119 3487; x_wconf 88' lang='lat' dir='ltr'><strong>lib.</strong></span> <span class='ocrx_word' id='word_1_788' title='bbox 2160 3450 2235 3500; x_wconf 81' lang='lat' dir='ltr'><strong>vr,</strong></span> <span class='ocrx_word' id='word_1_789' title='bbox 2266 3448 2384 3502; x_wconf 86' lang='lat' dir='ltr'><strong>cap.</strong></span> <span class='ocrx_word' id='word_1_790' title='bbox 2410 3432 2469 3506; x_wconf 10' lang='lat'><strong>6.7</strong></span> <span class='ocrx_word' id='word_1_791' title='bbox 2496 3430 2583 3506; x_wconf 79' lang='lat' dir='ltr'><strong>ubi</strong></span> <span class='ocrx_word' id='word_1_792' title='bbox 2607 3431 2676 3485; x_wconf 90' lang='lat' dir='ltr'><strong>ab</strong></span> <span class='ocrx_word' id='word_1_793' title='bbox 2697 3430 3311 3506; x_wconf 68' lang='lat' dir='ltr'><strong>Ethnicisl‘ortesviros</strong></span> <span class='ocrx_word' id='word_1_794' title='bbox 3334 3418 3433 3503; x_wconf 65' lang='lat' dir='ltr'><strong>pio</strong></span> <span class='ocrx_word' id='word_1_795' title='bbox 3457 3435 3625 3506; x_wconf 86' lang='lat' dir='ltr'><strong>patria</strong></span> 
     </span>
    </p>
   </div>
   <div class='ocr_carea' id='block_1_102' title="bbox 2031 3503 3628 3575">
    <p class='ocr_par' dir='ltr' id='par_1_102' title="bbox 2031 3503 3628 3575">
     <span class='ocr_line' id='line_1_102' title="bbox 2031 3503 3628 3575; baseline 0.002 -16"><span class='ocrx_word' id='word_1_796' title='bbox 2031 3507 2189 3559; x_wconf 87' lang='lat' dir='ltr'><strong>morti</strong></span> <span class='ocrx_word' id='word_1_797' title='bbox 2222 3520 2281 3559; x_wconf 90' lang='lat' dir='ltr'><strong>se</strong></span> <span class='ocrx_word' id='word_1_798' title='bbox 2312 3521 2371 3560; x_wconf 86' lang='lat' dir='ltr'><strong>se</strong></span> <span class='ocrx_word' id='word_1_799' title='bbox 2392 3504 2741 3572; x_wconf 86' lang='lat' dir='ltr'><strong>subjicientes</strong></span> <span class='ocrx_word' id='word_1_800' title='bbox 2773 3504 2999 3557; x_wconf 87' lang='lat' dir='ltr'><strong>summis</strong></span> <span class='ocrx_word' id='word_1_801' title='bbox 3030 3503 3277 3563; x_wconf 80' lang='lat' dir='ltr'><strong>laudibus</strong></span> <span class='ocrx_word' id='word_1_802' title='bbox 3304 3503 3479 3561; x_wconf 78' lang='lat' dir='ltr'><strong>elatos</strong></span> <span class='ocrx_word' id='word_1_803' title='bbox 3509 3522 3628 3575; x_wconf 87' lang='lat' dir='ltr'><strong>pro-</strong></span> 
     </span>
    </p>
   </div>
   <div class='ocr_carea' id='block_1_103' title="bbox 2030 3574 3627 3646">
    <p class='ocr_par' dir='ltr' id='par_1_103' title="bbox 2030 3574 3627 3646">
     <span class='ocr_line' id='line_1_103' title="bbox 2030 3574 3627 3646; baseline 0.002 -16"><span class='ocrx_word' id='word_1_804' title='bbox 2030 3578 2129 3641; x_wconf 85' lang='lat' dir='ltr'><strong>dit,</strong></span> <span class='ocrx_word' id='word_1_805' title='bbox 2176 3578 2263 3643; x_wconf 78' lang='lat' dir='ltr'><strong>qui</strong></span> <span class='ocrx_word' id='word_1_806' title='bbox 2306 3576 2492 3632; x_wconf 76' lang='lat' dir='ltr'><strong>uersis</strong></span> <span class='ocrx_word' id='word_1_807' title='bbox 2534 3575 2821 3629; x_wconf 81' lang='lat' dir='ltr'><strong>civitatibus</strong></span> <span class='ocrx_word' id='word_1_808' title='bbox 2860 3574 3191 3646; x_wconf 77' lang='lat' dir='ltr'><strong>gentibusque</strong></span> <span class='ocrx_word' id='word_1_809' title='bbox 3228 3575 3410 3632; x_wconf 76' lang='lat' dir='ltr'><strong>deletis</strong></span> <span class='ocrx_word' id='word_1_810' title='bbox 3452 3580 3627 3644; x_wconf 70' lang='lat' dir='ltr'><strong>patrita</strong></span> 
     </span>
    </p>
   </div>
   <div class='ocr_carea' id='block_1_104' title="bbox 2031 3647 3625 3719">
    <p class='ocr_par' dir='ltr' id='par_1_104' title="bbox 2031 3647 3625 3719">
     <span class='ocr_line' id='line_1_104' title="bbox 2031 3647 3625 3719; baseline 0.001 -17"><span class='ocrx_word' id='word_1_811' title='bbox 2031 3649 2396 3719; x_wconf 70' lang='lat' dir='ltr'><strong>prospirerent,</strong></span> <span class='ocrx_word' id='word_1_812' title='bbox 2424 3649 2551 3714; x_wconf 80' lang='lat' dir='ltr'><strong>ﬁnes</strong></span> <span class='ocrx_word' id='word_1_813' title='bbox 2583 3656 2945 3719; x_wconf 63' lang='lat' dir='ltr'><strong>propagarent,</strong></span> <span class='ocrx_word' id='word_1_814' title='bbox 2969 3655 3173 3719; x_wconf 82' lang='lat' dir='ltr'><strong>etc.,et</strong></span> <span class='ocrx_word' id='word_1_815' title='bbox 3198 3661 3317 3719; x_wconf 84' lang='lat' dir='ltr'><strong>cap.</strong></span> <span class='ocrx_word' id='word_1_816' title='bbox 3342 3649 3376 3705; x_wconf 92' lang='lat'><strong>9</strong></span> <span class='ocrx_word' id='word_1_817' title='bbox 3402 3666 3416 3703; x_wconf 87' lang='lat'><strong>:</strong></span> <span class='ocrx_word' id='word_1_818' title='bbox 3452 3647 3625 3719; x_wconf 79' lang='lat' dir='ltr'><strong>Popu-</strong></span> 
     </span>
    </p>
   </div>
   <div class='ocr_carea' id='block_1_105' title="bbox 2031 3715 3624 3793">
    <p class='ocr_par' dir='ltr' id='par_1_105' title="bbox 2031 3715 3624 3793">
     <span class='ocr_line' id='line_1_105' title="bbox 2031 3715 3624 3793; baseline 0.001 -20"><span class='ocrx_word' id='word_1_819' title='bbox 2031 3721 2110 3774; x_wconf 89' lang='lat' dir='ltr'><strong>lus</strong></span> <span class='ocrx_word' id='word_1_820' title='bbox 2142 3722 2252 3793; x_wconf 77' lang='lat' dir='ltr'><strong>ipss</strong></span> <span class='ocrx_word' id='word_1_821' title='bbox 2282 3718 2545 3793; x_wconf 74' lang='lat' dir='ltr'><strong>Romanus</strong></span> <span class='ocrx_word' id='word_1_822' title='bbox 2576 3733 2665 3793; x_wconf 74' lang='lat' dir='ltr'><strong>per</strong></span> <span class='ocrx_word' id='word_1_823' title='bbox 2697 3715 2932 3773; x_wconf 68' lang='lat' dir='ltr'><strong>Feriates</strong></span> <span class='ocrx_word' id='word_1_824' title='bbox 2951 3717 3094 3793; x_wconf 78' lang='lat' dir='ltr'><strong>bella</strong></span> <span class='ocrx_word' id='word_1_825' title='bbox 3120 3715 3472 3793; x_wconf 14' lang='lat' dir='ltr'><strong>indicendo‘st</strong></span> <span class='ocrx_word' id='word_1_826' title='bbox 3505 3715 3624 3793; x_wconf 79' lang='lat' dir='ltr'><strong>legi-</strong></span> 
     </span>
    </p>
   </div>
   <div class='ocr_carea' id='block_1_106' title="bbox 2031 3788 3625 3865">
    <p class='ocr_par' dir='ltr' id='par_1_106' title="bbox 2031 3788 3625 3865">
     <span class='ocr_line' id='line_1_106' title="bbox 2031 3788 3625 3865; baseline 0.001 -22"><span class='ocrx_word' id='word_1_827' title='bbox 2031 3795 2149 3865; x_wconf 78' lang='lat' dir='ltr'><strong>tinte</strong></span> <span class='ocrx_word' id='word_1_828' title='bbox 2170 3792 2387 3865; x_wconf 75' lang='lat' dir='ltr'><strong>injurias</strong></span> <span class='ocrx_word' id='word_1_829' title='bbox 2412 3789 2647 3865; x_wconf 75' lang='lat' dir='ltr'><strong>faciendo</strong></span> <span class='ocrx_word' id='word_1_830' title='bbox 2670 3805 2969 3865; x_wconf 70' lang='lat' dir='ltr'><strong>semperque</strong></span> <span class='ocrx_word' id='word_1_831' title='bbox 2991 3788 3164 3865; x_wconf 81' lang='lat' dir='ltr'><strong>aliena</strong></span> <span class='ocrx_word' id='word_1_832' title='bbox 3195 3790 3452 3865; x_wconf 75' lang='lat' dir='ltr'><strong>cupiendo</strong></span> <span class='ocrx_word' id='word_1_833' title='bbox 3483 3788 3625 3865; x_wconf 72' lang='lat' dir='ltr'><strong>atque</strong></span> 
     </span>
    </p>
   </div>
   <div class='ocr_carea' id='block_1_107' title="bbox 2028 3860 3387 3933">
    <p class='ocr_par' dir='ltr' id='par_1_107' title="bbox 2028 3860 3387 3933">
     <span class='ocr_line' id='line_1_107' title="bbox 2028 3860 3387 3933; baseline -0.001 -18"><span class='ocrx_word' id='word_1_834' title='bbox 2028 3860 2679 3933; x_wconf 81' lang='lat' dir='ltr'><strong>rapiendo‘possessionem</strong></span> <span class='ocrx_word' id='word_1_835' title='bbox 2705 3861 2862 3933; x_wconf 82' lang='lat' dir='ltr'><strong>totius</strong></span> <span class='ocrx_word' id='word_1_836' title='bbox 2892 3860 3027 3915; x_wconf 79' lang='lat' dir='ltr'><strong>Orbis</strong></span> <span class='ocrx_word' id='word_1_837' title='bbox 3053 3863 3387 3933; x_wconf 75' lang='lat' dir='ltr'><strong>comparauit.</strong></span> 
     </span>
    </p>
   </div>
   <div class='ocr_carea' id='block_1_108' title="bbox 2101 3931 3624 4003">
    <p class='ocr_par' dir='ltr' id='par_1_108' title="bbox 2101 3931 3624 4003">
     <span class='ocr_line' id='line_1_108' title="bbox 2101 3931 3624 4003; baseline -0.001 -15"><span class='ocrx_word' id='word_1_838' title='bbox 2101 3932 2219 4003; x_wconf 71' lang='lat' dir='ltr'><strong>(l5)</strong></span> <span class='ocrx_word' id='word_1_839' title='bbox 2251 3931 2488 3988; x_wconf 23' lang='lat' dir='ltr'><strong>in’editis</strong></span> <span class='ocrx_word' id='word_1_840' title='bbox 2516 3931 2912 4003; x_wconf 80' lang='lat' dir='ltr'><strong>clausis.Porro</strong></span> <span class='ocrx_word' id='word_1_841' title='bbox 2937 3940 3047 3987; x_wconf 88' lang='lat' dir='ltr'><strong>ttttn</strong></span> <span class='ocrx_word' id='word_1_842' title='bbox 3077 3933 3129 3986; x_wconf 93' lang='lat' dir='ltr'><strong>in</strong></span> <span class='ocrx_word' id='word_1_843' title='bbox 3147 3931 3276 3986; x_wconf 85' lang='lat' dir='ltr'><strong>mss.</strong></span> <span class='ocrx_word' id='word_1_844' title='bbox 3299 3944 3411 3988; x_wconf 91' lang='lat' dir='ltr'><strong>tum</strong></span> <span class='ocrx_word' id='word_1_845' title='bbox 3436 3934 3490 3987; x_wconf 84' lang='lat' dir='ltr'><strong>in</strong></span> <span class='ocrx_word' id='word_1_846' title='bbox 3516 3933 3624 3987; x_wconf 89' lang='lat' dir='ltr'><strong>edi-</strong></span> 
     </span>
    </p>
   </div>
   <div class='ocr_carea' id='block_1_109' title="bbox 2030 4001 3622 4074">
    <p class='ocr_par' dir='ltr' id='par_1_109' title="bbox 2030 4001 3622 4074">
     <span class='ocr_line' id='line_1_109' title="bbox 2030 4001 3622 4074; baseline 0 -15"><span class='ocrx_word' id='word_1_847' title='bbox 2030 4006 2097 4059; x_wconf 87' lang='lat' dir='ltr'><strong>tis</strong></span> <span class='ocrx_word' id='word_1_848' title='bbox 2139 4001 2223 4059; x_wconf 84' lang='lat' dir='ltr'><strong>bie</strong></span> <span class='ocrx_word' id='word_1_849' title='bbox 2252 4006 2400 4060; x_wconf 86' lang='lat' dir='ltr'><strong>locus</strong></span> <span class='ocrx_word' id='word_1_850' title='bbox 2426 4020 2537 4059; x_wconf 89' lang='lat' dir='ltr'><strong>ttnn</strong></span> <span class='ocrx_word' id='word_1_851' title='bbox 2566 4012 2801 4058; x_wconf 81' lang='lat' dir='ltr'><strong>contexu</strong></span> <span class='ocrx_word' id='word_1_852' title='bbox 2830 4001 3075 4067; x_wconf 73' lang='lat' dir='ltr'><strong>eii‘crtur,</strong></span> <span class='ocrx_word' id='word_1_853' title='bbox 3102 4003 3173 4057; x_wconf 82' lang='lat' dir='ltr'><strong>ita</strong></span> <span class='ocrx_word' id='word_1_854' title='bbox 3205 4012 3264 4059; x_wconf 88' lang='lat' dir='ltr'><strong>ut</strong></span> <span class='ocrx_word' id='word_1_855' title='bbox 3285 4005 3444 4074; x_wconf 80' lang='lat' dir='ltr'><strong>plane</strong></span> <span class='ocrx_word' id='word_1_856' title='bbox 3470 4004 3622 4063; x_wconf 87' lang='lat' dir='ltr'><strong>intel-</strong></span> 
     </span>
    </p>
   </div>
   <div class='ocr_carea' id='block_1_110' title="bbox 2029 4074 3622 4153">
    <p class='ocr_par' dir='ltr' id='par_1_110' title="bbox 2029 4074 3622 4153">
     <span class='ocr_line' id='line_1_110' title="bbox 2029 4074 3622 4153; baseline -0.001 -22"><span class='ocrx_word' id='word_1_857' title='bbox 2029 4077 2416 4153; x_wconf 27' lang='lat' dir='ltr'><strong>ligi‘nequeat.</strong></span> <span class='ocrx_word' id='word_1_858' title='bbox 2469 4075 2561 4131; x_wconf 89' lang='lat' dir='ltr'><strong>Sic</strong></span> <span class='ocrx_word' id='word_1_859' title='bbox 2598 4074 2770 4153; x_wconf 37' lang='lat' dir='ltr'><strong>enim“</strong></span> <span class='ocrx_word' id='word_1_860' title='bbox 2785 4075 3078 4153; x_wconf 81' lang='lat' dir='ltr'><strong>scribitur:</strong></span> <span class='ocrx_word' id='word_1_861' title='bbox 3126 4074 3287 4153; x_wconf 74' lang='lat' dir='ltr'><strong>clusis</strong></span> <span class='ocrx_word' id='word_1_862' title='bbox 3326 4074 3495 4131; x_wconf 82' lang='lat' dir='ltr'><strong>oculis</strong></span> <span class='ocrx_word' id='word_1_863' title='bbox 3526 4076 3622 4153; x_wconf 70' lang='lat' dir='ltr'><strong>illa</strong></span> 
     </span>
    </p>
   </div>
   <div class='ocr_carea' id='block_1_111' title="bbox 2028 4143 3620 4209">
    <p class='ocr_par' dir='ltr' id='par_1_111' title="bbox 2028 4143 3620 4209">
     <span class='ocr_line' id='line_1_111' title="bbox 2028 4143 3620 4209; baseline 0.001 -8"><span class='ocrx_word' id='word_1_864' title='bbox 2028 4143 2180 4202; x_wconf 63' lang='lat' dir='ltr'><strong>tertio</strong></span> <span class='ocrx_word' id='word_1_865' title='bbox 2209 4143 2347 4209; x_wconf 80' lang='lat' dir='ltr'><strong>diues</strong></span> <span class='ocrx_word' id='word_1_866' title='bbox 2373 4157 2442 4202; x_wconf 79' lang='lat' dir='ltr'><strong>est</strong></span> <span class='ocrx_word' id='word_1_867' title='bbox 2469 4146 2701 4200; x_wconf 74' lang='lat' dir='ltr'><strong>avaritia.</strong></span> <span class='ocrx_word' id='word_1_868' title='bbox 2731 4143 3077 4201; x_wconf 78' lang='lat' dir='ltr'><strong>Correximus</strong></span> <span class='ocrx_word' id='word_1_869' title='bbox 3130 4153 3191 4200; x_wconf 87' lang='lat' dir='ltr'><strong>ut</strong></span> <span class='ocrx_word' id='word_1_870' title='bbox 3229 4148 3281 4202; x_wconf 86' lang='lat' dir='ltr'><strong>in</strong></span> <span class='ocrx_word' id='word_1_871' title='bbox 3320 4156 3497 4208; x_wconf 79' lang='lat' dir='ltr'><strong>textu.</strong></span> <span class='ocrx_word' id='word_1_872' title='bbox 3534 4147 3620 4202; x_wconf 88' lang='lat' dir='ltr'><strong>ubi</strong></span> 
     </span>
    </p>
   </div>
   <div class='ocr_carea' id='block_1_112' title="bbox 2027 4216 3619 4288">
    <p class='ocr_par' dir='ltr' id='par_1_112' title="bbox 2027 4216 3619 4288">
     <span class='ocr_line' id='line_1_112' title="bbox 2027 4216 3619 4288; baseline 0.001 -15"><span class='ocrx_word' id='word_1_873' title='bbox 2027 4234 2165 4273; x_wconf 50' lang='lat' dir='ltr'><strong>cumt</strong></span> <span class='ocrx_word' id='word_1_874' title='bbox 2192 4219 2414 4273; x_wconf 82' lang='lat' dir='ltr'><strong>verbum</strong></span> <span class='ocrx_word' id='word_1_875' title='bbox 2461 4217 2710 4288; x_wconf 86' lang='lat' dir='ltr'><strong>dispergit</strong></span> <span class='ocrx_word' id='word_1_876' title='bbox 2758 4224 2945 4285; x_wconf 84' lang='lat' dir='ltr'><strong>aperte</strong></span> <span class='ocrx_word' id='word_1_877' title='bbox 2988 4216 3354 4288; x_wconf 83' lang='lat' dir='ltr'><strong>supplendum</strong></span> <span class='ocrx_word' id='word_1_878' title='bbox 3398 4216 3515 4283; x_wconf 76' lang='lat' dir='ltr'><strong>fuit,</strong></span> <span class='ocrx_word' id='word_1_879' title='bbox 3565 4226 3619 4274; x_wconf 84' lang='lat' dir='ltr'><strong>ut</strong></span> 
     </span>
    </p>
   </div>
   <div class='ocr_carea' id='block_1_113' title="bbox 2029 4287 3619 4359">
    <p class='ocr_par' dir='ltr' id='par_1_113' title="bbox 2029 4287 3619 4359">
     <span class='ocr_line' id='line_1_113' title="bbox 2029 4287 3619 4359; baseline 0.001 -16"><span class='ocrx_word' id='word_1_880' title='bbox 2029 4305 2221 4345; x_wconf 86' lang='lat' dir='ltr'><strong>sensus</strong></span> <span class='ocrx_word' id='word_1_881' title='bbox 2248 4298 2542 4357; x_wconf 71' lang='lat' dir='ltr'><strong>constaret,</strong></span> <span class='ocrx_word' id='word_1_882' title='bbox 2570 4287 2681 4342; x_wconf 85' lang='lat' dir='ltr'><strong>tum</strong></span> <span class='ocrx_word' id='word_1_883' title='bbox 2703 4302 2830 4359; x_wconf 78' lang='lat' dir='ltr'><strong>vero</strong></span> <span class='ocrx_word' id='word_1_884' title='bbox 2857 4297 3107 4359; x_wconf 87' lang='lat' dir='ltr'><strong>punctum</strong></span> <span class='ocrx_word' id='word_1_885' title='bbox 3132 4287 3483 4359; x_wconf 84' lang='lat' dir='ltr'><strong>aitigendum,</strong></span> <span class='ocrx_word' id='word_1_886' title='bbox 3509 4296 3619 4355; x_wconf 77' lang='lat' dir='ltr'><strong>post</strong></span> 
     </span>
    </p>
   </div>
   <div class='ocr_carea' id='block_1_114' title="bbox 2027 4358 3615 4431">
    <p class='ocr_par' dir='ltr' id='par_1_114' title="bbox 2027 4358 3615 4431">
     <span class='ocr_line' id='line_1_114' title="bbox 2027 4358 3615 4431; baseline -0.001 -14"><span class='ocrx_word' id='word_1_887' title='bbox 2027 4362 2170 4431; x_wconf 90' lang='lat' dir='ltr'><strong>quod</strong></span> <span class='ocrx_word' id='word_1_888' title='bbox 2207 4362 2361 4416; x_wconf 81' lang='lat' dir='ltr'><strong>tertia</strong></span> <span class='ocrx_word' id='word_1_889' title='bbox 2403 4359 2666 4416; x_wconf 85' lang='lat' dir='ltr'><strong>orationis</strong></span> <span class='ocrx_word' id='word_1_890' title='bbox 2704 4374 2739 4431; x_wconf 82' lang='lat' dir='ltr'><strong>:_t</strong></span> <span class='ocrx_word' id='word_1_891' title='bbox 2793 4358 2959 4413; x_wconf 85' lang='lat' dir='ltr'><strong>Paulo</strong></span> <span class='ocrx_word' id='word_1_892' title='bbox 2986 4358 3274 4427; x_wconf 71' lang='lat' dir='ltr'><strong>propositie</strong></span> <span class='ocrx_word' id='word_1_893' title='bbox 3316 4373 3465 4428; x_wconf 87' lang='lat' dir='ltr'><strong>pars,</strong></span> <span class='ocrx_word' id='word_1_894' title='bbox 3504 4376 3615 4428; x_wconf 75' lang='lat' dir='ltr'><strong>qua:</strong></span> 
     </span>
    </p>
   </div>
   <div class='ocr_carea' id='block_1_115' title="bbox 2027 4428 3613 4501">
    <p class='ocr_par' dir='ltr' id='par_1_115' title="bbox 2027 4428 3613 4501">
     <span class='ocr_line' id='line_1_115' title="bbox 2027 4428 3613 4501; baseline 0.001 -16"><span class='ocrx_word' id='word_1_895' title='bbox 2027 4428 2307 4487; x_wconf 77' lang='lat' dir='ltr'><strong>avaritiam</strong></span> <span class='ocrx_word' id='word_1_896' title='bbox 2332 4440 2542 4501; x_wconf 80' lang='lat' dir='ltr'><strong>spectat</strong></span> <span class='ocrx_word' id='word_1_897' title='bbox 2568 4472 2582 4494; x_wconf 89' lang='lat'><strong>,</strong></span> <span class='ocrx_word' id='word_1_898' title='bbox 2629 4446 2655 4481; x_wconf 92' lang='lat' dir='ltr'><strong>a</strong></span> <span class='ocrx_word' id='word_1_899' title='bbox 2704 4428 2922 4501; x_wconf 82' lang='lat' dir='ltr'><strong>Zenone</strong></span> <span class='ocrx_word' id='word_1_900' title='bbox 2951 4430 3241 4501; x_wconf 77' lang='lat' dir='ltr'><strong>eXponitur</strong></span> <span class='ocrx_word' id='word_1_901' title='bbox 3268 4431 3373 4485; x_wconf 84' lang='lat' dir='ltr'><strong>illis</strong></span> <span class='ocrx_word' id='word_1_902' title='bbox 3399 4431 3576 4485; x_wconf 87' lang='lat' dir='ltr'><strong>verbis</strong></span> <span class='ocrx_word' id='word_1_903' title='bbox 3600 4448 3613 4486; x_wconf 88' lang='lat'><strong>:</strong></span> 
     </span>
    </p>
   </div>
   <div class='ocr_carea' id='block_1_116' title="bbox 2028 4500 3615 4572">
    <p class='ocr_par' dir='ltr' id='par_1_116' title="bbox 2028 4500 3615 4572">
     <span class='ocr_line' id='line_1_116' title="bbox 2028 4500 3615 4572; baseline -0.001 -14"><span class='ocrx_word' id='word_1_904' title='bbox 2028 4500 2373 4565; x_wconf 81' lang='lat' dir='ltr'><strong>Tertiodiues</strong></span> <span class='ocrx_word' id='word_1_905' title='bbox 2398 4514 2469 4558; x_wconf 83' lang='lat' dir='ltr'><strong>est</strong></span> <span class='ocrx_word' id='word_1_906' title='bbox 2491 4503 2730 4567; x_wconf 84' lang='lat' dir='ltr'><strong>avaritia,</strong></span> <span class='ocrx_word' id='word_1_907' title='bbox 2748 4509 2854 4556; x_wconf 90' lang='lat' dir='ltr'><strong>etc.</strong></span> <span class='ocrx_word' id='word_1_908' title='bbox 2888 4500 2963 4555; x_wconf 84' lang='lat' dir='ltr'><strong>ita</strong></span> <span class='ocrx_word' id='word_1_909' title='bbox 2995 4500 3285 4556; x_wconf 88' lang='lat' dir='ltr'><strong>cotumodo</strong></span> <span class='ocrx_word' id='word_1_910' title='bbox 3313 4501 3615 4572; x_wconf 82' lang='lat' dir='ltr'><strong>intelligitur</strong></span> 
     </span>
    </p>
   </div>
   <div class='ocr_carea' id='block_1_117' title="bbox 2028 4572 3614 4645">
    <p class='ocr_par' dir='ltr' id='par_1_117' title="bbox 2028 4572 3614 4645">
     <span class='ocr_line' id='line_1_117' title="bbox 2028 4572 3614 4645; baseline 0 -18"><span class='ocrx_word' id='word_1_911' title='bbox 2028 4586 2256 4643; x_wconf 68' lang='lat' dir='ltr'><strong>utrmque</strong></span> <span class='ocrx_word' id='word_1_912' title='bbox 2286 4574 2474 4645; x_wconf 84' lang='lat' dir='ltr'><strong>referri</strong></span> <span class='ocrx_word' id='word_1_913' title='bbox 2519 4573 2587 4629; x_wconf 88' lang='lat' dir='ltr'><strong>ad</strong></span> <span class='ocrx_word' id='word_1_914' title='bbox 2620 4573 2985 4645; x_wconf 86' lang='lat' dir='ltr'><strong>eloquentiam</strong></span> <span class='ocrx_word' id='word_1_915' title='bbox 3025 4578 3079 4626; x_wconf 89' lang='lat' dir='ltr'><strong>et</strong></span> <span class='ocrx_word' id='word_1_916' title='bbox 3110 4572 3477 4628; x_wconf 74' lang='lat' dir='ltr'><strong>fortitudinem</strong></span> <span class='ocrx_word' id='word_1_917' title='bbox 3501 4589 3614 4627; x_wconf 73' lang='lat' dir='ltr'><strong>ara-</strong></span> 
     </span>
    </p>
   </div>
   <div class='ocr_carea' id='block_1_118' title="bbox 2028 4644 3610 4715">
    <p class='ocr_par' dir='ltr' id='par_1_118' title="bbox 2028 4644 3610 4715">
     <span class='ocr_line' id='line_1_118' title="bbox 2028 4644 3610 4715; baseline -0.001 -13"><span class='ocrx_word' id='word_1_918' title='bbox 2028 4648 2167 4702; x_wconf 72' lang='lat' dir='ltr'><strong>ritite</strong></span> <span class='ocrx_word' id='word_1_919' title='bbox 2192 4648 2430 4701; x_wconf 79' lang='lat' dir='ltr'><strong>faventes</strong></span> <span class='ocrx_word' id='word_1_920' title='bbox 2452 4646 2519 4701; x_wconf 93' lang='lat' dir='ltr'><strong>de</strong></span> <span class='ocrx_word' id='word_1_921' title='bbox 2542 4644 2739 4715; x_wconf 86' lang='lat' dir='ltr'><strong>quibus</strong></span> <span class='ocrx_word' id='word_1_922' title='bbox 2762 4644 2963 4699; x_wconf 82' lang='lat' dir='ltr'><strong>Auctor</strong></span> <span class='ocrx_word' id='word_1_923' title='bbox 2989 4644 3249 4715; x_wconf 81' lang='lat' dir='ltr'><strong>hactenus</strong></span> <span class='ocrx_word' id='word_1_924' title='bbox 3270 4645 3610 4701; x_wconf 78' lang='lat' dir='ltr'><strong>disseruerat.</strong></span> 
     </span>
    </p>
   </div>
   <div class='ocr_carea' id='block_1_119' title="bbox 2100 4714 3609 4791">
    <p class='ocr_par' dir='ltr' id='par_1_119' title="bbox 2100 4714 3609 4791">
     <span class='ocr_line' id='line_1_119' title="bbox 2100 4714 3609 4791; baseline -0.004 -18"><span class='ocrx_word' id='word_1_925' title='bbox 2100 4718 2215 4791; x_wconf 77' lang='grc'><strong>(14)</strong></span> <span class='ocrx_word' id='word_1_926' title='bbox 2243 4714 2697 4791; x_wconf 40' lang='lat' dir='ltr'><strong>Lactantittsgib.</strong></span> <span class='ocrx_word' id='word_1_927' title='bbox 2731 4730 2784 4785; x_wconf 88' lang='lat' dir='ltr'><strong>v,</strong></span> <span class='ocrx_word' id='word_1_928' title='bbox 2815 4730 2934 4787; x_wconf 88' lang='lat' dir='ltr'><strong>cap.</strong></span> <span class='ocrx_word' id='word_1_929' title='bbox 2979 4714 3275 4791; x_wconf 70' lang='lat' dir='ltr'><strong>i7,eadem</strong></span> <span class='ocrx_word' id='word_1_930' title='bbox 3296 4718 3409 4771; x_wconf 84' lang='lat' dir='ltr'><strong>lere</strong></span> <span class='ocrx_word' id='word_1_931' title='bbox 3440 4715 3609 4791; x_wconf 77' lang='lat' dir='ltr'><strong>habet,</strong></span> 
     </span>
    </p>
   </div>
   <div class='ocr_carea' id='block_1_120' title="bbox 2026 4785 3610 4857">
    <p class='ocr_par' dir='ltr' id='par_1_120' title="bbox 2026 4785 3610 4857">
     <span class='ocr_line' id='line_1_120' title="bbox 2026 4785 3610 4857; baseline -0.001 -14"><span class='ocrx_word' id='word_1_932' title='bbox 2026 4785 2205 4854; x_wconf 47' lang='lat' dir='ltr'><strong>adéo,</strong></span> <span class='ocrx_word' id='word_1_933' title='bbox 2237 4800 2291 4843; x_wconf 89' lang='lat' dir='ltr'><strong>ut</strong></span> <span class='ocrx_word' id='word_1_934' title='bbox 2338 4806 2403 4843; x_wconf 76' lang='lat' dir='ltr'><strong>ex</strong></span> <span class='ocrx_word' id='word_1_935' title='bbox 2453 4789 2515 4843; x_wconf 90' lang='lat' dir='ltr'><strong>iis</strong></span> <span class='ocrx_word' id='word_1_936' title='bbox 2554 4787 2828 4841; x_wconf 82' lang='lat' dir='ltr'><strong>Zenonem</strong></span> <span class='ocrx_word' id='word_1_937' title='bbox 2873 4785 3187 4857; x_wconf 83' lang='lat' dir='ltr'><strong>profecisse,</strong></span> <span class='ocrx_word' id='word_1_938' title='bbox 3229 4794 3285 4842; x_wconf 91' lang='lat' dir='ltr'><strong>et</strong></span> <span class='ocrx_word' id='word_1_939' title='bbox 3333 4803 3441 4843; x_wconf 91' lang='lat' dir='ltr'><strong>non</strong></span> <span class='ocrx_word' id='word_1_940' title='bbox 3473 4788 3610 4842; x_wconf 81' lang='lat' dir='ltr'><strong>nulla</strong></span> 
     </span>
    </p>
   </div>
   <div class='ocr_carea' id='block_1_121' title="bbox 2025 4857 3611 4929">
    <p class='ocr_par' dir='ltr' id='par_1_121' title="bbox 2025 4857 3611 4929">
     <span class='ocr_line' id='line_1_121' title="bbox 2025 4857 3611 4929; baseline -0.003 -13"><span class='ocrx_word' id='word_1_941' title='bbox 2025 4862 2185 4917; x_wconf 86' lang='lat' dir='ltr'><strong>etiam</strong></span> <span class='ocrx_word' id='word_1_942' title='bbox 2216 4860 2279 4915; x_wconf 90' lang='lat' dir='ltr'><strong>ad</strong></span> <span class='ocrx_word' id='word_1_943' title='bbox 2311 4860 2532 4914; x_wconf 83' lang='lat' dir='ltr'><strong>verbum</strong></span> <span class='ocrx_word' id='word_1_944' title='bbox 2559 4860 2913 4929; x_wconf 83' lang='lat' dir='ltr'><strong>descripsisse</strong></span> <span class='ocrx_word' id='word_1_945' title='bbox 2940 4868 3230 4925; x_wconf 82' lang='lat' dir='ltr'><strong>appareat:</strong></span> <span class='ocrx_word' id='word_1_946' title='bbox 3258 4857 3511 4929; x_wconf 84' lang='lat' dir='ltr'><strong>Denique,</strong></span> <span class='ocrx_word' id='word_1_947' title='bbox 3540 4861 3611 4912; x_wconf 91' lang='lat' dir='ltr'><strong>iu-</strong></span> 
     </span>
    </p>
   </div>
   <div class='ocr_carea' id='block_1_122' title="bbox 2027 4930 3609 5003">
    <p class='ocr_par' dir='ltr' id='par_1_122' title="bbox 2027 4930 3609 5003">
     <span class='ocr_line' id='line_1_122' title="bbox 2027 4930 3609 5003; baseline -0.002 -16"><span class='ocrx_word' id='word_1_948' title='bbox 2027 4934 2136 5003; x_wconf 89' lang='lat' dir='ltr'><strong>quit</strong></span> <span class='ocrx_word' id='word_1_949' title='bbox 2171 4932 2502 4991; x_wconf 84' lang='lat' dir='ltr'><strong>Lactantius.</strong></span> <span class='ocrx_word' id='word_1_950' title='bbox 2528 4940 2582 4983; x_wconf 88' lang='lat' dir='ltr'><strong>ut</strong></span> <span class='ocrx_word' id='word_1_951' title='bbox 2598 4931 2913 5003; x_wconf 75' lang='lat' dir='ltr'><strong>concludant</strong></span> <span class='ocrx_word' id='word_1_952' title='bbox 2930 4930 3353 5003; x_wconf 79' lang='lat' dir='ltr'><strong>disputationem,</strong></span> <span class='ocrx_word' id='word_1_953' title='bbox 3380 4948 3485 4984; x_wconf 81' lang='lat' dir='ltr'><strong>non</strong></span> <span class='ocrx_word' id='word_1_954' title='bbox 3505 4947 3609 5000; x_wconf 84' lang='lat' dir='ltr'><strong>pos-</strong></span> 
     </span>
    </p>
   </div>
   <div class='ocr_carea' id='block_1_123' title="bbox 2025 5001 3609 5075">
    <p class='ocr_par' dir='ltr' id='par_1_123' title="bbox 2025 5001 3609 5075">
     <span class='ocr_line' id='line_1_123' title="bbox 2025 5001 3609 5075; baseline -0.002 -18"><span class='ocrx_word' id='word_1_955' title='bbox 2025 5001 2080 5059; x_wconf 80' lang='lat' dir='ltr'><strong>se</strong></span> <span class='ocrx_word' id='word_1_956' title='bbox 2107 5003 2336 5058; x_wconf 86' lang='lat' dir='ltr'><strong>eumdem</strong></span> <span class='ocrx_word' id='word_1_957' title='bbox 2358 5006 2561 5075; x_wconf 83' lang='lat' dir='ltr'><strong>justum</strong></span> <span class='ocrx_word' id='word_1_958' title='bbox 2584 5016 2694 5075; x_wconf 81' lang='lat' dir='ltr'><strong>esse</strong></span> <span class='ocrx_word' id='word_1_959' title='bbox 2722 5016 2781 5053; x_wconf 91' lang='lat' dir='ltr'><strong>ac</strong></span> <span class='ocrx_word' id='word_1_960' title='bbox 2808 5001 3044 5075; x_wconf 73' lang='lat' dir='ltr'><strong>stultum,</strong></span> <span class='ocrx_word' id='word_1_961' title='bbox 3086 5001 3318 5075; x_wconf 82' lang='lat' dir='ltr'><strong>eumdem</strong></span> <span class='ocrx_word' id='word_1_962' title='bbox 3344 5004 3609 5075; x_wconf 82' lang='lat' dir='ltr'><strong>sapientem</strong></span> 
     </span>
    </p>
   </div>
   <div class='ocr_carea' id='block_1_124' title="bbox 2026 5072 3608 5145">
    <p class='ocr_par' dir='ltr' id='par_1_124' title="bbox 2026 5072 3608 5145">
     <span class='ocr_line' id='line_1_124' title="bbox 2026 5072 3608 5145; baseline -0.003 -16"><span class='ocrx_word' id='word_1_963' title='bbox 2026 5087 2071 5129; x_wconf 84' lang='lat' dir='ltr'><strong>et</strong></span> <span class='ocrx_word' id='word_1_964' title='bbox 2100 5072 2378 5145; x_wconf 58' lang='lat' dir='ltr'><strong>injustam}</strong></span> <span class='ocrx_word' id='word_1_965' title='bbox 2401 5074 2545 5145; x_wconf 85' lang='lat' dir='ltr'><strong>docet</strong></span> <span class='ocrx_word' id='word_1_966' title='bbox 2573 5074 2687 5140; x_wconf 89' lang='lat' dir='ltr'><strong>ipsa</strong></span> <span class='ocrx_word' id='word_1_967' title='bbox 2717 5072 2871 5145; x_wconf 81' lang='lat' dir='ltr'><strong>ratio.</strong></span> <span class='ocrx_word' id='word_1_968' title='bbox 2895 5072 2993 5145; x_wconf 79' lang='lat' dir='ltr'><strong>Qui</strong></span> <span class='ocrx_word' id='word_1_969' title='bbox 3015 5073 3149 5125; x_wconf 89' lang='lat' dir='ltr'><strong>enim</strong></span> <span class='ocrx_word' id='word_1_970' title='bbox 3170 5074 3357 5128; x_wconf 80' lang='lat' dir='ltr'><strong>stultus</strong></span> <span class='ocrx_word' id='word_1_971' title='bbox 3383 5083 3481 5139; x_wconf 87' lang='lat' dir='ltr'><strong>est,</strong></span> <span class='ocrx_word' id='word_1_972' title='bbox 3500 5073 3608 5145; x_wconf 72' lang='lat' dir='ltr'><strong>quid</strong></span> 
     </span>
    </p>
   </div>
   <div class='ocr_carea' id='block_1_125' title="bbox 2026 5143 3608 5220">
    <p class='ocr_par' dir='ltr' id='par_1_125' title="bbox 2026 5143 3608 5220">
     <span class='ocr_line' id='line_1_125' title="bbox 2026 5143 3608 5220; baseline -0.003 -19"><span class='ocrx_word' id='word_1_973' title='bbox 2026 5149 2092 5202; x_wconf 86' lang='lat' dir='ltr'><strong>sit</strong></span> <span class='ocrx_word' id='word_1_974' title='bbox 2112 5143 2313 5220; x_wconf 79' lang='lat' dir='ltr'><strong>justum</strong></span> <span class='ocrx_word' id='word_1_975' title='bbox 2339 5156 2387 5200; x_wconf 90' lang='lat' dir='ltr'><strong>et</strong></span> <span class='ocrx_word' id='word_1_976' title='bbox 2405 5144 2614 5220; x_wconf 85' lang='lat' dir='ltr'><strong>bonum,</strong></span> <span class='ocrx_word' id='word_1_977' title='bbox 2647 5143 2823 5220; x_wconf 78' lang='lat' dir='ltr'><strong>nescit,</strong></span> <span class='ocrx_word' id='word_1_978' title='bbox 2855 5144 3042 5220; x_wconf 77' lang='lat' dir='ltr'><strong>et__ideo</strong></span> <span class='ocrx_word' id='word_1_979' title='bbox 3068 5159 3267 5220; x_wconf 72' lang='lat' dir='ltr'><strong>semper</strong></span> <span class='ocrx_word' id='word_1_980' title='bbox 3288 5155 3482 5220; x_wconf 78' lang='lat' dir='ltr'><strong>peccat.</strong></span> <span class='ocrx_word' id='word_1_981' title='bbox 3514 5144 3608 5197; x_wconf 86' lang='lat' dir='ltr'><strong>Du-</strong></span> 
     </span>
    </p>
   </div>
   <div class='ocr_carea' id='block_1_126' title="bbox 2026 5214 3604 5283">
    <p class='ocr_par' dir='ltr' id='par_1_126' title="bbox 2026 5214 3604 5283">
     <span class='ocr_line' id='line_1_126' title="bbox 2026 5214 3604 5283; baseline -0.003 -11"><span class='ocrx_word' id='word_1_982' title='bbox 2026 5214 2157 5272; x_wconf 83' lang='lat' dir='ltr'><strong>citur</strong></span> <span class='ocrx_word' id='word_1_983' title='bbox 2185 5219 2320 5271; x_wconf 86' lang='lat' dir='ltr'><strong>enim</strong></span> <span class='ocrx_word' id='word_1_984' title='bbox 2348 5216 2493 5283; x_wconf 83' lang='lat' dir='ltr'><strong>quasi</strong></span> <span class='ocrx_word' id='word_1_985' title='bbox 2522 5215 2749 5282; x_wconf 80' lang='lat' dir='ltr'><strong>captiuus</strong></span> <span class='ocrx_word' id='word_1_986' title='bbox 2771 5230 2803 5267; x_wconf 93' lang='lat' dir='ltr'><strong>a</strong></span> <span class='ocrx_word' id='word_1_987' title='bbox 2826 5214 2980 5277; x_wconf 76' lang='lat' dir='ltr'><strong>uitiis,</strong></span> <span class='ocrx_word' id='word_1_988' title='bbox 3005 5229 3096 5271; x_wconf 76' lang='lat' dir='ltr'><strong>nec</strong></span> <span class='ocrx_word' id='word_1_989' title='bbox 3116 5216 3352 5283; x_wconf 80' lang='lat' dir='ltr'><strong>resistere</strong></span> <span class='ocrx_word' id='word_1_990' title='bbox 3376 5214 3487 5269; x_wconf 85' lang='lat' dir='ltr'><strong>ullo</strong></span> <span class='ocrx_word' id='word_1_991' title='bbox 3506 5231 3604 5268; x_wconf 86' lang='lat' dir='ltr'><strong>mo-</strong></span> 
     </span>
    </p>
   </div>
   <div class='ocr_carea' id='block_1_127' title="bbox 2026 5282 3605 5357">
    <p class='ocr_par' dir='ltr' id='par_1_127' title="bbox 2026 5282 3605 5357">
     <span class='ocr_line' id='line_1_127' title="bbox 2026 5282 3605 5357; baseline -0.003 -14"><span class='ocrx_word' id='word_1_992' title='bbox 2026 5291 2091 5343; x_wconf 89' lang='lat' dir='ltr'><strong>do</strong></span> <span class='ocrx_word' id='word_1_993' title='bbox 2123 5298 2305 5357; x_wconf 85' lang='lat' dir='ltr'><strong>potest,</strong></span> <span class='ocrx_word' id='word_1_994' title='bbox 2330 5282 2450 5353; x_wconf 85' lang='lat' dir='ltr'><strong>quia</strong></span> <span class='ocrx_word' id='word_1_995' title='bbox 2478 5294 2613 5339; x_wconf 83' lang='lat' dir='ltr'><strong>caret</strong></span> <span class='ocrx_word' id='word_1_996' title='bbox 2635 5288 2838 5357; x_wconf 79' lang='lat' dir='ltr'><strong>uirtute,</strong></span> <span class='ocrx_word' id='word_1_997' title='bbox 2869 5301 3018 5355; x_wconf 84' lang='lat' dir='ltr'><strong>quam</strong></span> <span class='ocrx_word' id='word_1_998' title='bbox 3040 5286 3215 5357; x_wconf 86' lang='lat' dir='ltr'><strong>nescit.</strong></span> <span class='ocrx_word' id='word_1_999' title='bbox 3247 5282 3433 5339; x_wconf 81' lang='lat' dir='ltr'><strong>Justus</strong></span> <span class='ocrx_word' id='word_1_1000' title='bbox 3455 5295 3605 5339; x_wconf 81' lang='lat' dir='ltr'><strong>autent</strong></span> 
     </span>
    </p>
   </div>
   <div class='ocr_carea' id='block_1_128' title="bbox 2032 5354 3606 5429">
    <p class='ocr_par' dir='ltr' id='par_1_128' title="bbox 2032 5354 3606 5429">
     <span class='ocr_line' id='line_1_128' title="bbox 2032 5354 3606 5429; baseline -0.003 -16"><span class='ocrx_word' id='word_1_1001' title='bbox 2032 5354 2255 5415; x_wconf 75' lang='lat' dir='ltr'><strong>abonmi</strong></span> <span class='ocrx_word' id='word_1_1002' title='bbox 2280 5368 2484 5429; x_wconf 79' lang='lat' dir='ltr'><strong>peccato</strong></span> <span class='ocrx_word' id='word_1_1003' title='bbox 2513 5374 2565 5412; x_wconf 88' lang='lat' dir='ltr'><strong>se</strong></span> <span class='ocrx_word' id='word_1_1004' title='bbox 2596 5356 2831 5429; x_wconf 84' lang='lat' dir='ltr'><strong>abstinet,</strong></span> <span class='ocrx_word' id='word_1_1005' title='bbox 2875 5356 3009 5429; x_wconf 86' lang='lat' dir='ltr'><strong>quod</strong></span> <span class='ocrx_word' id='word_1_1006' title='bbox 3038 5354 3188 5409; x_wconf 80' lang='lat' dir='ltr'><strong>aliter</strong></span> <span class='ocrx_word' id='word_1_1007' title='bbox 3204 5359 3375 5429; x_wconf 72' lang='lat' dir='ltr'><strong>facere</strong></span> <span class='ocrx_word' id='word_1_1008' title='bbox 3400 5373 3500 5429; x_wconf 90' lang='lat' dir='ltr'><strong>non</strong></span> <span class='ocrx_word' id='word_1_1009' title='bbox 3530 5374 3606 5420; x_wconf 82' lang='lat' dir='ltr'><strong>po-</strong></span> 
     </span>
    </p>
   </div>
   <div class='ocr_carea' id='block_1_129' title="bbox 2032 5428 3603 5500">
    <p class='ocr_par' dir='ltr' id='par_1_129' title="bbox 2032 5428 3603 5500">
     <span class='ocr_line' id='line_1_129' title="bbox 2032 5428 3603 5500; baseline -0.003 -15"><span class='ocrx_word' id='word_1_1010' title='bbox 2032 5442 2161 5494; x_wconf 86' lang='lat' dir='ltr'><strong>test,</strong></span> <span class='ocrx_word' id='word_1_1011' title='bbox 2192 5428 2346 5500; x_wconf 85' lang='lat' dir='ltr'><strong>quam</strong></span> <span class='ocrx_word' id='word_1_1012' title='bbox 2384 5431 2427 5486; x_wconf 86' lang='lat' dir='ltr'><strong>si</strong></span> <span class='ocrx_word' id='word_1_1013' title='bbox 2471 5429 2649 5483; x_wconf 82' lang='lat' dir='ltr'><strong>habeat</strong></span> <span class='ocrx_word' id='word_1_1014' title='bbox 2685 5428 2807 5487; x_wconf 78' lang='lat' dir='ltr'><strong>recti</strong></span> <span class='ocrx_word' id='word_1_1015' title='bbox 2839 5428 3081 5499; x_wconf 85' lang='lat' dir='ltr'><strong>pravique</strong></span> <span class='ocrx_word' id='word_1_1016' title='bbox 3109 5428 3365 5500; x_wconf 80' lang='lat' dir='ltr'><strong>notitiam.</strong></span> <span class='ocrx_word' id='word_1_1017' title='bbox 3411 5428 3603 5500; x_wconf 76' lang='lat' dir='ltr'><strong>Rectum</strong></span> 
     </span>
    </p>
   </div>
   <div class='ocr_carea' id='block_1_130' title="bbox 2031 5498 3602 5571">
    <p class='ocr_par' dir='ltr' id='par_1_130' title="bbox 2031 5498 3602 5571">
     <span class='ocr_line' id='line_1_130' title="bbox 2031 5498 3602 5571; baseline -0.004 -13"><span class='ocrx_word' id='word_1_1018' title='bbox 2031 5498 2211 5558; x_wconf 78' lang='lat' dir='ltr'><strong>autem</strong></span> <span class='ocrx_word' id='word_1_1019' title='bbox 2231 5504 2513 5557; x_wconf 84' lang='lat' dir='ltr'><strong>discernere</strong></span> <span class='ocrx_word' id='word_1_1020' title='bbox 2541 5518 2572 5555; x_wconf 87' lang='lat' dir='ltr'><strong>a</strong></span> <span class='ocrx_word' id='word_1_1021' title='bbox 2604 5515 2761 5571; x_wconf 76' lang='lat' dir='ltr'><strong>pravo</strong></span> <span class='ocrx_word' id='word_1_1022' title='bbox 2791 5498 2903 5570; x_wconf 86' lang='lat' dir='ltr'><strong>quis</strong></span> <span class='ocrx_word' id='word_1_1023' title='bbox 2938 5510 3123 5570; x_wconf 80' lang='lat' dir='ltr'><strong>potest,</strong></span> <span class='ocrx_word' id='word_1_1024' title='bbox 3147 5499 3243 5553; x_wconf 87' lang='lat' dir='ltr'><strong>nisi</strong></span> <span class='ocrx_word' id='word_1_1025' title='bbox 3267 5500 3508 5571; x_wconf 85' lang='lat' dir='ltr'><strong>sapiens?</strong></span> <span class='ocrx_word' id='word_1_1026' title='bbox 3533 5498 3602 5552; x_wconf 88' lang='lat' dir='ltr'><strong>Ita</strong></span> 
     </span>
    </p>
   </div>
   <div class='ocr_carea' id='block_1_131' title="bbox 2030 5572 3603 5645">
    <p class='ocr_par' dir='ltr' id='par_1_131' title="bbox 2030 5572 3603 5645">
     <span class='ocr_line' id='line_1_131' title="bbox 2030 5572 3603 5645; baseline -0.003 -16"><span class='ocrx_word' id='word_1_1027' title='bbox 2030 5578 2088 5645; x_wconf 80' lang='lat' dir='ltr'><strong>ﬁt</strong></span> <span class='ocrx_word' id='word_1_1028' title='bbox 2111 5585 2166 5631; x_wconf 89' lang='lat' dir='ltr'><strong>ut</strong></span> <span class='ocrx_word' id='word_1_1029' title='bbox 2193 5590 2468 5644; x_wconf 81' lang='lat' dir='ltr'><strong>numquam</strong></span> <span class='ocrx_word' id='word_1_1030' title='bbox 2492 5574 2650 5643; x_wconf 80' lang='lat' dir='ltr'><strong>possit</strong></span> <span class='ocrx_word' id='word_1_1031' title='bbox 2672 5587 2780 5626; x_wconf 84' lang='lat' dir='ltr'><strong>esse</strong></span> <span class='ocrx_word' id='word_1_1032' title='bbox 2791 5574 2986 5645; x_wconf 71' lang='lat' dir='ltr'><strong>justus,</strong></span> <span class='ocrx_word' id='word_1_1033' title='bbox 3017 5573 3102 5645; x_wconf 68' lang='lat' dir='ltr'><strong>qui</strong></span> <span class='ocrx_word' id='word_1_1034' title='bbox 3130 5572 3311 5625; x_wconf 82' lang='lat' dir='ltr'><strong>stultus</strong></span> <span class='ocrx_word' id='word_1_1035' title='bbox 3338 5581 3436 5645; x_wconf 73' lang='lat' dir='ltr'><strong>est;</strong></span> <span class='ocrx_word' id='word_1_1036' title='bbox 3464 5587 3603 5639; x_wconf 81' lang='lat' dir='ltr'><strong>neque</strong></span> 
     </span>
    </p>
   </div>
   <div class='ocr_carea' id='block_1_132' title="bbox 2028 5641 3602 5718">
    <p class='ocr_par' dir='ltr' id='par_1_132' title="bbox 2028 5641 3602 5718">
     <span class='ocr_line' id='line_1_132' title="bbox 2028 5641 3602 5718; baseline -0.004 -16"><span class='ocrx_word' id='word_1_1037' title='bbox 2028 5641 2255 5718; x_wconf 78' lang='lat' dir='ltr'><strong>sapiens,</strong></span> <span class='ocrx_word' id='word_1_1038' title='bbox 2287 5641 2373 5718; x_wconf 85' lang='lat' dir='ltr'><strong>qui</strong></span> <span class='ocrx_word' id='word_1_1039' title='bbox 2394 5641 2554 5718; x_wconf 72' lang='lat' dir='ltr'><strong>fuerit</strong></span> <span class='ocrx_word' id='word_1_1040' title='bbox 2590 5641 2833 5717; x_wconf 80' lang='lat' dir='ltr'><strong>injustas.</strong></span> <span class='ocrx_word' id='word_1_1041' title='bbox 2853 5642 3009 5718; x_wconf 84' lang='lat' dir='ltr'><strong>_Edit.</strong></span> <span class='ocrx_word' id='word_1_1042' title='bbox 3046 5641 3179 5699; x_wconf 80' lang='lat' dir='ltr'><strong>Ven.</strong></span> <span class='ocrx_word' id='word_1_1043' title='bbox 3215 5655 3314 5714; x_wconf 86' lang='lat' dir='ltr'><strong>pro</strong></span> <span class='ocrx_word' id='word_1_1044' title='bbox 3340 5642 3526 5712; x_wconf 83' lang='lat' dir='ltr'><strong>bonum</strong></span> <span class='ocrx_word' id='word_1_1045' title='bbox 3548 5658 3602 5703; x_wconf 75' lang='lat' dir='ltr'><strong>ac</strong></span> 
     </span>
    </p>
   </div>
   <div class='ocr_carea' id='block_1_133' title="bbox 2028 5713 2969 5791">
    <p class='ocr_par' dir='ltr' id='par_1_133' title="bbox 2028 5713 2969 5791">
     <span class='ocr_line' id='line_1_133' title="bbox 2028 5713 2969 5791; baseline -0.006 -16"><span class='ocrx_word' id='word_1_1046' title='bbox 2028 5713 2222 5791; x_wconf 74' lang='lat' dir='ltr'><strong>malum</strong></span> <span class='ocrx_word' id='word_1_1047' title='bbox 2248 5713 2412 5776; x_wconf 69' lang='lat' dir='ltr'><strong>habei</strong></span> <span class='ocrx_word' id='word_1_1048' title='bbox 2438 5717 2619 5777; x_wconf 85' lang='lat' dir='ltr'><strong>bonum</strong></span> <span class='ocrx_word' id='word_1_1049' title='bbox 2639 5713 2737 5771; x_wconf 50' lang='lat' dir='ltr'><strong>&#39;attt</strong></span> <span class='ocrx_word' id='word_1_1050' title='bbox 2759 5713 2969 5769; x_wconf 84' lang='lat' dir='ltr'><strong>malum.</strong></span> 
     </span>
    </p>
   </div>
  </div>
