  <div class='ocr_page' id='page_1' title='image "/cluster/home/n/w/nwhite01/storage/ocr_20150623/11/uva.x000826576/151.png"; bbox 0 0 3820 6220; ppageno 0'>
   <div class='ocr_carea' id='block_1_1' title="bbox 368 247 2296 332">
    <p class='ocr_par' dir='ltr' id='par_1_1' title="bbox 368 247 2296 332">
     <span class='ocr_line' id='line_1_1' title="bbox 368 247 2296 332; baseline 0.008 -14"><span class='ocrx_word' id='word_1_1' title='bbox 368 263 473 319; x_wconf 75' lang='lat'><strong>287</strong></span> <span class='ocrx_word' id='word_1_2' title='bbox 745 252 750 255; x_wconf 82' lang='grc'><em>’</em></span> <span class='ocrx_word' id='word_1_3' title='bbox 1723 271 1967 328; x_wconf 75' lang='lat' dir='ltr'><strong>SANCTI</strong></span> <span class='ocrx_word' id='word_1_4' title='bbox 2006 247 2296 332; x_wconf 73' lang='lat' dir='ltr'><strong>ZENONIS</strong></span> 
     </span>
    </p>
   </div>
   <div class='ocr_carea' id='block_1_2' title="bbox 3537 289 3625 346">
    <p class='ocr_par' dir='ltr' id='par_1_2' title="bbox 3537 289 3625 346">
     <span class='ocr_line' id='line_1_2' title="bbox 3537 289 3625 346; baseline 0.034 -3"><span class='ocrx_word' id='word_1_5' title='bbox 3537 289 3625 346; x_wconf 73' lang='grc'><strong>288</strong></span> 
     </span>
    </p>
   </div>
   <div class='ocr_carea' id='block_1_3' title="bbox 364 372 3724 472">
    <p class='ocr_par' dir='ltr' id='par_1_3' title="bbox 364 372 3724 472">
     <span class='ocr_line' id='line_1_3' title="bbox 364 372 3724 472; baseline 0.007 -39"><span class='ocrx_word' id='word_1_6' title='bbox 364 378 570 449; x_wconf 90' lang='lat' dir='ltr'><strong>justitia</strong></span> <span class='ocrx_word' id='word_1_7' title='bbox 605 398 616 434; x_wconf 92' lang='lat'><strong>:</strong></span> <span class='ocrx_word' id='word_1_8' title='bbox 649 389 1012 471; x_wconf 72' lang='lat' dir='ltr'><strong>verumtamen</strong></span> <span class='ocrx_word' id='word_1_9' title='bbox 1051 372 1216 448; x_wconf 76' lang='lat' dir='ltr'><strong>sciat,</strong></span> <span class='ocrx_word' id='word_1_10' title='bbox 1268 382 1392 451; x_wconf 83' lang='lat' dir='ltr'><strong>quia</strong></span> <span class='ocrx_word' id='word_1_11' title='bbox 1420 384 1618 439; x_wconf 88' lang='lat' dir='ltr'><strong>misero</strong></span> <span class='ocrx_word' id='word_1_12' title='bbox 1664 395 1746 439; x_wconf 87' lang='lat' dir='ltr'><strong>est</strong></span> <span class='ocrx_word' id='word_1_13' title='bbox 1789 385 1954 469; x_wconf 74' lang='lat' dir='ltr'><strong>miSe-_</strong></span> <span class='ocrx_word' id='word_1_14' title='bbox 1985 393 2038 451; x_wconf 79' lang='grc' dir='ltr'>Α</span> <span class='ocrx_word' id='word_1_15' title='bbox 2063 388 2331 462; x_wconf 59' lang='grc' dir='ltr'>ὺεο.,(27)</span> <span class='ocrx_word' id='word_1_16' title='bbox 2360 390 2460 446; x_wconf 89' lang='lat' dir='ltr'><strong>Ista</strong></span> <span class='ocrx_word' id='word_1_17' title='bbox 2498 402 2579 446; x_wconf 86' lang='lat' dir='ltr'><strong>est</strong></span> <span class='ocrx_word' id='word_1_18' title='bbox 2602 393 2934 450; x_wconf 84' lang='lat' dir='ltr'><strong>infidelitatis</strong></span> <span class='ocrx_word' id='word_1_19' title='bbox 2966 395 3268 464; x_wconf 74' lang='lat' dir='ltr'><strong>excusatio,</strong></span> <span class='ocrx_word' id='word_1_20' title='bbox 3292 413 3452 468; x_wconf 89' lang='lat' dir='ltr'><strong>quam</strong></span> <span class='ocrx_word' id='word_1_21' title='bbox 3482 402 3628 472; x_wconf 87' lang='lat' dir='ltr'><strong>Spiri-</strong></span> <span class='ocrx_word' id='word_1_22' title='bbox 3721 399 3724 410; x_wconf 63' lang='grc'><em>³</em></span> 
     </span>
    </p>
   </div>
   <div class='ocr_carea' id='block_1_4' title="bbox 371 467 1956 546">
    <p class='ocr_par' dir='ltr' id='par_1_4' title="bbox 371 467 1956 546">
     <span class='ocr_line' id='line_1_4' title="bbox 371 467 1956 546; baseline 0.004 -20"><span class='ocrx_word' id='word_1_23' title='bbox 371 472 502 539; x_wconf 91' lang='lat' dir='ltr'><strong>rior,</strong></span> <span class='ocrx_word' id='word_1_24' title='bbox 536 473 623 542; x_wconf 91' lang='lat' dir='ltr'><strong>qui</strong></span> <span class='ocrx_word' id='word_1_25' title='bbox 677 467 1156 542; x_wconf 33' lang='lat' dir='ltr'><strong>miseriis‘ditatur,</strong></span> <span class='ocrx_word' id='word_1_26' title='bbox 1179 473 1390 529; x_wconf 90' lang='lat' dir='ltr'><strong>alienis.</strong></span> <span class='ocrx_word' id='word_1_27' title='bbox 1426 474 1794 541; x_wconf 84' lang='lat' dir='ltr'><strong>Quisquamne</strong></span> <span class='ocrx_word' id='word_1_28' title='bbox 1837 467 1956 546; x_wconf 57' lang='lat' dir='ltr'><strong>jus?</strong></span> 
     </span>
    </p>
   </div>
   <div class='ocr_carea' id='block_1_5' title="bbox 372 553 1967 641">
    <p class='ocr_par' dir='ltr' id='par_1_5' title="bbox 372 553 1967 641">
     <span class='ocr_line' id='line_1_5' title="bbox 372 553 1967 641; baseline 0.004 -23"><span class='ocrx_word' id='word_1_29' title='bbox 372 572 484 620; x_wconf 89' lang='lat' dir='ltr'><strong>tum</strong></span> <span class='ocrx_word' id='word_1_30' title='bbox 517 560 685 634; x_wconf 86' lang='lat' dir='ltr'><strong>putet,</strong></span> <span class='ocrx_word' id='word_1_31' title='bbox 714 563 804 634; x_wconf 92' lang='lat' dir='ltr'><strong>qui</strong></span> <span class='ocrx_word' id='word_1_32' title='bbox 849 563 1130 618; x_wconf 90' lang='lat' dir='ltr'><strong>utilitatem</strong></span> <span class='ocrx_word' id='word_1_33' title='bbox 1161 566 1236 620; x_wconf 86' lang='lat' dir='ltr'><strong>rei</strong></span> <span class='ocrx_word' id='word_1_34' title='bbox 1270 565 1550 621; x_wconf 81' lang='lat' dir='ltr'><strong>familiaris</strong></span> <span class='ocrx_word' id='word_1_35' title='bbox 1591 570 1782 641; x_wconf 88' lang='lat' dir='ltr'><strong>pietati</strong></span> <span class='ocrx_word' id='word_1_36' title='bbox 1825 553 1967 638; x_wconf 32' lang='lat' dir='ltr'><strong>prec;</strong></span> 
     </span>
    </p>
   </div>
   <div class='ocr_carea' id='block_1_6' title="bbox 376 655 1957 732">
    <p class='ocr_par' dir='ltr' id='par_1_6' title="bbox 376 655 1957 732">
     <span class='ocr_line' id='line_1_6' title="bbox 376 655 1957 732; baseline 0.006 -23"><span class='ocrx_word' id='word_1_37' title='bbox 376 657 563 727; x_wconf 83' lang='lat' dir='ltr'><strong>ponit?</strong></span> <span class='ocrx_word' id='word_1_38' title='bbox 590 657 700 726; x_wconf 87' lang='lat' dir='ltr'><strong>qui,</strong></span> <span class='ocrx_word' id='word_1_39' title='bbox 721 655 1026 711; x_wconf 90' lang='lat' dir='ltr'><strong>hominibus</strong></span> <span class='ocrx_word' id='word_1_40' title='bbox 1051 656 1190 713; x_wconf 88' lang='lat' dir='ltr'><strong>fame</strong></span> <span class='ocrx_word' id='word_1_41' title='bbox 1211 659 1575 714; x_wconf 88' lang='lat' dir='ltr'><strong>laborantibus</strong></span> <span class='ocrx_word' id='word_1_42' title='bbox 1600 676 1662 716; x_wconf 92' lang='lat' dir='ltr'><strong>ac</strong></span> <span class='ocrx_word' id='word_1_43' title='bbox 1689 661 1926 718; x_wconf 75' lang='lat' dir='ltr'><strong>nuditate</strong></span> <span class='ocrx_word' id='word_1_44' title='bbox 1943 706 1957 732; x_wconf 91' lang='lat'><strong>,</strong></span> 
     </span>
    </p>
   </div>
   <div class='ocr_carea' id='block_1_7' title="bbox 377 733 1962 822">
    <p class='ocr_par' dir='ltr' id='par_1_7' title="bbox 377 733 1962 822">
     <span class='ocr_line' id='line_1_7' title="bbox 377 733 1962 822; baseline 0.005 -20"><span class='ocrx_word' id='word_1_45' title='bbox 377 749 546 818; x_wconf 88' lang='lat' dir='ltr'><strong>pascit</strong></span> <span class='ocrx_word' id='word_1_46' title='bbox 575 733 768 810; x_wconf 82' lang='lat' dir='ltr'><strong>tineas,</strong></span> <span class='ocrx_word' id='word_1_47' title='bbox 796 749 1156 813; x_wconf 85' lang='lat' dir='ltr'><strong>curculiones,</strong></span> <span class='ocrx_word' id='word_1_48' title='bbox 1190 764 1251 802; x_wconf 90' lang='lat' dir='ltr'><strong>ac</strong></span> <span class='ocrx_word' id='word_1_49' title='bbox 1280 751 1527 806; x_wconf 75' lang='lat' dir='ltr'><strong>vermes?</strong></span> <span class='ocrx_word' id='word_1_50' title='bbox 1556 754 1644 822; x_wconf 92' lang='lat' dir='ltr'><strong>qui</strong></span> <span class='ocrx_word' id='word_1_51' title='bbox 1674 753 1816 821; x_wconf 87' lang='lat' dir='ltr'><strong>qttod</strong></span> <span class='ocrx_word' id='word_1_52' title='bbox 1864 755 1962 809; x_wconf 82' lang='lat' dir='ltr'><strong>ha-</strong></span> 
     </span>
    </p>
   </div>
   <div class='ocr_carea' id='block_1_8' title="bbox 374 841 1960 913">
    <p class='ocr_par' dir='ltr' id='par_1_8' title="bbox 374 841 1960 913">
     <span class='ocr_line' id='line_1_8' title="bbox 374 841 1960 913; baseline 0.003 -16"><span class='ocrx_word' id='word_1_53' title='bbox 374 841 493 908; x_wconf 93' lang='lat' dir='ltr'><strong>bet,</strong></span> <span class='ocrx_word' id='word_1_54' title='bbox 529 841 724 896; x_wconf 78' lang='lat' dir='ltr'><strong>infelici</strong></span> <span class='ocrx_word' id='word_1_55' title='bbox 769 841 1057 896; x_wconf 84' lang='lat' dir='ltr'><strong>tenacitate</strong></span> <span class='ocrx_word' id='word_1_56' title='bbox 1089 858 1194 896; x_wconf 94' lang='lat' dir='ltr'><strong>non</strong></span> <span class='ocrx_word' id='word_1_57' title='bbox 1227 843 1346 899; x_wconf 86' lang='lat' dir='ltr'><strong>aliis</strong></span> <span class='ocrx_word' id='word_1_58' title='bbox 1384 853 1622 913; x_wconf 89' lang='lat' dir='ltr'><strong>tantum,</strong></span> <span class='ocrx_word' id='word_1_59' title='bbox 1674 847 1769 902; x_wconf 92' lang='lat' dir='ltr'><strong>sed</strong></span> <span class='ocrx_word' id='word_1_60' title='bbox 1801 849 1960 903; x_wconf 89' lang='lat' dir='ltr'><strong>etiam</strong></span> 
     </span>
    </p>
   </div>
   <div class='ocr_carea' id='block_1_9' title="bbox 373 934 909 1002">
    <p class='ocr_par' dir='ltr' id='par_1_9' title="bbox 373 934 909 1002">
     <span class='ocr_line' id='line_1_9' title="bbox 373 934 909 1002; baseline -0.004 -12"><span class='ocrx_word' id='word_1_61' title='bbox 373 935 472 991; x_wconf 85' lang='lat' dir='ltr'><strong>sibi</strong></span> <span class='ocrx_word' id='word_1_62' title='bbox 502 935 598 1002; x_wconf 86' lang='lat' dir='ltr'><strong>ipsi</strong></span> <span class='ocrx_word' id='word_1_63' title='bbox 627 934 909 989; x_wconf 87' lang='lat' dir='ltr'><strong>subducit?</strong></span> 
     </span>
    </p>
   </div>
   <div class='ocr_carea' id='block_1_10' title="bbox 452 1027 1971 1098">
    <p class='ocr_par' dir='ltr' id='par_1_10' title="bbox 452 1027 1971 1098">
     <span class='ocr_line' id='line_1_10' title="bbox 452 1027 1971 1098; baseline 0.005 -17"><span class='ocrx_word' id='word_1_64' title='bbox 452 1028 533 1083; x_wconf 77' lang='lat' dir='ltr'><strong>Vl.</strong></span> <span class='ocrx_word' id='word_1_65' title='bbox 580 1027 683 1082; x_wconf 88' lang='lat' dir='ltr'><strong>Sed</strong></span> <span class='ocrx_word' id='word_1_66' title='bbox 712 1069 726 1092; x_wconf 94' lang='lat'><strong>,</strong></span> <span class='ocrx_word' id='word_1_67' title='bbox 774 1027 1021 1096; x_wconf 89' lang='lat' dir='ltr'><strong>inquies,</strong></span> <span class='ocrx_word' id='word_1_68' title='bbox 1053 1028 1256 1097; x_wconf 79' lang='lat' dir='ltr'><strong>justum</strong></span> <span class='ocrx_word' id='word_1_69' title='bbox 1299 1039 1404 1092; x_wconf 84' lang='lat' dir='ltr'><strong>est,</strong></span> <span class='ocrx_word' id='word_1_70' title='bbox 1459 1041 1513 1085; x_wconf 92' lang='lat' dir='ltr'><strong>ut</strong></span> <span class='ocrx_word' id='word_1_71' title='bbox 1546 1046 1665 1087; x_wconf 89' lang='lat' dir='ltr'><strong>mea</strong></span> <span class='ocrx_word' id='word_1_72' title='bbox 1708 1037 1919 1088; x_wconf 73' lang='lat' dir='ltr'><strong>Servem</strong></span> <span class='ocrx_word' id='word_1_73' title='bbox 1947 1038 1971 1098; x_wconf 82' lang='lat'><strong>,&#39;</strong></span> 
     </span>
    </p>
   </div>
   <div class='ocr_carea' id='block_1_11' title="bbox 373 1120 1968 1199">
    <p class='ocr_par' dir='ltr' id='par_1_11' title="bbox 373 1120 1968 1199">
     <span class='ocr_line' id='line_1_11' title="bbox 373 1120 1968 1199; baseline 0.004 -23"><span class='ocrx_word' id='word_1_74' title='bbox 373 1122 542 1177; x_wconf 89' lang='lat' dir='ltr'><strong>aliena</strong></span> <span class='ocrx_word' id='word_1_75' title='bbox 565 1136 668 1175; x_wconf 91' lang='lat' dir='ltr'><strong>non</strong></span> <span class='ocrx_word' id='word_1_76' title='bbox 689 1137 948 1182; x_wconf 71' lang='lat' dir='ltr'><strong>QUil‘l&#39;alll.</strong></span> <span class='ocrx_word' id='word_1_77' title='bbox 971 1122 1080 1175; x_wconf 89' lang='lat' dir='ltr'><strong>lloc</strong></span> <span class='ocrx_word' id='word_1_78' title='bbox 1101 1121 1262 1175; x_wconf 82' lang='lat' dir='ltr'><strong>etiam</strong></span> <span class='ocrx_word' id='word_1_79' title='bbox 1285 1120 1485 1179; x_wconf 76' lang='lat' dir='ltr'><strong>Gentes</strong></span> <span class='ocrx_word' id='word_1_80' title='bbox 1504 1124 1684 1180; x_wconf 91' lang='lat' dir='ltr'><strong>dicere</strong></span> <span class='ocrx_word' id='word_1_81' title='bbox 1698 1125 1814 1199; x_wconf 73' lang='grc'>(24)</span> <span class='ocrx_word' id='word_1_82' title='bbox 1837 1142 1968 1182; x_wconf 87' lang='lat' dir='ltr'><strong>con-</strong></span> 
     </span>
    </p>
   </div>
   <div class='ocr_carea' id='block_1_12' title="bbox 375 1214 1963 1291">
    <p class='ocr_par' dir='ltr' id='par_1_12' title="bbox 375 1214 1963 1291">
     <span class='ocr_line' id='line_1_12' title="bbox 375 1214 1963 1291; baseline 0.004 -22"><span class='ocrx_word' id='word_1_83' title='bbox 375 1225 684 1270; x_wconf 85' lang='lat' dir='ltr'><strong>sueverunt.</strong></span> <span class='ocrx_word' id='word_1_84' title='bbox 716 1214 984 1291; x_wconf 71' lang='lat' dir='ltr'><strong>Caeterum</strong></span> <span class='ocrx_word' id='word_1_85' title='bbox 1023 1217 1162 1284; x_wconf 88' lang='lat' dir='ltr'><strong>apud</strong></span> <span class='ocrx_word' id='word_1_86' title='bbox 1193 1217 1358 1270; x_wconf 84' lang='lat' dir='ltr'><strong>Deum</strong></span> <span class='ocrx_word' id='word_1_87' title='bbox 1393 1234 1552 1285; x_wconf 89' lang='lat' dir='ltr'><strong>quam</strong></span> <span class='ocrx_word' id='word_1_88' title='bbox 1583 1220 1651 1273; x_wconf 90' lang='lat' dir='ltr'><strong>sit</strong></span> <span class='ocrx_word' id='word_1_89' title='bbox 1684 1220 1963 1290; x_wconf 65' lang='lat' dir='ltr'><strong>injustum,</strong></span> 
     </span>
    </p>
   </div>
   <div class='ocr_carea' id='block_1_13' title="bbox 375 1306 1967 1386">
    <p class='ocr_par' dir='ltr' id='par_1_13' title="bbox 375 1306 1967 1386">
     <span class='ocr_line' id='line_1_13' title="bbox 375 1306 1967 1386; baseline 0.003 -24"><span class='ocrx_word' id='word_1_90' title='bbox 375 1323 500 1362; x_wconf 83' lang='lat' dir='ltr'><strong>mox</strong></span> <span class='ocrx_word' id='word_1_91' title='bbox 525 1307 848 1361; x_wconf 76' lang='lat' dir='ltr'><strong>videbimus.</strong></span> <span class='ocrx_word' id='word_1_92' title='bbox 881 1306 1029 1361; x_wconf 85' lang='lat' dir='ltr'><strong>Nunc</strong></span> <span class='ocrx_word' id='word_1_93' title='bbox 1063 1308 1236 1376; x_wconf 91' lang='lat' dir='ltr'><strong>primo</strong></span> <span class='ocrx_word' id='word_1_94' title='bbox 1267 1309 1508 1384; x_wconf 84' lang='lat' dir='ltr'><strong>omnium</strong></span> <span class='ocrx_word' id='word_1_95' title='bbox 1529 1312 1777 1386; x_wconf 83' lang='lat' dir='ltr'><strong>,optime</strong></span> <span class='ocrx_word' id='word_1_96' title='bbox 1809 1312 1967 1385; x_wconf 79' lang='lat' dir='ltr'><strong>Chri-</strong></span> 
     </span>
    </p>
   </div>
   <div class='ocr_carea' id='block_1_14' title="bbox 373 1400 1973 1474">
    <p class='ocr_par' dir='ltr' id='par_1_14' title="bbox 373 1400 1973 1474">
     <span class='ocr_line' id='line_1_14' title="bbox 373 1400 1973 1474; baseline 0.004 -20"><span class='ocrx_word' id='word_1_97' title='bbox 373 1400 730 1464; x_wconf 88' lang='lat' dir='ltr'><strong>stiane,scire</strong></span> <span class='ocrx_word' id='word_1_98' title='bbox 747 1401 923 1466; x_wconf 76' lang='lat' dir='ltr'><strong>capio,</strong></span> <span class='ocrx_word' id='word_1_99' title='bbox 953 1416 1072 1469; x_wconf 64' lang='lat' dir='ltr'><strong>qum.</strong></span> <span class='ocrx_word' id='word_1_100' title='bbox 1099 1400 1212 1454; x_wconf 82' lang='lat' dir='ltr'><strong>sint</strong></span> <span class='ocrx_word' id='word_1_101' title='bbox 1231 1408 1338 1468; x_wconf 87' lang='lat' dir='ltr'><strong>tua,</strong></span> <span class='ocrx_word' id='word_1_102' title='bbox 1369 1417 1488 1456; x_wconf 89' lang='lat' dir='ltr'><strong>cum</strong></span> <span class='ocrx_word' id='word_1_103' title='bbox 1515 1403 1753 1474; x_wconf 70' lang='lat' dir='ltr'><strong>sint(25)</strong></span> <span class='ocrx_word' id='word_1_104' title='bbox 1783 1406 1973 1460; x_wconf 48' lang='lat' dir='ltr'><strong>timene</strong></span> 
     </span>
    </p>
   </div>
   <div class='ocr_carea' id='block_1_15' title="bbox 378 1479 1967 1568">
    <p class='ocr_par' dir='ltr' id='par_1_15' title="bbox 378 1479 1967 1568">
     <span class='ocr_line' id='line_1_15' title="bbox 378 1479 1967 1568; baseline 0.003 -22"><span class='ocrx_word' id='word_1_105' title='bbox 378 1493 522 1547; x_wconf 91' lang='lat' dir='ltr'><strong>tibus</strong></span> <span class='ocrx_word' id='word_1_106' title='bbox 555 1479 718 1547; x_wconf 84' lang='lat' dir='ltr'><strong>Deum</strong></span> <span class='ocrx_word' id='word_1_107' title='bbox 749 1493 993 1548; x_wconf 87' lang='lat' dir='ltr'><strong>universa</strong></span> <span class='ocrx_word' id='word_1_108' title='bbox 1018 1493 1323 1548; x_wconf 87' lang='lat' dir='ltr'><strong>communia</strong></span> <span class='ocrx_word' id='word_1_109' title='bbox 1346 1535 1360 1558; x_wconf 90' lang='lat'><strong>,</strong></span> <span class='ocrx_word' id='word_1_110' title='bbox 1393 1495 1536 1549; x_wconf 85' lang='lat' dir='ltr'><strong>sicut</strong></span> <span class='ocrx_word' id='word_1_111' title='bbox 1563 1500 1821 1568; x_wconf 89' lang='lat' dir='ltr'><strong>scriptum</strong></span> <span class='ocrx_word' id='word_1_112' title='bbox 1847 1509 1929 1552; x_wconf 81' lang='lat' dir='ltr'><strong>est</strong></span> <span class='ocrx_word' id='word_1_113' title='bbox 1955 1515 1967 1551; x_wconf 92' lang='lat'><strong>:</strong></span> 
     </span>
    </p>
   </div>
   <div class='ocr_carea' id='block_1_16' title="bbox 377 1584 3655 1666">
    <p class='ocr_par' dir='ltr' id='par_1_16' title="bbox 377 1584 3655 1666">
     <span class='ocr_line' id='line_1_16' title="bbox 377 1584 3655 1666; baseline 0.007 -27"><span class='ocrx_word' id='word_1_114' title='bbox 377 1584 552 1639; x_wconf 84' lang='lat' dir='ltr'><strong>Turba</strong></span> <span class='ocrx_word' id='word_1_115' title='bbox 576 1596 748 1666; x_wconf 85' lang='lat' dir='ltr'><strong>autem</strong></span> <span class='ocrx_word' id='word_1_116' title='bbox 777 1602 971 1652; x_wconf 86' lang='lat' dir='ltr'><strong>eorum,</strong></span> <span class='ocrx_word' id='word_1_117' title='bbox 1005 1588 1093 1658; x_wconf 98' lang='lat' dir='ltr'><strong>qui</strong></span> <span class='ocrx_word' id='word_1_118' title='bbox 1124 1587 1486 1653; x_wconf 87' lang='lat' dir='ltr'><strong>crediderant,</strong></span> <span class='ocrx_word' id='word_1_119' title='bbox 1517 1605 1688 1642; x_wconf 79' lang='lat' dir='ltr'><strong>animo</strong></span> <span class='ocrx_word' id='word_1_120' title='bbox 1714 1607 1775 1644; x_wconf 90' lang='lat' dir='ltr'><strong>ac</strong></span> <span class='ocrx_word' id='word_1_121' title='bbox 1811 1603 1974 1646; x_wconf 82' lang='lat' dir='ltr'><strong>mente</strong></span> <span class='ocrx_word' id='word_1_122' title='bbox 2076 1609 2174 1665; x_wconf 89' lang='lat' dir='ltr'><strong>pro</strong></span> <span class='ocrx_word' id='word_1_123' title='bbox 2201 1611 2309 1666; x_wconf 92' lang='lat' dir='ltr'><strong>quo</strong></span> <span class='ocrx_word' id='word_1_124' title='bbox 2337 1606 2441 1651; x_wconf 89' lang='lat' dir='ltr'><strong>tam</strong></span> <span class='ocrx_word' id='word_1_125' title='bbox 2475 1599 2667 1654; x_wconf 86' lang='lat' dir='ltr'><strong>illustri</strong></span> <span class='ocrx_word' id='word_1_126' title='bbox 2698 1599 2938 1657; x_wconf 73' lang='lat' dir='ltr'><strong>facinore</strong></span> <span class='ocrx_word' id='word_1_127' title='bbox 2960 1603 3114 1658; x_wconf 90' lang='lat' dir='ltr'><strong>cibos</strong></span> <span class='ocrx_word' id='word_1_128' title='bbox 3142 1620 3169 1656; x_wconf 88' lang='lat' dir='ltr'><strong>a</strong></span> <span class='ocrx_word' id='word_1_129' title='bbox 3199 1595 3311 1658; x_wconf 82' lang='lat' dir='ltr'><strong>Deo</strong></span> <span class='ocrx_word' id='word_1_130' title='bbox 3341 1607 3655 1660; x_wconf 83' lang='lat' dir='ltr'><strong>immortales</strong></span> 
     </span>
    </p>
   </div>
   <div class='ocr_carea' id='block_1_17' title="bbox 377 1678 3656 1768">
    <p class='ocr_par' dir='ltr' id='par_1_17' title="bbox 377 1678 3656 1768">
     <span class='ocr_line' id='line_1_17' title="bbox 377 1678 3656 1768; baseline 0.007 -37"><span class='ocrx_word' id='word_1_131' title='bbox 377 1695 482 1732; x_wconf 89' lang='lat' dir='ltr'><strong>una</strong></span> <span class='ocrx_word' id='word_1_132' title='bbox 511 1678 724 1750; x_wconf 86' lang='lat' dir='ltr'><strong>agebant</strong></span> <span class='ocrx_word' id='word_1_133' title='bbox 753 1678 890 1751; x_wconf 77' lang='lat' dir='ltr'><strong>(Act.</strong></span> <span class='ocrx_word' id='word_1_134' title='bbox 921 1695 993 1746; x_wconf 86' lang='lat' dir='ltr'><strong>tv,</strong></span> <span class='ocrx_word' id='word_1_135' title='bbox 1026 1679 1118 1750; x_wconf 78' lang='grc'><strong>52)</strong></span> <span class='ocrx_word' id='word_1_136' title='bbox 1155 1698 1168 1735; x_wconf 89' lang='lat'><strong>:</strong></span> <span class='ocrx_word' id='word_1_137' title='bbox 1205 1694 1302 1743; x_wconf 86' lang='lat' dir='ltr'><strong>nec</strong></span> <span class='ocrx_word' id='word_1_138' title='bbox 1334 1679 1432 1732; x_wconf 92' lang='lat' dir='ltr'><strong>fuit</strong></span> <span class='ocrx_word' id='word_1_139' title='bbox 1461 1680 1602 1735; x_wconf 89' lang='lat' dir='ltr'><strong>inter</strong></span> <span class='ocrx_word' id='word_1_140' title='bbox 1634 1683 1754 1736; x_wconf 91' lang='lat' dir='ltr'><strong>illos</strong></span> <span class='ocrx_word' id='word_1_141' title='bbox 1786 1683 1975 1738; x_wconf 65' lang='lat' dir='ltr'><strong>discri—</strong></span> <span class='ocrx_word' id='word_1_142' title='bbox 2079 1690 2304 1758; x_wconf 87' lang='lat' dir='ltr'><strong>accepit.</strong></span> <span class='ocrx_word' id='word_1_143' title='bbox 2354 1705 2488 1759; x_wconf 87' lang='lat' dir='ltr'><strong>quos</strong></span> <span class='ocrx_word' id='word_1_144' title='bbox 2527 1691 2766 1746; x_wconf 84' lang='lat' dir='ltr'><strong>edacitas</strong></span> <span class='ocrx_word' id='word_1_145' title='bbox 2792 1693 3028 1750; x_wconf 87' lang='lat' dir='ltr'><strong>delibare</strong></span> <span class='ocrx_word' id='word_1_146' title='bbox 3051 1697 3166 1767; x_wconf 83' lang='grc'>(29)</span> <span class='ocrx_word' id='word_1_147' title='bbox 3213 1699 3464 1768; x_wconf 89' lang='lat' dir='ltr'><strong>nequiret</strong></span> <span class='ocrx_word' id='word_1_148' title='bbox 3513 1719 3525 1753; x_wconf 91' lang='lat'>:</span> <span class='ocrx_word' id='word_1_149' title='bbox 3572 1715 3656 1752; x_wconf 84' lang='lat' dir='ltr'><strong>sua</strong></span> 
     </span>
    </p>
   </div>
   <div class='ocr_carea' id='block_1_18' title="bbox 381 1771 3654 1860">
    <p class='ocr_par' dir='ltr' id='par_1_18' title="bbox 381 1771 3654 1860">
     <span class='ocr_line' id='line_1_18' title="bbox 381 1771 3654 1860; baseline 0.006 -36"><span class='ocrx_word' id='word_1_150' title='bbox 381 1771 503 1825; x_wconf 86' lang='lat' dir='ltr'><strong>men</strong></span> <span class='ocrx_word' id='word_1_151' title='bbox 545 1771 744 1836; x_wconf 91' lang='lat' dir='ltr'><strong>ullum,</strong></span> <span class='ocrx_word' id='word_1_152' title='bbox 778 1788 868 1824; x_wconf 84' lang='lat' dir='ltr'><strong>nec</strong></span> <span class='ocrx_word' id='word_1_153' title='bbox 909 1771 1374 1842; x_wconf 84' lang='lat' dir='ltr'><strong>quidquam-suum</strong></span> <span class='ocrx_word' id='word_1_154' title='bbox 1414 1788 1476 1826; x_wconf 80' lang='lat' dir='ltr'><strong>ea:</strong></span> <span class='ocrx_word' id='word_1_155' title='bbox 1516 1771 1969 1843; x_wconf 59' lang='lat' dir='ltr'><strong>bonis&#39;putabant,</strong></span> <span class='ocrx_word' id='word_1_156' title='bbox 2005 1785 2052 1845; x_wconf 84' lang='lat' dir='ltr'><strong>B</strong></span> <span class='ocrx_word' id='word_1_157' title='bbox 2079 1780 2220 1844; x_wconf 82' lang='lat' dir='ltr'><strong>enim</strong></span> <span class='ocrx_word' id='word_1_158' title='bbox 2241 1783 2610 1839; x_wconf 87' lang='lat' dir='ltr'><strong>deminutione</strong></span> <span class='ocrx_word' id='word_1_159' title='bbox 2631 1786 2968 1842; x_wconf 83' lang='lat' dir='ltr'><strong>crescebant.</strong></span> <span class='ocrx_word' id='word_1_160' title='bbox 2993 1787 3205 1858; x_wconf 79' lang='lat' dir='ltr'><strong>Integer</strong></span> <span class='ocrx_word' id='word_1_161' title='bbox 3227 1789 3420 1844; x_wconf 82' lang='lat' dir='ltr'><strong>horum</strong></span> <span class='ocrx_word' id='word_1_162' title='bbox 3441 1792 3654 1860; x_wconf 90' lang='lat' dir='ltr'><strong>denique</strong></span> 
     </span>
    </p>
   </div>
   <div class='ocr_carea' id='block_1_19' title="bbox 380 1864 3659 1951">
    <p class='ocr_par' dir='ltr' id='par_1_19' title="bbox 380 1864 3659 1951">
     <span class='ocr_line' id='line_1_19' title="bbox 380 1864 3659 1951; baseline 0.006 -36"><span class='ocrx_word' id='word_1_163' title='bbox 380 1878 495 1931; x_wconf 78' lang='lat' dir='ltr'><strong>qua:</strong></span> <span class='ocrx_word' id='word_1_164' title='bbox 524 1864 595 1916; x_wconf 86' lang='lat' dir='ltr'><strong>eis</strong></span> <span class='ocrx_word' id='word_1_165' title='bbox 624 1875 769 1918; x_wconf 89' lang='lat' dir='ltr'><strong>erant</strong></span> <span class='ocrx_word' id='word_1_166' title='bbox 799 1880 816 1917; x_wconf 91' lang='lat'><strong><em>:</em></strong></span> <span class='ocrx_word' id='word_1_167' title='bbox 847 1867 934 1917; x_wconf 88' lang='lat' dir='ltr'><strong>sed</strong></span> <span class='ocrx_word' id='word_1_168' title='bbox 961 1874 1105 1917; x_wconf 88' lang='lat' dir='ltr'><strong>erant</strong></span> <span class='ocrx_word' id='word_1_169' title='bbox 1138 1865 1242 1918; x_wconf 91' lang='lat' dir='ltr'><strong>illis</strong></span> <span class='ocrx_word' id='word_1_170' title='bbox 1271 1865 1442 1916; x_wconf 86' lang='lat' dir='ltr'><strong>omnia</strong></span> <span class='ocrx_word' id='word_1_171' title='bbox 1471 1868 1758 1920; x_wconf 81' lang='lat' dir='ltr'><strong>communia</strong></span> <span class='ocrx_word' id='word_1_172' title='bbox 1784 1910 1798 1934; x_wconf 93' lang='lat'><strong>,</strong></span> <span class='ocrx_word' id='word_1_173' title='bbox 1836 1874 1975 1924; x_wconf 84' lang='lat' dir='ltr'><strong>sicut</strong></span> <span class='ocrx_word' id='word_1_174' title='bbox 2081 1873 2221 1928; x_wconf 83' lang='lat' dir='ltr'><strong>vasis</strong></span> <span class='ocrx_word' id='word_1_175' title='bbox 2252 1889 2466 1944; x_wconf 88' lang='lat' dir='ltr'><strong>semper</strong></span> <span class='ocrx_word' id='word_1_176' title='bbox 2496 1876 2546 1929; x_wconf 94' lang='lat' dir='ltr'><strong>in</strong></span> <span class='ocrx_word' id='word_1_177' title='bbox 2572 1878 2749 1947; x_wconf 86' lang='lat' dir='ltr'><strong>plenis</strong></span> <span class='ocrx_word' id='word_1_178' title='bbox 2786 1879 3036 1933; x_wconf 88' lang='lat' dir='ltr'><strong>manebat</strong></span> <span class='ocrx_word' id='word_1_179' title='bbox 3067 1888 3240 1934; x_wconf 84' lang='lat' dir='ltr'><strong>status</strong></span> <span class='ocrx_word' id='word_1_180' title='bbox 3263 1923 3278 1946; x_wconf 94' lang='lat'><strong>,</strong></span> <span class='ocrx_word' id='word_1_181' title='bbox 3304 1894 3659 1951; x_wconf 83' lang='lat' dir='ltr'><strong>quantumque</strong></span> 
     </span>
    </p>
   </div>
   <div class='ocr_carea' id='block_1_20' title="bbox 382 1961 3660 2041">
    <p class='ocr_par' dir='ltr' id='par_1_20' title="bbox 382 1961 3660 2041">
     <span class='ocr_line' id='line_1_20' title="bbox 382 1961 3660 2041; baseline 0.004 -27"><span class='ocrx_word' id='word_1_182' title='bbox 382 1961 520 2024; x_wconf 67' lang='lat' dir='ltr'><strong>dies,</strong></span> <span class='ocrx_word' id='word_1_183' title='bbox 555 1963 657 2027; x_wconf 92' lang='lat' dir='ltr'><strong>sol,</strong></span> <span class='ocrx_word' id='word_1_184' title='bbox 689 1979 815 2029; x_wconf 84' lang='lat' dir='ltr'><strong>nox,</strong></span> <span class='ocrx_word' id='word_1_185' title='bbox 851 1964 1050 2033; x_wconf 88' lang='lat' dir='ltr'><strong>pluvia,</strong></span> <span class='ocrx_word' id='word_1_186' title='bbox 1078 1966 1330 2022; x_wconf 89' lang='lat' dir='ltr'><strong>nascendi</strong></span> <span class='ocrx_word' id='word_1_187' title='bbox 1357 1975 1516 2036; x_wconf 89' lang='lat' dir='ltr'><strong>atquc</strong></span> <span class='ocrx_word' id='word_1_188' title='bbox 1546 1966 1813 2041; x_wconf 86' lang='lat' dir='ltr'><strong>moriendi</strong></span> <span class='ocrx_word' id='word_1_189' title='bbox 1838 1980 1973 2020; x_wconf 88' lang='lat' dir='ltr'><strong>con-</strong></span> <span class='ocrx_word' id='word_1_190' title='bbox 2081 1969 2158 2019; x_wconf 89' lang='lat' dir='ltr'><strong>eis</strong></span> <span class='ocrx_word' id='word_1_191' title='bbox 2191 1965 2450 2035; x_wconf 61' lang='lat' dir='ltr'><strong>impensa:</strong></span> <span class='ocrx_word' id='word_1_192' title='bbox 2485 1965 2754 2022; x_wconf 70' lang='lat' dir='ltr'><strong>diuturna:</strong></span> <span class='ocrx_word' id='word_1_193' title='bbox 2785 1970 3081 2025; x_wconf 87' lang='lat' dir='ltr'><strong>necessitas</strong></span> <span class='ocrx_word' id='word_1_194' title='bbox 3109 1971 3439 2041; x_wconf 76' lang='lat' dir='ltr'><strong>dempserat,</strong></span> <span class='ocrx_word' id='word_1_195' title='bbox 3473 1982 3660 2026; x_wconf 90' lang='lat' dir='ltr'><strong>tantum</strong></span> 
     </span>
    </p>
   </div>
   <div class='ocr_carea' id='block_1_21' title="bbox 383 2040 3650 2133">
    <p class='ocr_par' dir='ltr' id='par_1_21' title="bbox 383 2040 3650 2133">
     <span class='ocr_line' id='line_1_21' title="bbox 383 2040 3650 2133; baseline 0.004 -28"><span class='ocrx_word' id='word_1_196' title='bbox 383 2052 514 2106; x_wconf 89' lang='lat' dir='ltr'><strong>ditio</strong></span> <span class='ocrx_word' id='word_1_197' title='bbox 545 2068 708 2124; x_wconf 73' lang='lat' dir='ltr'><strong>z&#39;qute</strong></span> <span class='ocrx_word' id='word_1_198' title='bbox 743 2055 978 2110; x_wconf 83' lang='lat' dir='ltr'><strong>humano</strong></span> <span class='ocrx_word' id='word_1_199' title='bbox 1007 2057 1228 2126; x_wconf 78' lang='lat' dir='ltr'><strong>generi,</strong></span> <span class='ocrx_word' id='word_1_200' title='bbox 1275 2057 1390 2112; x_wconf 90' lang='lat' dir='ltr'><strong>sine</strong></span> <span class='ocrx_word' id='word_1_201' title='bbox 1422 2050 1770 2126; x_wconf 88' lang='lat' dir='ltr'><strong>personarum</strong></span> <span class='ocrx_word' id='word_1_202' title='bbox 1800 2040 1976 2128; x_wconf 76' lang='lat' dir='ltr'><strong>aliqua</strong></span> <span class='ocrx_word' id='word_1_203' title='bbox 2080 2055 2317 2110; x_wconf 80' lang='lat' dir='ltr'><strong>rediviva</strong></span> <span class='ocrx_word' id='word_1_204' title='bbox 2362 2057 2658 2113; x_wconf 75' lang='lat' dir='ltr'><strong>fecunditas</strong></span> <span class='ocrx_word' id='word_1_205' title='bbox 2693 2062 3015 2130; x_wconf 77' lang='lat' dir='ltr'><strong>reponebat.</strong></span> <span class='ocrx_word' id='word_1_206' title='bbox 3062 2040 3402 2133; x_wconf 74' lang='lat' dir='ltr'><strong>Quapropter</strong></span> <span class='ocrx_word' id='word_1_207' title='bbox 3435 2065 3478 2119; x_wconf 87' lang='lat' dir='ltr'><strong>si</strong></span> <span class='ocrx_word' id='word_1_208' title='bbox 3512 2077 3650 2133; x_wconf 87' lang='lat' dir='ltr'><strong>pater</strong></span> 
     </span>
    </p>
   </div>
   <div class='ocr_carea' id='block_1_22' title="bbox 383 2145 3664 2223">
    <p class='ocr_par' dir='ltr' id='par_1_22' title="bbox 383 2145 3664 2223">
     <span class='ocr_line' id='line_1_22' title="bbox 383 2145 3664 2223; baseline 0.004 -24"><span class='ocrx_word' id='word_1_209' title='bbox 383 2145 493 2216; x_wconf 78' lang='lat'><strong>38</strong></span> <span class='ocrx_word' id='word_1_210' title='bbox 512 2147 846 2215; x_wconf 82' lang='lat' dir='ltr'><strong>exceptione,</strong></span> <span class='ocrx_word' id='word_1_211' title='bbox 869 2148 1420 2217; x_wconf 81' lang='lat' dir='ltr'><strong>:equabiliterjustitia</strong></span> <span class='ocrx_word' id='word_1_212' title='bbox 1444 2158 1527 2204; x_wconf 91' lang='lat' dir='ltr'><strong>est</strong></span> <span class='ocrx_word' id='word_1_213' title='bbox 1553 2149 1732 2204; x_wconf 89' lang='lat' dir='ltr'><strong>divina</strong></span> <span class='ocrx_word' id='word_1_214' title='bbox 1762 2149 1974 2220; x_wconf 79' lang='lat' dir='ltr'><strong>largita.</strong></span> <span class='ocrx_word' id='word_1_215' title='bbox 2080 2146 2272 2214; x_wconf 90' lang='lat' dir='ltr'><strong>bonus,</strong></span> <span class='ocrx_word' id='word_1_216' title='bbox 2305 2151 2348 2204; x_wconf 92' lang='lat' dir='ltr'><strong>si</strong></span> <span class='ocrx_word' id='word_1_217' title='bbox 2383 2153 2659 2220; x_wconf 86' lang='lat' dir='ltr'><strong>providus,</strong></span> <span class='ocrx_word' id='word_1_218' title='bbox 2689 2154 2734 2206; x_wconf 88' lang='lat' dir='ltr'><strong>si</strong></span> <span class='ocrx_word' id='word_1_219' title='bbox 2764 2153 2910 2209; x_wconf 92' lang='lat' dir='ltr'><strong>utilis</strong></span> <span class='ocrx_word' id='word_1_220' title='bbox 2938 2169 3058 2209; x_wconf 88' lang='lat' dir='ltr'><strong>esse</strong></span> <span class='ocrx_word' id='word_1_221' title='bbox 3088 2155 3390 2223; x_wconf 81' lang='lat' dir='ltr'><strong>desideras,</strong></span> <span class='ocrx_word' id='word_1_222' title='bbox 3423 2157 3559 2212; x_wconf 85' lang='lat' dir='ltr'><strong>sicut</strong></span> <span class='ocrx_word' id='word_1_223' title='bbox 3586 2157 3664 2212; x_wconf 89' lang='lat' dir='ltr'><strong>ille</strong></span> 
     </span>
    </p>
   </div>
   <div class='ocr_carea' id='block_1_23' title="bbox 383 2238 3664 2316">
    <p class='ocr_par' dir='ltr' id='par_1_23' title="bbox 383 2238 3664 2316">
     <span class='ocr_line' id='line_1_23' title="bbox 383 2238 3664 2316; baseline 0.003 -25"><span class='ocrx_word' id='word_1_224' title='bbox 383 2240 514 2292; x_wconf 75' lang='lat' dir='ltr'><strong>Cum</strong></span> <span class='ocrx_word' id='word_1_225' title='bbox 551 2241 664 2294; x_wconf 66' lang='lat' dir='ltr'><strong>hare</strong></span> <span class='ocrx_word' id='word_1_226' title='bbox 697 2241 764 2294; x_wconf 89' lang='lat' dir='ltr'><strong>ita</strong></span> <span class='ocrx_word' id='word_1_227' title='bbox 797 2241 898 2295; x_wconf 86' lang='lat' dir='ltr'><strong>sint</strong></span> <span class='ocrx_word' id='word_1_228' title='bbox 931 2283 945 2306; x_wconf 96' lang='lat'><strong>,</strong></span> <span class='ocrx_word' id='word_1_229' title='bbox 979 2241 1164 2310; x_wconf 88' lang='lat' dir='ltr'><strong>procul</strong></span> <span class='ocrx_word' id='word_1_230' title='bbox 1190 2241 1356 2297; x_wconf 90' lang='lat' dir='ltr'><strong>dubio</strong></span> <span class='ocrx_word' id='word_1_231' title='bbox 1387 2257 1492 2296; x_wconf 92' lang='lat' dir='ltr'><strong>non</strong></span> <span class='ocrx_word' id='word_1_232' title='bbox 1537 2253 1621 2297; x_wconf 88' lang='lat' dir='ltr'><strong>est</strong></span> <span class='ocrx_word' id='word_1_233' title='bbox 1649 2258 1679 2296; x_wconf 88' lang='lat' dir='ltr'><strong>a</strong></span> <span class='ocrx_word' id='word_1_234' title='bbox 1724 2243 1979 2313; x_wconf 84' lang='lat' dir='ltr'><strong>Tyranno</strong></span> <span class='ocrx_word' id='word_1_235' title='bbox 2083 2241 2351 2296; x_wconf 79' lang='lat' dir='ltr'><strong>Abraham</strong></span> <span class='ocrx_word' id='word_1_236' title='bbox 2379 2284 2393 2308; x_wconf 89' lang='lat'><strong>,</strong></span> <span class='ocrx_word' id='word_1_237' title='bbox 2432 2244 2595 2298; x_wconf 89' lang='lat' dir='ltr'><strong>Deum</strong></span> <span class='ocrx_word' id='word_1_238' title='bbox 2627 2244 2744 2313; x_wconf 87' lang='lat' dir='ltr'><strong>plus</strong></span> <span class='ocrx_word' id='word_1_239' title='bbox 2775 2246 2938 2300; x_wconf 86' lang='lat' dir='ltr'><strong>debes</strong></span> <span class='ocrx_word' id='word_1_240' title='bbox 2970 2260 3152 2305; x_wconf 86' lang='lat' dir='ltr'><strong>amare</strong></span> <span class='ocrx_word' id='word_1_241' title='bbox 3175 2238 3199 2312; x_wconf 77' lang='grc'><strong>,’</strong></span> <span class='ocrx_word' id='word_1_242' title='bbox 3217 2261 3380 2316; x_wconf 85' lang='lat' dir='ltr'><strong>quam</strong></span> <span class='ocrx_word' id='word_1_243' title='bbox 3413 2247 3586 2312; x_wconf 80' lang='lat' dir='ltr'><strong>filios,</strong></span> <span class='ocrx_word' id='word_1_244' title='bbox 3617 2259 3664 2302; x_wconf 90' lang='lat' dir='ltr'><strong>ut</strong></span> 
     </span>
    </p>
   </div>
   <div class='ocr_carea' id='block_1_24' title="bbox 385 2331 3665 2417">
    <p class='ocr_par' dir='ltr' id='par_1_24' title="bbox 385 2331 3665 2417">
     <span class='ocr_line' id='line_1_24' title="bbox 385 2331 3665 2417; baseline 0.003 -33"><span class='ocrx_word' id='word_1_245' title='bbox 385 2331 704 2417; x_wconf 79' lang='lat' dir='ltr'><strong>dissimilis,</strong></span> <span class='ocrx_word' id='word_1_246' title='bbox 755 2335 856 2403; x_wconf 90' lang='lat' dir='ltr'><strong>qui.</strong></span> <span class='ocrx_word' id='word_1_247' title='bbox 884 2335 1034 2389; x_wconf 89' lang='lat' dir='ltr'><strong>solus</strong></span> <span class='ocrx_word' id='word_1_248' title='bbox 1077 2334 1277 2401; x_wconf 88' lang='lat' dir='ltr'><strong>habet,</strong></span> <span class='ocrx_word' id='word_1_249' title='bbox 1310 2336 1452 2407; x_wconf 91' lang='lat' dir='ltr'><strong>quod</strong></span> <span class='ocrx_word' id='word_1_250' title='bbox 1505 2347 1682 2407; x_wconf 88' lang='lat' dir='ltr'><strong>potest</strong></span> <span class='ocrx_word' id='word_1_251' title='bbox 1723 2338 1982 2408; x_wconf 74' lang='lat' dir='ltr'><strong>prodesse</strong></span> <span class='ocrx_word' id='word_1_252' title='bbox 2087 2334 2283 2390; x_wconf 88' lang='lat' dir='ltr'><strong>habere</strong></span> <span class='ocrx_word' id='word_1_253' title='bbox 2327 2336 2584 2391; x_wconf 84' lang='lat' dir='ltr'><strong>mercaris</strong></span> <span class='ocrx_word' id='word_1_254' title='bbox 2633 2339 2870 2409; x_wconf 81' lang='lat' dir='ltr'><strong>integros</strong></span> <span class='ocrx_word' id='word_1_255' title='bbox 2903 2381 2918 2405; x_wconf 94' lang='lat'><strong>,</strong></span> <span class='ocrx_word' id='word_1_256' title='bbox 2968 2339 3307 2407; x_wconf 85' lang='lat' dir='ltr'><strong>incolumes,</strong></span> <span class='ocrx_word' id='word_1_257' title='bbox 3362 2357 3430 2396; x_wconf 86' lang='lat' dir='ltr'><strong>ac</strong></span> <span class='ocrx_word' id='word_1_258' title='bbox 3471 2341 3665 2397; x_wconf 86' lang='lat' dir='ltr'><strong>beatos.</strong></span> 
     </span>
    </p>
   </div>
   <div class='ocr_carea' id='block_1_25' title="bbox 385 2421 3671 2504">
    <p class='ocr_par' dir='ltr' id='par_1_25' title="bbox 385 2421 3671 2504">
     <span class='ocr_line' id='line_1_25' title="bbox 385 2421 3671 2504; baseline 0.002 -24"><span class='ocrx_word' id='word_1_259' title='bbox 385 2429 683 2481; x_wconf 76' lang='lat' dir='ltr'><strong>commodis</strong></span> <span class='ocrx_word' id='word_1_260' title='bbox 705 2430 1078 2497; x_wconf 87' lang='lat' dir='ltr'><strong>plurimorum.</strong></span> <span class='ocrx_word' id='word_1_261' title='bbox 1103 2421 1418 2504; x_wconf 66' lang='lat' dir='ltr'><strong>Quid?(26)</strong></span> <span class='ocrx_word' id='word_1_262' title='bbox 1437 2432 1576 2503; x_wconf 86' lang='lat' dir='ltr'><strong>quod</strong></span> <span class='ocrx_word' id='word_1_263' title='bbox 1594 2439 1828 2502; x_wconf 88' lang='lat' dir='ltr'><strong>paupere</strong></span> <span class='ocrx_word' id='word_1_264' title='bbox 1851 2447 1985 2501; x_wconf 92' lang='lat' dir='ltr'><strong>quo-</strong></span> <span class='ocrx_word' id='word_1_265' title='bbox 2088 2429 2259 2485; x_wconf 87' lang='lat' dir='ltr'><strong>Stulta</strong></span> <span class='ocrx_word' id='word_1_266' title='bbox 2289 2440 2466 2485; x_wconf 88' lang='lat' dir='ltr'><strong>autem</strong></span> <span class='ocrx_word' id='word_1_267' title='bbox 2501 2447 2586 2487; x_wconf 88' lang='lat' dir='ltr'><strong>res</strong></span> <span class='ocrx_word' id='word_1_268' title='bbox 2613 2443 2717 2498; x_wconf 90' lang='lat' dir='ltr'><strong>est,</strong></span> <span class='ocrx_word' id='word_1_269' title='bbox 2751 2431 2858 2486; x_wconf 91' lang='lat' dir='ltr'><strong>illis</strong></span> <span class='ocrx_word' id='word_1_270' title='bbox 2891 2443 2942 2486; x_wconf 90' lang='lat' dir='ltr'><strong>te</strong></span> <span class='ocrx_word' id='word_1_271' title='bbox 2972 2433 3081 2504; x_wconf 82' lang='lat'><strong>39</strong></span> <span class='ocrx_word' id='word_1_272' title='bbox 3110 2433 3250 2488; x_wconf 88' lang='lat' dir='ltr'><strong>velle</strong></span> <span class='ocrx_word' id='word_1_273' title='bbox 3283 2435 3409 2488; x_wconf 79' lang='lat' dir='ltr'><strong>vita:</strong></span> <span class='ocrx_word' id='word_1_274' title='bbox 3440 2434 3671 2490; x_wconf 82' lang='lat' dir='ltr'><strong>substan-</strong></span> 
     </span>
    </p>
   </div>
   <div class='ocr_carea' id='block_1_26' title="bbox 388 2516 3669 2601">
    <p class='ocr_par' dir='ltr' id='par_1_26' title="bbox 388 2516 3669 2601">
     <span class='ocr_line' id='line_1_26' title="bbox 388 2516 3669 2601; baseline 0.003 -29"><span class='ocrx_word' id='word_1_275' title='bbox 388 2519 515 2573; x_wconf 89' lang='lat' dir='ltr'><strong>tidie</strong></span> <span class='ocrx_word' id='word_1_276' title='bbox 548 2523 815 2576; x_wconf 89' lang='lat' dir='ltr'><strong>moriente</strong></span> <span class='ocrx_word' id='word_1_277' title='bbox 855 2525 1208 2592; x_wconf 83' lang='lat' dir='ltr'><strong>oppressione</strong></span> <span class='ocrx_word' id='word_1_278' title='bbox 1232 2565 1244 2588; x_wconf 92' lang='lat'><strong>,</strong></span> <span class='ocrx_word' id='word_1_279' title='bbox 1283 2524 1422 2601; x_wconf 85' lang='lat' dir='ltr'><strong>fame</strong></span> <span class='ocrx_word' id='word_1_280' title='bbox 1447 2565 1463 2590; x_wconf 92' lang='lat'><strong>,</strong></span> <span class='ocrx_word' id='word_1_281' title='bbox 1497 2523 1694 2595; x_wconf 79' lang='lat' dir='ltr'><strong>frigore</strong></span> <span class='ocrx_word' id='word_1_282' title='bbox 1718 2565 1732 2587; x_wconf 91' lang='lat'><strong>,</strong></span> <span class='ocrx_word' id='word_1_283' title='bbox 1769 2523 1981 2592; x_wconf 84' lang='lat' dir='ltr'><strong>injuria,</strong></span> <span class='ocrx_word' id='word_1_284' title='bbox 2089 2525 2214 2580; x_wconf 87' lang='lat' dir='ltr'><strong>tiam</strong></span> <span class='ocrx_word' id='word_1_285' title='bbox 2249 2525 2553 2600; x_wconf 78' lang='lat' dir='ltr'><strong>providere,</strong></span> <span class='ocrx_word' id='word_1_286' title='bbox 2587 2527 2779 2594; x_wconf 84' lang='lat' dir='ltr'><strong>quibus</strong></span> <span class='ocrx_word' id='word_1_287' title='bbox 2803 2539 2901 2581; x_wconf 86' lang='lat' dir='ltr'><strong>nec</strong></span> <span class='ocrx_word' id='word_1_288' title='bbox 2932 2516 3261 2581; x_wconf 83' lang='lat' dir='ltr'><strong>nativitatem</strong></span> <span class='ocrx_word' id='word_1_289' title='bbox 3292 2526 3510 2582; x_wconf 88' lang='lat' dir='ltr'><strong>dederis</strong></span> <span class='ocrx_word' id='word_1_290' title='bbox 3535 2569 3549 2593; x_wconf 91' lang='lat'><strong>,</strong></span> <span class='ocrx_word' id='word_1_291' title='bbox 3583 2542 3669 2582; x_wconf 90' lang='lat' dir='ltr'><strong>nec</strong></span> 
     </span>
    </p>
   </div>
   <div class='ocr_carea' id='block_1_27' title="bbox 387 2602 3668 2692">
    <p class='ocr_par' dir='ltr' id='par_1_27' title="bbox 387 2602 3668 2692">
     <span class='ocr_line' id='line_1_27' title="bbox 387 2602 3668 2692; baseline 0.004 -27"><span class='ocrx_word' id='word_1_292' title='bbox 387 2613 619 2666; x_wconf 88' lang='lat' dir='ltr'><strong>amicum</strong></span> <span class='ocrx_word' id='word_1_293' title='bbox 671 2613 764 2666; x_wconf 89' lang='lat' dir='ltr'><strong>tibi</strong></span> <span class='ocrx_word' id='word_1_294' title='bbox 813 2615 1016 2669; x_wconf 80' lang='lat' dir='ltr'><strong>excolis</strong></span> <span class='ocrx_word' id='word_1_295' title='bbox 1061 2630 1249 2669; x_wconf 89' lang='lat' dir='ltr'><strong>aurum</strong></span> <span class='ocrx_word' id='word_1_296' title='bbox 1297 2634 1308 2668; x_wconf 96' lang='lat'>:</span> <span class='ocrx_word' id='word_1_297' title='bbox 1357 2615 1599 2670; x_wconf 89' lang='lat' dir='ltr'><strong>custodis</strong></span> <span class='ocrx_word' id='word_1_298' title='bbox 1649 2624 1931 2685; x_wconf 78' lang='lat' dir='ltr'><strong>argentum</strong></span> <span class='ocrx_word' id='word_1_299' title='bbox 1971 2633 1982 2668; x_wconf 94' lang='lat'>:</span> <span class='ocrx_word' id='word_1_300' title='bbox 2089 2623 2298 2676; x_wconf 84' lang='lat' dir='ltr'><strong>animas</strong></span> <span class='ocrx_word' id='word_1_301' title='bbox 2343 2621 2709 2691; x_wconf 77' lang='lat' dir='ltr'><strong>inSpiraveris,</strong></span> <span class='ocrx_word' id='word_1_302' title='bbox 2761 2637 2860 2676; x_wconf 87' lang='lat' dir='ltr'><strong>nec</strong></span> <span class='ocrx_word' id='word_1_303' title='bbox 2905 2602 3132 2676; x_wconf 73' lang='lat' dir='ltr'><strong>salutem</strong></span> <span class='ocrx_word' id='word_1_304' title='bbox 3187 2631 3446 2691; x_wconf 67' lang='lat' dir='ltr'><strong>prmstare</strong></span> <span class='ocrx_word' id='word_1_305' title='bbox 3489 2625 3668 2692; x_wconf 87' lang='lat' dir='ltr'><strong>possis.</strong></span> 
     </span>
    </p>
   </div>
   <div class='ocr_carea' id='block_1_28' title="bbox 388 2705 3672 2785">
    <p class='ocr_par' dir='ltr' id='par_1_28' title="bbox 388 2705 3672 2785">
     <span class='ocr_line' id='line_1_28' title="bbox 388 2705 3672 2785; baseline 0.001 -29"><span class='ocrx_word' id='word_1_306' title='bbox 388 2713 593 2758; x_wconf 83' lang='lat' dir='ltr'><strong>vestem</strong></span> <span class='ocrx_word' id='word_1_307' title='bbox 638 2705 926 2773; x_wconf 78' lang='lat' dir='ltr'><strong>pretiosam</strong></span> <span class='ocrx_word' id='word_1_308' title='bbox 969 2717 1394 2776; x_wconf 74' lang='lat' dir='ltr'><strong>ornamentaque</strong></span> <span class='ocrx_word' id='word_1_309' title='bbox 1444 2705 1676 2775; x_wconf 89' lang='lat' dir='ltr'><strong>superba</strong></span> <span class='ocrx_word' id='word_1_310' title='bbox 1707 2717 1760 2762; x_wconf 88' lang='lat' dir='ltr'><strong>et</strong></span> <span class='ocrx_word' id='word_1_311' title='bbox 1799 2707 1985 2777; x_wconf 82' lang='lat' dir='ltr'><strong>super-</strong></span> <span class='ocrx_word' id='word_1_312' title='bbox 2090 2714 2244 2770; x_wconf 80' lang='lat' dir='ltr'><strong>Unde</strong></span> <span class='ocrx_word' id='word_1_313' title='bbox 2277 2717 2358 2769; x_wconf 81' lang='lat' dir='ltr'><strong>vel</strong></span> <span class='ocrx_word' id='word_1_314' title='bbox 2391 2731 2515 2770; x_wconf 79' lang='lat' dir='ltr'><strong>sero</strong></span> <span class='ocrx_word' id='word_1_315' title='bbox 2541 2715 2854 2785; x_wconf 70' lang='lat' dir='ltr'><strong>sacrilegam</strong></span> <span class='ocrx_word' id='word_1_316' title='bbox 2879 2731 3065 2771; x_wconf 75' lang='lat' dir='ltr'><strong>vocem</strong></span> <span class='ocrx_word' id='word_1_317' title='bbox 3090 2715 3409 2785; x_wconf 57' lang='lat' dir='ltr'><strong>comprime.</strong></span> <span class='ocrx_word' id='word_1_318' title='bbox 3440 2714 3672 2781; x_wconf 63' lang='lat' dir='ltr'><strong>humanm</strong></span> 
     </span>
    </p>
   </div>
   <div class='ocr_carea' id='block_1_29' title="bbox 392 2785 3673 2878">
    <p class='ocr_par' dir='ltr' id='par_1_29' title="bbox 392 2785 3673 2878">
     <span class='ocr_line' id='line_1_29' title="bbox 392 2785 3673 2878; baseline 0.002 -26"><span class='ocrx_word' id='word_1_319' title='bbox 392 2813 623 2853; x_wconf 84' lang='lat' dir='ltr'><strong>vacanea</strong></span> <span class='ocrx_word' id='word_1_320' title='bbox 657 2816 751 2868; x_wconf 93' lang='lat' dir='ltr'><strong>pro</strong></span> <span class='ocrx_word' id='word_1_321' title='bbox 780 2812 1122 2856; x_wconf 86' lang='lat' dir='ltr'><strong>sacrosancto</strong></span> <span class='ocrx_word' id='word_1_322' title='bbox 1150 2801 1338 2866; x_wconf 87' lang='lat' dir='ltr'><strong>habes,</strong></span> <span class='ocrx_word' id='word_1_323' title='bbox 1366 2793 1509 2855; x_wconf 42' lang='lat' dir='ltr'><strong>&#39;sicut</strong></span> <span class='ocrx_word' id='word_1_324' title='bbox 1540 2802 1738 2855; x_wconf 91' lang='lat' dir='ltr'><strong>idolum</strong></span> <span class='ocrx_word' id='word_1_325' title='bbox 1772 2819 1784 2854; x_wconf 91' lang='lat'><strong>:</strong></span> <span class='ocrx_word' id='word_1_326' title='bbox 1817 2813 1867 2856; x_wconf 89' lang='lat' dir='ltr'><strong>te</strong></span> <span class='ocrx_word' id='word_1_327' title='bbox 1891 2802 1986 2870; x_wconf 87' lang='lat' dir='ltr'><strong>per</strong></span> <span class='ocrx_word' id='word_1_328' title='bbox 2096 2807 2395 2877; x_wconf 78' lang='lat' dir='ltr'><strong>fragilitatis</strong></span> <span class='ocrx_word' id='word_1_329' title='bbox 2429 2823 2662 2874; x_wconf 83' lang='lat' dir='ltr'><strong>memor,</strong></span> <span class='ocrx_word' id='word_1_330' title='bbox 2693 2785 2783 2878; x_wconf 79' lang='lat' dir='ltr'><strong>qui</strong></span> <span class='ocrx_word' id='word_1_331' title='bbox 2817 2808 2867 2861; x_wconf 91' lang='lat' dir='ltr'><strong>in</strong></span> <span class='ocrx_word' id='word_1_332' title='bbox 2901 2807 3003 2861; x_wconf 90' lang='lat' dir='ltr'><strong>hoc</strong></span> <span class='ocrx_word' id='word_1_333' title='bbox 3034 2808 3150 2876; x_wconf 91' lang='lat' dir='ltr'><strong>ipso</strong></span> <span class='ocrx_word' id='word_1_334' title='bbox 3172 2849 3187 2874; x_wconf 90' lang='lat'><strong>,</strong></span> <span class='ocrx_word' id='word_1_335' title='bbox 3217 2807 3362 2878; x_wconf 89' lang='lat' dir='ltr'><strong>quod</strong></span> <span class='ocrx_word' id='word_1_336' title='bbox 3395 2792 3673 2878; x_wconf 68' lang='lat' dir='ltr'><strong>loquimur,</strong></span> 
     </span>
    </p>
   </div>
   <div class='ocr_carea' id='block_1_30' title="bbox 394 2887 3676 2972">
    <p class='ocr_par' dir='ltr' id='par_1_30' title="bbox 394 2887 3676 2972">
     <span class='ocr_line' id='line_1_30' title="bbox 394 2887 3676 2972; baseline 0.001 -26"><span class='ocrx_word' id='word_1_337' title='bbox 394 2905 662 2947; x_wconf 89' lang='lat' dir='ltr'><strong>momenta</strong></span> <span class='ocrx_word' id='word_1_338' title='bbox 690 2895 1006 2962; x_wconf 84' lang='lat' dir='ltr'><strong>componis,</strong></span> <span class='ocrx_word' id='word_1_339' title='bbox 1042 2895 1194 2950; x_wconf 79' lang='lat' dir='ltr'><strong>dives</strong></span> <span class='ocrx_word' id='word_1_340' title='bbox 1227 2895 1278 2948; x_wconf 92' lang='lat' dir='ltr'><strong>in</strong></span> <span class='ocrx_word' id='word_1_341' title='bbox 1325 2894 1578 2963; x_wconf 83' lang='lat' dir='ltr'><strong>publico,</strong></span> <span class='ocrx_word' id='word_1_342' title='bbox 1613 2894 1775 2949; x_wconf 90' lang='lat' dir='ltr'><strong>ditior</strong></span> <span class='ocrx_word' id='word_1_343' title='bbox 1818 2887 1869 2947; x_wconf 89' lang='lat' dir='ltr'><strong>in</strong></span> <span class='ocrx_word' id='word_1_344' title='bbox 1903 2911 1986 2948; x_wconf 77' lang='lat' dir='ltr'><strong>se-</strong></span> <span class='ocrx_word' id='word_1_345' title='bbox 2092 2899 2219 2971; x_wconf 86' lang='lat' dir='ltr'><strong>quid</strong></span> <span class='ocrx_word' id='word_1_346' title='bbox 2277 2901 2442 2972; x_wconf 82' lang='lat' dir='ltr'><strong>possit</strong></span> <span class='ocrx_word' id='word_1_347' title='bbox 2488 2902 2800 2971; x_wconf 88' lang='lat' dir='ltr'><strong>contingere</strong></span> <span class='ocrx_word' id='word_1_348' title='bbox 2830 2943 2843 2967; x_wconf 94' lang='lat'><strong>,</strong></span> <span class='ocrx_word' id='word_1_349' title='bbox 2894 2902 3108 2971; x_wconf 86' lang='lat' dir='ltr'><strong>ignoras</strong></span> <span class='ocrx_word' id='word_1_350' title='bbox 3156 2919 3168 2954; x_wconf 90' lang='lat'>:</span> <span class='ocrx_word' id='word_1_351' title='bbox 3224 2902 3676 2968; x_wconf 62' lang='lat' dir='ltr'><strong>excus:itionisque</strong></span> 
     </span>
    </p>
   </div>
   <div class='ocr_carea' id='block_1_31' title="bbox 395 2986 3680 3066">
    <p class='ocr_par' dir='ltr' id='par_1_31' title="bbox 395 2986 3680 3066">
     <span class='ocr_line' id='line_1_31' title="bbox 395 2986 3680 3066; baseline 0.002 -28"><span class='ocrx_word' id='word_1_352' title='bbox 395 2998 545 3040; x_wconf 86' lang='lat' dir='ltr'><strong>creto</strong></span> <span class='ocrx_word' id='word_1_353' title='bbox 579 3004 591 3040; x_wconf 88' lang='lat'>:</span> <span class='ocrx_word' id='word_1_354' title='bbox 620 3003 724 3041; x_wconf 87' lang='lat' dir='ltr'><strong>nec</strong></span> <span class='ocrx_word' id='word_1_355' title='bbox 757 2988 1049 3059; x_wconf 70' lang='lat' dir='ltr'><strong>intelligis,</strong></span> <span class='ocrx_word' id='word_1_356' title='bbox 1083 2989 1204 3057; x_wconf 88' lang='lat' dir='ltr'><strong>quia</strong></span> <span class='ocrx_word' id='word_1_357' title='bbox 1239 2988 1443 3044; x_wconf 88' lang='lat' dir='ltr'><strong>homini</strong></span> <span class='ocrx_word' id='word_1_358' title='bbox 1471 2987 1652 3057; x_wconf 82' lang='lat' dir='ltr'><strong>inopia</strong></span> <span class='ocrx_word' id='word_1_359' title='bbox 1699 2986 1984 3050; x_wconf 68' lang='lat' dir='ltr'><strong>morienti.</strong></span> <span class='ocrx_word' id='word_1_360' title='bbox 2093 3009 2243 3048; x_wconf 67' lang='lat' dir='ltr'><strong>vana:</strong></span> <span class='ocrx_word' id='word_1_361' title='bbox 2274 2995 2482 3060; x_wconf 87' lang='lat' dir='ltr'><strong>depone</strong></span> <span class='ocrx_word' id='word_1_362' title='bbox 2529 2994 2813 3061; x_wconf 79' lang='lat' dir='ltr'><strong>fallaciam.</strong></span> <span class='ocrx_word' id='word_1_363' title='bbox 2847 2995 2958 3066; x_wconf 76' lang='grc'>(50)</span> <span class='ocrx_word' id='word_1_364' title='bbox 2998 2989 3224 3065; x_wconf 78' lang='lat' dir='ltr'><strong>[ngratis</strong></span> <span class='ocrx_word' id='word_1_365' title='bbox 3264 2995 3542 3048; x_wconf 84' lang='lat' dir='ltr'><strong>avaritiam</strong></span> <span class='ocrx_word' id='word_1_366' title='bbox 3569 3007 3680 3062; x_wconf 88' lang='lat' dir='ltr'><strong>pec-</strong></span> 
     </span>
    </p>
   </div>
   <div class='ocr_carea' id='block_1_32' title="bbox 401 3072 3678 3157">
    <p class='ocr_par' dir='ltr' id='par_1_32' title="bbox 401 3072 3678 3157">
     <span class='ocr_line' id='line_1_32' title="bbox 401 3072 3678 3157; baseline 0 -19"><span class='ocrx_word' id='word_1_367' title='bbox 401 3088 561 3138; x_wconf 82' lang='lat' dir='ltr'><strong>tantis</strong></span> <span class='ocrx_word' id='word_1_368' title='bbox 590 3084 781 3154; x_wconf 88' lang='lat' dir='ltr'><strong>opilms</strong></span> <span class='ocrx_word' id='word_1_369' title='bbox 810 3085 897 3150; x_wconf 91' lang='lat' dir='ltr'><strong>qui</strong></span> <span class='ocrx_word' id='word_1_370' title='bbox 940 3072 1061 3138; x_wconf 86' lang='lat' dir='ltr'><strong>cum</strong></span> <span class='ocrx_word' id='word_1_371' title='bbox 1083 3085 1268 3153; x_wconf 81' lang='lat' dir='ltr'><strong>possit</strong></span> <span class='ocrx_word' id='word_1_372' title='bbox 1297 3083 1614 3153; x_wconf 79' lang='lat' dir='ltr'><strong>subvenire,</strong></span> <span class='ocrx_word' id='word_1_373' title='bbox 1659 3099 1764 3137; x_wconf 90' lang='lat' dir='ltr'><strong>non</strong></span> <span class='ocrx_word' id='word_1_374' title='bbox 1796 3083 1990 3138; x_wconf 81' lang='lat' dir='ltr'><strong>subve-</strong></span> <span class='ocrx_word' id='word_1_375' title='bbox 2093 3101 2214 3142; x_wconf 88' lang='lat' dir='ltr'><strong>cato</strong></span> <span class='ocrx_word' id='word_1_376' title='bbox 2241 3072 2450 3142; x_wconf 74' lang='lat' dir='ltr'><strong>condis.</strong></span> <span class='ocrx_word' id='word_1_377' title='bbox 2494 3088 2677 3143; x_wconf 90' lang='lat' dir='ltr'><strong>Solius</strong></span> <span class='ocrx_word' id='word_1_378' title='bbox 2708 3089 2796 3142; x_wconf 92' lang='lat' dir='ltr'><strong>Dei</strong></span> <span class='ocrx_word' id='word_1_379' title='bbox 2832 3097 3070 3157; x_wconf 88' lang='lat' dir='ltr'><strong>potestas</strong></span> <span class='ocrx_word' id='word_1_380' title='bbox 3097 3099 3179 3143; x_wconf 87' lang='lat' dir='ltr'><strong>est</strong></span> <span class='ocrx_word' id='word_1_381' title='bbox 3213 3087 3514 3143; x_wconf 89' lang='lat' dir='ltr'><strong>futurorum</strong></span> <span class='ocrx_word' id='word_1_382' title='bbox 3543 3101 3678 3142; x_wconf 88' lang='lat' dir='ltr'><strong>cum-</strong></span> 
     </span>
    </p>
   </div>
   <div class='ocr_carea' id='block_1_33' title="bbox 403 3175 2613 3254">
    <p class='ocr_par' dir='ltr' id='par_1_33' title="bbox 403 3175 2613 3254">
     <span class='ocr_line' id='line_1_33' title="bbox 403 3175 2613 3254; baseline 0 -21"><span class='ocrx_word' id='word_1_383' title='bbox 403 3181 510 3244; x_wconf 87' lang='lat' dir='ltr'><strong>tiit,</strong></span> <span class='ocrx_word' id='word_1_384' title='bbox 535 3180 658 3249; x_wconf 83' lang='lat' dir='ltr'><strong>ipse</strong></span> <span class='ocrx_word' id='word_1_385' title='bbox 684 3195 806 3232; x_wconf 88' lang='lat' dir='ltr'><strong>eum</strong></span> <span class='ocrx_word' id='word_1_386' title='bbox 841 3179 1051 3232; x_wconf 90' lang='lat' dir='ltr'><strong>videtur</strong></span> <span class='ocrx_word' id='word_1_387' title='bbox 1084 3179 1368 3232; x_wconf 85' lang='lat' dir='ltr'><strong>occidere?</strong></span> <span class='ocrx_word' id='word_1_388' title='bbox 1396 3181 1438 3231; x_wconf 86' lang='lat'>0</span> <span class='ocrx_word' id='word_1_389' title='bbox 1483 3185 1801 3246; x_wconf 69' lang='lat' dir='ltr'><strong>quantat&#39;um</strong></span> <span class='ocrx_word' id='word_1_390' title='bbox 1833 3193 1995 3232; x_wconf 88' lang='lat' dir='ltr'><strong>neces</strong></span> <span class='ocrx_word' id='word_1_391' title='bbox 2024 3175 2069 3238; x_wconf 88' lang='lat' dir='ltr'>C</span> <span class='ocrx_word' id='word_1_392' title='bbox 2101 3183 2275 3238; x_wconf 87' lang='lat' dir='ltr'><strong>modis</strong></span> <span class='ocrx_word' id='word_1_393' title='bbox 2311 3182 2613 3254; x_wconf 76' lang='lat' dir='ltr'><strong>providere.</strong></span> 
     </span>
    </p>
   </div>
   <div class='ocr_carea' id='block_1_34' title="bbox 403 3271 1996 3342">
    <p class='ocr_par' dir='ltr' id='par_1_34' title="bbox 403 3271 1996 3342">
     <span class='ocr_line' id='line_1_34' title="bbox 403 3271 1996 3342; baseline -0.001 -17"><span class='ocrx_word' id='word_1_394' title='bbox 403 3273 702 3326; x_wconf 89' lang='lat' dir='ltr'><strong>animarum</strong></span> <span class='ocrx_word' id='word_1_395' title='bbox 729 3272 778 3324; x_wconf 92' lang='lat' dir='ltr'><strong>in</strong></span> <span class='ocrx_word' id='word_1_396' title='bbox 810 3271 1048 3342; x_wconf 87' lang='lat' dir='ltr'><strong>phaleris</strong></span> <span class='ocrx_word' id='word_1_397' title='bbox 1078 3272 1314 3339; x_wconf 88' lang='lat' dir='ltr'><strong>pendent.</strong></span> <span class='ocrx_word' id='word_1_398' title='bbox 1340 3283 1542 3326; x_wconf 84' lang='lat' dir='ltr'><strong>ornatae</strong></span> <span class='ocrx_word' id='word_1_399' title='bbox 1564 3283 1823 3325; x_wconf 65' lang='lat' dir='ltr'><strong>matronae</strong></span> <span class='ocrx_word' id='word_1_400' title='bbox 1857 3273 1870 3326; x_wconf 88' lang='lat'><strong>!</strong></span> <span class='ocrx_word' id='word_1_401' title='bbox 1903 3286 1996 3324; x_wconf 93' lang='lat' dir='ltr'><strong>or-</strong></span> 
     </span>
    </p>
   </div>
   <div class='ocr_carea' id='block_1_35' title="bbox 408 3363 1998 3433">
    <p class='ocr_par' dir='ltr' id='par_1_35' title="bbox 408 3363 1998 3433">
     <span class='ocr_line' id='line_1_35' title="bbox 408 3363 1998 3433; baseline 0 -15"><span class='ocrx_word' id='word_1_402' title='bbox 408 3374 719 3418; x_wconf 88' lang='lat' dir='ltr'><strong>namentum</strong></span> <span class='ocrx_word' id='word_1_403' title='bbox 753 3365 906 3432; x_wconf 88' lang='lat' dir='ltr'><strong>cujus</strong></span> <span class='ocrx_word' id='word_1_404' title='bbox 935 3381 1096 3418; x_wconf 89' lang='lat' dir='ltr'><strong>unum</strong></span> <span class='ocrx_word' id='word_1_405' title='bbox 1144 3365 1186 3418; x_wconf 91' lang='lat' dir='ltr'><strong>si</strong></span> <span class='ocrx_word' id='word_1_406' title='bbox 1215 3364 1393 3418; x_wconf 89' lang='lat' dir='ltr'><strong>solvas</strong></span> <span class='ocrx_word' id='word_1_407' title='bbox 1422 3365 1472 3418; x_wconf 93' lang='lat' dir='ltr'><strong>in</strong></span> <span class='ocrx_word' id='word_1_408' title='bbox 1502 3365 1729 3433; x_wconf 79' lang='lat' dir='ltr'><strong>pretium</strong></span> <span class='ocrx_word' id='word_1_409' title='bbox 1755 3405 1771 3430; x_wconf 91' lang='lat'><strong>,</strong></span> <span class='ocrx_word' id='word_1_410' title='bbox 1815 3363 1998 3418; x_wconf 89' lang='lat' dir='ltr'><strong>distri-</strong></span> 
     </span>
    </p>
   </div>
   <div class='ocr_carea' id='block_1_36' title="bbox 409 3441 1999 3529">
    <p class='ocr_par' dir='ltr' id='par_1_36' title="bbox 409 3441 1999 3529">
     <span class='ocr_line' id='line_1_36' title="bbox 409 3441 1999 3529; baseline -0.002 -14"><span class='ocrx_word' id='word_1_411' title='bbox 409 3461 648 3529; x_wconf 86' lang='lat' dir='ltr'><strong>buasque</strong></span> <span class='ocrx_word' id='word_1_412' title='bbox 679 3461 1090 3528; x_wconf 73' lang='lat' dir='ltr'><strong>necessitatibus</strong></span> <span class='ocrx_word' id='word_1_413' title='bbox 1124 3460 1481 3529; x_wconf 85' lang='lat' dir='ltr'><strong>singulorum,</strong></span> <span class='ocrx_word' id='word_1_414' title='bbox 1513 3474 1580 3514; x_wconf 83' lang='lat' dir='ltr'><strong>ex</strong></span> <span class='ocrx_word' id='word_1_415' title='bbox 1608 3473 1792 3514; x_wconf 89' lang='lat' dir='ltr'><strong>eorum</strong></span> <span class='ocrx_word' id='word_1_416' title='bbox 1827 3441 1999 3527; x_wconf 87' lang='lat' dir='ltr'><strong>respi-</strong></span> 
     </span>
    </p>
   </div>
   <div class='ocr_carea' id='block_1_37' title="bbox 411 3531 2062 3628">
    <p class='ocr_par' dir='ltr' id='par_1_37' title="bbox 411 3531 2062 3628">
     <span class='ocr_line' id='line_1_37' title="bbox 411 3531 2062 3628; baseline -0.002 -23"><span class='ocrx_word' id='word_1_417' title='bbox 411 3552 620 3607; x_wconf 80' lang='lat' dir='ltr'><strong>ratione</strong></span> <span class='ocrx_word' id='word_1_418' title='bbox 648 3566 943 3621; x_wconf 76' lang='lat' dir='ltr'><strong>cognosces</strong></span> <span class='ocrx_word' id='word_1_419' title='bbox 964 3531 990 3618; x_wconf 39' lang='lat'><strong>,&#39;</strong></span> <span class='ocrx_word' id='word_1_420' title='bbox 1023 3559 1342 3622; x_wconf 87' lang='lat' dir='ltr'><strong>quantorum</strong></span> <span class='ocrx_word' id='word_1_421' title='bbox 1378 3549 1518 3605; x_wconf 83' lang='lat' dir='ltr'><strong>malo</strong></span> <span class='ocrx_word' id='word_1_422' title='bbox 1551 3550 1639 3604; x_wconf 91' lang='lat' dir='ltr'><strong>ille</strong></span> <span class='ocrx_word' id='word_1_423' title='bbox 1666 3557 1876 3604; x_wconf 85' lang='lat' dir='ltr'><strong>constat</strong></span> <span class='ocrx_word' id='word_1_424' title='bbox 1911 3565 2002 3602; x_wconf 84' lang='lat' dir='ltr'><strong>or-</strong></span> <span class='ocrx_word' id='word_1_425' title='bbox 2059 3625 2062 3628; x_wconf 11' lang='grc' dir='ltr'><strong>ξ</strong></span> 
     </span>
    </p>
   </div>
   <div class='ocr_carea' id='block_1_38' title="bbox 414 3653 591 3699">
    <p class='ocr_par' dir='ltr' id='par_1_38' title="bbox 414 3653 591 3699">
     <span class='ocr_line' id='line_1_38' title="bbox 414 3653 591 3699; baseline -0.017 0"><span class='ocrx_word' id='word_1_426' title='bbox 414 3653 591 3699; x_wconf 79' lang='lat' dir='ltr'><strong>natus.</strong></span> 
     </span>
    </p>
   </div>
   <div class='ocr_carea' id='block_1_39' title="bbox 491 3734 2012 3807">
    <p class='ocr_par' dir='ltr' id='par_1_39' title="bbox 491 3734 2012 3807">
     <span class='ocr_line' id='line_1_39' title="bbox 491 3734 2012 3807; baseline -0.001 -15"><span class='ocrx_word' id='word_1_427' title='bbox 491 3736 601 3792; x_wconf 82' lang='lat' dir='ltr'><strong>Vll.</strong></span> <span class='ocrx_word' id='word_1_428' title='bbox 639 3735 802 3792; x_wconf 83' lang='lat' dir='ltr'><strong>Filios</strong></span> <span class='ocrx_word' id='word_1_429' title='bbox 830 3778 844 3801; x_wconf 85' lang='lat'><strong>,</strong></span> <span class='ocrx_word' id='word_1_430' title='bbox 878 3737 1092 3807; x_wconf 92' lang='lat' dir='ltr'><strong>inquit,</strong></span> <span class='ocrx_word' id='word_1_431' title='bbox 1127 3735 1300 3792; x_wconf 88' lang='lat' dir='ltr'><strong>habeo</strong></span> <span class='ocrx_word' id='word_1_432' title='bbox 1323 3765 1344 3801; x_wconf 87' lang='lat'><strong>,-</strong></span> <span class='ocrx_word' id='word_1_433' title='bbox 1370 3750 1504 3806; x_wconf 88' lang='lat' dir='ltr'><strong>quos</strong></span> <span class='ocrx_word' id='word_1_434' title='bbox 1533 3734 1736 3790; x_wconf 89' lang='lat' dir='ltr'><strong>nudare</strong></span> <span class='ocrx_word' id='word_1_435' title='bbox 1768 3749 1873 3791; x_wconf 90' lang='lat' dir='ltr'><strong>non</strong></span> <span class='ocrx_word' id='word_1_436' title='bbox 1919 3737 2012 3791; x_wconf 92' lang='lat' dir='ltr'><strong>dc-</strong></span> 
     </span>
    </p>
   </div>
   <div class='ocr_carea' id='block_1_40' title="bbox 2066 485 3626 554">
    <p class='ocr_par' dir='ltr' id='par_1_40' title="bbox 2066 485 3626 554">
     <span class='ocr_line' id='line_1_40' title="bbox 2066 485 3626 554; baseline 0.01 -21"><span class='ocrx_word' id='word_1_437' title='bbox 2066 487 2148 533; x_wconf 88' lang='lat' dir='ltr'><strong>tus</strong></span> <span class='ocrx_word' id='word_1_438' title='bbox 2174 491 2395 535; x_wconf 89' lang='lat' dir='ltr'><strong>sauctus</strong></span> <span class='ocrx_word' id='word_1_439' title='bbox 2418 497 2510 551; x_wconf 92' lang='lat' dir='ltr'><strong>per</strong></span> <span class='ocrx_word' id='word_1_440' title='bbox 2533 485 2847 554; x_wconf 76' lang='lat' dir='ltr'><strong>prophetam</strong></span> <span class='ocrx_word' id='word_1_441' title='bbox 2879 486 3112 541; x_wconf 82' lang='lat' dir='ltr'><strong>retundit</strong></span> <span class='ocrx_word' id='word_1_442' title='bbox 3137 485 3398 542; x_wconf 84' lang='lat' dir='ltr'><strong>hactenus</strong></span> <span class='ocrx_word' id='word_1_443' title='bbox 3423 490 3626 548; x_wconf 87' lang='lat' dir='ltr'><strong>dicens:</strong></span> 
     </span>
    </p>
   </div>
   <div class='ocr_carea' id='block_1_41' title="bbox 2064 572 3629 653">
    <p class='ocr_par' dir='ltr' id='par_1_41' title="bbox 2064 572 3629 653">
     <span class='ocr_line' id='line_1_41' title="bbox 2064 572 3629 653; baseline 0.009 -29"><span class='ocrx_word' id='word_1_444' title='bbox 2064 572 2448 628; x_wconf 80' lang='lat' dir='ltr'><strong>Adulescentior</strong></span> <span class='ocrx_word' id='word_1_445' title='bbox 2499 576 2576 646; x_wconf 83' lang='lat' dir='ltr'><strong>fui</strong></span> <span class='ocrx_word' id='word_1_446' title='bbox 2596 619 2609 642; x_wconf 97' lang='lat'><strong>,</strong></span> <span class='ocrx_word' id='word_1_447' title='bbox 2640 587 2687 630; x_wconf 89' lang='lat' dir='ltr'><strong>et</strong></span> <span class='ocrx_word' id='word_1_448' title='bbox 2713 580 2857 632; x_wconf 88' lang='lat' dir='ltr'><strong>senui</strong></span> <span class='ocrx_word' id='word_1_449' title='bbox 2887 597 2905 633; x_wconf 90' lang='lat'><strong><em>:</em></strong></span> <span class='ocrx_word' id='word_1_450' title='bbox 2933 589 2978 632; x_wconf 90' lang='lat' dir='ltr'><strong>et</strong></span> <span class='ocrx_word' id='word_1_451' title='bbox 3009 595 3286 648; x_wconf 84' lang='lat' dir='ltr'><strong>numquam</strong></span> <span class='ocrx_word' id='word_1_452' title='bbox 3317 581 3420 634; x_wconf 77' lang='lat' dir='ltr'><strong>vidi</strong></span> <span class='ocrx_word' id='word_1_453' title='bbox 3453 585 3629 653; x_wconf 82' lang='lat' dir='ltr'><strong>justum</strong></span> 
     </span>
    </p>
   </div>
   <div class='ocr_carea' id='block_1_42' title="bbox 2065 658 3630 744">
    <p class='ocr_par' dir='ltr' id='par_1_42' title="bbox 2065 658 3630 744">
     <span class='ocr_line' id='line_1_42' title="bbox 2065 658 3630 744; baseline 0.009 -27"><span class='ocrx_word' id='word_1_454' title='bbox 2065 663 2387 732; x_wconf 79' lang='lat' dir='ltr'><strong>derelictum,</strong></span> <span class='ocrx_word' id='word_1_455' title='bbox 2417 658 2507 720; x_wconf 79' lang='lat' dir='ltr'><strong>nec</strong></span> <span class='ocrx_word' id='word_1_456' title='bbox 2530 686 2696 723; x_wconf 83' lang='lat' dir='ltr'><strong>semen</strong></span> <span class='ocrx_word' id='word_1_457' title='bbox 2723 673 2832 740; x_wconf 83' lang='lat' dir='ltr'><strong>ejus</strong></span> <span class='ocrx_word' id='word_1_458' title='bbox 2856 689 3085 741; x_wconf 75' lang='lat' dir='ltr'><strong>quwrens</strong></span> <span class='ocrx_word' id='word_1_459' title='bbox 3113 689 3293 744; x_wconf 83' lang='lat' dir='ltr'><strong>panem</strong></span> <span class='ocrx_word' id='word_1_460' title='bbox 3319 673 3436 744; x_wconf 89' lang='lat' dir='ltr'><strong>(Ps.</strong></span> <span class='ocrx_word' id='word_1_461' title='bbox 3467 691 3630 741; x_wconf 73' lang='lat' dir='ltr'><strong>nm,</strong></span> 
     </span>
    </p>
   </div>
   <div class='ocr_carea' id='block_1_43' title="bbox 2065 757 3638 840">
    <p class='ocr_par' dir='ltr' id='par_1_43' title="bbox 2065 757 3638 840">
     <span class='ocr_line' id='line_1_43' title="bbox 2065 757 3638 840; baseline 0.007 -28"><span class='ocrx_word' id='word_1_462' title='bbox 2065 757 2158 829; x_wconf 84' lang='grc'>25)</span> <span class='ocrx_word' id='word_1_463' title='bbox 2195 778 2206 814; x_wconf 92' lang='lat'><strong>:</strong></span> <span class='ocrx_word' id='word_1_464' title='bbox 2236 759 2301 813; x_wconf 87' lang='lat' dir='ltr'><strong>Et</strong></span> <span class='ocrx_word' id='word_1_465' title='bbox 2333 761 2549 824; x_wconf 86' lang='lat' dir='ltr'><strong>iterum,</strong></span> <span class='ocrx_word' id='word_1_466' title='bbox 2583 763 2772 817; x_wconf 84' lang='lat' dir='ltr'><strong>Diviles</strong></span> <span class='ocrx_word' id='word_1_467' title='bbox 2803 778 3046 837; x_wconf 85' lang='lat' dir='ltr'><strong>eguerunt</strong></span> <span class='ocrx_word' id='word_1_468' title='bbox 3076 778 3120 820; x_wconf 88' lang='lat' dir='ltr'><strong>et</strong></span> <span class='ocrx_word' id='word_1_469' title='bbox 3150 768 3457 834; x_wconf 86' lang='lat' dir='ltr'><strong>esurierunt,</strong></span> <span class='ocrx_word' id='word_1_470' title='bbox 3487 775 3638 840; x_wconf 84' lang='lat' dir='ltr'><strong>requi-</strong></span> 
     </span>
    </p>
   </div>
   <div class='ocr_carea' id='block_1_44' title="bbox 2068 852 3639 918">
    <p class='ocr_par' dir='ltr' id='par_1_44' title="bbox 2068 852 3639 918">
     <span class='ocr_line' id='line_1_44' title="bbox 2068 852 3639 918; baseline 0.009 -15"><span class='ocrx_word' id='word_1_471' title='bbox 2068 861 2231 905; x_wconf 83' lang='lat' dir='ltr'><strong>rentes</strong></span> <span class='ocrx_word' id='word_1_472' title='bbox 2261 864 2431 906; x_wconf 86' lang='lat' dir='ltr'><strong>auletn</strong></span> <span class='ocrx_word' id='word_1_473' title='bbox 2470 852 2748 909; x_wconf 84' lang='lat' dir='ltr'><strong>Dominum</strong></span> <span class='ocrx_word' id='word_1_474' title='bbox 2780 874 2880 911; x_wconf 87' lang='lat' dir='ltr'><strong>non</strong></span> <span class='ocrx_word' id='word_1_475' title='bbox 2925 862 3216 914; x_wconf 86' lang='lat' dir='ltr'><strong>minuentur</strong></span> <span class='ocrx_word' id='word_1_476' title='bbox 3241 861 3474 915; x_wconf 81' lang='lat' dir='ltr'><strong>omnibus</strong></span> <span class='ocrx_word' id='word_1_477' title='bbox 3513 864 3639 918; x_wconf 81' lang='lat' dir='ltr'><strong>bonis</strong></span> 
     </span>
    </p>
   </div>
   <div class='ocr_carea' id='block_1_45' title="bbox 2070 942 3640 1024">
    <p class='ocr_par' dir='ltr' id='par_1_45' title="bbox 2070 942 3640 1024">
     <span class='ocr_line' id='line_1_45' title="bbox 2070 942 3640 1024; baseline 0.01 -30"><span class='ocrx_word' id='word_1_478' title='bbox 2070 942 2187 1014; x_wconf 85' lang='lat' dir='ltr'><strong>(Ps.</strong></span> <span class='ocrx_word' id='word_1_479' title='bbox 2230 961 2395 999; x_wconf 66' lang='grc' dir='ltr'>χχχιιι</span> <span class='ocrx_word' id='word_1_480' title='bbox 2421 986 2436 1009; x_wconf 88' lang='grc'><strong>,</strong></span> <span class='ocrx_word' id='word_1_481' title='bbox 2472 945 2559 1018; x_wconf 82' lang='lat' dir='ltr'><strong>ll)</strong></span> <span class='ocrx_word' id='word_1_482' title='bbox 2595 964 2606 1001; x_wconf 92' lang='lat'>:</span> <span class='ocrx_word' id='word_1_483' title='bbox 2641 950 2780 1015; x_wconf 87' lang='lat' dir='ltr'><strong>quod</strong></span> <span class='ocrx_word' id='word_1_484' title='bbox 2829 951 3057 1017; x_wconf 90' lang='lat' dir='ltr'><strong>probare</strong></span> <span class='ocrx_word' id='word_1_485' title='bbox 3101 953 3354 1021; x_wconf 82' lang='lat' dir='ltr'><strong>exemplo</strong></span> <span class='ocrx_word' id='word_1_486' title='bbox 3405 955 3640 1024; x_wconf 76' lang='lat' dir='ltr'><strong>perfacile</strong></span> 
     </span>
    </p>
   </div>
   <div class='ocr_carea' id='block_1_46' title="bbox 2069 1035 3643 1120">
    <p class='ocr_par' dir='ltr' id='par_1_46' title="bbox 2069 1035 3643 1120">
     <span class='ocr_line' id='line_1_46' title="bbox 2069 1035 3643 1120; baseline 0.007 -30"><span class='ocrx_word' id='word_1_487' title='bbox 2069 1045 2172 1090; x_wconf 89' lang='lat' dir='ltr'><strong>est.</strong></span> <span class='ocrx_word' id='word_1_488' title='bbox 2225 1035 2562 1091; x_wconf 82' lang='lat' dir='ltr'><strong>Meminimus</strong></span> <span class='ocrx_word' id='word_1_489' title='bbox 2611 1039 2663 1092; x_wconf 91' lang='lat' dir='ltr'><strong>in</strong></span> <span class='ocrx_word' id='word_1_490' title='bbox 2710 1040 2828 1110; x_wconf 89' lang='grc'>(28)</span> <span class='ocrx_word' id='word_1_491' title='bbox 2864 1042 3169 1120; x_wconf 80' lang='lat' dir='ltr'><strong>Regnorum</strong></span> <span class='ocrx_word' id='word_1_492' title='bbox 3199 1045 3468 1113; x_wconf 84' lang='lat' dir='ltr'><strong>proditum</strong></span> <span class='ocrx_word' id='word_1_493' title='bbox 3511 1047 3643 1101; x_wconf 86' lang='lat' dir='ltr'><strong>libris</strong></span> 
     </span>
    </p>
   </div>
   <div class='ocr_carea' id='block_1_47' title="bbox 2072 1130 3645 1210">
    <p class='ocr_par' dir='ltr' id='par_1_47' title="bbox 2072 1130 3645 1210">
     <span class='ocr_line' id='line_1_47' title="bbox 2072 1130 3645 1210; baseline 0.007 -27"><span class='ocrx_word' id='word_1_494' title='bbox 2072 1130 2151 1202; x_wconf 91' lang='grc' dir='ltr'>(ιιι</span> <span class='ocrx_word' id='word_1_495' title='bbox 2180 1130 2306 1200; x_wconf 87' lang='lat' dir='ltr'><strong>Reg.</strong></span> <span class='ocrx_word' id='word_1_496' title='bbox 2333 1131 2484 1200; x_wconf 83' lang='lat' dir='ltr'><strong>xvii),</strong></span> <span class='ocrx_word' id='word_1_497' title='bbox 2516 1131 2670 1188; x_wconf 90' lang='lat' dir='ltr'><strong>famis</strong></span> <span class='ocrx_word' id='word_1_498' title='bbox 2697 1144 2956 1204; x_wconf 87' lang='lat' dir='ltr'><strong>tempore,</strong></span> <span class='ocrx_word' id='word_1_499' title='bbox 2980 1152 3086 1206; x_wconf 92' lang='lat' dir='ltr'><strong>quo</strong></span> <span class='ocrx_word' id='word_1_500' title='bbox 3110 1147 3252 1193; x_wconf 90' lang='lat' dir='ltr'><strong>totus</strong></span> <span class='ocrx_word' id='word_1_501' title='bbox 3276 1142 3470 1208; x_wconf 87' lang='lat' dir='ltr'><strong>passim</strong></span> <span class='ocrx_word' id='word_1_502' title='bbox 3496 1157 3645 1210; x_wconf 83' lang='lat' dir='ltr'><strong>popu-</strong></span> 
     </span>
    </p>
   </div>
   <div class='ocr_carea' id='block_1_48' title="bbox 2074 1223 3644 1298">
    <p class='ocr_par' dir='ltr' id='par_1_48' title="bbox 2074 1223 3644 1298">
     <span class='ocr_line' id='line_1_48' title="bbox 2074 1223 3644 1298; baseline 0.007 -22"><span class='ocrx_word' id='word_1_503' title='bbox 2074 1223 2155 1276; x_wconf 91' lang='lat' dir='ltr'><strong>lus</strong></span> <span class='ocrx_word' id='word_1_504' title='bbox 2196 1224 2544 1292; x_wconf 78' lang='lat' dir='ltr'><strong>moriebatur,</strong></span> <span class='ocrx_word' id='word_1_505' title='bbox 2590 1226 2722 1280; x_wconf 60' lang='lat' dir='ltr'><strong>Elite</strong></span> <span class='ocrx_word' id='word_1_506' title='bbox 2761 1227 3014 1283; x_wconf 88' lang='lat' dir='ltr'><strong>alimenta</strong></span> <span class='ocrx_word' id='word_1_507' title='bbox 3066 1236 3304 1298; x_wconf 90' lang='lat' dir='ltr'><strong>poscenti</strong></span> <span class='ocrx_word' id='word_1_508' title='bbox 3341 1232 3644 1288; x_wconf 82' lang='lat' dir='ltr'><strong>memOrabi-</strong></span> 
     </span>
    </p>
   </div>
   <div class='ocr_carea' id='block_1_49' title="bbox 2071 1315 3647 1392">
    <p class='ocr_par' dir='ltr' id='par_1_49' title="bbox 2071 1315 3647 1392">
     <span class='ocr_line' id='line_1_49' title="bbox 2071 1315 3647 1392; baseline 0.008 -24"><span class='ocrx_word' id='word_1_509' title='bbox 2071 1315 2175 1368; x_wconf 86' lang='lat' dir='ltr'><strong>lem</strong></span> <span class='ocrx_word' id='word_1_510' title='bbox 2212 1315 2421 1369; x_wconf 84' lang='lat' dir='ltr'><strong>viduam</strong></span> <span class='ocrx_word' id='word_1_511' title='bbox 2458 1315 2700 1371; x_wconf 88' lang='lat' dir='ltr'><strong>ultimam</strong></span> <span class='ocrx_word' id='word_1_512' title='bbox 2732 1319 2900 1373; x_wconf 87' lang='lat' dir='ltr'><strong>victus</strong></span> <span class='ocrx_word' id='word_1_513' title='bbox 2929 1322 3010 1374; x_wconf 92' lang='lat' dir='ltr'><strong>sui</strong></span> <span class='ocrx_word' id='word_1_514' title='bbox 3046 1322 3390 1392; x_wconf 67' lang='lat' dir='ltr'><strong>filiorumque</strong></span> <span class='ocrx_word' id='word_1_515' title='bbox 3417 1327 3647 1380; x_wconf 79' lang='lat' dir='ltr'><strong>substan-</strong></span> 
     </span>
    </p>
   </div>
   <div class='ocr_carea' id='block_1_50' title="bbox 2074 1409 3650 1488">
    <p class='ocr_par' dir='ltr' id='par_1_50' title="bbox 2074 1409 3650 1488">
     <span class='ocr_line' id='line_1_50' title="bbox 2074 1409 3650 1488; baseline 0.009 -28"><span class='ocrx_word' id='word_1_516' title='bbox 2074 1409 2199 1461; x_wconf 90' lang='lat' dir='ltr'><strong>tiam</strong></span> <span class='ocrx_word' id='word_1_517' title='bbox 2227 1426 2328 1462; x_wconf 90' lang='lat' dir='ltr'><strong>nuu</strong></span> <span class='ocrx_word' id='word_1_518' title='bbox 2355 1411 2626 1477; x_wconf 88' lang='lat' dir='ltr'><strong>partitam,</strong></span> <span class='ocrx_word' id='word_1_519' title='bbox 2656 1411 2748 1465; x_wconf 88' lang='lat' dir='ltr'><strong>sed</strong></span> <span class='ocrx_word' id='word_1_520' title='bbox 2774 1422 2937 1467; x_wconf 90' lang='lat' dir='ltr'><strong>totam</strong></span> <span class='ocrx_word' id='word_1_521' title='bbox 2962 1415 3200 1475; x_wconf 90' lang='lat' dir='ltr'><strong>dedisse.</strong></span> <span class='ocrx_word' id='word_1_522' title='bbox 3225 1419 3581 1488; x_wconf 56' lang='lat' dir='ltr'><strong>maluisst‘qne</strong></span> <span class='ocrx_word' id='word_1_523' title='bbox 3601 1435 3650 1474; x_wconf 84' lang='lat' dir='ltr'><strong>se</strong></span> 
     </span>
    </p>
   </div>
   <div class='ocr_carea' id='block_1_51' title="bbox 2074 1502 3648 1580">
    <p class='ocr_par' dir='ltr' id='par_1_51' title="bbox 2074 1502 3648 1580">
     <span class='ocr_line' id='line_1_51' title="bbox 2074 1502 3648 1580; baseline 0.005 -24"><span class='ocrx_word' id='word_1_524' title='bbox 2074 1517 2194 1556; x_wconf 91' lang='lat' dir='ltr'><strong>cum</strong></span> <span class='ocrx_word' id='word_1_525' title='bbox 2231 1502 2412 1558; x_wconf 90' lang='lat' dir='ltr'><strong>liberis</strong></span> <span class='ocrx_word' id='word_1_526' title='bbox 2449 1504 2560 1557; x_wconf 84' lang='lat' dir='ltr'><strong>suis</strong></span> <span class='ocrx_word' id='word_1_527' title='bbox 2600 1504 2812 1571; x_wconf 87' lang='lat' dir='ltr'><strong>emori,</strong></span> <span class='ocrx_word' id='word_1_528' title='bbox 2844 1523 3002 1576; x_wconf 89' lang='lat' dir='ltr'><strong>quam</strong></span> <span class='ocrx_word' id='word_1_529' title='bbox 3047 1509 3308 1577; x_wconf 88' lang='lat' dir='ltr'><strong>justitiam</strong></span> <span class='ocrx_word' id='word_1_530' title='bbox 3342 1513 3648 1580; x_wconf 73' lang='lat' dir='ltr'><strong>pmterire:</strong></span> 
     </span>
    </p>
   </div>
   <div class='ocr_carea' id='block_1_52' title="bbox 2629 3315 3162 3374">
    <p class='ocr_par' dir='ltr' id='par_1_52' title="bbox 2629 3315 3162 3374">
     <span class='ocr_line' id='line_1_52' title="bbox 2629 3315 3162 3374; baseline 0 -3"><span class='ocrx_word' id='word_1_531' title='bbox 2629 3315 3045 3374; x_wconf 82' lang='lat' dir='ltr'><strong>TRACTATUS</strong></span> <span class='ocrx_word' id='word_1_532' title='bbox 3073 3316 3162 3372; x_wconf 76' lang='grc' dir='ltr'><strong>ιγ.</strong></span> 
     </span>
    </p>
   </div>
   <div class='ocr_carea' id='block_1_53' title="bbox 2647 3431 3146 3504">
    <p class='ocr_par' dir='ltr' id='par_1_53' title="bbox 2647 3431 3146 3504">
     <span class='ocr_line' id='line_1_53' title="bbox 2647 3431 3146 3504; baseline 0 -19"><span class='ocrx_word' id='word_1_533' title='bbox 2647 3431 2724 3486; x_wconf 87' lang='lat' dir='ltr'><strong>De</strong></span> <span class='ocrx_word' id='word_1_534' title='bbox 2753 3431 2833 3504; x_wconf 81' lang='lat' dir='ltr'><strong>(l)</strong></span> <span class='ocrx_word' id='word_1_535' title='bbox 2865 3431 3146 3486; x_wconf 83' lang='lat' dir='ltr'><strong>Pudicitia.</strong></span> 
     </span>
    </p>
   </div>
   <div class='ocr_carea' id='block_1_54' title="bbox 2184 3547 3698 3620">
    <p class='ocr_par' dir='ltr' id='par_1_54' title="bbox 2184 3547 3698 3620">
     <span class='ocr_line' id='line_1_54' title="bbox 2184 3547 3698 3620; baseline -0.005 -15"><span class='ocrx_word' id='word_1_536' title='bbox 2184 3551 2222 3605; x_wconf 96' lang='lat' dir='ltr'><strong>l.</strong></span> <span class='ocrx_word' id='word_1_537' title='bbox 2257 3549 2578 3606; x_wconf 89' lang='lat' dir='ltr'><strong>Pudicitiam</strong></span> <span class='ocrx_word' id='word_1_538' title='bbox 2609 3550 2700 3618; x_wconf 84' lang='lat' dir='ltr'><strong>qui</strong></span> <span class='ocrx_word' id='word_1_539' title='bbox 2729 3551 2888 3616; x_wconf 93' lang='lat' dir='ltr'><strong>colit,</strong></span> <span class='ocrx_word' id='word_1_540' title='bbox 2928 3559 3141 3620; x_wconf 69' lang='lat' dir='ltr'><strong>quanta:</strong></span> <span class='ocrx_word' id='word_1_541' title='bbox 3176 3548 3470 3604; x_wconf 85' lang='lat' dir='ltr'><strong>nobilitatis</strong></span> <span class='ocrx_word' id='word_1_542' title='bbox 3503 3550 3596 3615; x_wconf 90' lang='lat' dir='ltr'><strong>sit,</strong></span> <span class='ocrx_word' id='word_1_543' title='bbox 3629 3547 3698 3600; x_wconf 87' lang='lat' dir='ltr'><strong>fa-</strong></span> 
     </span>
    </p>
   </div>
   <div class='ocr_carea' id='block_1_55' title="bbox 2113 3642 3701 3723">
    <p class='ocr_par' dir='ltr' id='par_1_55' title="bbox 2113 3642 3701 3723">
     <span class='ocr_line' id='line_1_55' title="bbox 2113 3642 3701 3723; baseline -0.004 -24"><span class='ocrx_word' id='word_1_544' title='bbox 2113 3644 2311 3723; x_wconf 84' lang='lat' dir='ltr'><strong>cillime</strong></span> <span class='ocrx_word' id='word_1_545' title='bbox 2364 3642 2442 3709; x_wconf 87' lang='grc'><strong>(2)</strong></span> <span class='ocrx_word' id='word_1_546' title='bbox 2491 3643 2770 3712; x_wconf 78' lang='lat' dir='ltr'><strong>agnoscit:</strong></span> <span class='ocrx_word' id='word_1_547' title='bbox 2820 3653 2905 3698; x_wconf 78' lang='lat' dir='ltr'><strong>est</strong></span> <span class='ocrx_word' id='word_1_548' title='bbox 2934 3644 3135 3697; x_wconf 89' lang='lat' dir='ltr'><strong>etenim</strong></span> <span class='ocrx_word' id='word_1_549' title='bbox 3171 3650 3332 3696; x_wconf 78' lang='lat' dir='ltr'><strong>tanta:</strong></span> <span class='ocrx_word' id='word_1_550' title='bbox 3360 3643 3574 3696; x_wconf 84' lang='lat' dir='ltr'><strong>virtutis</strong></span> <span class='ocrx_word' id='word_1_551' title='bbox 3598 3682 3612 3704; x_wconf 93' lang='lat'><strong>,</strong></span> <span class='ocrx_word' id='word_1_552' title='bbox 3650 3649 3701 3694; x_wconf 90' lang='lat' dir='ltr'><strong>ut</strong></span> 
     </span>
    </p>
   </div>
   <div class='ocr_carea' id='block_1_56' title="bbox 2115 3732 3700 3806">
    <p class='ocr_par' dir='ltr' id='par_1_56' title="bbox 2115 3732 3700 3806">
     <span class='ocr_line' id='line_1_56' title="bbox 2115 3732 3700 3806; baseline -0.004 -15"><span class='ocrx_word' id='word_1_553' title='bbox 2115 3737 2185 3791; x_wconf 91' lang='lat' dir='ltr'><strong>sit</strong></span> <span class='ocrx_word' id='word_1_554' title='bbox 2217 3735 2544 3792; x_wconf 88' lang='lat' dir='ltr'><strong>honorabilis</strong></span> <span class='ocrx_word' id='word_1_555' title='bbox 2579 3736 2739 3790; x_wconf 90' lang='lat' dir='ltr'><strong>etiam</strong></span> <span class='ocrx_word' id='word_1_556' title='bbox 2769 3733 2850 3806; x_wconf 82' lang='grc'>(5)</span> <span class='ocrx_word' id='word_1_557' title='bbox 2881 3733 3126 3790; x_wconf 89' lang='lat' dir='ltr'><strong>hostibus</strong></span> <span class='ocrx_word' id='word_1_558' title='bbox 3155 3732 3265 3804; x_wconf 71' lang='grc' dir='ltr'>ω</span> <span class='ocrx_word' id='word_1_559' title='bbox 3304 3734 3436 3789; x_wconf 90' lang='lat' dir='ltr'><strong>suis.</strong></span> <span class='ocrx_word' id='word_1_560' title='bbox 3473 3733 3600 3787; x_wconf 73' lang='lat' dir='ltr'><strong>llasc</strong></span> <span class='ocrx_word' id='word_1_561' title='bbox 3630 3741 3700 3784; x_wconf 92' lang='lat' dir='ltr'><strong>to-</strong></span> 
     </span>
    </p>
   </div>
   <div class='ocr_carea' id='block_1_57' title="bbox 500 3919 1328 3989">
    <p class='ocr_par' dir='ltr' id='par_1_57' title="bbox 500 3919 1328 3989">
     <span class='ocr_line' id='line_1_57' title="bbox 500 3919 1328 3989; baseline -0.006 -15"><span class='ocrx_word' id='word_1_562' title='bbox 500 3919 614 3989; x_wconf 70' lang='grc'>(24)</span> <span class='ocrx_word' id='word_1_563' title='bbox 648 3920 790 3975; x_wconf 86' lang='lat' dir='ltr'><strong>Edit.</strong></span> <span class='ocrx_word' id='word_1_564' title='bbox 836 3919 962 3973; x_wconf 75' lang='lat' dir='ltr'><strong>Ver.</strong></span> <span class='ocrx_word' id='word_1_565' title='bbox 993 3928 1328 3972; x_wconf 80' lang='lat' dir='ltr'><strong>consuerunt.</strong></span> 
     </span>
    </p>
   </div>
   <div class='ocr_carea' id='block_1_58' title="bbox 498 3987 2018 4064">
    <p class='ocr_par' dir='ltr' id='par_1_58' title="bbox 498 3987 2018 4064">
     <span class='ocr_line' id='line_1_58' title="bbox 498 3987 2018 4064; baseline -0.002 -19"><span class='ocrx_word' id='word_1_566' title='bbox 498 3987 613 4064; x_wconf 69' lang='lat'><strong>(&#39;25)</strong></span> <span class='ocrx_word' id='word_1_567' title='bbox 640 3993 763 4046; x_wconf 68' lang='lat' dir='ltr'><strong>Hzrc</strong></span> <span class='ocrx_word' id='word_1_568' title='bbox 785 3992 841 4064; x_wconf 86' lang='lat' dir='ltr'><strong>S.</strong></span> <span class='ocrx_word' id='word_1_569' title='bbox 873 3990 1018 4045; x_wconf 87' lang='lat' dir='ltr'><strong>Zeno</strong></span> <span class='ocrx_word' id='word_1_570' title='bbox 1047 3990 1209 4064; x_wconf 77' lang='lat' dir='ltr'><strong>dixit,</strong></span> <span class='ocrx_word' id='word_1_571' title='bbox 1239 4000 1295 4044; x_wconf 89' lang='lat' dir='ltr'><strong>ut</strong></span> <span class='ocrx_word' id='word_1_572' title='bbox 1318 3987 1734 4064; x_wconf 77' lang='lat' dir='ltr'><strong>:rqtiahilitatern</strong></span> <span class='ocrx_word' id='word_1_573' title='bbox 1763 3989 1905 4064; x_wconf 81' lang='lat' dir='ltr'><strong>illam</strong></span> <span class='ocrx_word' id='word_1_574' title='bbox 1937 3989 2018 4042; x_wconf 82' lang='lat' dir='ltr'><strong>in-</strong></span> 
     </span>
    </p>
   </div>
   <div class='ocr_carea' id='block_1_59' title="bbox 400 4060 2011 4130">
    <p class='ocr_par' dir='ltr' id='par_1_59' title="bbox 400 4060 2011 4130">
     <span class='ocr_line' id='line_1_59' title="bbox 400 4060 2011 4130; baseline -0.004 -12"><span class='ocrx_word' id='word_1_575' title='bbox 400 4060 662 4124; x_wconf 43' lang='lat' dir='ltr'><strong>,sin&#39;uaret</strong></span> <span class='ocrx_word' id='word_1_576' title='bbox 689 4083 728 4124; x_wconf 53' lang='grc' dir='ltr'><strong>,λ</strong></span> <span class='ocrx_word' id='word_1_577' title='bbox 766 4063 834 4115; x_wconf 92' lang='lat' dir='ltr'><strong>de</strong></span> <span class='ocrx_word' id='word_1_578' title='bbox 881 4079 980 4130; x_wconf 87' lang='lat' dir='ltr'><strong>qna</strong></span> <span class='ocrx_word' id='word_1_579' title='bbox 1026 4062 1265 4129; x_wconf 80' lang='lat' dir='ltr'><strong>pluribus</strong></span> <span class='ocrx_word' id='word_1_580' title='bbox 1309 4063 1419 4129; x_wconf 86' lang='lat' dir='ltr'><strong>agit</strong></span> <span class='ocrx_word' id='word_1_581' title='bbox 1464 4060 1770 4113; x_wconf 74' lang='lat' dir='ltr'><strong>Lactantius</strong></span> <span class='ocrx_word' id='word_1_582' title='bbox 1814 4061 1903 4116; x_wconf 89' lang='lat' dir='ltr'><strong>lib.</strong></span> <span class='ocrx_word' id='word_1_583' title='bbox 1948 4075 2011 4124; x_wconf 90' lang='lat' dir='ltr'><strong>v,</strong></span> 
     </span>
    </p>
   </div>
   <div class='ocr_carea' id='block_1_60' title="bbox 428 4132 2016 4202">
    <p class='ocr_par' dir='ltr' id='par_1_60' title="bbox 428 4132 2016 4202">
     <span class='ocr_line' id='line_1_60' title="bbox 428 4132 2016 4202; baseline -0.003 -14"><span class='ocrx_word' id='word_1_584' title='bbox 428 4152 544 4202; x_wconf 87' lang='lat' dir='ltr'><strong>cap.</strong></span> <span class='ocrx_word' id='word_1_585' title='bbox 575 4136 640 4188; x_wconf 72' lang='grc'><strong>14</strong></span> <span class='ocrx_word' id='word_1_586' title='bbox 668 4143 722 4186; x_wconf 84' lang='lat' dir='ltr'><strong>et</strong></span> <span class='ocrx_word' id='word_1_587' title='bbox 748 4132 835 4197; x_wconf 85' lang='lat' dir='ltr'><strong>l5,</strong></span> <span class='ocrx_word' id='word_1_588' title='bbox 869 4133 954 4186; x_wconf 86' lang='lat' dir='ltr'><strong>tibi</strong></span> <span class='ocrx_word' id='word_1_589' title='bbox 984 4149 1167 4186; x_wconf 81' lang='lat' dir='ltr'><strong>omnes</strong></span> <span class='ocrx_word' id='word_1_590' title='bbox 1196 4149 1258 4185; x_wconf 78' lang='lat' dir='ltr'><strong>ex</strong></span> <span class='ocrx_word' id='word_1_591' title='bbox 1290 4132 1464 4185; x_wconf 75' lang='lat' dir='ltr'><strong>divina</strong></span> <span class='ocrx_word' id='word_1_592' title='bbox 1495 4132 1833 4185; x_wconf 64' lang='lat' dir='ltr'><strong>institutione</strong></span> <span class='ocrx_word' id='word_1_593' title='bbox 1860 4147 2016 4199; x_wconf 86' lang='lat' dir='ltr'><strong>pares</strong></span> 
     </span>
    </p>
   </div>
   <div class='ocr_carea' id='block_1_61' title="bbox 428 4203 2014 4273">
    <p class='ocr_par' dir='ltr' id='par_1_61' title="bbox 428 4203 2014 4273">
     <span class='ocr_line' id='line_1_61' title="bbox 428 4203 2014 4273; baseline -0.002 -15"><span class='ocrx_word' id='word_1_594' title='bbox 428 4221 546 4259; x_wconf 84' lang='lat' dir='ltr'><strong>esse</strong></span> <span class='ocrx_word' id='word_1_595' title='bbox 578 4207 768 4273; x_wconf 87' lang='lat' dir='ltr'><strong>probat</strong></span> <span class='ocrx_word' id='word_1_596' title='bbox 794 4246 806 4259; x_wconf 93' lang='lat'><strong>.</strong></span> <span class='ocrx_word' id='word_1_597' title='bbox 854 4219 956 4257; x_wconf 92' lang='lat' dir='ltr'><strong>non</strong></span> <span class='ocrx_word' id='word_1_598' title='bbox 1005 4203 1146 4270; x_wconf 89' lang='lat' dir='ltr'><strong>quod</strong></span> <span class='ocrx_word' id='word_1_599' title='bbox 1196 4205 1323 4256; x_wconf 91' lang='lat' dir='ltr'><strong>nulli</strong></span> <span class='ocrx_word' id='word_1_600' title='bbox 1371 4203 1564 4256; x_wconf 81' lang='lat' dir='ltr'><strong>divites</strong></span> <span class='ocrx_word' id='word_1_601' title='bbox 1593 4218 1714 4256; x_wconf 86' lang='lat' dir='ltr'><strong>esse</strong></span> <span class='ocrx_word' id='word_1_602' title='bbox 1743 4204 2014 4267; x_wconf 77' lang='lat' dir='ltr'><strong>debeant,</strong></span> 
     </span>
    </p>
   </div>
   <div class='ocr_carea' id='block_1_62' title="bbox 433 4273 2016 4348">
    <p class='ocr_par' dir='ltr' id='par_1_62' title="bbox 433 4273 2016 4348">
     <span class='ocr_line' id='line_1_62' title="bbox 433 4273 2016 4348; baseline -0.002 -19"><span class='ocrx_word' id='word_1_603' title='bbox 433 4291 695 4348; x_wconf 83' lang='lat' dir='ltr'><strong>pauperes</strong></span> <span class='ocrx_word' id='word_1_604' title='bbox 743 4277 905 4339; x_wconf 85' lang='lat' dir='ltr'><strong>nulli;</strong></span> <span class='ocrx_word' id='word_1_605' title='bbox 951 4274 1216 4348; x_wconf 77' lang='lat' dir='ltr'><strong>sedquod</strong></span> <span class='ocrx_word' id='word_1_606' title='bbox 1263 4274 1399 4348; x_wconf 88' lang='lat' dir='ltr'><strong>apud</strong></span> <span class='ocrx_word' id='word_1_607' title='bbox 1442 4288 1535 4327; x_wconf 92' lang='lat' dir='ltr'><strong>eos</strong></span> <span class='ocrx_word' id='word_1_608' title='bbox 1562 4313 1577 4337; x_wconf 93' lang='lat'><strong>,</strong></span> <span class='ocrx_word' id='word_1_609' title='bbox 1619 4273 1710 4348; x_wconf 88' lang='lat' dir='ltr'><strong>qui</strong></span> <span class='ocrx_word' id='word_1_610' title='bbox 1756 4275 1920 4348; x_wconf 87' lang='lat' dir='ltr'><strong>Deum</strong></span> <span class='ocrx_word' id='word_1_611' title='bbox 1951 4275 2016 4326; x_wconf 77' lang='grc' dir='ltr'>ιι-</span> 
     </span>
    </p>
   </div>
   <div class='ocr_carea' id='block_1_63' title="bbox 435 4344 2015 4414">
    <p class='ocr_par' dir='ltr' id='par_1_63' title="bbox 435 4344 2015 4414">
     <span class='ocr_line' id='line_1_63' title="bbox 435 4344 2015 4414; baseline -0.001 -12"><span class='ocrx_word' id='word_1_612' title='bbox 435 4344 603 4408; x_wconf 80' lang='lat' dir='ltr'><strong>iuent,</strong></span> <span class='ocrx_word' id='word_1_613' title='bbox 629 4361 916 4414; x_wconf 82' lang='lat' dir='ltr'><strong>veramque</strong></span> <span class='ocrx_word' id='word_1_614' title='bbox 942 4344 1202 4411; x_wconf 83' lang='lat' dir='ltr'><strong>justitiam</strong></span> <span class='ocrx_word' id='word_1_615' title='bbox 1231 4346 1433 4399; x_wconf 88' lang='lat' dir='ltr'><strong>colunt.</strong></span> <span class='ocrx_word' id='word_1_616' title='bbox 1463 4345 1762 4411; x_wconf 63' lang='lat' dir='ltr'><strong>aequalitate</strong></span> <span class='ocrx_word' id='word_1_617' title='bbox 1787 4346 2015 4414; x_wconf 85' lang='lat' dir='ltr'><strong>quadam</strong></span> 
     </span>
    </p>
   </div>
   <div class='ocr_carea' id='block_1_64' title="bbox 434 4415 2015 4484">
    <p class='ocr_par' dir='ltr' id='par_1_64' title="bbox 434 4415 2015 4484">
     <span class='ocr_line' id='line_1_64' title="bbox 434 4415 2015 4484; baseline -0.002 -11"><span class='ocrx_word' id='word_1_618' title='bbox 434 4419 640 4473; x_wconf 61' lang='lat' dir='ltr'><strong>divitiae</strong></span> <span class='ocrx_word' id='word_1_619' title='bbox 666 4418 1079 4480; x_wconf 86' lang='lat' dir='ltr'><strong>distribuantur,</strong></span> <span class='ocrx_word' id='word_1_620' title='bbox 1114 4425 1172 4469; x_wconf 91' lang='lat' dir='ltr'><strong>ut</strong></span> <span class='ocrx_word' id='word_1_621' title='bbox 1207 4432 1323 4484; x_wconf 77' lang='lat' dir='ltr'><strong>qnze</strong></span> <span class='ocrx_word' id='word_1_622' title='bbox 1355 4415 1673 4483; x_wconf 89' lang='lat' dir='ltr'><strong>pauperibus</strong></span> <span class='ocrx_word' id='word_1_623' title='bbox 1696 4433 1829 4482; x_wconf 88' lang='lat' dir='ltr'><strong>opus</strong></span> <span class='ocrx_word' id='word_1_624' title='bbox 1856 4430 1976 4470; x_wconf 80' lang='lat' dir='ltr'><strong>siint</strong></span> <span class='ocrx_word' id='word_1_625' title='bbox 2001 4459 2015 4480; x_wconf 95' lang='lat'><strong>,</strong></span> 
     </span>
    </p>
   </div>
   <div class='ocr_carea' id='block_1_65' title="bbox 435 4484 2020 4545">
    <p class='ocr_par' dir='ltr' id='par_1_65' title="bbox 435 4484 2020 4545">
     <span class='ocr_line' id='line_1_65' title="bbox 435 4484 2020 4545; baseline -0.002 0"><span class='ocrx_word' id='word_1_626' title='bbox 435 4507 494 4545; x_wconf 86' lang='lat' dir='ltr'><strong>ca</strong></span> <span class='ocrx_word' id='word_1_627' title='bbox 540 4491 732 4544; x_wconf 87' lang='lat' dir='ltr'><strong>divites</strong></span> <span class='ocrx_word' id='word_1_628' title='bbox 783 4488 1074 4542; x_wconf 77' lang='lat' dir='ltr'><strong>liberaliter</strong></span> <span class='ocrx_word' id='word_1_629' title='bbox 1113 4487 1539 4539; x_wconf 79' lang='lat' dir='ltr'><strong>sutnuinistrent.</strong></span> <span class='ocrx_word' id='word_1_630' title='bbox 1583 4484 1668 4539; x_wconf 88' lang='lat' dir='ltr'><strong>Ita</strong></span> <span class='ocrx_word' id='word_1_631' title='bbox 1715 4488 1799 4541; x_wconf 82' lang='lat' dir='ltr'><strong>isti</strong></span> <span class='ocrx_word' id='word_1_632' title='bbox 1838 4489 2020 4542; x_wconf 77' lang='lat' dir='ltr'><strong>divites</strong></span> 
     </span>
    </p>
   </div>
   <div class='ocr_carea' id='block_1_66' title="bbox 436 4556 2020 4630">
    <p class='ocr_par' dir='ltr' id='par_1_66' title="bbox 436 4556 2020 4630">
     <span class='ocr_line' id='line_1_66' title="bbox 436 4556 2020 4630; baseline -0.003 -14"><span class='ocrx_word' id='word_1_633' title='bbox 436 4572 574 4624; x_wconf 86' lang='lat' dir='ltr'><strong>sunt,</strong></span> <span class='ocrx_word' id='word_1_634' title='bbox 607 4562 794 4630; x_wconf 88' lang='lat' dir='ltr'><strong>inquit,</strong></span> <span class='ocrx_word' id='word_1_635' title='bbox 831 4576 930 4612; x_wconf 87' lang='lat' dir='ltr'><strong>non</strong></span> <span class='ocrx_word' id='word_1_636' title='bbox 963 4560 1083 4627; x_wconf 86' lang='lat' dir='ltr'><strong>quia</strong></span> <span class='ocrx_word' id='word_1_637' title='bbox 1105 4558 1307 4611; x_wconf 85' lang='lat' dir='ltr'><strong>divitias</strong></span> <span class='ocrx_word' id='word_1_638' title='bbox 1337 4556 1518 4630; x_wconf 79' lang='lat' dir='ltr'><strong>habent</strong></span> <span class='ocrx_word' id='word_1_639' title='bbox 1548 4600 1562 4621; x_wconf 90' lang='lat'><strong>,</strong></span> <span class='ocrx_word' id='word_1_640' title='bbox 1604 4559 1693 4611; x_wconf 82' lang='lat' dir='ltr'><strong>sed</strong></span> <span class='ocrx_word' id='word_1_641' title='bbox 1722 4561 1838 4628; x_wconf 86' lang='lat' dir='ltr'><strong>quia</strong></span> <span class='ocrx_word' id='word_1_642' title='bbox 1869 4570 2020 4612; x_wconf 86' lang='lat' dir='ltr'><strong>utun-</strong></span> 
     </span>
    </p>
   </div>
   <div class='ocr_carea' id='block_1_67' title="bbox 439 4629 2103 4701">
    <p class='ocr_par' dir='ltr' id='par_1_67' title="bbox 439 4629 2103 4701">
     <span class='ocr_line' id='line_1_67' title="bbox 439 4629 2103 4701; baseline 0 -17"><span class='ocrx_word' id='word_1_643' title='bbox 439 4645 520 4686; x_wconf 89' lang='lat' dir='ltr'><strong>tur</strong></span> <span class='ocrx_word' id='word_1_644' title='bbox 546 4635 648 4687; x_wconf 85' lang='lat' dir='ltr'><strong>illis</strong></span> <span class='ocrx_word' id='word_1_645' title='bbox 675 4629 741 4683; x_wconf 81' lang='lat' dir='ltr'><strong>nd</strong></span> <span class='ocrx_word' id='word_1_646' title='bbox 774 4648 928 4697; x_wconf 82' lang='lat' dir='ltr'><strong>opera</strong></span> <span class='ocrx_word' id='word_1_647' title='bbox 943 4631 1162 4701; x_wconf 77' lang='lat' dir='ltr'><strong>justitiw</strong></span> <span class='ocrx_word' id='word_1_648' title='bbox 1189 4648 1206 4683; x_wconf 88' lang='lat'><em>:</em></span> <span class='ocrx_word' id='word_1_649' title='bbox 1232 4639 1276 4683; x_wconf 84' lang='lat' dir='ltr'><strong>et</strong></span> <span class='ocrx_word' id='word_1_650' title='bbox 1303 4629 1389 4693; x_wconf 89' lang='lat' dir='ltr'><strong>qni</strong></span> <span class='ocrx_word' id='word_1_651' title='bbox 1412 4645 1660 4696; x_wconf 80' lang='lat' dir='ltr'><strong>pauperes</strong></span> <span class='ocrx_word' id='word_1_652' title='bbox 1687 4632 1937 4688; x_wconf 85' lang='lat' dir='ltr'><strong>videntur.</strong></span> <span class='ocrx_word' id='word_1_653' title='bbox 1969 4649 2024 4685; x_wconf 88' lang='lat' dir='ltr'><strong>eo</strong></span> <span class='ocrx_word' id='word_1_654' title='bbox 2051 4633 2103 4692; x_wconf 91' lang='lat' dir='ltr'><strong>D</strong></span> 
     </span>
    </p>
   </div>
   <div class='ocr_carea' id='block_1_68' title="bbox 440 4701 2025 4768">
    <p class='ocr_par' dir='ltr' id='par_1_68' title="bbox 440 4701 2025 4768">
     <span class='ocr_line' id='line_1_68' title="bbox 440 4701 2025 4768; baseline -0.002 -10"><span class='ocrx_word' id='word_1_655' title='bbox 440 4717 604 4758; x_wconf 87' lang='lat' dir='ltr'><strong>tamen</strong></span> <span class='ocrx_word' id='word_1_656' title='bbox 631 4704 810 4758; x_wconf 86' lang='lat' dir='ltr'><strong>divites</strong></span> <span class='ocrx_word' id='word_1_657' title='bbox 830 4714 968 4768; x_wconf 89' lang='lat' dir='ltr'><strong>sunt,</strong></span> <span class='ocrx_word' id='word_1_658' title='bbox 1001 4703 1122 4768; x_wconf 83' lang='lat' dir='ltr'><strong>quia</strong></span> <span class='ocrx_word' id='word_1_659' title='bbox 1151 4713 1196 4753; x_wconf 87' lang='lat' dir='ltr'><strong>et</strong></span> <span class='ocrx_word' id='word_1_660' title='bbox 1221 4717 1318 4753; x_wconf 89' lang='lat' dir='ltr'><strong>non</strong></span> <span class='ocrx_word' id='word_1_661' title='bbox 1341 4709 1505 4764; x_wconf 74' lang='lat' dir='ltr'><strong>egent,</strong></span> <span class='ocrx_word' id='word_1_662' title='bbox 1539 4711 1585 4752; x_wconf 92' lang='lat' dir='ltr'><strong>et</strong></span> <span class='ocrx_word' id='word_1_663' title='bbox 1609 4701 1737 4752; x_wconf 84' lang='lat' dir='ltr'><strong>nihil</strong></span> <span class='ocrx_word' id='word_1_664' title='bbox 1758 4703 2025 4767; x_wconf 86' lang='lat' dir='ltr'><strong>concupis-</strong></span> 
     </span>
    </p>
   </div>
   <div class='ocr_carea' id='block_1_69' title="bbox 441 4769 2031 4844">
    <p class='ocr_par' dir='ltr' id='par_1_69' title="bbox 441 4769 2031 4844">
     <span class='ocr_line' id='line_1_69' title="bbox 441 4769 2031 4844; baseline 0 -16"><span class='ocrx_word' id='word_1_665' title='bbox 441 4788 580 4830; x_wconf 85' lang='lat' dir='ltr'><strong>cunt.</strong></span> <span class='ocrx_word' id='word_1_666' title='bbox 614 4776 761 4829; x_wconf 78' lang='lat' dir='ltr'><strong>Hunc</strong></span> <span class='ocrx_word' id='word_1_667' title='bbox 798 4775 1213 4844; x_wconf 68' lang='lat' dir='ltr'><strong>alqttnhilttati-ln</strong></span> <span class='ocrx_word' id='word_1_668' title='bbox 1253 4771 1309 4824; x_wconf 67' lang='grc' dir='ltr'><strong>Β.</strong></span> <span class='ocrx_word' id='word_1_669' title='bbox 1345 4769 1498 4844; x_wconf 76' lang='lat' dir='ltr'><strong>Zeno</strong></span> <span class='ocrx_word' id='word_1_670' title='bbox 1521 4771 1676 4825; x_wconf 83' lang='lat' dir='ltr'><strong>Unice</strong></span> <span class='ocrx_word' id='word_1_671' title='bbox 1710 4778 2031 4844; x_wconf 77' lang='lat' dir='ltr'><strong>persuadere</strong></span> 
     </span>
    </p>
   </div>
   <div class='ocr_carea' id='block_1_70' title="bbox 441 4843 2030 4913">
    <p class='ocr_par' dir='ltr' id='par_1_70' title="bbox 441 4843 2030 4913">
     <span class='ocr_line' id='line_1_70' title="bbox 441 4843 2030 4913; baseline -0.003 -12"><span class='ocrx_word' id='word_1_672' title='bbox 441 4848 646 4912; x_wconf 81' lang='lat' dir='ltr'><strong>reliqua</strong></span> <span class='ocrx_word' id='word_1_673' title='bbox 673 4843 897 4913; x_wconf 85' lang='lat' dir='ltr'><strong>hujusce</strong></span> <span class='ocrx_word' id='word_1_674' title='bbox 924 4854 1180 4898; x_wconf 87' lang='lat' dir='ltr'><strong>tractatus</strong></span> <span class='ocrx_word' id='word_1_675' title='bbox 1227 4852 1376 4910; x_wconf 86' lang='lat' dir='ltr'><strong>parte</strong></span> <span class='ocrx_word' id='word_1_676' title='bbox 1408 4843 1596 4895; x_wconf 88' lang='lat' dir='ltr'><strong>nititur</strong></span> <span class='ocrx_word' id='word_1_677' title='bbox 1617 4883 1630 4905; x_wconf 97' lang='lat'><strong>,</strong></span> <span class='ocrx_word' id='word_1_678' title='bbox 1657 4858 1775 4895; x_wconf 93' lang='lat' dir='ltr'><strong>cum</strong></span> <span class='ocrx_word' id='word_1_679' title='bbox 1807 4843 2030 4896; x_wconf 85' lang='lat' dir='ltr'><strong>divitum</strong></span> 
     </span>
    </p>
   </div>
   <div class='ocr_carea' id='block_1_71' title="bbox 441 4913 2036 4986">
    <p class='ocr_par' dir='ltr' id='par_1_71' title="bbox 441 4913 2036 4986">
     <span class='ocr_line' id='line_1_71' title="bbox 441 4913 2036 4986; baseline -0.001 -16"><span class='ocrx_word' id='word_1_680' title='bbox 441 4917 693 4972; x_wconf 83' lang='lat' dir='ltr'><strong>duritiem</strong></span> <span class='ocrx_word' id='word_1_681' title='bbox 745 4918 795 4969; x_wconf 92' lang='lat' dir='ltr'><strong>in</strong></span> <span class='ocrx_word' id='word_1_682' title='bbox 849 4930 1113 4986; x_wconf 82' lang='lat' dir='ltr'><strong>pauperes</strong></span> <span class='ocrx_word' id='word_1_683' title='bbox 1146 4914 1499 4984; x_wconf 78' lang='lat' dir='ltr'><strong>perstringit,</strong></span> <span class='ocrx_word' id='word_1_684' title='bbox 1546 4913 2036 4984; x_wconf 80' lang='lat' dir='ltr'><strong>liberalitatemque</strong></span> 
     </span>
    </p>
   </div>
   <div class='ocr_carea' id='block_1_72' title="bbox 442 4988 798 5043">
    <p class='ocr_par' dir='ltr' id='par_1_72' title="bbox 442 4988 798 5043">
     <span class='ocr_line' id='line_1_72' title="bbox 442 4988 798 5043; baseline -0.011 0"><span class='ocrx_word' id='word_1_685' title='bbox 442 4988 798 5043; x_wconf 78' lang='lat' dir='ltr'><strong>Cuttttttettdat.</strong></span> 
     </span>
    </p>
   </div>
   <div class='ocr_carea' id='block_1_73' title="bbox 516 5054 2038 5132">
    <p class='ocr_par' dir='ltr' id='par_1_73' title="bbox 516 5054 2038 5132">
     <span class='ocr_line' id='line_1_73' title="bbox 516 5054 2038 5132; baseline -0.005 -18"><span class='ocrx_word' id='word_1_686' title='bbox 516 5060 633 5132; x_wconf 83' lang='grc' dir='ltr'>(2ο)</span> <span class='ocrx_word' id='word_1_687' title='bbox 665 5059 817 5126; x_wconf 84' lang='lat' dir='ltr'><strong>Quod</strong></span> <span class='ocrx_word' id='word_1_688' title='bbox 848 5058 1002 5132; x_wconf 54' lang='lat' dir='ltr'><strong>abest</strong></span> <span class='ocrx_word' id='word_1_689' title='bbox 1029 5073 1058 5110; x_wconf 88' lang='lat' dir='ltr'><strong>a</strong></span> <span class='ocrx_word' id='word_1_690' title='bbox 1098 5073 1198 5111; x_wconf 90' lang='lat' dir='ltr'><strong>ms.</strong></span> <span class='ocrx_word' id='word_1_691' title='bbox 1237 5056 1425 5132; x_wconf 55' lang='lat' dir='ltr'><strong>[{oinp.</strong></span> <span class='ocrx_word' id='word_1_692' title='bbox 1447 5054 1672 5132; x_wconf 84' lang='lat' dir='ltr'><strong>Inferius</strong></span> <span class='ocrx_word' id='word_1_693' title='bbox 1704 5073 1797 5132; x_wconf 82' lang='lat' dir='ltr'><strong>pro</strong></span> <span class='ocrx_word' id='word_1_694' title='bbox 1817 5059 2038 5132; x_wconf 76' lang='lat' dir='ltr'><strong>amicum</strong></span> 
     </span>
    </p>
   </div>
   <div class='ocr_carea' id='block_1_74' title="bbox 447 5127 2037 5187">
    <p class='ocr_par' dir='ltr' id='par_1_74' title="bbox 447 5127 2037 5187">
     <span class='ocr_line' id='line_1_74' title="bbox 447 5127 2037 5187; baseline -0.003 -3"><span class='ocrx_word' id='word_1_695' title='bbox 447 5127 534 5184; x_wconf 85' lang='lat' dir='ltr'><strong>tibi</strong></span> <span class='ocrx_word' id='word_1_696' title='bbox 565 5127 755 5187; x_wconf 57' lang='lat' dir='ltr'><strong>eiectis</strong></span> <span class='ocrx_word' id='word_1_697' title='bbox 789 5146 917 5184; x_wconf 67' lang='grc' dir='ltr'>ιιιρε.</span> <span class='ocrx_word' id='word_1_698' title='bbox 964 5129 1118 5184; x_wconf 80' lang='lat' dir='ltr'><strong>Rem.</strong></span> <span class='ocrx_word' id='word_1_699' title='bbox 1155 5137 1210 5181; x_wconf 89' lang='lat' dir='ltr'><strong>et</strong></span> <span class='ocrx_word' id='word_1_700' title='bbox 1237 5127 1354 5180; x_wconf 72' lang='lat' dir='ltr'><strong>&#39;l‘t‘il.</strong></span> <span class='ocrx_word' id='word_1_701' title='bbox 1405 5129 1599 5180; x_wconf 82' lang='lat' dir='ltr'><strong>habent</strong></span> <span class='ocrx_word' id='word_1_702' title='bbox 1643 5128 1910 5180; x_wconf 78' lang='lat' dir='ltr'><strong>inimicum</strong></span> <span class='ocrx_word' id='word_1_703' title='bbox 1950 5129 2037 5180; x_wconf 86' lang='lat' dir='ltr'><strong>tibi</strong></span> 
     </span>
    </p>
   </div>
   <div class='ocr_carea' id='block_1_75' title="bbox 447 5197 2032 5269">
    <p class='ocr_par' dir='ltr' id='par_1_75' title="bbox 447 5197 2032 5269">
     <span class='ocr_line' id='line_1_75' title="bbox 447 5197 2032 5269; baseline -0.004 -12"><span class='ocrx_word' id='word_1_704' title='bbox 447 5205 657 5257; x_wconf 74' lang='lat' dir='ltr'><strong>excolis.</strong></span> <span class='ocrx_word' id='word_1_705' title='bbox 690 5204 818 5257; x_wconf 86' lang='lat' dir='ltr'><strong>Dein</strong></span> <span class='ocrx_word' id='word_1_706' title='bbox 848 5219 941 5263; x_wconf 88' lang='lat' dir='ltr'><strong>pro</strong></span> <span class='ocrx_word' id='word_1_707' title='bbox 971 5201 1163 5253; x_wconf 82' lang='lat' dir='ltr'><strong>homini</strong></span> <span class='ocrx_word' id='word_1_708' title='bbox 1185 5201 1358 5269; x_wconf 84' lang='lat' dir='ltr'><strong>inpin</strong></span> <span class='ocrx_word' id='word_1_709' title='bbox 1385 5199 1618 5250; x_wconf 83' lang='lat' dir='ltr'><strong>morienti</strong></span> <span class='ocrx_word' id='word_1_710' title='bbox 1649 5214 1748 5250; x_wconf 83' lang='lat' dir='ltr'><strong>ius.</strong></span> <span class='ocrx_word' id='word_1_711' title='bbox 1786 5197 1905 5251; x_wconf 72' lang='lat' dir='ltr'><strong>V&#39;at.</strong></span> <span class='ocrx_word' id='word_1_712' title='bbox 1943 5201 2032 5250; x_wconf 85' lang='lat' dir='ltr'><strong>lio-</strong></span> 
     </span>
    </p>
   </div>
   <div class='ocr_carea' id='block_1_76' title="bbox 448 5269 2041 5341">
    <p class='ocr_par' dir='ltr' id='par_1_76' title="bbox 448 5269 2041 5341">
     <span class='ocr_line' id='line_1_76' title="bbox 448 5269 2041 5341; baseline -0.001 -16"><span class='ocrx_word' id='word_1_713' title='bbox 448 5276 572 5326; x_wconf 80' lang='lat' dir='ltr'><strong>inini</strong></span> <span class='ocrx_word' id='word_1_714' title='bbox 599 5276 740 5341; x_wconf 89' lang='lat' dir='ltr'><strong>inopi</strong></span> <span class='ocrx_word' id='word_1_715' title='bbox 760 5275 1030 5336; x_wconf 82' lang='lat' dir='ltr'><strong>morienti;</strong></span> <span class='ocrx_word' id='word_1_716' title='bbox 1065 5282 1119 5326; x_wconf 91' lang='lat' dir='ltr'><strong>et</strong></span> <span class='ocrx_word' id='word_1_717' title='bbox 1144 5287 1242 5324; x_wconf 92' lang='lat' dir='ltr'><strong>ms.</strong></span> <span class='ocrx_word' id='word_1_718' title='bbox 1281 5269 1411 5326; x_wconf 83' lang='lat' dir='ltr'><strong>Urb.</strong></span> <span class='ocrx_word' id='word_1_719' title='bbox 1440 5287 1534 5338; x_wconf 90' lang='lat' dir='ltr'><strong>pro</strong></span> <span class='ocrx_word' id='word_1_720' title='bbox 1564 5281 1758 5322; x_wconf 74' lang='lat' dir='ltr'><strong>ornatw</strong></span> <span class='ocrx_word' id='word_1_721' title='bbox 1793 5280 2041 5324; x_wconf 74' lang='lat' dir='ltr'><strong>malruuw</strong></span> 
     </span>
    </p>
   </div>
   <div class='ocr_carea' id='block_1_77' title="bbox 451 5346 1282 5399">
    <p class='ocr_par' dir='ltr' id='par_1_77' title="bbox 451 5346 1282 5399">
     <span class='ocr_line' id='line_1_77' title="bbox 451 5346 1282 5399; baseline -0.002 -1"><span class='ocrx_word' id='word_1_722' title='bbox 451 5346 612 5399; x_wconf 80' lang='lat' dir='ltr'><strong>habet</strong></span> <span class='ocrx_word' id='word_1_723' title='bbox 639 5351 985 5398; x_wconf 72' lang='lat' dir='ltr'><strong>contimoratae</strong></span> <span class='ocrx_word' id='word_1_724' title='bbox 1017 5354 1282 5397; x_wconf 62' lang='lat' dir='ltr'><strong>matrona}.</strong></span> 
     </span>
    </p>
   </div>
   <div class='ocr_carea' id='block_1_78' title="bbox 525 5412 2044 5486">
    <p class='ocr_par' dir='ltr' id='par_1_78' title="bbox 525 5412 2044 5486">
     <span class='ocr_line' id='line_1_78' title="bbox 525 5412 2044 5486; baseline -0.001 -17"><span class='ocrx_word' id='word_1_725' title='bbox 525 5416 640 5486; x_wconf 83' lang='grc'>(27)</span> <span class='ocrx_word' id='word_1_726' title='bbox 672 5419 794 5472; x_wconf 84' lang='lat' dir='ltr'><strong>l’ost</strong></span> <span class='ocrx_word' id='word_1_727' title='bbox 817 5417 1035 5469; x_wconf 88' lang='lat' dir='ltr'><strong>verbum</strong></span> <span class='ocrx_word' id='word_1_728' title='bbox 1067 5414 1222 5469; x_wconf 84' lang='lat' dir='ltr'><strong>debeo</strong></span> <span class='ocrx_word' id='word_1_729' title='bbox 1243 5420 1292 5466; x_wconf 92' lang='lat' dir='ltr'><strong>in</strong></span> <span class='ocrx_word' id='word_1_730' title='bbox 1324 5412 1603 5486; x_wconf 16' lang='lat' dir='ltr'><strong>ms.7Rem.</strong></span> <span class='ocrx_word' id='word_1_731' title='bbox 1638 5425 1798 5486; x_wconf 84' lang='lat' dir='ltr'><strong>vacua</strong></span> <span class='ocrx_word' id='word_1_732' title='bbox 1823 5421 2044 5481; x_wconf 81' lang='lat' dir='ltr'><strong>apparet</strong></span> 
     </span>
    </p>
   </div>
   <div class='ocr_carea' id='block_1_79' title="bbox 456 5484 2046 5552">
    <p class='ocr_par' dir='ltr' id='par_1_79' title="bbox 456 5484 2046 5552">
     <span class='ocr_line' id='line_1_79' title="bbox 456 5484 2046 5552; baseline -0.003 -10"><span class='ocrx_word' id='word_1_733' title='bbox 456 5484 592 5543; x_wconf 81' lang='lat' dir='ltr'><strong>linea</strong></span> <span class='ocrx_word' id='word_1_734' title='bbox 621 5505 740 5543; x_wconf 90' lang='lat' dir='ltr'><strong>cum</strong></span> <span class='ocrx_word' id='word_1_735' title='bbox 773 5489 1016 5549; x_wconf 84' lang='lat' dir='ltr'><strong>dimidio,</strong></span> <span class='ocrx_word' id='word_1_736' title='bbox 1048 5496 1104 5539; x_wconf 87' lang='lat' dir='ltr'><strong>et</strong></span> <span class='ocrx_word' id='word_1_737' title='bbox 1133 5501 1256 5540; x_wconf 78' lang='lat' dir='ltr'><strong>mox</strong></span> <span class='ocrx_word' id='word_1_738' title='bbox 1288 5485 1531 5548; x_wconf 82' lang='lat' dir='ltr'><strong>sequitur</strong></span> <span class='ocrx_word' id='word_1_739' title='bbox 1561 5484 1658 5537; x_wconf 89' lang='lat' dir='ltr'><strong>ista</strong></span> <span class='ocrx_word' id='word_1_740' title='bbox 1689 5485 1796 5537; x_wconf 72' lang='lat' dir='ltr'><strong>lia’c</strong></span> <span class='ocrx_word' id='word_1_741' title='bbox 1822 5500 1917 5552; x_wconf 89' lang='lat' dir='ltr'><strong>pro</strong></span> <span class='ocrx_word' id='word_1_742' title='bbox 1947 5486 2046 5537; x_wconf 88' lang='lat' dir='ltr'><strong>ista</strong></span> 
     </span>
    </p>
   </div>
   <div class='ocr_carea' id='block_1_80' title="bbox 456 5554 2046 5623">
    <p class='ocr_par' dir='ltr' id='par_1_80' title="bbox 456 5554 2046 5623">
     <span class='ocr_line' id='line_1_80' title="bbox 456 5554 2046 5623; baseline -0.001 -10"><span class='ocrx_word' id='word_1_743' title='bbox 456 5572 527 5614; x_wconf 87' lang='lat' dir='ltr'><strong>est</strong></span> <span class='ocrx_word' id='word_1_744' title='bbox 549 5601 562 5620; x_wconf 85' lang='lat'><strong>,</strong></span> <span class='ocrx_word' id='word_1_745' title='bbox 594 5570 646 5613; x_wconf 89' lang='lat' dir='ltr'><strong>et</strong></span> <span class='ocrx_word' id='word_1_746' title='bbox 674 5562 723 5613; x_wconf 89' lang='lat' dir='ltr'><strong>in</strong></span> <span class='ocrx_word' id='word_1_747' title='bbox 755 5575 852 5613; x_wconf 90' lang='lat' dir='ltr'><strong>ius.</strong></span> <span class='ocrx_word' id='word_1_748' title='bbox 903 5558 1020 5612; x_wconf 87' lang='lat' dir='ltr'><strong>Tol.</strong></span> <span class='ocrx_word' id='word_1_749' title='bbox 1051 5559 1148 5610; x_wconf 91' lang='lat' dir='ltr'><strong>ista</strong></span> <span class='ocrx_word' id='word_1_750' title='bbox 1172 5568 1217 5610; x_wconf 87' lang='lat' dir='ltr'><strong>et</strong></span> <span class='ocrx_word' id='word_1_751' title='bbox 1250 5554 1566 5623; x_wconf 79' lang='lat' dir='ltr'><strong>inﬁdelitatis</strong></span> <span class='ocrx_word' id='word_1_752' title='bbox 1591 5565 1684 5609; x_wconf 85' lang='lat' dir='ltr'><strong>est.</strong></span> <span class='ocrx_word' id='word_1_753' title='bbox 1715 5555 2046 5610; x_wconf 81' lang='lat' dir='ltr'><strong>lnlidelitutis</strong></span> 
     </span>
    </p>
   </div>
   <div class='ocr_carea' id='block_1_81' title="bbox 458 5628 2044 5697">
    <p class='ocr_par' dir='ltr' id='par_1_81' title="bbox 458 5628 2044 5697">
     <span class='ocr_line' id='line_1_81' title="bbox 458 5628 2044 5697; baseline -0.003 -11"><span class='ocrx_word' id='word_1_754' title='bbox 458 5644 635 5686; x_wconf 89' lang='lat' dir='ltr'><strong>autem</strong></span> <span class='ocrx_word' id='word_1_755' title='bbox 681 5630 953 5684; x_wconf 73' lang='lat' dir='ltr'><strong>excusatio</strong></span> <span class='ocrx_word' id='word_1_756' title='bbox 1003 5629 1087 5683; x_wconf 87' lang='lat' dir='ltr'><strong>liic</strong></span> <span class='ocrx_word' id='word_1_757' title='bbox 1130 5629 1325 5683; x_wconf 90' lang='lat' dir='ltr'><strong>dicitur</strong></span> <span class='ocrx_word' id='word_1_758' title='bbox 1355 5644 1450 5697; x_wconf 86' lang='lat' dir='ltr'><strong>pro</strong></span> <span class='ocrx_word' id='word_1_759' title='bbox 1491 5644 1554 5681; x_wconf 88' lang='lat' dir='ltr'><strong>eo</strong></span> <span class='ocrx_word' id='word_1_760' title='bbox 1600 5628 1742 5697; x_wconf 90' lang='lat' dir='ltr'><strong>quod</strong></span> <span class='ocrx_word' id='word_1_761' title='bbox 1775 5644 1920 5682; x_wconf 91' lang='lat' dir='ltr'><strong>num.</strong></span> <span class='ocrx_word' id='word_1_762' title='bbox 1963 5629 1996 5684; x_wconf 83' lang='lat'><strong>6</strong></span> <span class='ocrx_word' id='word_1_763' title='bbox 2032 5645 2044 5681; x_wconf 93' lang='lat'><strong>:</strong></span> 
     </span>
    </p>
   </div>
   <div class='ocr_carea' id='block_1_82' title="bbox 464 5700 1576 5756">
    <p class='ocr_par' dir='ltr' id='par_1_82' title="bbox 464 5700 1576 5756">
     <span class='ocr_line' id='line_1_82' title="bbox 464 5700 1576 5756; baseline 0 0"><span class='ocrx_word' id='word_1_764' title='bbox 464 5703 574 5756; x_wconf 82' lang='lat' dir='ltr'><strong>Hoc</strong></span> <span class='ocrx_word' id='word_1_765' title='bbox 603 5703 752 5754; x_wconf 86' lang='lat' dir='ltr'><strong>etiam</strong></span> <span class='ocrx_word' id='word_1_766' title='bbox 785 5702 967 5754; x_wconf 71' lang='lat' dir='ltr'><strong>Gentes</strong></span> <span class='ocrx_word' id='word_1_767' title='bbox 990 5700 1157 5754; x_wconf 83' lang='lat' dir='ltr'><strong>dicere</strong></span> <span class='ocrx_word' id='word_1_768' title='bbox 1179 5709 1576 5756; x_wconf 70' lang='lat' dir='ltr'><strong>consueuerunt.</strong></span> 
     </span>
    </p>
   </div>
   <div class='ocr_carea' id='block_1_83' title="bbox 537 5771 2050 5845">
    <p class='ocr_par' dir='ltr' id='par_1_83' title="bbox 537 5771 2050 5845">
     <span class='ocr_line' id='line_1_83' title="bbox 537 5771 2050 5845; baseline 0 -18"><span class='ocrx_word' id='word_1_769' title='bbox 537 5772 656 5844; x_wconf 75' lang='lat'><strong>(28)</strong></span> <span class='ocrx_word' id='word_1_770' title='bbox 693 5773 984 5845; x_wconf 79' lang='lat' dir='ltr'><strong>Regnorum</strong></span> <span class='ocrx_word' id='word_1_771' title='bbox 1038 5790 1133 5843; x_wconf 90' lang='lat' dir='ltr'><strong>pro</strong></span> <span class='ocrx_word' id='word_1_772' title='bbox 1182 5773 1377 5840; x_wconf 77' lang='lat' dir='ltr'><strong>Regum</strong></span> <span class='ocrx_word' id='word_1_773' title='bbox 1425 5771 1649 5827; x_wconf 86' lang='lat' dir='ltr'><strong>habetur</strong></span> <span class='ocrx_word' id='word_1_774' title='bbox 1697 5772 1858 5827; x_wconf 87' lang='lat' dir='ltr'><strong>etiam</strong></span> <span class='ocrx_word' id='word_1_775' title='bbox 1908 5771 2050 5840; x_wconf 87' lang='lat' dir='ltr'><strong>apud</strong></span> 
     </span>
    </p>
   </div>
   <div class='ocr_carea' id='block_1_84' title="bbox 2122 3915 3702 3988">
    <p class='ocr_par' dir='ltr' id='par_1_84' title="bbox 2122 3915 3702 3988">
     <span class='ocr_line' id='line_1_84' title="bbox 2122 3915 3702 3988; baseline -0.004 -16"><span class='ocrx_word' id='word_1_776' title='bbox 2122 3917 2407 3982; x_wconf 85' lang='lat' dir='ltr'><strong>Hilarium,</strong></span> <span class='ocrx_word' id='word_1_777' title='bbox 2453 3919 2503 3972; x_wconf 90' lang='lat' dir='ltr'><strong>in</strong></span> <span class='ocrx_word' id='word_1_778' title='bbox 2536 3918 2766 3988; x_wconf 87' lang='lat' dir='ltr'><strong>Prologo</strong></span> <span class='ocrx_word' id='word_1_779' title='bbox 2798 3918 2849 3970; x_wconf 91' lang='lat' dir='ltr'><strong>in</strong></span> <span class='ocrx_word' id='word_1_780' title='bbox 2895 3916 3008 3978; x_wconf 78' lang='lat' dir='ltr'><strong>Ps.~,</strong></span> <span class='ocrx_word' id='word_1_781' title='bbox 3049 3932 3169 3988; x_wconf 89' lang='lat' dir='ltr'><strong>pag.</strong></span> <span class='ocrx_word' id='word_1_782' title='bbox 3209 3916 3282 3980; x_wconf 68' lang='lat'><strong>4;</strong></span> <span class='ocrx_word' id='word_1_783' title='bbox 3317 3915 3456 3984; x_wconf 86' lang='lat' dir='ltr'><strong>apud</strong></span> <span class='ocrx_word' id='word_1_784' title='bbox 3479 3915 3702 3988; x_wconf 82' lang='lat' dir='ltr'><strong>Ambro-</strong></span> 
     </span>
    </p>
   </div>
   <div class='ocr_carea' id='block_1_85' title="bbox 2123 3987 3704 4059">
    <p class='ocr_par' dir='ltr' id='par_1_85' title="bbox 2123 3987 3704 4059">
     <span class='ocr_line' id='line_1_85' title="bbox 2123 3987 3704 4059; baseline -0.003 -16"><span class='ocrx_word' id='word_1_785' title='bbox 2123 3992 2282 4054; x_wconf 86' lang='lat' dir='ltr'><strong>simu,</strong></span> <span class='ocrx_word' id='word_1_786' title='bbox 2321 3992 2409 4044; x_wconf 75' lang='lat' dir='ltr'><strong>lib.</strong></span> <span class='ocrx_word' id='word_1_787' title='bbox 2447 4007 2462 4044; x_wconf 90' lang='grc' dir='ltr'><strong>ι</strong></span> <span class='ocrx_word' id='word_1_788' title='bbox 2492 3990 2558 4044; x_wconf 93' lang='lat' dir='ltr'><strong>de</strong></span> <span class='ocrx_word' id='word_1_789' title='bbox 2600 3987 2750 4043; x_wconf 85' lang='lat' dir='ltr'><strong>Abel.</strong></span> <span class='ocrx_word' id='word_1_790' title='bbox 2782 4004 2901 4059; x_wconf 87' lang='lat' dir='ltr'><strong>cap.</strong></span> <span class='ocrx_word' id='word_1_791' title='bbox 2927 3988 3008 4053; x_wconf 83' lang='grc'><strong>2.,</strong></span> <span class='ocrx_word' id='word_1_792' title='bbox 3051 3987 3104 4042; x_wconf 90' lang='lat' dir='ltr'><strong>in</strong></span> <span class='ocrx_word' id='word_1_793' title='bbox 3136 3989 3394 4057; x_wconf 78' lang='lat' dir='ltr'><strong>Apologia</strong></span> <span class='ocrx_word' id='word_1_794' title='bbox 3429 3987 3590 4041; x_wconf 85' lang='lat' dir='ltr'><strong>David</strong></span> <span class='ocrx_word' id='word_1_795' title='bbox 3619 4002 3663 4039; x_wconf 91' lang='lat' dir='ltr'><strong>c.</strong></span> <span class='ocrx_word' id='word_1_796' title='bbox 3693 4002 3704 4039; x_wconf 90' lang='lat' dir='ltr'><strong>l</strong></span> 
     </span>
    </p>
   </div>
   <div class='ocr_carea' id='block_1_86' title="bbox 2122 4059 3704 4131">
    <p class='ocr_par' dir='ltr' id='par_1_86' title="bbox 2122 4059 3704 4131">
     <span class='ocr_line' id='line_1_86' title="bbox 2122 4059 3704 4131; baseline -0.002 -17"><span class='ocrx_word' id='word_1_797' title='bbox 2122 4075 2288 4114; x_wconf 88' lang='lat' dir='ltr'><strong>serm.</strong></span> <span class='ocrx_word' id='word_1_798' title='bbox 2319 4061 2424 4125; x_wconf 83' lang='grc' dir='ltr'><strong>2Ι,·</strong></span> <span class='ocrx_word' id='word_1_799' title='bbox 2449 4064 2498 4115; x_wconf 92' lang='lat' dir='ltr'><strong>in</strong></span> <span class='ocrx_word' id='word_1_800' title='bbox 2536 4077 2617 4131; x_wconf 87' lang='lat' dir='ltr'><strong>ps.</strong></span> <span class='ocrx_word' id='word_1_801' title='bbox 2651 4077 2834 4125; x_wconf 81' lang='lat' dir='ltr'><strong>cxvm,</strong></span> <span class='ocrx_word' id='word_1_802' title='bbox 2879 4078 3029 4114; x_wconf 91' lang='lat' dir='ltr'><strong>num.</strong></span> <span class='ocrx_word' id='word_1_803' title='bbox 3061 4061 3172 4123; x_wconf 87' lang='grc'><strong>20;</strong></span> <span class='ocrx_word' id='word_1_804' title='bbox 3205 4069 3256 4114; x_wconf 91' lang='lat' dir='ltr'><strong>et</strong></span> <span class='ocrx_word' id='word_1_805' title='bbox 3287 4060 3428 4126; x_wconf 86' lang='lat' dir='ltr'><strong>apud</strong></span> <span class='ocrx_word' id='word_1_806' title='bbox 3456 4059 3593 4131; x_wconf 82' lang='lat' dir='ltr'><strong>alios</strong></span> <span class='ocrx_word' id='word_1_807' title='bbox 3624 4074 3704 4111; x_wconf 86' lang='lat' dir='ltr'><strong>ve-</strong></span> 
     </span>
    </p>
   </div>
   <div class='ocr_carea' id='block_1_87' title="bbox 2116 4130 3704 4201">
    <p class='ocr_par' dir='ltr' id='par_1_87' title="bbox 2116 4130 3704 4201">
     <span class='ocr_line' id='line_1_87' title="bbox 2116 4130 3704 4201; baseline -0.004 -15"><span class='ocrx_word' id='word_1_808' title='bbox 2116 4141 2264 4186; x_wconf 77' lang='lat' dir='ltr'><strong>teres</strong></span> <span class='ocrx_word' id='word_1_809' title='bbox 2295 4134 2496 4186; x_wconf 79' lang='lat' dir='ltr'><strong>Patres.</strong></span> <span class='ocrx_word' id='word_1_810' title='bbox 2539 4130 2592 4185; x_wconf 83' lang='lat' dir='ltr'><strong>In</strong></span> <span class='ocrx_word' id='word_1_811' title='bbox 2629 4149 2730 4186; x_wconf 85' lang='lat' dir='ltr'><strong>ms.</strong></span> <span class='ocrx_word' id='word_1_812' title='bbox 2767 4132 2896 4187; x_wconf 88' lang='lat' dir='ltr'><strong>Urb.</strong></span> <span class='ocrx_word' id='word_1_813' title='bbox 2931 4132 3212 4201; x_wconf 80' lang='lat' dir='ltr'><strong>ferie‘batur</strong></span> <span class='ocrx_word' id='word_1_814' title='bbox 3244 4145 3341 4201; x_wconf 91' lang='lat' dir='ltr'><strong>pro</strong></span> <span class='ocrx_word' id='word_1_815' title='bbox 3388 4130 3704 4184; x_wconf 85' lang='lat' dir='ltr'><strong>moriebatur.</strong></span> 
     </span>
    </p>
   </div>
   <div class='ocr_carea' id='block_1_88' title="bbox 2195 4201 2901 4276">
    <p class='ocr_par' dir='ltr' id='par_1_88' title="bbox 2195 4201 2901 4276">
     <span class='ocr_line' id='line_1_88' title="bbox 2195 4201 2901 4276; baseline 0.001 -20"><span class='ocrx_word' id='word_1_816' title='bbox 2195 4201 2312 4276; x_wconf 77' lang='grc'>(29)</span> <span class='ocrx_word' id='word_1_817' title='bbox 2344 4205 2441 4276; x_wconf 68' lang='lat' dir='ltr'><strong>Ms.</strong></span> <span class='ocrx_word' id='word_1_818' title='bbox 2478 4203 2605 4259; x_wconf 89' lang='lat' dir='ltr'><strong>Urb.</strong></span> <span class='ocrx_word' id='word_1_819' title='bbox 2634 4206 2901 4273; x_wconf 77' lang='lat' dir='ltr'><strong>nequisset.</strong></span> 
     </span>
    </p>
   </div>
   <div class='ocr_carea' id='block_1_89' title="bbox 2219 4270 3705 4346">
    <p class='ocr_par' dir='ltr' id='par_1_89' title="bbox 2219 4270 3705 4346">
     <span class='ocr_line' id='line_1_89' title="bbox 2219 4270 3705 4346; baseline -0.004 -18"><span class='ocrx_word' id='word_1_820' title='bbox 2219 4275 2311 4346; x_wconf 78' lang='grc'>50)</span> <span class='ocrx_word' id='word_1_821' title='bbox 2345 4275 2401 4329; x_wconf 85' lang='lat' dir='ltr'><strong>In</strong></span> <span class='ocrx_word' id='word_1_822' title='bbox 2428 4270 2761 4330; x_wconf 83' lang='lat' dir='ltr'><strong>Cnrreclione</strong></span> <span class='ocrx_word' id='word_1_823' title='bbox 2784 4274 3063 4345; x_wconf 85' lang='lat' dir='ltr'><strong>inarginali</strong></span> <span class='ocrx_word' id='word_1_824' title='bbox 3091 4288 3192 4328; x_wconf 90' lang='lat' dir='ltr'><strong>ms.</strong></span> <span class='ocrx_word' id='word_1_825' title='bbox 3225 4273 3418 4340; x_wconf 85' lang='lat' dir='ltr'><strong>Pomp.</strong></span> <span class='ocrx_word' id='word_1_826' title='bbox 3452 4270 3705 4346; x_wconf 66' lang='lat' dir='ltr'><strong>Ingratus.</strong></span> 
     </span>
    </p>
   </div>
   <div class='ocr_carea' id='block_1_90' title="bbox 2245 4342 3709 4419">
    <p class='ocr_par' dir='ltr' id='par_1_90' title="bbox 2245 4342 3709 4419">
     <span class='ocr_line' id='line_1_90' title="bbox 2245 4342 3709 4419; baseline -0.004 -18"><span class='ocrx_word' id='word_1_827' title='bbox 2245 4342 2399 4401; x_wconf 71' lang='lat' dir='ltr'><strong>utier.</strong></span> <span class='ocrx_word' id='word_1_828' title='bbox 2431 4347 2764 4419; x_wconf 72' lang='lat' dir='ltr'><strong>lV.—-(t)_ln</strong></span> <span class='ocrx_word' id='word_1_829' title='bbox 2793 4342 2923 4401; x_wconf 57' lang='lat' dir='ltr'><strong>edit:</strong></span> <span class='ocrx_word' id='word_1_830' title='bbox 2959 4346 3092 4419; x_wconf 85' lang='lat' dir='ltr'><strong>Ven.</strong></span> <span class='ocrx_word' id='word_1_831' title='bbox 3131 4346 3217 4399; x_wconf 91' lang='lat' dir='ltr'><strong>hic</strong></span> <span class='ocrx_word' id='word_1_832' title='bbox 3239 4342 3669 4419; x_wconf 31' lang='lat' dir='ltr'><strong>titulusulegitur</strong></span> <span class='ocrx_word' id='word_1_833' title='bbox 3698 4360 3709 4394; x_wconf 92' lang='lat'>:</span> 
     </span>
    </p>
   </div>
   <div class='ocr_carea' id='block_1_91' title="bbox 2128 4415 3709 4487">
    <p class='ocr_par' dir='ltr' id='par_1_91' title="bbox 2128 4415 3709 4487">
     <span class='ocr_line' id='line_1_91' title="bbox 2128 4415 3709 4487; baseline -0.003 -17"><span class='ocrx_word' id='word_1_834' title='bbox 2128 4417 2204 4471; x_wconf 90' lang='lat' dir='ltr'><strong>De</strong></span> <span class='ocrx_word' id='word_1_835' title='bbox 2233 4420 2492 4486; x_wconf 72' lang='lat' dir='ltr'><strong>pudicitia:</strong></span> <span class='ocrx_word' id='word_1_836' title='bbox 2516 4415 2755 4472; x_wconf 77' lang='lat' dir='ltr'><strong>laudibus</strong></span> <span class='ocrx_word' id='word_1_837' title='bbox 2783 4429 2836 4481; x_wconf 42' lang='lat' dir='ltr'><strong>et.</strong></span> <span class='ocrx_word' id='word_1_838' title='bbox 2860 4418 3186 4487; x_wconf 79' lang='lat' dir='ltr'><strong>impudicitia:</strong></span> <span class='ocrx_word' id='word_1_839' title='bbox 3213 4415 3495 4470; x_wconf 84' lang='lat' dir='ltr'><strong>detestabili</strong></span> <span class='ocrx_word' id='word_1_840' title='bbox 3525 4419 3709 4485; x_wconf 73' lang='lat' dir='ltr'><strong>[rut-tu.</strong></span> 
     </span>
    </p>
   </div>
   <div class='ocr_carea' id='block_1_92' title="bbox 2126 4487 3713 4570">
    <p class='ocr_par' dir='ltr' id='par_1_92' title="bbox 2126 4487 3713 4570">
     <span class='ocr_line' id='line_1_92' title="bbox 2126 4487 3713 4570; baseline -0.001 -28"><span class='ocrx_word' id='word_1_841' title='bbox 2126 4488 2664 4570; x_wconf 56' lang='lat' dir='ltr'><strong>Nosiuseriptionem</strong></span> <span class='ocrx_word' id='word_1_842' title='bbox 2698 4490 2939 4545; x_wconf 88' lang='lat' dir='ltr'><strong>codicum</strong></span> <span class='ocrx_word' id='word_1_843' title='bbox 2970 4499 3022 4542; x_wconf 87' lang='lat' dir='ltr'><strong>et</strong></span> <span class='ocrx_word' id='word_1_844' title='bbox 3052 4489 3277 4542; x_wconf 89' lang='lat' dir='ltr'><strong>aliarum</strong></span> <span class='ocrx_word' id='word_1_845' title='bbox 3309 4487 3606 4543; x_wconf 85' lang='lat' dir='ltr'><strong>editionum</strong></span> <span class='ocrx_word' id='word_1_846' title='bbox 3637 4502 3713 4540; x_wconf 83' lang='lat' dir='ltr'><strong>rc-</strong></span> 
     </span>
    </p>
   </div>
   <div class='ocr_carea' id='block_1_93' title="bbox 2131 4563 2408 4614">
    <p class='ocr_par' dir='ltr' id='par_1_93' title="bbox 2131 4563 2408 4614">
     <span class='ocr_line' id='line_1_93' title="bbox 2131 4563 2408 4614; baseline 0.007 -2"><span class='ocrx_word' id='word_1_847' title='bbox 2131 4563 2408 4614; x_wconf 85' lang='lat' dir='ltr'><strong>tinuitntts.</strong></span> 
     </span>
    </p>
   </div>
   <div class='ocr_carea' id='block_1_94' title="bbox 2203 4631 3546 4702">
    <p class='ocr_par' dir='ltr' id='par_1_94' title="bbox 2203 4631 3546 4702">
     <span class='ocr_line' id='line_1_94' title="bbox 2203 4631 3546 4702; baseline 0 -19"><span class='ocrx_word' id='word_1_848' title='bbox 2203 4631 2279 4700; x_wconf 87' lang='grc'><strong>(2)</strong></span> <span class='ocrx_word' id='word_1_849' title='bbox 2317 4631 2454 4684; x_wconf 84' lang='lat' dir='ltr'><strong>Editi</strong></span> <span class='ocrx_word' id='word_1_850' title='bbox 2481 4631 2678 4685; x_wconf 88' lang='lat' dir='ltr'><strong>habent</strong></span> <span class='ocrx_word' id='word_1_851' title='bbox 2705 4633 2990 4702; x_wconf 83' lang='lat' dir='ltr'><strong>cognoscit;</strong></span> <span class='ocrx_word' id='word_1_852' title='bbox 3017 4641 3089 4684; x_wconf 88' lang='lat' dir='ltr'><strong>est</strong></span> <span class='ocrx_word' id='word_1_853' title='bbox 3109 4632 3262 4686; x_wconf 87' lang='lat' dir='ltr'><strong>enim.</strong></span> <span class='ocrx_word' id='word_1_854' title='bbox 3318 4701 3324 4702; x_wconf 14' lang='grc' dir='ltr'><em>γ</em></span> <span class='ocrx_word' id='word_1_855' title='bbox 3543 4695 3546 4698; x_wconf 12' lang='grc' dir='ltr'>ξ</span> 
     </span>
    </p>
   </div>
   <div class='ocr_carea' id='block_1_95' title="bbox 2206 4701 3716 4772">
    <p class='ocr_par' dir='ltr' id='par_1_95' title="bbox 2206 4701 3716 4772">
     <span class='ocr_line' id='line_1_95' title="bbox 2206 4701 3716 4772; baseline -0.004 -16"><span class='ocrx_word' id='word_1_856' title='bbox 2206 4704 2286 4772; x_wconf 75' lang='grc' dir='ltr'><strong>(ὅ)</strong></span> <span class='ocrx_word' id='word_1_857' title='bbox 2338 4702 2611 4756; x_wconf 68' lang='lat' dir='ltr'><strong>Pudicitiae</strong></span> <span class='ocrx_word' id='word_1_858' title='bbox 2659 4701 2862 4765; x_wconf 86' lang='lat' dir='ltr'><strong>hostes,</strong></span> <span class='ocrx_word' id='word_1_859' title='bbox 2913 4704 3000 4771; x_wconf 90' lang='lat' dir='ltr'><strong>qui</strong></span> <span class='ocrx_word' id='word_1_860' title='bbox 3050 4704 3135 4756; x_wconf 90' lang='lat' dir='ltr'><strong>hic</strong></span> <span class='ocrx_word' id='word_1_861' title='bbox 3175 4701 3556 4768; x_wconf 76' lang='lat' dir='ltr'><strong>appellantur,</strong></span> <span class='ocrx_word' id='word_1_862' title='bbox 3601 4708 3716 4754; x_wconf 91' lang='lat' dir='ltr'><strong>sunt</strong></span> 
     </span>
    </p>
   </div>
   <div class='ocr_carea' id='block_1_96' title="bbox 2139 4773 3715 4846">
    <p class='ocr_par' dir='ltr' id='par_1_96' title="bbox 2139 4773 3715 4846">
     <span class='ocr_line' id='line_1_96' title="bbox 2139 4773 3715 4846; baseline -0.003 -19"><span class='ocrx_word' id='word_1_863' title='bbox 2139 4776 2403 4844; x_wconf 67' lang='lat' dir='ltr'><strong>praecipuo</strong></span> <span class='ocrx_word' id='word_1_864' title='bbox 2430 4783 2616 4846; x_wconf 88' lang='lat' dir='ltr'><strong>gentes</strong></span> <span class='ocrx_word' id='word_1_865' title='bbox 2641 4815 2662 4846; x_wconf 48' lang='grc' dir='ltr'>ι</span> <span class='ocrx_word' id='word_1_866' title='bbox 2688 4790 2805 4842; x_wconf 68' lang='lat' dir='ltr'><strong>qum</strong></span> <span class='ocrx_word' id='word_1_867' title='bbox 2831 4786 2883 4827; x_wconf 86' lang='lat' dir='ltr'><strong>et</strong></span> <span class='ocrx_word' id='word_1_868' title='bbox 2909 4775 3046 4846; x_wconf 84' lang='lat' dir='ltr'><strong>turpi</strong></span> <span class='ocrx_word' id='word_1_869' title='bbox 3078 4774 3471 4842; x_wconf 88' lang='lat' dir='ltr'><strong>impudicorum</strong></span> <span class='ocrx_word' id='word_1_870' title='bbox 3502 4773 3715 4827; x_wconf 90' lang='lat' dir='ltr'><strong>deorum</strong></span> 
     </span>
    </p>
   </div>
   <div class='ocr_carea' id='block_1_97' title="bbox 2137 4845 3720 4914">
    <p class='ocr_par' dir='ltr' id='par_1_97' title="bbox 2137 4845 3720 4914">
     <span class='ocr_line' id='line_1_97' title="bbox 2137 4845 3720 4914; baseline -0.003 -16"><span class='ocrx_word' id='word_1_871' title='bbox 2137 4847 2467 4914; x_wconf 90' lang='lat' dir='ltr'><strong>dearumque</strong></span> <span class='ocrx_word' id='word_1_872' title='bbox 2499 4845 2724 4898; x_wconf 53' lang='lat' dir='ltr'><strong>eultu&#39;ct</strong></span> <span class='ocrx_word' id='word_1_873' title='bbox 2755 4845 3076 4914; x_wconf 78' lang='lat' dir='ltr'><strong>SpeCIaculis</strong></span> <span class='ocrx_word' id='word_1_874' title='bbox 3105 4846 3231 4899; x_wconf 87' lang='lat' dir='ltr'><strong>item</strong></span> <span class='ocrx_word' id='word_1_875' title='bbox 3260 4846 3510 4909; x_wconf 83' lang='lat' dir='ltr'><strong>turpibus</strong></span> <span class='ocrx_word' id='word_1_876' title='bbox 3535 4861 3562 4894; x_wconf 74' lang='grc' dir='ltr'><strong>ιι</strong></span> <span class='ocrx_word' id='word_1_877' title='bbox 3606 4857 3720 4914; x_wconf 82' lang='lat' dir='ltr'><strong>nos-</strong></span> 
     </span>
    </p>
   </div>
   <div class='ocr_carea' id='block_1_98' title="bbox 2141 4913 3722 4985">
    <p class='ocr_par' dir='ltr' id='par_1_98' title="bbox 2141 4913 3722 4985">
     <span class='ocr_line' id='line_1_98' title="bbox 2141 4913 3722 4985; baseline -0.003 -15"><span class='ocrx_word' id='word_1_878' title='bbox 2141 4930 2224 4970; x_wconf 89' lang='lat' dir='ltr'><strong>tro</strong></span> <span class='ocrx_word' id='word_1_879' title='bbox 2265 4913 2498 4970; x_wconf 80' lang='lat' dir='ltr'><strong>Auctore</strong></span> <span class='ocrx_word' id='word_1_880' title='bbox 2539 4917 2763 4970; x_wconf 83' lang='lat' dir='ltr'><strong>subinde</strong></span> <span class='ocrx_word' id='word_1_881' title='bbox 2790 4913 2995 4970; x_wconf 81' lang='lat' dir='ltr'><strong>notatis</strong></span> <span class='ocrx_word' id='word_1_882' title='bbox 3029 4925 3274 4985; x_wconf 83' lang='lat' dir='ltr'><strong>apertum</strong></span> <span class='ocrx_word' id='word_1_883' title='bbox 3321 4916 3589 4982; x_wconf 71' lang='lat' dir='ltr'><strong>pudicitiae</strong></span> <span class='ocrx_word' id='word_1_884' title='bbox 3621 4913 3722 4985; x_wconf 73' lang='lat' dir='ltr'><strong>bel-</strong></span> 
     </span>
    </p>
   </div>
   <div class='ocr_carea' id='block_1_99' title="bbox 2143 4983 3723 5056">
    <p class='ocr_par' dir='ltr' id='par_1_99' title="bbox 2143 4983 3723 5056">
     <span class='ocr_line' id='line_1_99' title="bbox 2143 4983 3723 5056; baseline -0.003 -16"><span class='ocrx_word' id='word_1_885' title='bbox 2143 4988 2251 5040; x_wconf 90' lang='lat' dir='ltr'><strong>lum</strong></span> <span class='ocrx_word' id='word_1_886' title='bbox 2292 4989 2584 5042; x_wconf 87' lang='lat' dir='ltr'><strong>intulerunt</strong></span> <span class='ocrx_word' id='word_1_887' title='bbox 2620 5005 2631 5038; x_wconf 89' lang='lat'><strong>:</strong></span> <span class='ocrx_word' id='word_1_888' title='bbox 2663 4999 2718 5040; x_wconf 90' lang='grc' dir='ltr'><strong>ιιι</strong></span> <span class='ocrx_word' id='word_1_889' title='bbox 2755 4983 3078 5041; x_wconf 72' lang='lat' dir='ltr'><strong>omittamus</strong></span> <span class='ocrx_word' id='word_1_890' title='bbox 3100 4989 3269 5056; x_wconf 84' lang='lat' dir='ltr'><strong>legem</strong></span> <span class='ocrx_word' id='word_1_891' title='bbox 3312 4987 3509 5041; x_wconf 80' lang='lat' dir='ltr'><strong>Juliain</strong></span> <span class='ocrx_word' id='word_1_892' title='bbox 3539 4995 3597 5040; x_wconf 85' lang='lat' dir='ltr'><strong>et</strong></span> <span class='ocrx_word' id='word_1_893' title='bbox 3631 4983 3723 5038; x_wconf 87' lang='lat' dir='ltr'><strong>Pa-</strong></span> 
     </span>
    </p>
   </div>
   <div class='ocr_carea' id='block_1_100' title="bbox 2143 5058 3723 5130">
    <p class='ocr_par' dir='ltr' id='par_1_100' title="bbox 2143 5058 3723 5130">
     <span class='ocr_line' id='line_1_100' title="bbox 2143 5058 3723 5130; baseline 0 -20"><span class='ocrx_word' id='word_1_894' title='bbox 2143 5060 2316 5130; x_wconf 89' lang='lat' dir='ltr'><strong>piam.</strong></span> <span class='ocrx_word' id='word_1_895' title='bbox 2357 5075 2473 5127; x_wconf 74' lang='lat' dir='ltr'><strong>qum</strong></span> <span class='ocrx_word' id='word_1_896' title='bbox 2502 5058 2758 5112; x_wconf 77' lang='lat' dir='ltr'><strong>adversus</strong></span> <span class='ocrx_word' id='word_1_897' title='bbox 2789 5059 3094 5114; x_wconf 58' lang='lat' dir='ltr'><strong>caelibatum</strong></span> <span class='ocrx_word' id='word_1_898' title='bbox 3123 5069 3178 5130; x_wconf 81' lang='lat' dir='ltr'><strong>et</strong></span> <span class='ocrx_word' id='word_1_899' title='bbox 3205 5058 3521 5113; x_wconf 81' lang='lat' dir='ltr'><strong>viduitatem</strong></span> <span class='ocrx_word' id='word_1_900' title='bbox 3554 5071 3723 5130; x_wconf 14' lang='lat' dir='ltr'><strong>,_7qunv</strong></span> 
     </span>
    </p>
   </div>
   <div class='ocr_carea' id='block_1_101' title="bbox 2145 5128 3724 5199">
    <p class='ocr_par' dir='ltr' id='par_1_101' title="bbox 2145 5128 3724 5199">
     <span class='ocr_line' id='line_1_101' title="bbox 2145 5128 3724 5199; baseline -0.001 -17"><span class='ocrx_word' id='word_1_901' title='bbox 2145 5128 2371 5198; x_wconf 72' lang='lat' dir='ltr'><strong>cumque</strong></span> <span class='ocrx_word' id='word_1_902' title='bbox 2405 5132 2527 5184; x_wconf 86' lang='lat' dir='ltr'><strong>licet</strong></span> <span class='ocrx_word' id='word_1_903' title='bbox 2568 5133 2680 5183; x_wconf 90' lang='lat' dir='ltr'><strong>sive</strong></span> <span class='ocrx_word' id='word_1_904' title='bbox 2721 5131 2895 5184; x_wconf 80' lang='lat' dir='ltr'><strong>aerarii</strong></span> <span class='ocrx_word' id='word_1_905' title='bbox 2946 5129 3169 5199; x_wconf 87' lang='lat' dir='ltr'><strong>augendi</strong></span> <span class='ocrx_word' id='word_1_906' title='bbox 3199 5171 3213 5194; x_wconf 94' lang='lat'><strong>,</strong></span> <span class='ocrx_word' id='word_1_907' title='bbox 3245 5130 3359 5184; x_wconf 90' lang='lat' dir='ltr'><strong>sive</strong></span> <span class='ocrx_word' id='word_1_908' title='bbox 3391 5128 3724 5199; x_wconf 76' lang='lat' dir='ltr'><strong>fecunditatis</strong></span> 
     </span>
    </p>
   </div>
   <div class='ocr_carea' id='block_1_102' title="bbox 2149 5197 3724 5268">
    <p class='ocr_par' dir='ltr' id='par_1_102' title="bbox 2149 5197 3724 5268">
     <span class='ocr_line' id='line_1_102' title="bbox 2149 5197 3724 5268; baseline -0.003 -14"><span class='ocrx_word' id='word_1_909' title='bbox 2149 5197 2524 5268; x_wconf 72' lang='lat' dir='ltr'><strong>promovendze</strong></span> <span class='ocrx_word' id='word_1_910' title='bbox 2554 5201 2781 5254; x_wconf 85' lang='lat' dir='ltr'><strong>eousilio</strong></span> <span class='ocrx_word' id='word_1_911' title='bbox 2806 5202 2908 5253; x_wconf 90' lang='lat' dir='ltr'><strong>lata</strong></span> <span class='ocrx_word' id='word_1_912' title='bbox 2929 5242 2942 5262; x_wconf 89' lang='lat'><strong>,</strong></span> <span class='ocrx_word' id='word_1_913' title='bbox 2987 5197 3043 5254; x_wconf 83' lang='lat' dir='ltr'><strong>re</strong></span> <span class='ocrx_word' id='word_1_914' title='bbox 3074 5211 3247 5254; x_wconf 88' lang='lat' dir='ltr'><strong>tamen</strong></span> <span class='ocrx_word' id='word_1_915' title='bbox 3282 5200 3397 5268; x_wconf 86' lang='lat' dir='ltr'><strong>ipsa</strong></span> <span class='ocrx_word' id='word_1_916' title='bbox 3449 5199 3558 5255; x_wconf 90' lang='lat' dir='ltr'><strong>duo</strong></span> <span class='ocrx_word' id='word_1_917' title='bbox 3585 5197 3724 5266; x_wconf 88' lang='lat' dir='ltr'><strong>pndi-</strong></span> 
     </span>
    </p>
   </div>
   <div class='ocr_carea' id='block_1_103' title="bbox 2150 5337 3725 5406">
    <p class='ocr_par' dir='ltr' id='par_1_103' title="bbox 2150 5337 3725 5406">
     <span class='ocr_line' id='line_1_103' title="bbox 2150 5337 3725 5406; baseline -0.003 -11"><span class='ocrx_word' id='word_1_918' title='bbox 2150 5344 2299 5396; x_wconf 88' lang='lat' dir='ltr'><strong>ciens</strong></span> <span class='ocrx_word' id='word_1_919' title='bbox 2320 5337 2391 5398; x_wconf 63' lang='grc'><strong>⁷5.</strong></span> <span class='ocrx_word' id='word_1_920' title='bbox 2440 5337 2758 5396; x_wconf 85' lang='lat' dir='ltr'><strong>Ambrosius</strong></span> <span class='ocrx_word' id='word_1_921' title='bbox 2805 5345 2856 5396; x_wconf 91' lang='lat' dir='ltr'><strong>in</strong></span> <span class='ocrx_word' id='word_1_922' title='bbox 2900 5341 3036 5396; x_wconf 87' lang='lat' dir='ltr'><strong>libro</strong></span> <span class='ocrx_word' id='word_1_923' title='bbox 3075 5342 3138 5394; x_wconf 87' lang='lat' dir='ltr'><strong>de</strong></span> <span class='ocrx_word' id='word_1_924' title='bbox 3178 5337 3598 5406; x_wconf 52' lang='lat' dir='ltr'><strong>Viduitate&#39;cap.</strong></span> <span class='ocrx_word' id='word_1_925' title='bbox 3643 5337 3725 5398; x_wconf 74' lang='grc' dir='ltr'><strong>Η,</strong></span> 
     </span>
    </p>
   </div>
   <div class='ocr_carea' id='block_1_104' title="bbox 2154 5553 3727 5626">
    <p class='ocr_par' dir='ltr' id='par_1_104' title="bbox 2154 5553 3727 5626">
     <span class='ocr_line' id='line_1_104' title="bbox 2154 5553 3727 5626; baseline -0.005 -16"><span class='ocrx_word' id='word_1_926' title='bbox 2154 5574 2346 5626; x_wconf 66' lang='lat' dir='ltr'><strong>paruos,</strong></span> <span class='ocrx_word' id='word_1_927' title='bbox 2372 5569 2426 5608; x_wconf 88' lang='lat' dir='ltr'><strong>ut</strong></span> <span class='ocrx_word' id='word_1_928' title='bbox 2452 5558 2624 5610; x_wconf 65' lang='lat' dir='ltr'><strong>(cuitali</strong></span> <span class='ocrx_word' id='word_1_929' title='bbox 2649 5557 2937 5620; x_wconf 86' lang='lat' dir='ltr'><strong>criminum,</strong></span> <span class='ocrx_word' id='word_1_930' title='bbox 2971 5559 3241 5608; x_wconf 80' lang='lat' dir='ltr'><strong>multarent</strong></span> <span class='ocrx_word' id='word_1_931' title='bbox 3269 5553 3448 5606; x_wconf 89' lang='lat' dir='ltr'><strong>studia</strong></span> <span class='ocrx_word' id='word_1_932' title='bbox 3471 5555 3727 5626; x_wconf 60' lang='lat' dir='ltr'><strong>uirtutum,</strong></span> 
     </span>
    </p>
   </div>
   <div class='ocr_carea' id='block_1_105' title="bbox 2155 5622 3729 5698">
    <p class='ocr_par' dir='ltr' id='par_1_105' title="bbox 2155 5622 3729 5698">
     <span class='ocr_line' id='line_1_105' title="bbox 2155 5622 3729 5698; baseline -0.003 -18"><span class='ocrx_word' id='word_1_933' title='bbox 2155 5622 2318 5698; x_wconf 81' lang='lat' dir='ltr'><strong>specie</strong></span> <span class='ocrx_word' id='word_1_934' title='bbox 2344 5627 2567 5698; x_wconf 82' lang='lat' dir='ltr'><strong>quidem,</strong></span> <span class='ocrx_word' id='word_1_935' title='bbox 2593 5645 2690 5697; x_wconf 86' lang='lat' dir='ltr'><strong>qua</strong></span> <span class='ocrx_word' id='word_1_936' title='bbox 2715 5627 3079 5697; x_wconf 77' lang='lat' dir='ltr'><strong>fecunditatem</strong></span> <span class='ocrx_word' id='word_1_937' title='bbox 3105 5622 3729 5698; x_wconf 54' lang='lat' dir='ltr'><strong>quazrerent,sed_stttdio,</strong></span> 
     </span>
    </p>
   </div>
   <div class='ocr_carea' id='block_1_106' title="bbox 2149 5271 3728 5341">
    <p class='ocr_par' dir='ltr' id='par_1_106' title="bbox 2149 5271 3728 5341">
     <span class='ocr_line' id='line_1_106' title="bbox 2149 5271 3728 5341; baseline -0.003 -16"><span class='ocrx_word' id='word_1_938' title='bbox 2149 5273 2289 5325; x_wconf 72' lang='lat' dir='ltr'><strong>citia:</strong></span> <span class='ocrx_word' id='word_1_939' title='bbox 2319 5271 2595 5341; x_wconf 74' lang='lat' dir='ltr'><strong>potissima</strong></span> <span class='ocrx_word' id='word_1_940' title='bbox 2624 5275 2796 5339; x_wconf 89' lang='lat' dir='ltr'><strong>capita</strong></span> <span class='ocrx_word' id='word_1_941' title='bbox 2827 5271 3141 5325; x_wconf 87' lang='lat' dir='ltr'><strong>abscindere</strong></span> <span class='ocrx_word' id='word_1_942' title='bbox 3169 5272 3405 5335; x_wconf 76' lang='lat' dir='ltr'><strong>studuit;</strong></span> <span class='ocrx_word' id='word_1_943' title='bbox 3437 5286 3548 5340; x_wconf 92' lang='lat' dir='ltr'><strong>quo</strong></span> <span class='ocrx_word' id='word_1_944' title='bbox 3575 5271 3728 5341; x_wconf 48' lang='lat' dir='ltr'><strong>restri-</strong></span> 
     </span>
    </p>
   </div>
   <div class='ocr_carea' id='block_1_107' title="bbox 2153 5410 3728 5484">
    <p class='ocr_par' dir='ltr' id='par_1_107' title="bbox 2153 5410 3728 5484">
     <span class='ocr_line' id='line_1_107' title="bbox 2153 5410 3728 5484; baseline -0.004 -17"><span class='ocrx_word' id='word_1_945' title='bbox 2153 5430 2301 5468; x_wconf 90' lang='lat' dir='ltr'><strong>nnm.</strong></span> <span class='ocrx_word' id='word_1_946' title='bbox 2332 5418 2399 5467; x_wconf 67' lang='lat'><strong>84</strong></span> <span class='ocrx_word' id='word_1_947' title='bbox 2434 5432 2446 5467; x_wconf 91' lang='lat'><strong>:</strong></span> <span class='ocrx_word' id='word_1_948' title='bbox 2475 5413 2564 5467; x_wconf 80' lang='lat' dir='ltr'><strong>Illi</strong></span> <span class='ocrx_word' id='word_1_949' title='bbox 2594 5456 2607 5478; x_wconf 95' lang='lat'><strong>,</strong></span> <span class='ocrx_word' id='word_1_950' title='bbox 2638 5414 2841 5479; x_wconf 87' lang='lat' dir='ltr'><strong>inquit,</strong></span> <span class='ocrx_word' id='word_1_951' title='bbox 2872 5416 2957 5484; x_wconf 88' lang='lat' dir='ltr'><strong>qui</strong></span> <span class='ocrx_word' id='word_1_952' title='bbox 2987 5412 3197 5466; x_wconf 86' lang='lat' dir='ltr'><strong>deorum</strong></span> <span class='ocrx_word' id='word_1_953' title='bbox 3233 5429 3444 5484; x_wconf 84' lang='lat' dir='ltr'><strong>suorum</strong></span> <span class='ocrx_word' id='word_1_954' title='bbox 3479 5410 3728 5465; x_wconf 83' lang='lat' dir='ltr'><strong>adulteria</strong></span> 
     </span>
    </p>
   </div>
   <div class='ocr_carea' id='block_1_108' title="bbox 2153 5482 3731 5552">
    <p class='ocr_par' dir='ltr' id='par_1_108' title="bbox 2153 5482 3731 5552">
     <span class='ocr_line' id='line_1_108' title="bbox 2153 5482 3731 5552; baseline -0.003 -15"><span class='ocrx_word' id='word_1_955' title='bbox 2153 5497 2198 5537; x_wconf 89' lang='lat' dir='ltr'><strong>et</strong></span> <span class='ocrx_word' id='word_1_956' title='bbox 2235 5487 2421 5552; x_wconf 87' lang='lat' dir='ltr'><strong>probra</strong></span> <span class='ocrx_word' id='word_1_957' title='bbox 2456 5499 2760 5539; x_wconf 74' lang='lat' dir='ltr'><strong>venerantur</strong></span> <span class='ocrx_word' id='word_1_958' title='bbox 2784 5526 2799 5549; x_wconf 93' lang='lat'><strong>,</strong></span> <span class='ocrx_word' id='word_1_959' title='bbox 2827 5482 3103 5538; x_wconf 69' lang='lat' dir='ltr'><strong>aulibntu&#39;s</strong></span> <span class='ocrx_word' id='word_1_960' title='bbox 3142 5495 3187 5536; x_wconf 88' lang='lat' dir='ltr'><strong>et</strong></span> <span class='ocrx_word' id='word_1_961' title='bbox 3232 5482 3495 5536; x_wconf 80' lang='lat' dir='ltr'><strong>uiduitatis</strong></span> <span class='ocrx_word' id='word_1_962' title='bbox 3524 5491 3731 5536; x_wconf 81' lang='lat' dir='ltr'><strong>statuere</strong></span> 
     </span>
    </p>
   </div>
   <div class='ocr_carea' id='block_1_109' title="bbox 2157 5693 3733 5769">
    <p class='ocr_par' dir='ltr' id='par_1_109' title="bbox 2157 5693 3733 5769">
     <span class='ocr_line' id='line_1_109' title="bbox 2157 5693 3733 5769; baseline -0.004 -18"><span class='ocrx_word' id='word_1_963' title='bbox 2157 5693 2254 5766; x_wconf 82' lang='lat' dir='ltr'><strong>quo</strong></span> <span class='ocrx_word' id='word_1_964' title='bbox 2287 5693 2620 5769; x_wconf 27' lang='lat' dir='ltr'><strong>propositum.</strong></span> <span class='ocrx_word' id='word_1_965' title='bbox 2640 5693 2888 5752; x_wconf 80' lang='lat' dir='ltr'><strong>castitatis</strong></span> <span class='ocrx_word' id='word_1_966' title='bbox 2927 5693 3204 5750; x_wconf 85' lang='lat' dir='ltr'><strong>abolerent.</strong></span> <span class='ocrx_word' id='word_1_967' title='bbox 3229 5695 3446 5761; x_wconf 81' lang='lat' dir='ltr'><strong>Quanto</strong></span> <span class='ocrx_word' id='word_1_968' title='bbox 3468 5693 3733 5769; x_wconf 69' lang='lat' dir='ltr'><strong>nihilomi-</strong></span> 
     </span>
    </p>
   </div>
   <div class='ocr_carea' id='block_1_110' title="bbox 2157 5766 3731 5839">
    <p class='ocr_par' dir='ltr' id='par_1_110' title="bbox 2157 5766 3731 5839">
     <span class='ocr_line' id='line_1_110' title="bbox 2157 5766 3731 5839; baseline -0.005 -15"><span class='ocrx_word' id='word_1_969' title='bbox 2157 5786 2257 5824; x_wconf 90' lang='lat' dir='ltr'><strong>nus</strong></span> <span class='ocrx_word' id='word_1_970' title='bbox 2280 5766 2331 5825; x_wconf 87' lang='lat' dir='ltr'><strong>in</strong></span> <span class='ocrx_word' id='word_1_971' title='bbox 2362 5774 2565 5825; x_wconf 86' lang='lat' dir='ltr'><strong>honore</strong></span> <span class='ocrx_word' id='word_1_972' title='bbox 2587 5771 2727 5839; x_wconf 87' lang='lat' dir='ltr'><strong>apud</strong></span> <span class='ocrx_word' id='word_1_973' title='bbox 2757 5771 2904 5837; x_wconf 88' lang='lat' dir='ltr'><strong>ipsos</strong></span> <span class='ocrx_word' id='word_1_974' title='bbox 2928 5769 3175 5823; x_wconf 87' lang='lat' dir='ltr'><strong>ethnicos</strong></span> <span class='ocrx_word' id='word_1_975' title='bbox 3199 5774 3348 5823; x_wconf 84' lang='lat' dir='ltr'><strong>esset</strong></span> <span class='ocrx_word' id='word_1_976' title='bbox 3375 5766 3652 5835; x_wconf 83' lang='lat' dir='ltr'><strong>pudicitia,</strong></span> <span class='ocrx_word' id='word_1_977' title='bbox 3673 5775 3731 5818; x_wconf 78' lang='lat' dir='ltr'><strong>ex</strong></span> 
     </span>
    </p>
   </div>
   <div class='ocr_carea' id='block_1_111' title="bbox 3757 1590 3773 2307">
    <p class='ocr_par' dir='ltr' id='par_1_111' title="bbox 3757 1590 3773 2307">
     <span class='ocr_line' id='line_1_111' title="bbox 3757 1590 3759 1680; baseline 0 -7"><span class='ocrx_word' id='word_1_978' title='bbox 3757 1590 3759 1680; x_wconf 61' lang='grc' dir='ltr'><strong>ι</strong></span> 
     </span>
     <span class='ocr_line' id='line_1_112' title="bbox 3759 1690 3761 1770; baseline 0 0"><span class='ocrx_word' id='word_1_979' title='bbox 3759 1690 3761 1770; x_wconf 79' lang='lat' dir='ltr'><strong>l</strong></span> 
     </span>
     <span class='ocr_line' id='line_1_113' title="bbox 3761 1788 3763 1884; baseline 0 -4"><span class='ocrx_word' id='word_1_980' title='bbox 3761 1788 3763 1884; x_wconf 66' lang='grc' dir='ltr'><strong>ι</strong></span> 
     </span>
     <span class='ocr_line' id='line_1_114' title="bbox 3763 1888 3765 1978; baseline 0 -5"><span class='ocrx_word' id='word_1_981' title='bbox 3763 1888 3765 1978; x_wconf 79' lang='lat' dir='ltr'><strong>l</strong></span> 
     </span>
     <span class='ocr_line' id='line_1_115' title="bbox 3765 1988 3767 2054; baseline 0 0"><span class='ocrx_word' id='word_1_982' title='bbox 3765 1988 3767 2054; x_wconf 82' lang='lat' dir='ltr'><strong>l</strong></span> 
     </span>
     <span class='ocr_line' id='line_1_116' title="bbox 3767 2086 3769 2178; baseline 0 0"><span class='ocrx_word' id='word_1_983' title='bbox 3767 2086 3769 2178; x_wconf 66' lang='grc' dir='ltr'><strong>ι</strong></span> 
     </span>
     <span class='ocr_line' id='line_1_117' title="bbox 3767 2186 3773 2307; baseline 0 0"><span class='ocrx_word' id='word_1_984' title='bbox 3767 2186 3773 2307; x_wconf 66' lang='grc' dir='ltr'><strong>4Ι</strong></span> 
     </span>
    </p>
   </div>
  </div>
