3820 6220
420 250 528 307 295

1778 254 2022 313 SANCTI
2060 257 2348 315 ZENONIS
2437 223 2454 287 ί

3593 266 3690 321 296

399 364 744 441 'erubescere
762 362 948 420 alienis
964 361 1064 418 sub
1093 360 1366 417 coloribus
1396 364 1592 430 nescit,
1625 366 1740 440 (26)
1773 383 1877 424 non
1909 369 2008 423 do-
2038 382 2090 440 Α
2117 373 2213 428 bus
2241 370 2562 428 denudatam
2591 368 2725 444 (29)‘
2750 370 3007 426 convexis
3035 373 3284 429 manibus
3310 389 3374 432 se
3404 384 3578 447 legere
3607 395 3693 432 co-

421 458 680 524 mesticis,
705 472 808 512 non
828 456 1096 518 affinibus,
1118 469 1222 508 non
1243 455 1452 510 maritis
1470 467 1616 524 nota,
1638 475 1743 515 non
1766 461 1866 514 sibi
1887 463 2008 529 quia

421 566 528 604 non
553 559 727 618 potest
755 563 874 606 esse
902 557 1106 612 notum,
1141 563 1242 604 nec
1274 566 1482 619 verum,
1515 554 1658 623 quod
1687 563 1770 609 est
1796 569 2011 625 semper

419 649 645 697 certum.
687 639 951 695 Praeterea
981 655 1266 711 numquam
1292 641 1467 714 diligit
1507 646 1693 715 Deum,
1723 663 1880 717 quem
1913 647 2015 701 scit

418 731 669 794 oneribus
698 730 808 784 suis
837 720 957 785 esse
985 734 1338 788 contrarium.
1366 735 1570 791 Diaboli
1599 745 1682 794 est
1706 737 1838 793 sane
1862 753 2010 793 man-

417 822 641 892 cipium,
670 819 783 890 ejus
825 821 968 875 enim
1018 822 1259 892 possidet
1287 841 1550 895 regnum;
1585 832 1707 882 nam
1735 828 1848 898 (27)
1880 828 2012 883 deos

416 918 527 988 ipsa
557 917 775 988 genuit,
822 917 938 988 ipsa
969 920 1150 975 intulit
1179 924 1414 992 mundo,
1448 940 1542 995 per
1595 941 1764 996 quos,
1819 932 1912 981 aut
1954 927 2007 981 in

414 1012 609 1082 quibus
647 1011 892 1080 diabolus
934 1015 1165 1082 colitur,
1209 1035 1436 1089 quorum
1495 1020 1546 1074 in
1598 1021 1806 1077 actibus
1858 1021 2009 1092 origo

414 1115 764 1160 monsuatur.
784 1105 903 1175 ipsa
935 1107 1122 1164 Jovem
1154 1111 1668 1178 innumerabilibus,
1700 1115 1863 1168 variis
1894 1131 2007 1168 ma-

412 1200 635 1268 gnisque
681 1201 1001 1280 criminibus
1055 1206 1342 1259 maximum
1393 1204 1537 1275 fecit.
1591 1205 1706 1280 46
1736 1204 1853 1274 Ipsa
1888 1205 2038 1278 (28).

413 1291 699 1348 Herculem
731 1335 745 1357 ,
800 1278 1030 1351 noverca
1061 1296 1326 1364 deterior,
1363 1299 1416 1353 in
1467 1278 1745 1370 Omphali's
1784 1291 2009 1357 libidine

413 1385 642 1454 turpiter
689 1386 861 1455 vicit,
929 1403 1088 1459 quem
1135 1390 1391 1446 terribilis
1438 1393 1592 1447 turba
1643 1403 2006 1450 monstrorum

410 1491 672 1548 superare
709 1494 814 1535 non
863 1481 1204 1581 potuit..tpsa
1237 1480 1502 1562 Yenerem
1545 1485 1802 1541 membris
1831 1487 2008 1541 omni-

411 1620 681 1690 sequioris
701 1620 798 1676 aevi
820 1621 1127 1677 auctoribus
1152 1620 1472 1693 frequentia.
1511 1621 1618 1678 Mss
1640 1621 1762 1677 Tol.
1785 1631 1838 1679 et
1865 1621 1999 1678 Zeti.

412 1700 620 1754 temptat
650 1707 748 1759 pro
781 1701 959 1756 tentet.
1188 1715 1198 1758 χ
1713 1741 1715 1743 ,

483 1761 597 1833 (26)
618 1763 861 1834 Quinque
876 1779 1004 1818 mss.
1035 1781 1134 1818 non
1158 1761 1442 1818 domesticis
1462 1763 1746 1832 aﬂ'ectibus,
1765 1781 1871 1819 non
1897 1781 2006 1819 ma-

410 1833 541 1908 ritis.
593 1833 788 1888 Totam
837 1851 996 1908 porro
1045 1835 1182 1889 hanc
1229 1837 1646 1905 desdriptionem
1697 1836 1928 1908 Zenonis
1959 1837 2002 1890 si

411 1904 470 1960 8.
499 1906 830 1977 Augustinus
862 1905 1098 1977 legisset,
1128 1922 1247 1961 eam
1276 1904 1516 1972 profecto
1555 1908 1646 1961 lib.
1683 1906 1740 1961 tv
1760 1905 1824 1960 de
1857 1905 2003 1961 Doc-

410 1977 546 2047 trina
573 1976 889 2037 Christiana.
918 1975 1060 2047 ‘cap.
1095 1977 1188 2042 21,
1220 1992 1368 2032 num.
1419 1979 1511 2044 49,
1545 1978 1816 2033 retulisset
1863 1980 2004 2033 inter

406 2044 496 2100 illa
544 2047 784 2122 dictionis
811 2044 1022 2122 grandis
1063 2049 1335 2122 exempla,
1367 2065 1488 2122 quae
1517 2047 1711 2104 eodem
1754 2049 1808 2103 itt
1838 2065 1998 2120 argu-

407 2130 590 2173 mequ
615 2134 680 2173 ex
709 2117 977 2189 Cypriane
1015 2131 1177 2188 atque
1202 2117 1488 2176 Ambrosio
1530 2123 1739 2175 recitat.

480 2189 600 2262 (27)
639 2190 1042 2262 Quatnplnrium
1073 2191 1299 2249 deorum
1327 2189 1660 2258 dearumque
1704 2191 1856 2261 origo
1878 2231 1896 2257 ,
1953 2193 1999 2248 si

404 2261 526 2334 quis
551 2263 633 2316 vel
674 2261 793 2334 ipsa
829 2262 1402 2334 etlniicorttm_scripta
1450 2262 1701 2318 coiisulat
1723 2304 1738 2327 ,
1769 2279 1800 2318 e
1825 2263 2000 2334 turpi-

406 2330 507 2404 bus
559 2332 870 2389 libidinibus
909 2341 1110 2388 manat.
1167 2332 1318 2386 Enim
1366 2348 1482 2388 vero
1529 2334 1758 2404 Jupiter,
1825 2330 1999 2402 inquit

403 2399 730 2458 Athanasius
762 2406 812 2458 in
836 2413 976 2458 orat.
997 2413 999 2415 ’
1023 2414 1206 2459 contra
1228 2404 1448 2477 Gentes,
1475 2422 1575 2459 non
1596 2399 1777 2477 itupra
1802 2399 1997 2461 tantum

404 2479 656 2532 commisit
675 2517 690 2542 ,
715 2478 804 2531 sed
839 2477 987 2530 etiam
1017 2492 1140 2540 quos
1169 2491 1234 2530 ex
1261 2475 1453 2543 stupris
1481 2475 1758 2540 procreavit
1785 2476 1994 2544 liberos,

403 2546 537 2603 inter
565 2547 698 2603 Deos
724 2548 895 2601 retulit
918 2589 934 2610 .
968 2547 1268 2601 divinitatis.
1291 2547 1456 2616 specie
1498 2548 1566 2600 ad
1599 2562 1747 2602 suam
1775 2550 1996 2612 pravita-

403 2626 502 2691 tem
524 2620 788 2691 tegendam
814 2617 1275 2691 abusus.__Horum
1303 2634 1328 2671 e
1353 2633 1566 2691 numero
1594 2628 1709 2672 sunt
1736 2618 1992 2691 Bacchus,

404 2688 677 2761 Hercules,
710 2688 966 2754 Dioscuri,
1018 2688 1327 2761 Mercurius,
1359 2688 1624 2761 Perseus,
1671 2698 1720 2744 et
1760 2689 1991 2761 Sospita.

403 2760 591 2816 Plures
621 2762 760 2816 alios
793 2779 896 2815 non
930 2771 1033 2814 tam
1060 2759 1238 2823 Jovis,
1277 2760 1369 2814 sed
1398 2761 1624 2814 aliorum
1669 2761 1830 2815 etiam
1864 2759 1996 2818 Deo-

402 2848 522 2886 rum
553 2834 687 2887 lilios
714 2834 939 2903 turpiter
965 2833 1176 2901 genitos
1197 2874 1210 2892 ,
1246 2845 1307 2903 ac
1344 2831 1543 2885 divinis
1570 2831 1866 2887 honoribus
1893 2834 1993 2888 do-

403 2915 561 2958 natos
587 2908 704 2960 fuse
736 2902 982 2958 recenset
1012 2903 1216 2958 Arnob.
1246 2902 1337 2957 lib.
1367 2918 1440 2957 tv.
1473 2904 1545 2957 De
1577 2904 1661 2957 his
1698 2906 1860 2958 etiam
1893 2905 1991 2959 Mi-

403 2975 585 3030 nu.ius
643 2975 793 3030 Felix
832 2975 885 3029 in
932 2975 1199 3038 Octavio,
1250 2971 1502 3028 Clemens
1559 2975 1989 3037 Alexandrinus.

402 3047 733 3120 Lactantius,
760 3047 1052 3120 Gregorius
1079 3044 1447 3120 Nazianzenus
1470 3086 1484 3110 ,
1529 3046 1874 3120 Firmicusct
1900 3048 1988 3102 alii

2034 1729 2082 1789 B

2102 478 2352 530 nantem,
2386 465 2493 517 imo
2534 463 2696 516 animi
2727 464 2805 517 sui
2837 463 3024 518 vitium
3073 473 3128 519 et
3188 469 3433 536 corporis
3476 470 3692 526 demon-

2113 564 2408 622 strantem,
2465 563 2584 623 post
2632 555 2798 609 multa
2852 553 3119 611 adulteria
3194 561 3512 629 spectaculo.
3545 565 3697 620 totius

2074 698 2076 700 ,
2116 648 2296 702 mundi
2325 662 2535 718 quoque
2566 633 2884 716 prostituit.’
2912 646 3028 703 Non
3070 663 3206 719 opus
3239 660 3326 706 est
3371 653 3449 707 ire
3473 668 3570 722 per
3594 655 3699 708 sin-

2114 742 2260 813 gula;
2289 740 2529 810 quamvis
2559 748 2614 794 et
2644 741 2757 795 haac
2787 756 2894 795 non
2920 741 3121 797 fuerint
3146 743 3296 799 dictu
3319 745 3502 816 digna,
3528 755 3698 806 tamen

2113 833 2178 888 ad
2202 832 2605 902 exprimendam
2646 833 2753 916 vim
2787 835 3140 907 impudicitiae
3169 838 3282 893 visa
3305 850 3432 896 sunt
3459 857 3700 898 necessa-

2113 929 2213 988 ria,
2243 934 2301 980 ut
2328 927 2460 980 sciat
2491 929 2860 997 unusquisque
2892 928 3007 1001 (30)
3035 930 3102 985 ad
3133 930 3493 998 idololatrian
3539 938 3698 1007 perti-

2072 1077 2078 1080 ,
2112 1033 2240 1074 nere
2265 1018 2548 1072 luxuriam.
2579 1018 2700 1088 Ipsa
2718 1019 3000 1090 ,‘inquam,
3029 1020 3144 1096 (51)
3172 1033 3511 1096 mortuorum
3533 1029 3702 1098 sepul-

2111 1125 2201 1165 cra
2232 1109 2496 1166 convertit
2526 1110 2578 1164 in
2607 1111 2832 1180 templa,
2857 1114 3096 1168 tumulus
3124 1115 3176 1170 in
3202 1105 3419 1183 altaria,
3448 1121 3699 1174 cadavera

2113 1204 2164 1256 in
2190 1202 2496 1278 simulacra,
2516 1187 2817 1270 parentalia
2846 1202 2898 1257 in
2921 1205 3209 1272 sacrificia,
3241 1222 3422 1265 mores
3454 1193 3515 1263 in}
3536 1200 3699 1265 sacra.

2113 1296 2203 1352 Sic
2252 1296 2328 1351 sic
2366 1309 2536 1365 genus
2585 1295 2876 1350 humanum
2911 1313 2944 1358 a~
2976 1298 3069 1354 Dei
3109 1300 3319 1356 cultura
3362 1303 3558 1373 rapuit,
3583 1304 3700 1359 dum

2112 1389 2304 1445 blanda
2339 1388 2634 1445 festivitate
2660 1388 2962 1445 facinorosa
2995 1391 3425 1451 facinorosorum
3445 1403 3501 1452 et
3530 1396 3702 1453 colen-

2111 1482 2178 1556 da
2208 1478 2434 1536 crimina
2463 1490 2517 1538 et
2539 1481 2794 1546 imitanda
2820 1484 3130 1554 persuadet.

2109 1617 2338 1673 Deorum
2363 1633 2574 1672 suorum
2599 1619 2852 1671 adulteria
2896 1630 2942 1674 et
2991 1621 3184 1684 probra
3212 1634 3518 1679 venerantur
3547 1641 3566 1679 :
3596 1632 3699 1681 tum

2110 1691 2249 1765 quod
2273 1705 2421 1765 sacra
2440 1701 2494 1744 et
2517 1691 2623 1743 ludi
2643 1697 2831 1765 turpes
2853 1689 2913 1748 in
2926 1691 3513 1765 deorumdearumque
3536 1697 3699 1765 impu-

2115 1761 2384 1835 dicarurn_
2404 1760 2665 1835 hOnorem
2709 1761 2939 1835 instituti
2969 1775 3115 1835 sum,
3145 1763 3220 1826 de
3239 1760 3438 1835 quibus
3458 1770 3590 1822 satis
3615 1760 3701 1822 ad;

2118 1837 2287 1897 notat,
2315 1832 2406 1904 25;
2437 1838 2559 1904 tum
2595 1834 2758 1887 ctiam
2801 1833 2943 1901 quod
2990 1832 3277 1904 impudicis
3323 1836 3627 1894 hominibus
3655 1850 3700 1893 rt

2111 1904 2329 1958 feminis
2354 1902 2521 1977 divini
2545 1901 2784 1977 honores
2826 1906 3008 1977 tributi
3037 1901 3162 1977 sunt
3208 1908 3554 1977 impudicitiae
3583 1925 3700 1964 cau-

2108 1991 2189 2040 sa,
2223 1985 2278 2028 ut
2326 1973 2534 2028 scilicet
2588 1973 2856 2029 haberent
2911 1976 3157 2034 homines
3201 1973 3343 2032 unde
3414 1993 3542 2034 suas
3586 1981 3699 2035 libi-

2109 2046 2262 2101 dines
2309 2045 2530 2100 deorum
2575 2048 2826 2115 exemplo
2877 2057 3203 2103 excusarent
3247 2058 3302 2103 et
3349 2049 3500 2105 laudi
3545 2053 3697 2106 etiam

2108 2124 2413 2183 verterent,
2448 2132 2570 2193 cum
2621 2123 2716 2184 per
2761 2118 2880 2193 illas
2919 2134 2979 2174 se
3023 2119 3154 2174 deos
3202 2120 3401 2175 imitari
3436 2126 3698 2193 prospice.

2074 2189 2077 2192 ’
2106 2198 2231 2244 rent
2266 2203 2280 2241 :
2315 2192 2429 2255 qua
2471 2189 2676 2261 ratione
2717 2190 2997 2243 avaritiam
3029 2206 3246 2260 quoque
3294 2198 3351 2247 et
3376 2189 3696 2261 cupiditates

2103 2275 2198 2314 eos
2227 2261 2480 2324 coluisse,
2507 2268 2563 2313 ut
2588 2259 2721 2314 deos
2741 2275 2802 2315 se
2822 2275 3003 2315 amare
3027 2259 3081 2315 et
3111 2262 3308 2316 imitari
3332 2259 3695 2330 ostenderent,

2108 2332 2285 2400 prodit
2325 2331 2634 2403 Lactantius
2678 2333 2770 2386 lib.
2797 2347 2856 2397 ιι,
2883 2333 3088 2403 cap._6,
3121 2343 3176 2388 et
3217 2335 3351 2390 satis
3383 2335 3578 2389 indicat
3607 2336 3696 2390 Mi-

2105 2405 2306 2469 nutius,
2337 2405 2390 2457 in
2420 2402 2643 2457 Octavio
2668 2445 2682 2468 ,
2735 2418 2884 2456 num.
2915 2402 3021 2458 51.7
3055 2404 3187 2460 Vide
3238 2405 3449 2472 insigne
3490 2406 3543 2460 in
3569 2408 3713 2462 hanc

2104 2490 2216 2545 rem
2242 2473 2558 2545 Chrysalogi
2592 2474 2982 2536 testimonium.
3006 2490 3249 2531 sermon'.
3281 2476 3407 2532 155.
3439 2477 3566 2534 Mss.
3587 2479 3695 2536 ida.

2104 2544 2308 2601 latriam
2341 2544 2436 2614 pro
2465 2545 2820 2615 idololatriam
2865 2547 3126 2600 soribunt.

2172 2617 2288 2689 (51)
2332 2616 2557 2689 Dubium
2610 2617 2662 2671 in
2706 2616 2896 2689 primis
2945 2615 3083 2683 fuit,
3137 2633 3264 2675 num
3428 2617 3574 2678 Zeno
3622 2620 3698 2675 hic

2101 2687 2372 2758 spectaret
2401 2688 2489 2742 illa
2523 2696 2678 2742 tract.
2742 2687 2808 2742 15
2832 2731 2847 2754 ,
2883 2705 3032 2741 nmn.
3084 2691 3140 2753 5,
3189 2691 3275 2744 ubi
3319 2687 3440 2746 illos
3470 2706 3697 2746 commc-

2101 2767 2296 2832 morat,
2315 2760 2399 2832 qui
2427 2777 2518 2832 per
2544 2761 2784 2832 sepulcra
2809 2759 3125 2823 discurrunt,
3143 2763 3231 2830 qui
3262 2762 3515 2832 fatereris
3544 2781 3695 2831 pran-

2099 2830 2187 2886 dia
2238 2829 2568 2885 cadaveribus
2600 2829 2913 2899 sacriﬁcant
2985 2829 3350 2897 mortuorum,
3397 2834 3483 2902 qui
3535 2829 3699 2887 arnore

2098 2902 2425 2967 luxuriandi,
2458 2911 2564 2958 etc.
2597 2904 2662 2956 At
2691 2907 3036 2957 considerato
3083 2903 3396 2972 diligentius
3427 2908 3696 2973 prtescntis

2099 2974 2202 3027 loci
2237 2983 2522 3045 contextu,
2547 2989 2672 3029 cum
2696 2987 2749 3028 et
2774 2980 2901 3028 ante
2930 2981 3138 3045 etpost
3163 2973 3232 3029 de
3265 2977 3496 3030 Deorum
3528 2974 3694 3045 impu-

2098 3045 2297 3100 dicitiis
2325 3044 2486 3099 cultui
2518 3052 2575 3100 et
2605 3045 2908 3115 imitationi
2935 3044 3214 3100 hominum
3270 3045 3560 3115 propositis
3591 3044 3695 3102 scr-

403 3118 773 3192 inuoperibus,
803 3114 920 3189 quia
958 3117 1216 3173 adversus
1258 3116 1510 3173 Gentium
1553 3117 1990 3187 superstitionem
2021 3117 2066 3181 C
2100 3131 2187 3192 mo
2219 3117 2316 3192 sit;
2351 3116 2480 3192 illud
2515 3115 2747 3192 inuuere
2773 3117 2830 3171 S.
2866 3114 3147 3192 Zenonem
3173 3114 3450 3192 credimus
3473 3119 3698 3192 ,impu-

401 3189 689 3332 editigeln
716 3261 874 3316 editis
915 3271 969 3316 et
998 3276 1097 3314 ms.
1128 3258 1323 3332 Pormp.
1357 3271 1515 3332 erat;
1558 3259 1682 3331 Ipsa
1714 3258 1995 3316 Herculem

400 3331 617 3388 nouerCa
636 3333 853 3386 deterior
875 3335 1068 3404 facibus
1091 3331 1356 3404 libidinum
1383 3331 1597 3400 turpiter
1621 3333 1760 3384 vicit.
1784 3332 1838 3385 In
1859 3348 1989 3404 mss.

402 3405 581 3468 Item,
612 3404 730 3458 Tol.
757 3413 812 3456 et
832 3401 965 3460 Urb,
998 3420 1010 3454 :
1050 3404 1172 3470 Ipsa
1207 3401 1476 3455 Herculem
1512 3418 1730 3456 noverca
1751 3403 1989 3457 deteriori

400 3493 502 3530 non
533 3477 652 3546 falis
677 3475 946 3529 libidinum
979 3476 1192 3545 turpiter
1222 3473 1354 3546 eicit.
1400 3472 1649 3546 Deteriori
1677 3475 1991 3546 itcmihabct

401 3564 504 3602 ms.
535 3545 679 3603 'Vat.
729 3547 852 3600 Harc
891 3549 1172 3615 scriptura,
1233 3545 1358 3597 licet
1405 3559 1588 3599 errore
1643 3545 1984 3600 librariorum

397 3632 673 3688 corrupta,
705 3621 952 3688 genuina:
994 3628 1169 3671 tamen
1189 3616 1448 3688 lectionis
1473 3657 1487 3679 ,
1521 3633 1677 3684 quam
1713 3617 1877 3671 textui
1909 3618 1986 3670 in-

397 3685 687 3754 seruimus,
710 3685 973 3744 indicium
1001 3685 1244 3756 praebuit.
1277 3685 1486 3740 Etenim
1517 3704 1582 3740 ex
1618 3688 1857 3741 deteriori
1884 3705 1986 3744 non

399 3765 519 3830 falis
545 3761 813 3815 libidinum
849 3760 1004 3816 facile
1027 3762 1085 3812 tit
1109 3758 1327 3812 deterior
1356 3758 1706 3830 ingonipltalis
1733 3763 1749 3826 (
1760 3759 1788 3828 f
1798 3775 1892 3824 pro
1917 3760 1985 3829 p/t

397 3828 649 3903 frequens
680 3834 730 3888 in
763 3830 922 3903 mss.)
953 3830 1231 3893 libidinem,
1264 3829 1346 3903 vel
1375 3828 1583 3883 libidine
1607 3831 1822 3900 turpiter
1842 3828 1984 3897 vicit;

395 3900 519 3975 qua:
550 3907 705 3959 lectio
735 3900 948 3958 cznteris
1004 3900 1331 3975 pneferetnla
1389 3903 1501 3975 visa
1555 3912 1670 3962 est,
1728 3919 1831 3955 non
1874 3913 1980 3975 tam

395 3971 536 4047 quod
569 3977 807 4044 pluribus
835 3987 888 4029 et
915 3971 1304 4047 antiquissin-is
1330 3972 1495 4047 codd.
1525 3975 1692 4041 magis
1711 3972 1980 4047 congruit,

394 4043 552 4118 quam
580 4047 721 4117 quod
770 4048 870 4100 hoc
889 4117 892 4118 ν
913 4045 1160 4118 γιοροη8τ
1189 4043 1332 4118 lenio
1370 4043 1608 4118 indicare
1636 4046 1871 4099 voluis’se
1901 4048 1978 4118 vif

393 4114 551 4174 detur
581 4114 853 4174 libidinem
883 4116 1122 4172 Herculis
1152 4117 1201 4168 in
1230 4114 1534 4182 Omphalitn
1558 4157 1571 4178 ,
1604 4130 1776 4184 quam-
1796 4116 1978 4169 caeteri

395 4191 611 4256 Patres,
647 4189 1056 4258 impudicitiam
1078 4186 1296 4240 deorum
1331 4186 1582 4241 Gentium
1611 4193 1976 4258 exsecrantes,

352 4296 355 4297 ν
392 4257 838 4320 commemorant.
871 4260 1008 4316 Vide
1037 4257 1222 4312 Patres
1248 4258 1298 4311 in
1328 4259 1588 4326 superiori
1630 4257 1979 4312 adnotatione

391 4335 669 4402 allegatos.
707 4332 781 4386 Ita
811 4333 970 4386 etiam
993 4329 1329 4402 perspicuum
1355 4327 1445 4402 fit.
1466 4344 1565 4402 cur
1585 4328 1975 4402 impudicitiam

392 4398 608 4462 novei'cu
638 4405 938 4461 deteriorem
986 4402 1042 4455 S.
1081 4400 1373 4468 Episcopus
1399 4398 1610 4453 dixerit.
1638 4402 1808 4466 Quam
1839 4401 1977 4454 male

391 4482 534 4533 enim
574 4477 747 4538 Juno,
786 4474 1028 4528 Herculis
1070 4487 1337 4545 noverca,
1383 4487 1503 4523 cum
1533 4470 1649 4545 ipso
1678 4473 1884 4545 egerit,
1910 4487 1973 4525 cx

393 4553 564 4620 poetis
595 4549 775 4618 liquet.
812 4547 920 4602 Ilac
951 4553 1128 4620 autem
1173 4542 1407 4620 deterius
1439 4542 1608 4620 multo
1635 4557 1755 4620 cum
1786 4542 1976 4620 eodem

392 4612 500 4691 egit
532 4612 859 4690 impudicitia
892 4659 905 4682 ,
939 4618 1136 4686 quippe
1161 4630 1299 4691 qum
1367 4612 1646 4691 Herculem
1700 4613 1980 4691 Ompltalis

392 4685 578 4748 ainore
603 4685 814 4760 captum
864 4685 1006 4760 tum,
1035 4687 1272 4760 servituti
1318 4685 1567 4760 subegit,
1600 4700 1771 4760 eoque
1815 4687 1974 4738 etiam

391 4765 634 4828 adduxit,
669 4757 725 4816 ut
747 4805 759 4826 ,
785 4759 1029 4830 Omphali
1072 4759 1294 4826 jubente
1317 4799 1329 4823 ,
1362 4757 1539 4809 uendo
1581 4757 1733 4830 daret
1759 4771 1974 4824 operam

391 4848 443 4894 et
473 4827 648 4890 fusiim
683 4827 919 4887 volveret
946 4848 1004 4885 ea
1032 4846 1211 4894 manu,
1236 4845 1335 4898 qua
1369 4838 1606 4880 monstra
1639 4827 1973 4891 edomuerat,

390 4909 532 4980 guod
564 4905 790 4980 Hercul.-
823 4903 986 4980 plaue
1035 4901 1309 4980 indignum
1349 4898 1804 4980 .lllflt-l-llldtll-quillll
1842 4915 1975 4980 prai-

390 4969 625 5049 eeperat.
663 4977 795 5049 Vide
833 4969 1198 5049 Fulgentium,
1234 4974 1324 5027 lib.
1380 4987 1415 5024 ιι
1466 4969 1698 5049 blnbol.,
1727 4985 1873 5038 \Cap.
1922 4971 1976 5049 β,
2011 5022 2020 5026 _

391 5042 511 5126 pag,
557 5049 693 5126 132;
730 5046 1081 5126 laetantium,
1117 5044 1273 5126 _lib.__t
1298 5085 1310 5108 ,
1340 5042 1552 5126 c.-ip.9;
1607 5043 1888 5126 Dentatum,
1923 5043 1974 5095 in

394 5110 708 5181 'Eiinuchum
757 5118 974 5171 Terent.
1013 5130 1064 5168 v.
1117 5114 1168 5168 7.
1200 5110 1334 5168 'Iluc
1381 5122 1558 5168 autem
1607 5110 1664 5166 S.
1705 5112 1976 5167 Zenonem

391 5207 667 5268 spectasse
697 5189 830 5244 nihil
858 5186 1207 5268 dubitamus."
1251 5264 1260 5268 Α
1337 5257 1373 5268 ἣ
1593 5265 1603 5268 _
1632 5256 1673 5268 ..
1710 5256 1722 5268 .
1791 5256 1804 5268 .
1917 5256 1950 5268 ..

463 5267 576 5340 (29)
612 5266 776 5340 lta_t-x
805 5274 933 5340 mss.
963 5259 1140 5340 liem.,
1175 5257 1313 5320 Vat.,
1337 5257 1609 5340 P‘ompznct
1632 5256 1757 5312 Urb.
1791 5256 1974 5338 lnoedi.

391 5327 724 5396 tis‘connexis
752 5331 980 5386 manibus
1008 5347 1059 5383 se
1100 5338 1312 5397 tergere.
1342 5327 1474 5381 Cod.
1511 5328 1610 5381 Tol
1665 5341 1828 5397 tegere
1850 5328 1976 5381 item

389 5411 596 5468 scribit.
628 5409 756 5462 Dein
792 5417 920 5458 mss.
955 5402 1134 5464 llem.,
1157 5399 1275 5453 Tol.
1315 5409 1365 5452 et
1396 5399 1521 5453 Urb.
1555 5416 1644 5467 per
1676 5411 1786 5466 post
1818 5401 1979 5451 niulta

389 5478 871 5556 ρτυίρρδιηιῑιέιιξκ
967 5548 975 5556 .
1091 5545 1102 5556 .
1253 5543 1262 5552 .
1543 5549 1624 5556 ,,
1877 5541 1931 5556 ,.

461 5542 580 5626 ('50)
605 5551 680 5604 Ad
711 5543 1298 5626 idololatriatn‘luxuria
1332 5543 1580 5626 pertinet.
1603 5549 1725 5626 tum
1749 5542 1888 5626 quod
1920 5542 1970 5595 in

457 5613 715 5697 geniorum
763 5617 1228 5697 D_iis__i_mp_udicitia
1262 5616 1478 5697 colitur,
1511 5613 1649 5697 unde
1667 5615 1814 5697 illini
1842 5615 1971 5697 Am-

457 5641 715 5696 gariorum
763 5641 873 5674 Ulls
902 5641 1228 5686 llllpuuwtuu
1262 5641 1478 5676 υυιιιυι,
1511 5641 1648 5666 uuuc
1673 5641 1800 5665 uiuu
1842 5641 1971 5697 ixm-

386 5641 555 5756 giosii
603 5694 696 5749 lib.
727 5709 743 5746 1
770 5693 832 5744 de
868 5690 1098 5756 l"irqin.,
1148 5703 1267 5752 cap.
1323 5684 1355 5738 4
1380 5727 1392 5749 ,
1426 5700 1571 5737 ηυιιι.
1631 5683 1732 5736 16:
1775 5683 1974 5737 Colitur

387 5785 621 5841 stuprum
653 5765 908 5829 Deorum;
963 5773 1014 5816 et
1047 5760 1115 5815 dc
1167 5758 1352 5812 Viduis
1379 5773 1498 5828 cup.
1555 5756 1639 5821 Μ,
1672 5772 1816 5808 ιιιιιιι.
1853 5756 1920 5810 84
1954 5775 1966 5808 ;

2099 3186 2250 3258 dicos
2299 3187 2542 3242 homines
2589 3187 2690 3249 (uti
2721 3187 3001 3258 Juppiter,
3037 3186 3266 3248 Venus.»
3311 3186 3516 3257 aliique
3575 3186 3694 3243 oliui

2099 3257 2265 3314 fuisse
2307 3258 2576 3329 feruntur)
2606 3259 2806 3314 idcirco
2837 3257 2979 3313 inter
3000 3257 3132 3313 deos
3160 3276 3185 3311 a
3219 3258 3486 3328 Gentibus
3511 3275 3695 3324 aet-cn-

2094 3329 2440 3404 sitosifuisse.
2466 3330 2754 3404 conversis
2800 3332 2851 3383 in
2888 3331 3085 3404 templa
3131 3331 3373 3404 ipsnrutu
3415 3331 3692 3404 sepulcris.

2093 3400 2146 3454 in
2169 3402 2372 3469 (altaria
2402 3403 2631 3467 tumulis,
2663 3401 2994 3455 cadaueribus
3032 3403 3084 3455 in
3133 3403 3437 3467 simulacra,
3469 3400 3607 3466 etc..
3637 3400 3694 3458 ut

2096 3474 2195 3526 hac
2223 3472 2480 3542 religione
2511 3473 2865 3540 impudicitia:
2894 3472 3172 3537 faverent,
3203 3480 3259 3527 et
3287 3473 3480 3528 blanda
3509 3477 3693 3542 festivi-

2095 3552 2197 3596 tate
2221 3546 2517 3613 facinorosa
2545 3545 2953 3616 facinorosorum
2975 3555 3019 3596 et
3041 3545 3498 3598 colendrrcrimina
3519 3554 3562 3598 et
3586 3548 3694 3598 imi-

2091 3617 2252 3668 tandu’
2306 3614 2714 3684 persuaderent.
2765 3614 2954 3671 Simile
2997 3616 3284 3669 consilium
3345 3616 3440 3670 alii
3486 3632 3693 3686 quoque

2092 3687 2281 3741 Patres
2314 3686 2544 3750 ethnicis
2573 3687 2842 3741 [dolorum
2873 3686 3174 3740 cultoribus
3203 3687 3476 3756 objecisse
3507 3691 3690 3757 legun-

2091 3768 2198 3818 tur,
2225 3773 2279 3811 ut
2307 3758 2445 3826 apud
2478 3760 2720 3811 laudatos
2749 3759 2934 3812 adnot.
2965 3757 3033 3811 27
3062 3759 3304 3827 reperire
3333 3760 3482 3814 licet.
3512 3757 3689 3813 Prima

2088 3830 2305 3900 quidem
2339 3829 2877 3900 idololatritetempla
2903 3827 3091 3900 fuisse
3136 3839 3489 3893 mortuorum
3520 3830 3692 3898 sepul-

2087 3898 2214 3966 cra,
2267 3902 2547 3970 explorate
2605 3899 2839 3954 affirmat
2888 3898 3142 3961 Clemens
3193 3901 3593 3955 Alexandrinus
3641 3904 3688 3959 in

2090 3972 2422 4041 Protreptit-o
2453 3988 2466 4023 :
2502 3969 2718 4039 Templa
2765 3970 2908 4043 (nam
2936 3987 3042 4043 nec
3087 3972 3204 4040 ipsa
3230 3972 3523 4042 praeteribo)
3578 3988 3690 4043 spe-

2086 4045 2224 4098 cioso
2265 4046 2469 4116 quidem
2513 4045 2717 4096 nomine
2780 4042 2997 4116 templa
3030 4044 3295 4107 dicuntur;
3339 4042 3543 4110 fuerunt
3597 4042 3687 4095 ou-

2087 4123 2184 4168 tem
2212 4114 2467 4183 sepulcra,
2499 4117 2593 4167 hoc
2623 4124 2697 4167 est
2723 4115 2961 4178 sepulcra
2983 4114 3096 4183 ipsa
3125 4124 3301 4167 vorata
3329 4117 3690 4182 {uerunttem-

2084 4187 2190 4255 pla.
2225 4200 2329 4241 etc.
2361 4186 2477 4254 Quo
2505 4185 2799 4254 rcSpicicns
2828 4184 3169 4251 Prudentius,
3197 4184 3291 4239 lib.
3318 4201 3334 4238 ι
3358 4187 3408 4239 in
3439 4187 3684 4256 Symma-

2086 4256 2245 4312 chum
2282 4275 2293 4309 :

2177 4359 2236 4409 Et
2261 4365 2330 4408 tot
2355 4343 2535 4419 templa
2559 4357 2718 4408 Deum
2744 4356 2931 4420 Romae,
2957 4363 3080 4420 quot
3106 4359 3153 4406 in
3178 4357 3308 4408 urbe
3332 4358 3530 4412 fuerunt

2173 4422 2411 4478 Heroum,
2439 4431 2703 4470 numerare
2726 4422 2842 4470 licet
2867 4435 2878 4469 :
3070 4424 3077 4430 ’

2008 4498 2055 4570 Ῐ)
2083 4509 2123 4560 Α
2156 4508 2348 4574 quibus
2381 4505 2513 4560 nihil
2560 4505 2859 4574 abhorrens
2888 4492 3092 4560 Tullius
3113 4547 3128 4570 ,
3158 4505 3252 4560 lib.
3283 4505 3389 4560 [de
3432 4502 3682 4569 Diriuat,

2092 4573 2314 4647 loquens
2341 4578 2408 4631 de
2438 4578 2570 4632 Jove
2599 4573 2938 4646 Capitolino,
2973 4578 3109 4634 idetn
3143 4577 3308 4642 fuisse
3340 4578 3537 4641 iudicat
3566 4578 3682 4646 ejus

2088 4653 2344 4719 templum
2377 4650 2760 4718 Capitolinum,
2795 4649 2934 4718 quod
2976 4649 3282 4716 sepulcrum
3317 4652 3486 4703 fuerat
3516 4664 3530 4700 :

2178 4740 2291 4802 Ipse
2317 4754 2429 4790 suos
2452 4741 2693 4803 quondam
2711 4740 2932 4791 tumulos
2957 4747 3009 4788 et
3032 4738 3210 4800 templa
3238 4740 3432 4800 petivit.

2086 4827 2221 4881 llinc
2251 4826 2480 4888 Nonius,
2509 4825 2796 4894 Templum,
2832 4827 2941 4889 ait,
2972 4835 3018 4878 et
3045 4826 3342 4892 sepulcrum
3374 4825 3477 4879 dici
3517 4837 3680 4890 potest

2082 4908 2309 4952 veterum
2338 4899 2657 4950 auctoritate.
2713 4897 2854 4965 Lege
2901 4897 3198 4951 Arnobinm
3249 4898 3342 4949 lib.
3398 4913 3451 4950 vi
3488 4909 3675 4950 contra

2082 4973 2304 5034 Gentes,
2351 4986 2403 5037 p.
2440 4970 2569 5032 193,
2603 4969 2688 5020 ubi
2737 4968 2898 5024 multa
2928 4967 3130 5035 templa
3163 4968 3353 5034 probat
3384 4971 3676 5037 fundorum

2082 5059 2188 5096 esse
2230 5056 2499 5112 corporum
2546 5040 2839 5112 sepulturus
2862 5056 2878 5101 ;
2931 5037 3257 5112 Cyprianum
3295 5037 3362 5112 de
3409 5037 3676 5112 Idolorum

2082 5115 2300 5167 vanitate
2320 5107 2512 5175 initio,
2548 5127 2648 5165 nec
2676 5125 2778 5161 non
2801 5107 3271 5176 Commodiauum,
3298 5109 3543 5163 lnstrnct.
3561 5110 3598 5163 ‘2
3622 5121 3679 5164 et

2083 5187 2174 5249 20,
2203 5185 2289 5253 qui
2321 5182 2591 5237 defunctis
2639 5182 2950 5253 hominibus
3000 5180 3233 5253 honores
3273 5182 3483 5235 divinos
3525 5181 3678 5235 dela-

2085 5266 2169 5310 los
2198 5250 2445 5308 similiter
2485 5253 2734 5321 produnt.
2792 5250 3092 5308 Parentalia
3136 5253 3559 5322 autem,.qu:ir-in
3588 5268 3678 5306 sa-

2087 5327 2279 5397 criﬁcia
2309 5328 2594 5378 traduntur
2622 5339 2882 5397 conversa
2904 5368 2917 5391 ,
2949 5322 3440 5397 erantdibationes,
3473 5322 3671 5391 epulae,

2087 5411 2141 5454 et
2164 5394 2290 5450 alia
2344 5397 2395 5451 id
2424 5397 2660 5465 generis,
2702 5411 2819 5462 qua:
2852 5395 2901 5448 iu
2933 5394 3309 5448 defunctorum
3358 5410 3670 5447 memoriam

2085 5471 2371 5539 quotannis
2418 5469 2831 5522 celebrabantur
2876 5485 2888 5521 :
2953 5465 3209 5534 sacriﬁcia
3259 5482 3386 5520 vero
3431 5465 3670 5539 divinum

2082 5537 2283 5595 cultum
2317 5547 2579 5608 spectant.
2629 5539 2719 5592 llla
2767 5554 2929 5607 porro
2958 5553 3120 5590 mores
3166 5540 3219 5590 in
3247 5553 3396 5591 sacra
3425 5537 3673 5590 videntur

2084 5614 2319 5667 iudicare
2349 5611 2618 5679 quoddam
2649 5612 2828 5665 cultus
2857 5625 3050 5678 genus.
3081 5623 3189 5678 quo
3228 5609 3519 5679 impudicos
3543 5622 3670 5659 mn-

2082 5700 2170 5740 res
2192 5692 2247 5737 et
2275 5682 2426 5736 ludos
2458 5683 2510 5736 in
2546 5682 2775 5736 Deorum
2799 5683 3000 5737 cultum
3026 5680 3234 5734 Ethnici
3268 5688 3666 5745 converterant,

2080 5757 2275 5825 dequo
2300 5755 2430 5807 satis
2459 5754 2582 5808 adn.
2613 5753 2704 5808 :25.
