3820 6220
1331 292 1534 349 LIBER
1573 292 1614 352 l.
1654 292 2064 354 TRACTATUS
2107 297 2165 352 γ.

3264 292 3368 362 suo

135 399 342 482 tersis'ti,
373 414 603 484 crinium
631 414 828 469 damno
857 409 1064 476 velasti,
1115 409 1297 463 scissis
1339 409 1508 489 genis,
1534 407 1704 462 livore
1728 408 1785 468 Ἀ
1805 413 2047 484 ﬂammas
2067 411 2201 481 Qtuas
2238 394 2496 469 maritalis
2528 414 2689 486 gladii
2736 415 3187 488 contemplatione
3228 435 3380 488 εοιιιτ

137 504 337 562 fatdatis
357 507 631 572 uberibus,
662 501 876 558 sordido
922 499 1042 571 plus
1092 499 1311 569 pulvere
1355 507 1492 553 tecta
1531 513 1690 569 quam

133 600 307 654 reste?
333 600 434 664 Tu,
485 600 719 668 inquam,
769 599 897 650 non
924 607 985 664 es
1008 607 1128 662 qum
1160 585 1276 663 (ιι)
1317 585 1459 647 nunc
1495 590 1689 646 cmlum

134 691 290 760 ipsum
311 691 600 746 ululatibus
631 669 915 756 rumpens,
945 696 1063 756 post
1096 684 1256 766 talem
1288 685 1537 739 maritum
1563 699 1694 753 pun-

132 795 210 839 cto
237 785 491 855 temporis
525 783 705 837 vivere
751 789 806 836 te
852 795 956 833 non
1003 794 1159 848 posse
1205 777 1512 833 clamabas?
1541 776 1693 834 Nunc

131 876 278 932 clusis
305 877 489 931 dolore
527 872 818 946 gemitibus
842 914 856 935 ,
886 885 1029 940 saepe
1077 870 1216 925 inter
1259 869 1448 925 afﬁnes
1485 859 1692 929 mortua

131 968 321 1038 spiritu,
347 967 654 1023 labentibus
677 965 936 1021 membris
960 965 1025 1019 ad
1059 952 1287 1030 terram,
1310 964 1540 1020 incertas
1569 965 1690 1021 red-

131 1060 279 1130 debas
306 1061 588 1128 exsequias
617 1077 632 1111 τ
661 1062 749 1116 cui
779 1060 1235 1132 magislacrymas
1266 1060 1689 1136 eumntodarent,

129 1165 394 1209 morumne
413 1194 430 1217 ,
460 1169 527 1208 an
556 1154 845 1210 morienti?
873 1153 1001 1210 Post
1029 1153 1145 1208 hmo
1169 1196 1182 1216 ,
1217 1153 1261 1208 si
1292 1154 1419 1209 libet
1446 1153 1649 1210 nubere
1674 1195 1689 1221 ,

131 1250 294 1300 omnia
323 1247 411 1300 illa
442 1247 662 1303 mentita
691 1262 769 1308 es.
803 1245 938 1316 Quid
973 1248 1075 1302 hoc
1099 1247 1218 1302 est?
1250 1248 1385 1302 Ecce
1411 1262 1598 1302 rursus
1622 1246 1686 1300 ad

128 1339 375 1395 lenocinia
421 1339 598 1405 redis,
629 1341 867 1395 colorem
905 1340 972 1394 de
1017 1340 1212 1410 pyxide
1238 1340 1498 1394 mutuaris
1529 1339 1688 1408 paulo

125 1442 237 1485 ante
278 1431 609 1486 damnatum.
658 1431 796 1486 Ecce
845 1431 1182 1501 indulgenter
1220 1429 1424 1485 excolis
1448 1430 1684 1494 crinem;

122 1523 334 1578 odorato
355 1523 581 1594 pulvere
611 1523 784 1577 luctus
823 1524 1097 1592 pulverem
1127 1531 1334 1585 mutas;
1363 1519 1475 1592 (15)
1501 1522 1553 1574 in
1583 1521 1682 1574 sti-

125 1615 204 1669 bio
243 1615 394 1669 ﬂetus
423 1615 654 1671 includis
674 1632 704 1681 ;.
730 1622 1046 1669 ornamento
1079 1613 1232 1684 ligas,
1261 1611 1403 1681 quod
1435 1611 1550 1684 (l6)
1590 1624 1684 1664 su-

121 1706 331 1776 spendio
358 1720 606 1772 voveras,
638 1706 866 1774 collum;
897 1706 964 1760 ab
991 1704 1219 1775 speculo
1246 1703 1462 1757 oracula
1503 1701 1692 1769 inqui--~

1797 518 2006 576 pescas.
2036 503 2164 558 Mihi
2190 503 2367 580 crede,
2394 520 2499 560 non
2532 506 2686 562 habet
2712 508 3140 578 concupiscentia
3172 507 3368 576 locum,

1795 598 1887 653 ubi
1931 596 2185 670 patientia
2235 596 2568 664 dominatur,
2624 599 2712 654 ubi
2767 601 2961 655 vivitur
3007 601 3228 667 sobrie,
3283 601 3370 657 tibi

1796 705 1955 747 mors
1973 685 2208 745 timetur.
2245 690 2426 761 Itaque
2449 690 2589 747 banc
2614 692 3024 760 observantiam,
3046 693 3187 750 hunc
3216 697 3396 750 lilllO-’

1796 803 1933 854 rem,
1950 787 2092 858 quod
2115 798 2197 844 est
2219 789 2400 843 verius
2428 797 2583 858 atque
2601 788 2816 857 iustius,
2841 789 3071 846 transfer
3094 792 3158 846 ad
3176 792 3369 860 Deum,

1796 893 1850 940 et
1878 883 2033 954 quale
2060 882 2191 938 libet
2235 881 2368 937 illud
2407 882 2496 946 sit,
2541 893 2761 951 repente
2800 865 3376 954 exstinguetur'incen-

1795 975 1962 1030 dium.

1864 1065 1954 1120 Vl.
1977 1065 2083 1122 Sed
2108 1065 2188 1118 sic
2209 1071 2308 1134 ego
2334 1064 2386 1131 in
2413 1062 2575 1132 rebus
2594 1062 2848 1117 demoror
2868 1062 2982 1134 (l9)
3006 1079 3172 1134 prope
3203 1067 3370 1134 sanis,

1792 1156 1944 1228 quasi
1971 1171 2090 1226 qua:
2133 1170 2262 1211 vere
2300 1153 2628 1208 exsecranda
2673 1155 2812 1215 sitit,
2841 1155 2947 1219 jatu
2998 1167 3236 1211 correcta
3268 1160 3376 1211 sint

1792 1247 2032 1304 crimina.
2060 1244 2229 1300 Pudet
2252 1250 2342 1300 me
2367 1244 2547 1298 dicere
2578 1244 2628 1297 in
2654 1244 2848 1312 populo
2873 1247 3050 1314 gravi,
3079 1262 3209 1301 anus
3231 1264 3374 1318 saepe

1790 1338 1959 1393 videri
1997 1352 2162 1404 novas
2204 1337 2321 1408 (20)
2353 1347 2578 1406 nuptas,
2611 1329 2855 1405 ’quarum
2888 1352 3024 1406 pene
3057 1339 3233 1408 plures
3266 1342 3373 1395 sint

1790 1430 1992 1497 ιιυνιίεε⁵
2034 1444 2195 1498 quam
2245 1429 2449 1482 natales
2489 1445 2502 1479 :
2552 1442 2670 1496 qua:
2713 1443 2819 1482 non
2866 1444 3116 1499 rogantur
3158 1440 3214 1486 ut
3275 1449 3378 1487 nu-

1789 1507 1952 1586 bant,
1992 1519 2088 1574 sed
2133 1528 2190 1572 ut
2213 1519 2510 1583 dormiant,
2557 1515 2848 1575 invitantur
2876 1520 3152 1592 propiores
3191 1526 3372 1593 sepul-

1788 1626 1881 1666 cro
1909 1609 2324 1678 quantthalamo
2354 1608 2517 1680 {quin
2541 1611 2667 1681 ipsa:
2690 1627 2810 1668 cum
2835 1612 2949 1686 (21)
2981 1626 3224 1685 pereunt,
3272 1616 3370 1672 de-
3467 1623 3475 1636 ‘

1787 1702 2024 1757 testabili
2055 1701 2304 1771 exemplo
2329 1701 2750 1758 adolescentulus
2781 1722 2992 1777 quoque
3024 1708 3197 1776 perire
3222 1724 3370 1764 com-

121 1801 374 1870 ris,quam
396 1801 681 1856 commode
703 1800 844 1869 passi
865 1798 1333 1866 scircumscribere
1355 1794 1470 1869 (l7)
1499 1796 1690 1865 petito-
1720 1796 1766 1856 B
1798 1786 2021 1865 pellunt.
2050 1793 2180 1861 Quis
2221 1795 2317 1849 has
2345 1795 2529 1865 diligat
2570 1795 2752 1872 titius?
2792 1798 2911 1866 quis
2947 1799 3207 1854 maritus?
3239 1815 3369 1855 εοη-

121 1907 244 1947 rem.
294 1891 566 1962 Quidquid
615 1892 826 1954 feceris,
859 1891 1006 1961 virgo
1037 1891 1147 1961 jam
1192 1903 1299 1943 non
1340 1886 1449 1942 eris
1482 1903 1495 1939 :
1523 1901 1684 1940 unum

123 1993 287 2039 tamen
341 1985 492 2050 scio,
525 1983 648 2054 quia
691 1981 823 2036 nihil
865 1981 1028 2036 distat
1075 1996 1105 2033 a
1150 1977 1391 2048 prodigio
1418 1976 1688 2046 ,.quiquis

119 2075 320 2130 alterius
349 2081 513 2131 causa
543 2085 595 2130 et
615 2074 844 2145 formam
875 2081 1043 2129 mutat
1064 2082 1117 2127 et
1146 2059 1345 2126 mores.

183 2169 241 2222 ι’.
264 2169 371 2226 Sed
397 2168 571 2225 dicis:
601 2169 777 2244 Ardor
823 2182 910 2222 me
948 2175 1149 2220 tenerae
1187 2161 1462 2231 compellit
1488 2159 1680 2216 aetatis.

119 2259 297 2316 Credo.
331 2262 471 2317 Ecce
499 2261 745 2332 nupsisti.
783 2258 852 2317 Ut
880 2260 947 2314 de
976 2251 1265 2327 fragilitate
1295 2254 1640 2310 humanitatis
1666 2296 1681 2321 ,

118 2352 316 2415 casibus
362 2362 422 2407 ut
469 2352 535 2406 dc
563 2352 773 2407 caneris
820 2361 1044 2414 taceam,
1075 2362 1202 2403 ecce
1242 2347 1491 2401 maritum
1533 2353 1680 2401 tuum
1720 2335 1727 2345 ’

117 2443 358 2514 postridie
389 2444 568 2512 aliqua
601 2443 891 2499 necessitas
915 2442 1073 2511 rapit,
1098 2455 1219 2511 qua:
1244 2455 1274 2494 a
1303 2448 1354 2495 te
1380 2439 1539 2508 longe
1568 2438 1678 2494 dis-
1729 2472 1735 2477 -

116 2545 326 2589 tractum
375 2535 676 2606 decennio,
706 2534 784 2588 vel
829 2549 894 2588 eo
919 2532 1170 2602 amplius.
1203 2542 1258 2586 ut
1282 2531 1490 2587 adsolet
1522 2530 1637 2606 fieri
1664 2572 1680 2596 ,

115 2628 337 2704 detineat
383 2604 699 2700 relegatum.
748 2628 883 2697 Quid
934 2626 1132 2682 facies?
1152 2626 1546 2681 Observabisne
1583 2604 1681 2681 ire-

119 2720 383 2794 deuntem,
403 2736 472 2776 an
495 2720 672 2776 ardori
699 2736 904 2791 quaeres
919 2720 1024 2794 57
1047 2713 1264 2774 aliunde
1280 2719 1607 2779 remedium?
1626 2717 1682 2773 Si

1791 1885 2078 1964 fundentes
2114 1886 2387 1957 sanguinis
2428 1886 2580 1956 jura,
2623 1887 2868 1943 delentes
2916 1892 3103 1944 merita
3149 1891 3370 1946 marito-

1790 1974 2282 2045 rum,-adulautes
2325 1981 2491 2040 vivis.
2542 1980 2766 2036 mortuis
2818 1968 2985 2054 suspit
3015 1996 3183 2048 .utes,
3227 1999 3369 2041 nunc
3433 2039 3436 2042 .

1788 2072 2036 2129 odientcs
2065 2081 2274 2129 veteres
2295 2116 2309 2138 ,
2341 2089 2484 2129 nunc
2514 2089 2683 2129 novos
2713 2075 2852 2130 filios
2893 2077 3140 2133 similiter
3165 2087 3222 2134 et
3250 2071 3372 2133 "ma-
3470 2116 3471 2119 η

1786 2165 1958 2221 rites?
1985 2166 2053 2220 At
2071 2181 2112 2225 ,ο
2138 2166 2351 2221 diverso
2381 2169 2508 2237 ipsae
2535 2167 2803 2223 aestiment
2823 2167 2937 2241 (22)
2958 2169 3084 2239 quid
3115 2172 3204 2236 sit,
3224 2171 3368 2242 quod

1790 2256 1843 2310 in
1874 2265 1978 2329 tam
2001 2257 2330 2313 solemnibus
2355 2259 2494 2313 votis
2518 2272 2664 2328 smpe
2689 2261 2987 2330 contingit,
3016 2271 3076 2315 ut
3104 2276 3202 2317 nec
3231 2263 3369 2318 ﬁlios

1790 2344 2024 2401 habeant
2045 2386 2060 2409 ,
2095 2361 2192 2402 nec
2221 2349 2462 2402 maritos.
2496 2348 2640 2403 Talis
2669 2359 2752 2404 est
2791 2350 2950 2413 etiam
2981 2365 3144 2405 causa
3202 2337 3368 2407 mari-

1789 2446 1961 2494 torum
1983 2480 1997 2504 ,
2031 2438 2098 2494 ad
2125 2431 2260 2509 quos
2305 2439 2504 2508 aliquid
2549 2440 2692 2509 loqui
2734 2440 3061 2510 superﬂuum
3091 2450 3203 2509 est,
3243 2445 3367 2514 quia

1787 2530 1830 2584 si
1873 2545 2006 2585 uxor
2044 2539 2098 2585 et
2135 2531 2360 2585 maritus
2387 2532 2440 2586 in
2469 2546 2629 2586 carne
2667 2542 2793 2586 sunt
2835 2548 2940 2588 una
2964 2575 2980 2599 ,
3013 2534 3232 2590 dubium
3261 2550 3368 2590 non

1785 2617 1902 2690 est,
1926 2623 2046 2697 quia
2069 2622 2210 2693 quod
2233 2623 2369 2685 alter
2393 2623 2570 2690 audit,
2594 2625 2871 2679 amborum
2893 2633 2997 2680 est.
3021 2626 3155 2692 Quid
3181 2643 3330 2697 agam
3355 2669 3371 2695 ,

1785 2728 1893 2783 quo
1937 2696 2021 2768 me
2050 2725 2252 2770 vertam
2280 2755 2294 2777 ,
2327 2713 2552 2770 nesrio:
2593 2729 2698 2769 non
2747 2715 2889 2770 enim
2944 2716 3098 2771 video
3143 2696 3268 2787 quid
3313 2717 3363 2772 in

113 2814 496 2868 observantiam
534 2813 647 2885 (18)
676 2813 953 2880 pollicere,
986 2802 1102 2866 sine
1145 2811 1308 2865 dubio
1335 2810 1492 2874 fallis,
1523 2811 1679 2879 cujus
1773 2805 2242 2861 exhortationibus
2284 2806 2543 2861 divini'ac
2569 2808 2680 2861 veri
2721 2808 2896 2861 cultus
2925 2806 3188 2864 Gentibus
3234 2824 3370 2872 prat-

112 2903 448 2974 impatientiae
473 2902 861 2974 professiojam
893 2911 1130 2957 tenetur.
1158 2901 1216 2958 Si
1241 2915 1299 2956 es
1324 2911 1501 2954 autem
1530 2914 1678 2956 sum-
1779 2891 1973 2978 dicem.
2006 2897 2410 2955 Felicitatetnne
2431 2899 2790 2980 virginitatis?
2813 2909 2868 2954 at
2888 2900 3083 2955 habent
3110 2901 3222 2974 (2⁸5)
3248 2917 3374 2958 suas

113 3003 258 3066 ptura
287 2996 610 3061 remedium,
638 2995 856 3050 dubium
881 3008 984 3048 non
1005 3003 1088 3073 est
1115 2992 1218 3047 hoc
1242 3007 1362 3048 esse
1391 2993 1585 3057 solum,
1618 2999 1675 3045 ut
1778 2992 2015 3062 virgines
2046 3003 2145 3057 :et
2175 2991 2221 3046 si
2238 3014 2265 3069 _:
2301 2993 2410 3064 58
2436 3007 2541 3047 non
2574 2992 2790 3061 felices,
2824 2993 3020 3050 habent
3041 3003 3242 3050 tamen.
3276 2997 3371 3053 Sin

112 3139 255 3192 clesia
301 3138 565 3206 spelunca!
622 3137 910 3193 Saluatoris
937 3145 1033 3191 ἐει
1063 3136 1272 3206 posita),
1300 3137 1480 3204 ibique
1517 3136 1679 3191 etiam
1708 3136 1753 3198 C
1787 3135 2020 3206 inclusos
2047 3136 2240 3206 prodit.
2272 3135 2464 3205 Objicit
2501 3135 2916 3191 similiter‘stibii
2943 3112 3095 3191 usum
3128 3138 3358 3194 mulieri-

112 3211 354 3264 mulieres
376 3211 615 3263 virorum
641 3223 858 3263 suorum
895 3224 1118 3278 corpora
1145 3208 1386 3278 lacrytnis
1418 3207 1637 3261 diluisse
1661 3248 1676 3271 ,

111 3280 278 3345 colligi
315 3295 474 3349 posse
498 3279 726 3334 videtur
754 3296 818 3334 ex
859 3289 1011 3334 lt'aCt.
1043 3279 1110 3332 16
1133 3319 1149 3343 ,
1181 3294 1330 3332 nuttt.
1363 3278 1414 3342 5,
1446 3279 1532 3331 tibi
1567 3278 1682 3332 haec

112 3369 136 3404 a
184 3352 498 3422 mulieribus
542 3362 696 3422 gesta
743 3361 930 3422 auctor
981 3350 1216 3422 pet-belle
1271 3360 1678 3414 commemorat,

111 3437 220 3476 cum
247 3419 573 3477 Sacerdotes
598 3423 847 3475 solemnia
874 3421 1043 3473 diuina
1071 3419 1136 3474 de
1168 3434 1314 3474 more
1346 3427 1679 3488 peragerent,

111 3503 163 3544 ut
181 3492 449 3547 demortui
481 3493 712 3547 animum
746 3493 853 3545 Deo
891 3491 1349 3551 commendarent,
1379 3491 1521 3558 quod
1552 3504 1683 3544 sane

111 3563 159 3616 in
187 3562 429 3618 Ecclesia
475 3561 590 3617 ﬁeri
630 3563 832 3617 debuit.
863 3561 967 3615 Pro
998 3561 1163 3616 lavislt'
1189 3560 1330 3628 quod
1373 3572 1455 3612 est
1485 3561 1535 3612 in
1563 3575 1682 3614 om—

111 3633 257 3687 nibus
294 3648 422 3687 mss.
465 3644 520 3687 et
553 3633 684 3688 edit.
699 3632 873 3696 ψει,
899 3631 1026 3686 etlitt
1060 3631 1258 3686 habent
1286 3631 1486 3684 lavasti.
1531 3631 1682 3698 Quod

110 3718 264 3772 porro
310 3705 542 3767 dicitur.
575 3703 832 3758 mulieres
888 3718 1072 3771 corpus
1141 3704 1431 3769 expositum
1470 3703 1716 3756 crinium.

113 3776 288 3828 damno
316 3776 510 3829 velasse
543 3773 796 3843 (idipsum
839 3776 1097 3843 repetitur
1120 3782 1273 3826 tract.
1307 3772 1375 3827 l6
1401 3787 1591 3843 ,num.
1625 3772 1684 3843 5)

111 3846 304 3902 funeris
331 3860 451 3900 mos
465 3841 581 3899 erat
610 3841 718 3898 tum
741 3844 876 3914 apud
899 3841 1137 3907 Graecos,
1168 3853 1274 3895 ttun
1308 3842 1445 3911 apud
1467 3841 1686 3898 Latinos

111 3918 370 3971 usitatus:
405 3931 616 3970 comam
651 3915 791 3969 enim
828 3915 930 3968 illa)
955 3915 1054 3967 sibi
1087 3915 1374 3969 demebant
1412 3915 1685 3978 cadaveri-

110 4002 206 4056 que
241 3990 420 4042 crines
456 3987 785 4055 injiciebaut,
829 3993 888 4038 ut
915 3985 1081 4054 liquet
1110 3996 1195 4056 es
1222 3987 1487 4056 Homero,
1520 3984 1687 4056 llero-

108 4054 279 4123 diana,
331 4058 620 4113 Plutarcho
665 4065 721 4111 et
767 4056 904 4120 aliis,
954 4070 1087 4122 quos
1131 4054 1326 4122 allegat
1387 4054 1687 4123 Everardus

109 4117 362 4193 Feithius,
396 4129 786 4196 Autiquitatum
839 4117 1102 4179 Homeric.
1134 4117 1310 4196 lilift,
1338 4123 1461 4192 capi
1493 4117 1687 4196 l3.'De

110 4216 250 4253 more
275 4203 404 4255 item
435 4195 634 4254 fiebant
670 4199 896 4264 reliqua,
927 4211 1045 4266 qua;
1079 4207 1186 4249 tum
1220 4195 1326 4259 hic,
1378 4206 1485 4251 tum
1520 4209 1586 4250 tr.
1622 4195 1687 4250 16

108 4273 351 4324 similiter
377 4279 746 4334 recensentur,
767 4281 824 4322 ut
851 4283 917 4322 ne
943 4269 1134 4319 init-um
1158 4266 1225 4320 sit
1272 4267 1412 4336 quod
1438 4267 1688 4320 mulieres

108 4341 684 4410 consuctndiniputius
731 4354 890 4408 quam
919 4337 1086 4391 amori
1110 4338 1490 4406 obsequentes,
1515 4339 1687 4392 omnia
1749 4343 1752 4347 ’

107 4413 192 4464 illa
220 4415 420 4465 metilirt'
455 4416 744 4480 potuerint.

173 4485 285 4555 (ιι)
315 4485 394 4568 Qe
423 4479 676 4548 particula
713 4494 980 4568 ‘nunclpro
1010 4487 1253 4568 tempore
1273 4479 1563 4568 praeterito:
1594 4479 1679 4568 vix
1707 4510 1761 4568 ι)

110 4549 279 4607 tamen
305 4555 514 4620 elapso,
544 4559 764 4620 accepta
791 4551 912 4604 thc
943 4561 1009 4603 ιν.
1044 4556 1097 4610 2,
1129 4549 1368 4605 anttolal.
1417 4549 1503 4602 17.
1536 4549 1675 4604 Infra
1715 4549 1760 4596 ⁸(

107 4640 196 4691 pro
241 4625 398 4677 clusis
428 4623 555 4676 editi
593 4634 714 4691 post
748 4620 891 4675 _Ver.
941 4625 1220 4690 perperam
1270 4620 1466 4674 habent
1504 4621 1677 4674 elusis.

114 4693 248 4746 Inter
270 4695 458 4763 afﬁnes
484 4693 851 4761 supplevitnus
877 4706 940 4747 ex
973 4705 1071 4760 tus.
1106 4692 1288 4759 Pomp.
1322 4703 1375 4744 et
1407 4691 1677 4763 signiﬁca-

111 4775 210 4825 tur,
242 4761 436 4818 uxore-s-
462 4764 519 4830 in
546 4764 857 4816 maritorum
887 4764 1160 4831 exsequiis
1193 4777 1334 4830 saepe
1366 4777 1478 4830 pre
1533 4761 1679 4815 defe—

108 4835 281 4889 ctione
325 4836 544 4900 Spiritus
571 4834 832 4888 cecidisse
868 4833 922 4887 in
972 4843 1166 4887 terram
1190 4875 1205 4898 ,
1236 4833 1304 4886 ita
1339 4842 1394 4885 ut
1423 4833 1678 4888 incertum

107 4916 247 4958 esset
286 4907 560 4971 aftittibus,
596 4905 684 4974 qui
731 4905 974 4975 aderant.
1006 4906 1088 4958 cui
1123 4905 1290 4972 magis
1334 4901 1602 4975 eXSequize
1626 4912 1683 4956 et

111 4978 360 5046 lactymse
386 4973 905 5044 debereutur..l£dit.
949 4974 1084 5030 Ven.
1122 4989 1218 5044 pro
1246 4973 1482 5027 morienti
1525 4973 1681 5030 habet

106 5063 251 5099 ιιιοηι
259 5064 358 5100 ατο
365 5089 377 5100 .
1123 5072 1128 5076 ’

178 5120 293 5189 (45)
320 5119 542 5176 Stibium
566 5135 595 5173 a
618 5119 787 5173 Plinio
821 5126 1194 5180 memoratum,
1225 5117 1317 5170 lib.
1347 5131 1533 5189 xxxiii.
1568 5132 1688 5186 cap.

111 5193 163 5252 li,
195 5186 344 5244 nuiu.
369 5192 458 5254 54,
481 5191 681 5245 metalli
713 5191 977 5258 quoddam
1006 5202 1174 5256 genus
1195 5197 1278 5243 est
1299 5186 1460 5257 (quod
1489 5189 1693 5258 nigrum

109 5265 362 5330 pulverem
377 5263 762 5330 Tertullianus,
786 5264 850 5316 de
871 5258 1414 5320 l‘labitu‘lemiuarum,
1440 5262 1691 5326 appellat,

111 5334 192 5384 alii
223 5347 413 5388 Vocant
437 5333 780 5401 alabastrum)
805 5335 880 5386 sic
905 5331 1103 5384 dictum
1132 5331 1425 5401 gra'eanice
1456 5347 1482 5380 a
1511 5332 1691 5393 στίϐω,

109 5417 202 5457 leo
233 5406 444 5472 στείϐω,
467 5400 914 5472 adstringo,qnud
941 5401 1303 5472 adstringendi
1346 5400 1448 5472 vini
1483 5401 1694 5472 habeat,

112 5489 282 5543 eoque
315 5469 440 5530 cum
462 5469 740 5527 uterentur
785 5469 1036 5543 mulieres
1071 5471 1371 5543 iniucunda
1404 5469 1691 5543 faciercu-

108 5539 281 5614 lisque
311 5544 690 5616 perpoltendis.
725 5543 826 5616 vel,
859 5552 912 5594 ιιι
940 5540 1299 5616 Τι-ιίιιΙΙὶίηιιε
1327 5542 1398 5616 ait
1426 5539 1498 5616 de
1532 5540 1688 5616 Cttllu

109 5609 696 5684 fertittt..'porrigettdis;
727 5611 790 5684 de
817 5626 922 5684 quo
944 5611 1138 5663 \‘idesis
1161 5609 1442 5684 Georgium
1464 5610 1688 5684 laurico-

111 5685 238 5748 lam,
267 5680 360 5740 lib.
386 5680 501 5740 ith
524 5685 724 5738 Natura
749 5681 1030 5742 feasilium.
1055 5695 1171 5748 cap.
1198 5683 1282 5734 11.
1306 5680 1432 5733 lure
1459 5680 1514 5734 S.
1547 5680 1691 5737 Zeno

112 5755 270 5809 ﬂetus
313 5752 608 5811 muliebres
654 5755 710 5806 in
761 5752 928 5816 stibio,
970 5764 1075 5820 quo
1110 5750 1249 5804 Oculi
1306 5750 1688 5821 deterguntur,

1785 3205 1885 3259 bus
1913 3207 2088 3259 viduis
2118 3205 2555 3271 Commodianus,
2587 3205 2952 3268 Instruct..59.
2982 3222 3122 3262 vers.
3153 3210 3206 3263 7.

1857 3277 1969 3346 (lli)
1995 3277 2371 3346 ReSpiciuntur
2423 3279 2662 3348 liticloco
2696 3279 3133 3348 imprecmioiies,
3175 3279 3369 3348 quibus

1786 3349 2043 3420 mulieres
2074 3349 2246 3404 Vidine
2277 3363 2388 3416 prae.
2431 3346 2621 3402 dolore”
2663 3347 2765 3402 sibi
2798 3358 3022 3404 mortem
3048 3359 3103 3404 et
3137 3346 3366 3420 suVSpen-

1785 3417 1932 3490 dium
1967 3434 2109 3490 saepe
2135 3422 2556 3490 atlprecantttr.”
2838 3489 2843 3490 ν
3206 3451 3209 3453 .

1857 3487 1973 3571 (17)
2026 3487 2223 3544 Petitur
2254 3491 2339 3544 hic
2384 3505 2480 3559 pro
2505 3488 2617 3553 illo,
2642 3490 2733 3562 qui
2767 3489 2975 3545 viduam
3007 3490 3109 3545 sibi
3138 3505 3364 3548 uxorem

1855 3567 1935 3613 ιιι.
2440 3584 2442 3587 ·

1785 3574 1976 3700 ιἼιιιὲ)
2007 3629 2104 3684 Ms.
2124 3629 2621 3700 Pomp.polliceore;
2647 3631 2758 3685 Sub
2787 3631 2946 3701 linem
2979 3633 3184 3686 numeri
3214 3634 3371 3701 quale

1788 3700 1906 3755 libet
1949 3702 2393 3772 scripsimuspro
2432 3703 2580 3770 quale
2607 3703 2762 3768 velit;
2790 3703 2876 3758 ubi
2911 3700 3047 3772 forte
3089 3704 3203 3756 livet
3227 3700 3371 3757 scri-

1789 3782 1935 3839 ptutn
1987 3785 2087 3842 pro
2132 3772 2246 3825 libet
2293 3771 2538 3840 migravit
2562 3772 2636 3842 Ain
2668 3773 2786 3827 uelit
2816 3771 3012 3842 :quale
3041 3772 3160 3826 libet
3187 3785 3369 3830 autem

1787 3843 1932 3903 idem
1955 3840 2019 3907 ac
2043 3846 2416 3911 qualecumque.
2451 3843 2510 3896 V.
2543 3840 2655 3897 Cie.
2690 3859 2725 3896 ιι
2753 3845 2816 3896 de
2843 3840 2968 3896 Nat.
2988 3883 3002 3906 ,
3034 3857 3084 3895 c.
3119 3844 3208 3898 57.

1862 3912 2179 3995 (“Hii-ope
2197 3929 2344 3995 sonte
2361 3916 2610 3967 dicuntur
2639 3912 2887 3994 secundae
2911 3913 3106 3994 nttptite
3125 3927 3234 3982 prce
3263 3930 3366 3995 nu-

1788 3982 1911 4053 ptiis
1943 3982 2147 4046 tertiis,
2174 3985 2406 4050 quartis,
2450 3994 2576 4045 etc.,
2600 4000 2718 4052 qum
2765 3982 2996 4052 antiquis
3025 3984 3371 4038 exsecrandm

1787 4054 1914 4107 visae.
1937 4064 2060 4108 sunt
2083 4072 2098 4120 ;
2120 4053 2192 4124 de
2221 4070 2326 4123 quo
2354 4055 2503 4124 plura
2533 4056 2746 4108 dissert.
2772 4070 2839 4118 tt,
2873 4068 2992 4123 cap.
3026 4053 3078 4107 7.

1859 4124 1976 4194 (20)
2009 4125 2102 4179 Ms.
2143 4122 2329 4193 l‘omp.
2357 4122 2565 4194 nuptias
2596 4127 2646 4177 iu
2677 4129 2920 4195 margine
2943 4122 3202 4196 corrigit.
3237 4125 3373 4181 Post

1789 4211 1956 4266 pauca
1987 4213 2086 4250 ms.
2118 4196 2290 4264 Rem.
2310 4197 2426 4267 plus
2455 4212 2550 4265 pro
2581 4197 2772 4265 plures.

1863 4291 1976 4367 (2i)
2011 4290 2232 4367 Pereunt
2256 4290 2451 4367 dicitur
2478 4303 2616 4367 non_
2641 4287 2708 4367 de
2748 4302 2882 4367 vera.
2916 4286 3107 4367 culpa,
3153 4287 3250 4367 sed
3289 4286 3368 4367 de

1788 4357 2128 4419 Contitientim
2146 4357 2373 4424 jactura,
2389 4375 2548 4426 quam
2569 4360 2739 4414 vidua!
2754 4357 2949 4426 sa'pius
2967 4357 3227 4411 nubentes
3242 4359 3372 4413 sub-

1789 4447 1948 4497 eunt;
1983 4446 2088 4494 auo
2136 4430 2224 4494 ﬁt,
2279 4440 2334 4484 ut
2379 4444 2478 4486 suo
2506 4431 2755 4497 exemplo
2798 4428 3224 4483 adolescentulus
3253 4431 3369 4482 vir-

1784 4496 1942 4575 gines
1965 4504 2159 4572 perire,
2183 4500 2340 4570 idest
2360 4496 2680 4571 virginitatis
2699 4500 2961 4570 iacturam
2988 4496 3162 4553 facere
3180 4538 3194 4564 ,
3217 4513 3388 4556 com-.

1786 4574 2004 4644 pellant.
2460 4574 2489 4593 ν’
2589 4589 2604 4616 ·.
3360 4587 3380 4593 ⁸

1862 4650 1976 4743 (ἐξ)
2003 4665 2098 4743 με.
2125 4665 2336 4743 Toleni.
2362 4645 2483 4729 quid
2504 4643 2624 4743 sint,
2645 4663 2825 4743 quibus
2841 4664 2893 4716 in
2916 4672 3016 4743 tarn
3035 4662 3364 4743 solemnibus.

1787 4735 1965 4792 Paulo
1987 4735 2105 4805 post
2147 4752 2245 4790 ms.
2283 4737 2432 4789 Item.
2467 4736 2676 4803 contigit
2720 4749 2817 4801 pro
2844 4735 3124 4803 contingit;
3155 4743 3210 4789 et
3249 4743 3370 4802 post
3438 4760 3442 4766 -

1789 4823 1955 4876 pauea
1985 4822 2106 4861 cntn
2137 4806 2268 4861 edit.
2297 4805 2431 4860 Ven.
2463 4806 2591 4889 ﬁunt
2621 4819 2721 4857 una
2751 4820 2847 4873 pro
2877 4814 2994 4860 sunt
3021 4821 3146 4858 una.

1860 4900 1974 4971 (ἳὸ)
2005 4897 2379 4971 N0u_ve5tales
2400 4897 2710 4962 solum,sed
2739 4895 3090 4971 aliagqnoque
3114 4896 3364 4971 Gentium

1787 4965 2020 5040 virgines
2043 4986 2072 5020 τι
2103 4969 2428 5040 Tertulliauo
2460 4977 2825 5040 memorantur
2858 4965 2919 5040 _i_n
2953 4968 3228 5040 Exltortat.
3269 4965 3371 5040 Ga-

1793 5037 1907 5109 stit.
1964 5055 2082 5108 cap.
2133 5040 2245 5094 l3:
2296 5038 2551 5092 Noveram
2590 5039 2807 5109 uirgines
2857 5038 3016 5092 Vesta
3057 5037 3368 5109 et_Junom's

1794 5107 1931 5181 apud
1959 5105 2166 5174 Achaia?
2194 5111 2439 5182 oppidum
2467 5152 2480 5170 ,
2513 5120 2559 5182 et
2602 5105 2890 5182 Appellinis
2926 5108 3065 5182 apud
3103 5105 3366 5182 Delphos,

1795 5180 1840 5240 et
1876 5182 2112 5236 Minerva
2140 5191 2183 5235 et
2217 5181 2395 5236 Diana:
2418 5180 2723 5251 quibusdam.
2762 5181 2884 5235 locis
2909 5197 2928 5234 :
2955 5181 3142 5249 quibus
3172 5180 3366 5233 similia

1796 5256 1992 5323 repetit
2029 5255 2114 5308 lib.
2150 5254 2267 5324 t_ad
2301 5252 2563 5321 Uxorem,
2605 5268 2724 5322 cap.
2747 5253 2794 5307 6.
2820 5252 3119 5324 Pausanias
3139 5253 3240 5324 litt.
3273 5267 3366 5315 ιιι,

1796 5321 1913 5393 cap.
1970 5325 2033 5379 l6
2054 5366 2068 5390 ,
2101 5321 2339 5380 meminit
2365 5321 2784 5394 virginumoquaa
2816 5323 3029 5378 Hilaris
3056 5331 3111 5377 et
3139 5321 3370 5394 Phoebes

1800 5392 1950 5452 crant
1979 5396 2287 5451 sacerdotes
2308 5392 2518 5464 .atque
2547 5392 2847 5463 Leucipides
2874 5395 3202 5448 dicebautur.
3240 5392 3366 5445 Ves-

1802 5469 1981 5540 talium
2027 5484 2124 5521 stto
2163 5482 2374 5540 quoque
2404 5463 2991 5540 tempttre,_flttretttium
3034 5463 3360 5540 mentionem

1758 5597 1762 5600 η
1798 5537 1918 5609 facit
1946 5531 2338 5609 Symmachus,
2369 5531 2649 5609 prttflecttts
2678 5535 2854 5604 Urbis.
2907 5534 3277 5609 in__relatione_
3297 5531 3364 5609 ad

1801 5604 2267 5668 Valentinianum}
2300 5604 2660 5662 Theodosium
2719 5615 2774 5659 et
2817 5604 3120 5666 Arcadium,
3162 5620 3215 5657 n.
3262 5604 3363 5665 li,

1797 5694 2002 5734 necnon
2035 5683 2092 5735 S.
2122 5679 2438 5734 Ambmsius
2461 5719 2476 5744 ,
2519 5677 2609 5731 lib.
2641 5676 2741 5730 ide
2775 5674 3113 5744 Virginitate,
3146 5687 3264 5743 cap.
3293 5673 3365 5738 4-,

1797 5751 1952 5819 epist.
1987 5751 2081 5815 18,
2113 5765 2257 5824 num;
2285 5750 2368 5802 ll;
