3820 6220
150 278 240 329 ﬁl",

1331 272 1532 326 l.l|‘.lilt
1578 270 1614 324 Ι.
1661 270 2067 326 TRACTA'I'US
2113 273 2193 327 \‘l.

3285 279 3381 333 ."tli

148 388 418 442 nundicam
434 387 641 457 spatiis,
677 385 769 440 sed
799 385 1374 449 momentishorarum,
1406 383 1453 453 (t
1475 384 1519 452 1)
1541 397 1711 451 :eqtta-
1740 389 1788 444 Λ
1818 384 2039 448 lubrica,
2075 372 2500 455 permotionibus
2529 388 2734 441 crebris
2774 398 2825 443 et
2862 387 3061 458 rapidis
3085 403 3141 444 se
3179 404 3390 459 semper

149 481 311 533 biliter
338 496 393 531 se
424 478 609 547 partiri
636 493 740 530 non
777 486 975 545 posset,
1000 476 1045 531 si
1074 476 1398 545 impatientia
1428 490 1556 529 Sttus
1582 490 1704 529 cur-

149 587 227 626 sus
251 580 472 640 urgcrct.
508 570 656 623 Luna
702 584 914 637 quoque
935 610 948 633 ,
1002 583 1121 637 qua:
1147 567 1463 638 quibusdam
1496 567 1706 623 videtur

150 679 309 717 errare
332 662 593 715 curriculo
616 661 949 723 menstruali,
973 660 1243 715 solemnes
1262 675 1372 714 sure
1401 661 1549 729 ignes
1576 668 1702 715 aita-

145 756 205 817 tis
228 754 359 825 quod
391 769 676 825 numquam
713 764 975 824 prterngat
1021 757 1339 823 importune,
1394 768 1493 808 nec
1545 754 1705 808 dero-

149 860 254 919 gat;
281 849 399 919 quid
427 850 569 903 aliud
599 849 823 919 intelligi
853 849 1027 913 datur,
1063 863 1221 918 quam
1251 848 1331 901 sui
1357 846 1561 918 opificis
1590 862 1701 900 mo-

149 942 389 996 derationi
418 943 731 998 deserviens
777 942 1098 1011 peritiSsima
1155 942 1379 1011 insignis
1434 941 1700 1011 patientia:

148 1035 443 1102 disciplina?
468 1036 573 1091 Sed
606 1046 661 1091 et
690 1052 836 1091 mare
861 1039 1036 1091 ventis
1066 1037 1372 1092 lacessitum
1395 1078 1409 1102 ,
1450 1052 1570 1091 cum
1598 1038 1701 1089 ira—

147 1126 315 1191 scitur,
336 1129 575 1195 quamvis
597 1129 868 1195 reciproca
896 1129 1279 1193 vicissitudine,
1296 1143 1454 1187 .nune
1485 1128 1700 1197 pulsati.

151 1222 273 1274 tibus
301 1221 510 1285 ctelum,
566 1237 708 1275 nunc
757 1221 1152 1291 requirentibus
1183 1233 1376 1277 terram
1423 1221 1698 1276 msmami-

147 1313 233 1368 bus
273 1313 498 1383 undique.
530 1314 712 1368 vitreis
763 1324 1023 1368 armatum
1080 1315 1387 1379 montibus,
1449 1312 1698 1367 violentis

148 1405 383 1459 undarum
404 1406 739 1461 smvientiunt
767 1407 1015 1472 cumulis,
1043 1416 1151 1461 toto
1179 1421 1404 1475 oorpore
1431 1405 1694 1470 insaniat;

147 1508 304 1552 tamen
334 1510 696 1553 extremorum
730 1499 925 1567 pallido
960 1515 1023 1554 ex
1072 1514 1290 1555 recursu
1322 1499 1648 1554 voluminum
1679 1537 1695 1564 ,

144 1591 276 1659 quasi
300 1590 384 1657 jus
415 1598 573 1644 terrae
624 1604 955 1660 cognoscens
980 1630 995 1655 ,
1054 1604 1117 1645 ac
1164 1589 1363 1644 violare
1411 1590 1653 1644 devitans
1680 1630 1696 1656 ,

68 1712 73 1713 ν
145 1682 261 1736 mira
284 1683 528 1753 patientia
558 1684 612 1735 in
642 1698 701 1737 se
732 1680 1025 1751 frangitur,
1070 1683 1367 1753 iisdemque
1415 1681 1696 1748 fluctibus,

1809 492 2157 547 expugnans;
2189 480 2394 534 animus
2449 481 2714 547 infidelis;
2759 487 2920 537 etiam
2955 482 3057 538 sibi
3097 491 3248 537 actus
3293 484 3389 537 im~

1806 568 2084 636 providus,
2140 569 2424 637 instabilis,
2483 586 2690 637 cmcus,
2726 573 2966 628 incautus
2995 615 3010 638 ,
3048 575 3384 637 inconstans,

1808 671 1949 715 totus
1976 662 2247 716 concitans
2276 663 2333 725 in
2358 658 2626 729 ruinam;
2666 680 2752 720 res
2798 666 2916 721 sine
2943 664 3262 732 substantia,
3297 683 3388 719 nc-

1804 755 2006 824 gotiunt
2036 756 2152 809 sine
2182 770 2405 823 pchuna
2437 772 2450 809 :
2484 760 2663 811 omnia
2694 757 2801 811 cito
2826 740 3022 825 tentat,
3055 760 3232 812 omnia
3273 775 3388 813 Ino-

1807 856 1990 903 mento
2013 848 2298 914 disturbat,
2329 858 2501 903 mater
2547 851 2831 904 criminum
2856 892 2870 914 ,
2919 852 3241 906 curiositatis
3276 836 3405 904 ma?

1804 944 1992 1013 gistra,
2043 957 2266 997 acumen
2299 945 2634 1009 temeritatis,
2664 953 2848 999 auctor
2881 944 3271 999 detestabilinm
3298 958 3390 1012 pa-

1805 1034 1934 1089 riter
1958 1049 2020 1090 ac
2047 1034 2299 1104 magistra
2318 1036 2584 1091 malorum
2608 1054 2619 1088 :
2651 1037 2883 1090 hominis
2908 1052 3138 1104 namque
3159 1037 3395 1091 salutent.

1804 1127 1871 1180 ab
1904 1128 2239 1182 incunabulis
2287 1128 2467 1183 mttndi
2501 1144 2645 1183 mors
2676 1140 2729 1182 ut
2751 1130 3021 1201 jngularet
3063 1145 3124 1183 ac
3152 1129 3377 1200 jugulet,

1803 1220 1870 1273 ab
1897 1222 2005 1289 ipsa
2035 1222 2293 1290 prorupit.
2348 1221 2583 1291 Denique
2629 1222 2800 1276 Adam
2830 1251 2833 1254 ι
2861 1221 3012 1293 (Gen.
3061 1222 3120 1293 tt)
3161 1223 3210 1277 itt
3260 1236 3384 1277 arce

1804 1326 1923 1366 cum
1956 1322 2096 1367 esset
2134 1312 2309 1367 adhuc
2341 1314 2569 1382 paradisi
2622 1314 2945 1370 constitutus
2967 1358 2980 1381 ,
3016 1315 3384 1370 beatis-imus-

1804 1419 1907 1474 que
1950 1404 2092 1458 beati
2135 1406 2281 1459 orbis
2332 1407 2555 1475 imperio
2605 1409 2901 1477 potiretur;
2962 1404 3160 1463 tamdiu
3206 1410 3330 1464 felix
3361 1450 3377 1475 ,

1807 1496 2007 1551 tamdiu
2037 1498 2516 1556 inexterminahilis
2540 1502 2694 1567 vixit,
2723 1503 2975 1572 quamdiu
3012 1506 3269 1572 imperata
3300 1521 3385 1559 te-

1803 1587 1941 1655 galis
1993 1587 2153 1640 edicti
2214 1590 2498 1643 continuit.
2558 1593 2627 1647 At
2692 1592 2778 1645 ubi
2834 1594 3050 1647 sinistro
3118 1609 3383 1650 eousensu

1806 1679 1970 1751 (Ibid.
1997 1678 2076 1749 ιιι)
2106 1680 2274 1734 invidi
2297 1681 2410 1751 (16)
2432 1682 2812 1739 exlnbricitate
2828 1686 3091 1754 serpentis
3117 1700 3198 1741 eSt
3219 1688 3386 1756 impa—'

143 1775 316 1844 quibus
334 1775 561 1844 cogitur,
595 1773 914 1829 refrenatur,
964 1775 1086 1830 Ηςυο
1110 1776 1530 1846 ger-minantibus
1580 1790 1701 1845 pra-
1731 1775 1778 1833 B
1807 1772 2045 1824 tientiam
2075 1780 2374 1837 mutuatus,
2421 1789 2696 1845 sacraeque
2740 1777 2948 1830 arboris
2998 1792 3213 1847 pomum
3244 1781 3384 1835 male
3423 1798 3426 1802 “

146 1869 222 1933 tis,
250 1867 505 1922 messibus
558 1866 728 1929 flavis,
758 1868 954 1923 vitibus
994 1868 1194 1933 curvis,
1220 1866 1573 1937 setnipallidis
1597 1868 1695 1921 oli-

142 1963 213 2013 vis
238 1969 289 2015 et
328 1960 638 2015 felicitatem
667 1969 885 2030 priestat
909 1970 963 2014 et
984 1960 1244 2030 gratiam;
1275 1976 1394 2015 cum
1446 1959 1695 2014 uniuscu-

138 2055 311 2123 jusque
350 2054 609 2124 temporis
657 2053 793 2109 fetus
825 2061 974 2123 partu
1003 2054 1166 2109 crudo
1187 2053 1241 2107 in
1270 2054 1488 2109 alterius
1513 2064 1698 2107 contu-

145 2147 352 2202 meliam”
373 2148 490 2221 (12)
514 2148 845 2218 impatientia
872 2164 974 2203 non
998 2148 1126 2203 sinit
1157 2148 1513 2218 prtecipitate.
1559 2148 1696 2216 Quid

142 2242 306 2294 avium
334 2239 441 2314 65
490 2232 824 2297 diversarum
854 2242 1043 2296 decora
1067 2242 1390 2296 commercia
1424 2239 1535 2311 (15)
1561 2242 1699 2295 litte-

144 2344 343 2404 rataquc
363 2334 389 2388 ἲ
413 2334 554 2402 Quid
583 2334 765 2390 arduis
810 2334 1071 2389 volatibus
1123 2348 1300 2388 aerea:
1336 2334 1535 2403 grues?
1562 2332 1696 2401 Quid

143 2428 346 2496 piscium
367 2428 710 2483 dissimilium
731 2445 851 2484 cum
872 2428 983 2482 suis
1015 2427 1113 2481 sibi
1137 2423 1563 2497 ductoribus(l4)
1578 2440 1727 2506 gra-‘

141 2519 264 2573 datae
290 2521 457 2577 artatis
490 2520 918 2576 innumerabiles
942 2519 1136 2577 cunei?
1188 2518 1375 2573 Nonne
1416 2533 1536 2573 cum
1567 2517 1702 2572 invi-

145 2614 308 2666 tationi
334 2626 636 2684 temporum
673 2601 895 2682 parent,
946 2614 1307 2682 solemnisque
1336 2612 1555 2682 remigis
1580 2625 1703 2680 spe-

141 2707 274 2762 cioso
292 2707 549 2763 diseursu'
588 2709 669 2763 vel
730 2723 895 2779 aquas
947 2709 1201 2773 sulcant,
1234 2708 1319 2762 vel
1346 2722 1466 2762 aera
1513 2706 1702 2761 disdii-

140 2812 313 2868 guunt,
344 2810 397 2855 et
423 2801 700 2872 patienter
729 2801 943 2856 veniunt
970 2844 986 2869 ,
1018 2812 1073 2856 et
1101 2803 1359 2871 patienter
1402 2800 1704 2856 excedunt?

197 2891 276 2949 ill.
310 2893 468 2950 Solus
522 2897 678 2949 homo
707 2910 965 2965 praeceps.
997 2896 1144 2951 solus
1173 2895 1456 2963 impatiens
1478 2935 1494 2959 ,
1524 2893 1703 2962 pravis

139 2985 356 3052 quotidie
383 2986 772 3042 mobilitatibus
817 2987 1014 3057 gaudet
1045 3004 1056 3039 :
1105 2986 1447 3042 varietatibus
1484 2985 1662 3040 studet
1685 3002 1708 3045 τ,

136 3078 373 3132 miserum
412 3094 474 3133 se
511 3088 679 3148 putat,
710 3080 754 3134 si
786 3081 899 3148 ipse
920 3080 991 3134 sit
1013 3122 1029 3145 ,
1064 3094 1163 3135 nec
1191 3079 1436 3148 intelligit
1461 3093 1572 3133 rem
1609 3078 1702 3131 de-

1801 1863 1956 1919 dnlce
1999 1866 2285 1933 delibavit,
2335 1868 2598 1939 lacrytnas
2638 1871 2854 1939 reperit,
2887 1870 3099 1926 dolores
3127 1882 3179 1926 et
3216 1874 3383 1942 gemi-

1803 1957 2115 2024 tus,spinas
2142 1966 2194 2012 et
2224 1958 2450 2014 tribulos
2498 1960 2714 2015 sibimet
2756 1964 3112 2028 comparavit,
3167 1964 3381 2018 ultimo-

1799 2063 1902 2118 que
1930 2048 2129 2105 sudore
2168 2052 2410 2106 turbatus
2443 2052 2673 2121 posteris
2711 2053 3079 2114 luereditatcm
3103 2055 3380 2127 indigesta:

1800 2142 2019 2207 mortis,
2049 2157 2169 2212 qua:
2217 2144 2563 2199 homicidium
2608 2160 2729 2199 mox
2784 2146 3019 2215 peperit,
3075 2146 3374 2216 dereliquit.

1804 2232 2043 2302 Denique
2071 2250 2171 2290 nec
2203 2249 2354 2289 mora
2403 2245 2504 2289 est.
2550 2236 2891 2305 lmpatienter
2921 2236 3144 2292 fraterni
3174 2238 3383 2291 invidus

1802 2326 2040 2397 muneris
2070 2326 2230 2397 (Ibid.
2265 2326 2343 2398 tv)
2382 2328 2492 2399 66
2521 2330 2569 2381 in
2619 2327 2797 2381 fratris
2837 2326 2967 2382 Cain
3013 2329 3229 2384 anhelat
3273 2330 3383 2384 exi-

1801 2420 1931 2473 tium
1960 2435 1973 2484 ;
2007 2430 2061 2475 et
2082 2420 2191 2475 Deo
2218 2432 2495 2492 spectante
2516 2424 2786 2493 negotium
2808 2422 2923 2494 (l7)
2954 2424 3216 2495 parricida
3247 2434 3329 2503 est
3364 2444 3375 2477 :

1802 2525 1901 2564 nec
1930 2512 2045 2581 ejus
2065 2513 2255 2567 saltem
2285 2516 2586 2568 coercentis
2618 2530 2747 2569 voce
2769 2516 3162 2584 comprimitur,
3190 2516 3282 2569 sed
3311 2529 3376 2570 eo

1803 2604 1969 2673 magis
2021 2620 2083 2660 ac
2139 2606 2306 2679 magis
2354 2600 2563 2671 instat,
2597 2607 2769 2661 donec
2799 2606 3058 2662 effusione
3104 2607 3378 2677 sanguinis

1802 2708 2117 2769 c0nceptum
2173 2698 2437 2769 piaculum
2477 2699 2795 2768 duplicetur.
2838 2699 3057 2753 Miratur
3088 2701 3233 2754 orbis
3284 2714 3372 2752 va-

1802 2809 1933 2850 cuus
1962 2809 2020 2849 se
2046 2793 2252 2848 duobus
2282 2802 2585 2863 angustum.
2620 2791 2879 2846 Mirantur
2909 2793 3172 2869 elementa
3198 2791 3372 2845 homi-~

1804 2903 1950 2952 nem,
1983 2887 2072 2956 qui
2127 2886 2296 2941 factus
2324 2885 2394 2939 sit
2442 2884 2507 2938 ad
2556 2885 2837 2953 imaginem
2867 2894 2921 2938 et
2972 2884 3371 2938 similitudinem

1806 2981 1922 3047 Dei,
1949 2980 2375 3051 possejugulari,
2411 2976 2593 3033 ethoc
2632 2992 2659 3029 a
2689 2976 2871 3030 fratre.
2909 2976 3188 3031 Erubescit
3229 2974 3375 3030 rudis

1807 3085 1951 3130 terra
1984 3073 2075 3144 pio
2097 3073 2359 3142 sanguine
2391 3069 2504 3142 (18)
2540 3068 2786 3144 impiata:
2814 3068 2969 3124 Solus
2996 3067 3123 3121 Cain
3147 3068 3380 3122 exsultat

137 3174 333 3225 mentiar
361 3188 485 3227 esse
535 3172 890 3235 consimilem,
924 3173 974 3226 in
1006 3182 1146 3228 statu
1170 3187 1269 3226 suo
1308 3172 1425 3241 (15)
1469 3172 1703 3225 animum
1730 3170 1774 3233 C
1808 3166 1990 3220 infelix
2011 3206 2026 3233 ,
2051 3165 2171 3239 (l9)
2195 3174 2247 3220 et
2269 3163 2410 3234 quod
2441 3172 2577 3218 teste
2600 3172 2764 3226 caret,
2789 3171 2937 3231 putat
2964 3176 3019 3215 se
3042 3162 3278 3216 caruisse
3302 3160 3379 3213 fa-

134 3279 227 3320 non
256 3281 493 3323 manere.
529 3268 866 3339 lmpatientia
902 3268 1044 3323 enim
1078 3266 1202 3337 quid
1249 3274 1327 3321 cst
1355 3307 1369 3332 ,
1410 3266 1512 3322 nisi
1556 3280 1705 3320 mens
1810 3263 2031 3319 cinere:
2080 3276 2236 3332 quem
2262 3261 2401 3337 Deus
2430 3258 2581 3323 vidit,
2629 3274 2785 3345 quem
2827 3256 3152 3311 conscientia
3194 3255 3376 3309 redar-

197 3474 304 3543 (11)
332 3475 387 3529 lu
436 3472 567 3527 edit.
601 3473 724 3527 Ver.
769 3480 822 3527 et
844 3487 973 3526 mss.
1004 3471 1319 3541 wquabililer
1343 3487 1397 3525 se
1425 3486 1442 3525 :
1469 3471 1521 3543 in
1545 3470 1691 3543 ven.

134 3541 354 3614 mquabili
382 3562 457 3599 se.
488 3542 649 3599 Forte
675 3543 957 3614 legendum
1004 3553 1086 3597 est
1136 3543 1307 3614 solum
1359 3541 1690 3614 azqitabiliter,

136 3611 197 3668 ita
225 3625 282 3669 ut
321 3616 519 3687 partior
550 3611 756 3687 passive
784 3623 1043 3684 sumatur,
1076 3617 1213 3687 sicut
1229 3612 1330 3687 lib.
1367 3628 1421 3667 ιιι
1470 3612 1539 3667 de
1565 3611 1694 3687 Ora:-

134 3696 237 3741 tore
262 3677 382 3756 ω’ρῖ
401 3688 495 3750 30,
521 3677 833 3739 a'Cicerone
853 3693 1155 3755 usurpatur.
1182 3684 1330 3756 Licet
1349 3691 1525 3737 autem
1553 3681 1691 3756 apud

131 3752 362 3826 antiquos
410 3758 529 3811 dies
583 3757 687 3811 late
740 3752 999 3824 acceptus
1038 3756 1267 3823 spatium
1316 3753 1567 3808 horarum
1622 3752 1692 3806 24

131 3830 581 3899 ccutpleeteretttr,
614 3836 790 3899 tamen
827 3826 1010 3880 stricte
1035 3836 1281 3899 sumptus
1302 3839 1396 3892 pro
1439 3839 1505 3899 eo
1558 3834 1691 3877 tem-

131 3894 268 3963 pore.
294 3900 436 3966 quod
469 3898 537 3951 ab
580 3896 792 3966 ortuad
824 3910 1070 3949 occasum
1098 3896 1229 3949 solis
1258 3894 1527 3966 excurrit,
1559 3910 1688 3966 non-

131 3968 219 4021 nisi
245 3964 522 4023 duodenas
549 3965 781 4036 mqualt-s
836 3966 993 4020 horas
1039 3964 1365 4019 euntiuebat.
1417 3964 1513 4019 Hic
1543 3965 1687 4019 enim

128 4038 255 4104 apud
284 4049 497 4094 veteres
524 4053 640 4089 mos
664 4036 761 4089 fuit
790 4046 848 4089 ut
896 4036 1010 4090 dies
1035 4047 1320 4103 noctesque
1345 4044 1453 4087 tum
1480 4042 1685 4099 testate,

128 4118 227 4162 tum
279 4109 475 4180 hyeme
502 4109 556 4180 in
590 4107 748 4180 horas
776 4108 1156 4180 duodecim‘ita
1187 4105 1688 4180 mqualiterdivide-

128 4174 404 4245 τρηιυτξιιι
432 4179 537 4233 diei
564 4179 732 4232 aestivi
767 4180 911 4231 hora:
935 4176 1201 4239 longiores
1230 4185 1441 4240 essent,
1471 4174 1688 4247 hyema-

126 4249 181 4302 lis
210 4260 385 4305 autem
411 4251 716 4312 breviores;
740 4258 792 4301 et
818 4263 848 4300 e
876 4259 1058 4301 contra
1093 4257 1276 4300 not-tes
1321 4262 1415 4315 per
1444 4256 1684 4299 aistatem

127 4319 273 4374 horas
298 4322 557 4375 haberent
606 4316 911 4389 breviores,
950 4334 1046 4389 per
1100 4318 1341 4389 hyemem
1382 4318 1684 4389 longiores:

126 4404 326 4459 semper
370 4400 551 4446 tamen
600 4390 739 4444 inter
767 4388 1003 4459 ejusdem
1056 4390 1159 4442 diei
1214 4388 1295 4447 vel
1332 4389 1499 4459 noctis
1522 4388 1688 4459 horas

125 4456 395 4525 aequalitas
448 4456 943 4515 servaretur.'\lide
978 4459 1329 4515 Censorinum
1359 4461 1422 4510 de
1463 4456 1559 4510 Die
1594 4472 1686 4509 na-

126 4532 225 4585 tali.
263 4550 379 4599 cap.
398 4532 503 4587 ⁸18.

1795 3469 2055 3533 (utilibus;
2086 3467 2270 3536 Pomp.
2294 3478 2347 3521 et
2369 3467 2500 3521 edit.
2531 3466 2694 3529 Ven.,
2718 3467 2892 3519 arduis
2924 3466 3253 3520 volatilibus.

1870 3538 1983 3611 (14)
2026 3538 2280 3592 Gradatus
2333 3538 2470 3611 apud
2515 3537 2742 3611 Plinium
2798 3537 2837 3611 1.ἶ
2869 3553 2978 3601 xm,
3013 3552 3061 3591 c.
3095 3539 3151 3601 Il,
3188 3553 3280 3611 pro
3308 3552 3374 3591 eo

1795 3608 1935 3678 quod
1964 3608 2042 3663 'in
2086 3610 2344 3679 graduum
2397 3608 2633 3661 formant
2671 3608 3008 3679 distt'ibtttnm
3040 3616 3156 3679 est._
3194 3608 3370 3663 Pisces

1796 3677 1971 3751 itaque
2000 3677 2182 3751 aliqui,
2216 3679 2435 3751 perinde
2461 3694 2523 3731 ac
2543 3693 2723 3747 grues,
2744 3678 2937 3751 dum‘m
2967 3677 3247 3751 quemdam
3283 3692 3367 3751 se-

1794 3748 1925 3816 cuti,
1962 3748 2249 3804 seenndum
2299 3750 2471 3803 artatis
2499 3750 2694 3818 gradus
2742 3750 2792 3800 in
2836 3753 2988 3802 cunei
3049 3748 3265 3812 figuram
3298 3750 3365 3800 ab

1796 3837 1901 3875 uno
1931 3823 2051 3877 loco
2081 3820 2146 3874 ad
2178 3820 2339 3873 alium
2369 3836 2463 3889 pro
2491 3831 2785 3890 temporum
2811 3819 3172 3873 vicissitudine
3195 3829 3366 3873 trans-

1792 3901 1942 3946 eunt.

1861 3983 1975 4055 (l5)
2010 3985 2241 4038 Aninmm
2260 3981 2587 4055 restituimus
2608 3998 2669 4034 ex
2698 3997 2825 4035 mss.
2854 3992 2909 4036 et
2939 3981 3067 4035 edit.
3100 3980 3229 4035 Ven.
3254 3982 3364 4033 Ali.

1790 4053 1989 4126 quanto
2014 4063 2135 4123 post
2173 4057 2345 4126 inuis.
2381 4053 2509 4106 Zen.
2543 4056 2707 4126 factu:
2733 4054 3040 4126 improvidus
3074 4067 3167 4119 pro
3216 4061 3362 4104 actus

1788 4124 2121 4193 improvidus.
2154 4125 2287 4178 Infra
2318 4134 2449 4177 totus
2475 4125 2720 4189 concitus,
2745 4126 2823 4177 vel
2846 4124 3123 4175 cvncitatus
3157 4138 3249 4188 pro
3277 4134 3357 4175 to-

1786 4208 1865 4249 tus
1891 4198 2146 4250 concitans
2173 4194 2431 4263 quispiam
2461 4194 2607 4246 malit
2626 4235 2638 4256 ,
2667 4197 2776 4247 sive
2807 4202 2966 4246 totum
2992 4194 3267 4256 roncituns,
3298 4194 3357 4246 τὸ

1790 4277 1946 4320 totum
1978 4276 2243 4336 sumptnut
2275 4282 2369 4335 pro
2398 4266 2587 4328 omnia,
2639 4275 2687 4317 ut
2740 4265 2877 4333 apud
2935 4278 3206 4317 anetoretn
3256 4264 3357 4317 fre-

1790 4352 1960 4408 quens
1987 4347 2089 4391 est.

1862 4427 1974 4498 (l6)
2025 4428 2119 4481 Ms.
2172 4427 2356 4495 Pomp.
2396 4436 2455 4479 et.
2490 4426 2669 4480 lubrici
2704 4427 2978 4498 serpentis.
3006 4424 3229 4478 Inferius
3258 4440 3353 4493 pro

1792 4496 1911 4578 mea:
1936 4496 2130 4568 peperit
2159 4510 2385 4567 quatuor
2411 4511 2538 4549 mss.
2570 4508 2620 4551 et
2651 4496 2779 4551 edit.
2826 4496 2979 4560 Ven.,
3021 4511 3138 4549 mox
3165 4504 3218 4549 ut
3265 4513 3353 4564 pe-

1828 4579 1937 4621 ml.
2278 4584 2291 4599 ‘

186 4624 297 4691 (l2)
322 4587 581 4709 :Ifau‘entia
605 4623 655 4709 in
687 4636 811 4709 mss.
837 4623 1023 4709 f‘nmp.
1055 4630 1107 4675 et
1136 4620 1495 4709 zentcmter‘i
1524 4617 1681 4709 codd.

1803 4587 1974 4709 Mati)
2031 4620 2384 4709 Frequentius
2413 4638 2549 4709 apud
2598 4638 2895 4706 Scriptores
2941 4636 3066 4709 Gaiu
3090 4637 3352 4709 fratricida

121 4688 233 4747 cuin
273 4688 436 4750 editis
465 4694 800 4763 impatientia.
844 4688 1137 4760 Utrumque
1194 4691 1317 4745 licet
1358 4688 1682 4763 contrarium

122 4765 342 4820 ablativo
370 4780 498 4819 casu
529 4759 1242 4830 elatum_sententi:epotest
1276 4775 1570 4829 congruere
1594 4801 1609 4820 ,
1640 4759 1683 4812 si

119 4836 358 4888 nimirum
386 4836 705 4906 impatientia
722 4826 990 4906 Feferatur
1010 4826 1082 4885 ad'
1096 4833 1315 4886 verbum
1345 4826 1679 4906 praecipitare.

119 4906 359 4971 pertinatia
388 4900 467 4957 ad'
482 4921 582 4958 non
611 4905 749 4958 sinit.
788 4903 1023 4957 Plurium
1053 4913 1228 4971 tamen
1270 4914 1333 4955 et
1354 4900 1684 4967 priestantiu-

119 4969 227 5027 rum
252 4975 415 5029 codd.
445 4973 735 5028 lectionem
786 4974 1147 5027 retinnimus-
1182 4969 1500 5025 Contumelia
1556 4984 1683 5023 vero

116 5044 303 5097 dicitur
330 5060 438 5097 non
465 5054 571 5096 tam
604 5044 671 5095 de
708 5044 886 5097 verbis
916 5058 1073 5110 quam
1114 5042 1181 5096 de
1213 5043 1396 5102 lactis;
1430 5040 1571 5094 unde
1603 5040 1684 5093 le-

116 5114 279 5178 gimus
329 5129 436 5166 non
485 5114 661 5165 minus
690 5114 855 5166 dicere
901 5112 1273 5175 contumeliam,
1314 5126 1467 5180 qttatn
1497 5112 1681 5179 facere.

118 5182 207 5237 llic
234 5197 361 5253 ergo
412 5183 620 5253 alterius
665 5182 1407 5253 contumeliaintelligitugde
1446 5180 1641 5253 damno
1665 5220 1679 5242 ,

114 5254 245 5325 quod
277 5250 779 5325 immaturifrnctus
807 5250 1215 5325 comedentibu’s
1256 5250 1447 5305 aﬂ'erre
1483 5252 1679 5315 solent,

118 5320 489 5392 nisi‘patientia
519 5321 589 5375 ab
609 5320 815 5374 edendo
842 5322 1131 5374 contineat.
1164 5361 1174 5369 .

181 5413 293 5485 (15)
314 5412 373 5466 In
409 5413 536 5467 edit.
575 5410 700 5485 ver.
730 5410 1130 5485 littorcaque._itt
1165 5412 1293 5466 Ven.
1332 5414 1673 5485 bitter-araque.

116 5479 293 5537 Melius
340 5498 373 5536 e
424 5496 553 5536 mss.
596 5479 1177 5549 liltcrataque('l‘olent.
1232 5494 1282 5535 et
1340 5481 1524 5535 Urbin.
1573 5479 1676 5548 per

115 5553 461 5607 Amanuensis
505 5565 744 5606 errorem
776 5550 963 5604 (iuerat
1009 5549 1194 5620 atque),
1234 5565 1381 5620 nam,
1412 5565 1541 5601 avns
1582 5564 1669 5604 ca-

1787 4707 2104 4777 appellalur.
2138 4718 2198 4763 ut
2225 4708 2411 4777 probat
2453 4708 2695 4762 Baluzius
2751 4724 2894 4761 num.
2942 4708 3026 4768 11,
3063 4707 3111 4760 in
3158 4707 3346 4761 librmn

1786 4776 2033 4849 Cypriani
2065 4780 2130 4834 de
2160 4776 2297 4833 bono
2328 4778 2705 4849 Fauentia-rm
2736 4779 3003 4849 parricida:
3023 4792 3212 4849 nomen
3246 4783 3350 4831 late

1788 4847 1969 4915 patere
1994 4850 2227 4904 ostendit
2258 4847 2384 4902 illud
2415 4849 2717 4918 Hicronymi
2737 4847 2795 4901 in
2819 4849 3041 4916 dialogis
3095 4847 3348 4918 adversus

1788 4919 2126 4989 Pelagianos,
2170 4920 2258 4972 ubi
2300 4916 2625 4989 parricidam
2643 4930 2797 4972 vocat
2826 4935 2945 4973 emn
2992 4922 3077 4984 qui
3108 4933 3225 4989 cum
3255 4916 3351 4970 ho.

1786 4988 1983 5044 minem
2016 4992 2080 5044 de
2108 4998 2275 5043 morte
2306 4988 2533 5042 liberare
2558 5001 2717 5057 queat
2743 5004 2848 5043 non
2880 4989 3089 5043 liberat.
3136 4988 3214 5042 Ad
3257 5004 3348 5041 ne-

1790 5075 1905 5114 ceu
1938 5075 2062 5114 vero
2090 5059 2235 5113 fratri
2280 5058 2476 5129 illatam
2523 5059 2920 5129 significandam
2962 5060 3098 5129 idem
3151 5073 3344 5111 nomen

1790 5132 2085 5184 traductum
2117 5137 2257 5195 patet
2282 5144 2344 5181 ex
2374 5127 2662 5182 Ambrosio
2682 5133 2839 5199 epist.
2870 5128 2996 5194 xxx,
3023 5146 3167 5183 nmn.
3194 5129 3249 5194 2,
3294 5137 3350 5182 et

1786 5200 1904 5253 aliis
1936 5200 2198 5261 Patribus,
2230 5200 2319 5263 qui
2353 5200 2609 5268 Absalun,
2638 5201 2717 5254 vel
2747 5198 2876 5253 Cain
2912 5201 3152 5253 similiter
3182 5202 3349 5268 parri-

1783 5272 1924 5324 cidas
1955 5277 2225 5324 vocarunt.
2255 5269 2390 5334 Quin
2416 5267 2528 5324 Cic.
2565 5288 2657 5337 pro
2682 5272 2941 5333 Cluentio,
2970 5286 3082 5338 cap.
3112 5267 3197 5332 ll,
3235 5271 3348 5334 [rn-

1783 5350 1982 5410 termtnt
2002 5340 2331 5410 parricidium
2358 5340 2604 5409 appellat.
2635 5340 2763 5393 Item
2791 5339 2843 5394 S.
2877 5341 3023 5395 Zeno
3054 5349 3214 5394 tract.
3240 5356 3305 5395 vn
3328 5385 3340 5406 ,

1782 5425 1929 5463 num.
1956 5408 2013 5480 4,
2040 5411 2104 5463 de
2137 5410 2299 5462 David
2326 5412 2398 5462 ait
2424 5408 2439 5461 :7
2471 5410 2879 5480 Parricidnlibns
2912 5414 3028 5475 [iliis
3052 5414 3230 5480 parcit,

1882 5481 1960 5551 l8)
1980 5479 2197 5551 ilﬁmpiati
2217 5481 2425 5533 thalami
2447 5482 2689 5548 facinore,
2706 5479 2906 5535 Seneca
2930 5482 3193 5550 llippolyt.
3210 5498 3349 5537 vers.

1781 5550 1937 5606 1180.
1968 5550 2048 5603 .llc
2077 5550 2339 5615 impiatum
2366 5590 2377 5612 ,
2424 5550 2718 5619 Appuleius
2748 5551 2835 5603 lib.
2864 5552 3109 5605 tbletam.
3139 5552 3346 5607 Utrobi-

111 5631 314 5685 nentes,
347 5623 471 5675 dum
503 5622 869 5675 trauSmittnut
896 5661 911 5683 ,
956 5608 1192 5673 litterata
1234 5619 1475 5689 quaedam
1523 5634 1670 5673 com-
1742 5608 1875 5688 'que
1902 5608 2340 5688 pollutunrsonat.

116 5694 304 5746 mercia
350 5701 620 5747 exercent.
671 5690 726 5744 ln
783 5704 909 5745 mss.
939 5700 995 5744 et
1020 5691 1147 5744 edit.
1184 5689 1341 5754 Ven.,
1381 5691 1672 5743 cammcrtia
1744 5698 1747 5699 '

1843 5690 1956 5759 (19)
2000 5689 2064 5745 Et
2095 5689 2396 5756 suppletum
2443 5703 2507 5745 ex
2562 5705 2690 5745 mss.
2721 5689 2899 5753 Retn.,
2932 5691 3141 5760 Pump.,
3187 5692 3345 5754 νει..

113 5772 302 5828 curnt;
332 5770 387 5816 et
414 5776 507 5830 pro
525 5761 704 5815 arduis
733 5761 980 5814 volatibus
1003 5775 1102 5815 ms.
1137 5760 1312 5819 Rem.,
1365 5760 1558 5812 arduus
1578 5775 1667 5813 νο·
1773 5760 1903 5815 Zen.
1928 5770 1980 5816 et
2003 5760 2130 5814 edit.
2167 5760 2297 5814 Ven.
