3820 6220
332 274 438 331 515

1678 266 1917 327 ΒΑΝΟἸΊ
1944 268 2234 327 ZENONIS

3492 274 3587 327 516

274 362 279 369 ’
335 385 466 455 guit,
502 399 656 456 quem
686 383 863 438 fratris
892 383 1110 453 sanguis
1153 391 1391 438 accusat;
1418 382 1555 451 Quid
1597 381 1708 453 (20)
1742 383 1921 471 impas
1944 387 1991 446 Α
2022 381 2213 465 lilium,
2258 383 2365 438 Deo
2389 383 2637 439 victiman
2693 383 3007 454 dulciorem,
3057 383 3381 449 contemnit,
3404 392 3458 439 ut
3485 400 3588 439 ser-

337 478 580 533 ticntium
627 476 1035 533 Sodomorum?
1091 475 1189 532 Ubi
1246 476 1430 534 illicite
1479 476 1581 533 viri
1643 478 1915 548 opprime-

335 568 528 622 bantur
554 582 583 622 a
601 567 747 632 viris,
770 566 1072 637 prodigiose
1091 566 1327 622 libidinis
1350 568 1501 645 ignes
1524 567 1663 637 ignis
1696 567 1919 641 (21)(Ῐί-

343 663 499 714 vinus
530 659 818 715 incendet:
855 659 1206 730 intestinique
1252 658 1508 716 facinoris
1555 657 1766 729 fmdus,
1811 676 1918 732 quo

341 751 667 808 infeliciores
705 752 942 807 subactis
975 793 990 818 ,
1052 752 1234 807 infami
1293 742 1448 809 basta
1491 748 1933 824 persequentes,

344 844 613 913 hospitum
645 854 789 915 terga
811 843 1293 914 depopulabantur,
1339 860 1373 902 e
1406 846 1546 903 coelo
1572 846 1745 902 imber
1773 846 1921 901 fusus

344 952 373 991 a
404 937 647 1002 Domino,
674 924 905 992 llamtiiis
928 945 983 1006 et
1011 936 1269 1006 isulpliure
1295 947 1552 1003 armatus,
1581 938 1775 1009 pmnali
1798 928 1922 1007 pro-

347 1029 482 1085 cella
521 1029 738 1084 delexit.
779 1028 950 1084 Judaei
995 1028 1403 1084 concinionibus
1448 1037 1688 1094 tument,
1732 1028 1919 1082 altaria
1964 1064 1969 1068 -

346 1122 524 1177 divina
576 1137 697 1178 cum
729 1125 1050 1177 venerantur
1075 1129 1353 1188 evertunt,
1412 1120 1558 1175 varia
1604 1120 1752 1180 caede
1800 1135 1923 1191 pro-

346 1214 537 1283 phetas
586 1212 826 1281 elidunt,
858 1210 1077 1282 Moysen
1108 1226 1294 1267 amore
1346 1212 1513 1287 nimiq
1555 1210 1795 1281 lapidare
1823 1226 1917 1267 co-

346 1314 543 1359 nantur
588 1302 779 1375 (Exod.
815 1318 920 1368 xlv,
976 1303 1068 1372 10)
1095 1302 1111 1357 :
1142 1303 1402 1360 adversus
1453 1303 1738 1359 Dominum
1779 1318 1923 1359 sem-

346 1411 440 1465 per
490 1393 682 1465 ingrati
717 1394 880 1449 variis
929 1393 1297 1450 molitionibus
1329 1402 1598 1465 pugnant,
1632 1394 1922 1464 multisque

347 1491 451 1544 diis
488 1505 549 1544 ac
598 1489 809 1560 regibus
851 1489 1056 1545 servire
1086 1489 1374 1560 gestiunt,
1428 1490 1517 1558 qui
1567 1490 1654 1544 uni
1690 1489 1800 1544 Deo
1831 1503 1922 1559 per

349 1582 734 1652 impatientiam
758 1582 959 1637 servire
984 1581 1206 1637 minime
1244 1590 1548 1651 potuerunt.
1912 1591 1916 1595 '

425 1672 513 1728 IV.
565 1671 670 1727 Sed
715 1671 1062 1743 impatientiae
1111 1670 1371 1726 hactenus
1416 1670 1665 1741 exempla
1718 1669 1924 1740 prolata

349 1768 493 1832 sint;
542 1782 713 1837 neque
736 1767 877 1821 enim
905 1776 987 1820 est
1014 1754 1277 1831 studiose,
1310 1775 1367 1819 ut
1415 1764 1670 1832 arbitror,
1720 1778 1925 1817 inemo-

353 1859 576 1914 randum
603 1900 617 1924 ,
669 1859 808 1927 quod
852 1858 1120 1928 optaveris
1164 1856 1647 1927 compescendam;
1694 1856 1927 1910 maxime

353 1966 475 2007 cum
504 1951 619 2021 ejus
658 1957 846 2004 natura
894 1951 963 2004 sit
1012 1950 1174 2013 talis,
1211 1956 1269 2003 ut
1294 1962 1563 2018 nunquam
1610 1958 1848 2002 moretur
1874 1947 1928 2001 in

356 2041 606 2111 propriis,
652 2040 745 2095 sed
790 2040 842 2094 iu
892 2040 1159 2109 publicum
1189 2048 1299 2093 tota
1318 2038 1519 2117 diii'usa
1553 2038 1659 2093 sit:
1688 2036 1931 2091 dili‘ama-

354 2131 589 2186 tionibus
618 2131 823 2202 vigeat:
855 2130 959 2185 liuc
1001 2140 1161 2201 atque
1192 2131 1321 2186 illuc
1355 2127 1587 2185 aestuans
1615 2130 1763 2185 varie
1789 2144 1929 2185 caeca

358 2234 699 2295 prorumpat:
730 2226 868 2279 victa
914 2225 983 2281 sit
1008 2233 1216 2291 autem,
1249 2226 1293 2280 si
1320 2224 1679 2280 dissimulatio
1705 2223 1960 2303 celebri-V

357 2327 517 2374 tatem
563 2317 680 2388 ejus
704 2318 974 2382 obscuret,
1022 2316 1174 2373 Nunc
1198 2316 1263 2372 ad
1290 2317 1559 2387 patientiae
1598 2324 1933 2371 revertamur

359 2411 629 2475 virtutem,
659 2424 777 2477 qum
822 2408 1113 2478 majoribus
1142 2409 1340 2463 nostris
1367 2406 1703 2479 (22).illustri
1738 2407 1931 2462 virtute

361 2521 645 2573 perennem
675 2506 899 2576 gloriam
929 2505 1035 2576 67
1066 2504 1270 2574 peperit
1296 2512 1351 2569 et
1376 2502 1625 2558 salutem.
1653 2500 1788 2557 Abel
1811 2501 1934 2556 ideo

359 2604 559 2667 martyr
602 2598 722 2666 quia
764 2596 940 2665 justus
994 2594 1207 2667 (Matth.
1244 2610 1392 2661 χχιιι,
1420 2594 1542 2665 55);
1587 2594 1709 2649 ideo
1756 2594 1934 2662 justus

357 2688 475 2757 quia
522 2689 761 2757 patiens;
792 2703 822 2741 a
851 2701 958 2757 quo
986 2688 1092 2756 pati
1138 2693 1401 2758 martyres
1448 2684 1787 2751 didicerunt,
1841 2701 1933 2753 pa-

253 2848 258 2853 ,
357 2778 538 2834 tiendo
559 2779 809 2846 libenter,
848 2778 988 2849 quod
1020 2794 1126 2833 non
1176 2788 1472 2833 merentur.
1503 2775 1617 2832 Noe
1664 2775 1929 2847 cataclys-

362 2886 528 2938 mum,
560 2885 666 2940 quo
694 2870 870 2925 omnis
894 2884 1023 2925 caro
1080 2869 1316 2925 funditus
1367 2868 1636 2925 deleretur
1659 2908 1675 2935 ,
1726 2868 1933 2921 denun-

360 2965 525 3019 tiante
552 2963 684 3028 Deo,
715 2963 991 3017 imminere
1019 2976 1114 3031 per
1157 2970 1421 3016 momenta
1475 2968 1530 3029 et
1572 2958 1744 3015 credit
1770 2969 1826 3014 et
1867 2958 1931 3013 ti-

364 3066 509 3123 met,
560 3070 866 3127 arcamque,
906 3070 1026 3125 cum
1084 3055 1197 3109 suis
1225 3065 1281 3109 ut
1329 3046 1507 3109 salvus
1556 3052 1737 3119 foret,
1770 3066 1930 3123 quam

2018 466 2106 528 vet
2128 490 2143 540 ;
2171 464 2403 529 destinat
2416 464 2688 547 jugulare,
2716 491 2784 532 ne
2796 476 3026 548 jugulet,
3050 489 3277 532 securus
3300 475 3393 530 illo
3413 489 3470 531 se
3491 464 3611 531 non.

2020 586 2179 642 posse
2198 572 2487 644 displicere
2512 573 2772 639 facinore,
2804 573 2943 644 quod
2968 573 3080 628 Deo
3100 572 3389 643 gerebatur
3418 580 3586 627 aucto-

2020 680 2098 721 re.
2126 666 2172 720 υ
2193 679 2388 733 novum
2418 666 2807 735 spectaculum,
2839 680 2901 718 ac
2923 680 3049 720 vere
3092 664 3201 719 Deo
3245 663 3463 735 dignum
3487 654 3510 715 ε’
3540 664 3586 717 in

2021 770 2128 826 quo
2146 755 2371 838 definire
2391 755 2610 812 difficile
2656 766 2739 811 est
2764 766 2937 811 utrum
2972 757 3042 811 sit
3086 755 3589 824 patientiorsacer-

2023 848 2122 903 dos
2159 864 2225 901 an
2254 848 2489 903 victima.
2534 848 2651 903 Non
2695 849 3052 917 percussoris;
3109 852 3215 901 noh
3264 847 3589 917 percutiendi

2022 937 2283 992 claudicat
2322 940 2507 1004 color,
2555 952 2659 1004 non
2697 937 2933 993 membra
2989 949 3224 992 tremore
3280 937 3589 1003 vibrantur,

2022 1026 2397 1092 nomdemissi,
2429 1043 2531 1082 non
2559 1028 2691 1083 torvi
2731 1012 2856 1082 sunt
2881 1028 3044 1083 oculi.
3072 1026 3243 1082 Nemo
3280 1037 3475 1098 rogat,
3503 1044 3591 1082 ne-

2023 1134 2112 1174 mo
2140 1118 2387 1197 trepidat,
2416 1133 2656 1175 nemose
2688 1129 2942 1188 excusat,
2988 1133 3147 1186 nemo
3200 1118 3446 1173 turbatur
3477 1161 3492 1185 ,
3532 1134 3593 1174 nc

2024 1226 2152 1266 vere
2174 1212 2243 1266 sit
2272 1211 2638 1281 parricidium.
2674 1204 2787 1285 (2t)
2813 1211 2909 1268 Ille
2950 1212 3178 1282 lignum,
3207 1224 3316 1280 quo
3336 1208 3591 1281 inuratur,

2022 1302 2123 1358 sibi
2148 1313 2465 1373 prteportat;
2494 1302 2586 1358 ille
2608 1318 2758 1381 aram
2780 1302 2957 1358 struit.
2990 1302 3083 1357 Ille
3102 1301 3306 1380 exserit
3334 1299 3588 1370 gladium,

2013 1395 2115 1451 ille
2142 1395 2408 1451 cervicem
2442 1411 2547 1452 uno
2576 1406 2724 1462 voto,
2755 1409 2856 1451 una
2887 1394 3209 1460 devotione;
3240 1406 3308 1447 ne
3325 1391 3454 1463 quid
3476 1407 3595 1464 pro—

2024 1490 2203 1545 lanum
2232 1489 2336 1553 sit,
2370 1489 2652 1559 diligenter
2678 1504 2741 1542 ac
2790 1488 3057 1559 patienter
3099 1485 3305 1557 geritur
3355 1484 3504 1555 quod
3536 1484 3598 1538 ab

1958 1650 1961 1653 η
2026 1584 2196 1639 altero
2220 1584 2543 1639 celebratur.
2583 1583 2693 1640 Sub
2715 1590 2883 1664 tanto,
2915 1579 3251 1653 nou‘dicam,
3303 1577 3596 1633 immanita-

2029 1680 2117 1744 tis,
2148 1680 2241 1735 sed
2268 1680 2444 1749 potius
2466 1680 2634 1750 ipsius
2656 1689 2858 1733 natura:
2882 1684 3025 1731 metu
3049 1675 3157 1730 lasti
3188 1684 3336 1729 sunt.
3374 1674 3491 1730 Soli
3518 1689 3601 1729 ce-

1955 1772 2105 1835 Bdit
2130 1770 2350 1826 aﬂ‘cCtns
2384 1770 2590 1839 pietati,
2632 1759 2803 1838 pietas
2858 1767 3138 1838 religioni;
3178 1752 3330 1820 ‘favet
3375 1767 3602 1835 utrisque

2031 1864 2234 1934 religio.
2288 1863 2491 1918 Medius
2529 1868 2708 1930 stupet
2756 1859 2964 1933 gladius
3021 1858 3169 1912 nullo
3222 1857 3603 1924 impedimento

2030 1969 2343 2027 suspensus,
2364 1953 2689 2009 mactatione
2706 1951 2926 2008 terribili
2948 1951 3174 2023 gloriam
3194 1964 3254 2005 se
3278 1950 3603 2018 praestitisse,

2032 2063 2136 2102 non
2162 2046 2387 2101 crimen.
2418 2044 2554 2113 Quid
2587 2044 2689 2099 hoc
2714 2044 2835 2099 est?
2864 2044 3001 2099 Ecce
3025 2042 3329 2098 immanitas
3352 2042 3404 2095 in
3430 2040 3602 2105 lldcm,

2031 2148 2083 2195 et
2108 2140 2283 2193 scelus
2306 2139 2494 2192 transit
2523 2138 2574 2191 iu
2597 2144 2992 2191 sacramentum
3023 2151 3036 2188 :
3064 2132 3332 2204 parricida
3365 2132 3607 2187 incruen-

2034 2240 2118 2284 tus
2148 2229 2306 2293 redit,
2329 2230 2384 2284 et
2414 2229 2502 2297 qui
2552 2229 2857 2284 immolatus
2878 2224 3265 2298 est,63vivit.
3291 2225 3408 2296 (25)
3444 2224 3604 2279 Ambo

2014 2322 2132 2391 (sibi
2147 2321 2335 2393 gloria,
2359 2323 2515 2375 ambo
2529 2320 2787 2377 claritatis
2806 2319 3311 2390 exemplum,ambo
3334 2319 3429 2373 Dei
3443 2317 3607 2373 cultus

2032 2416 2351 2471 admirabile
2381 2414 3174 2471 sacculistestimonium.Felix
3218 2412 3371 2468 orbis
3424 2412 3604 2479 fuerat,

2032 2507 2250 2575 fratres,
2275 2507 2319 2561 si
2346 2520 2535 2562 omnes
2559 2507 2638 2561 sic
2669 2505 2860 2562 tierent
2886 2504 3187 2575 parricidas.

2104 2598 2193 2653 Vl.
2217 2598 2384 2655 Jacob
2412 2598 2565 2669 (Gen.
2582 2598 2749 2668 xxvu)
2767 2614 2863 2669 per
2889 2597 3194 2669 patientiam
3216 2603 3270 2650 et
3286 2594 3609 2650 benedictio-

2034 2704 2155 2744 nem
2204 2688 2439 2743 lucratus
2470 2687 2582 2760 (26)
2608 2696 2661 2744 et
2688 2687 2907 2742 fratrem
2940 2687 3065 2742 :dat
3097 2684 3391 2740 iracundia:
3437 2685 3607 2739 locum

2032 2793 2270 2843 securus,
2307 2790 2364 2841 ut
2392 2776 2577 2832 redeat
2604 2777 2861 2832 domum:
2908 2776 3045 2848 patri
3072 2776 3442 2841 commendat,
3491 2789 3610 2830 seu-

2032 2874 2130 2949 sim
2171 2873 2417 2941 mitisque
2472 2870 2718 2936 discedit,
2744 2878 2801 2924 ut
2831 2870 3021 2941 probet
3054 2884 3127 2941 se
3169 2879 3222 2924 et
3270 2870 3532 2925 meruisse
3560 2878 3611 2924 et

2035 2980 2139 3020 non
2164 2963 2438 3028 ambiisse,
2473 2963 2616 3034 quod
2646 2964 2862 3017 meruit.
2891 2964 2967 3017 Ac
2997 2978 3065 3017 ne
3088 2961 3210 3031 quis
3241 2961 3383 3016 lianc
3412 2961 3615 3030 patieii.

2036 3057 2162 3110 tiam
2189 3053 2488 3109 timiditatis
2517 3053 2732 3109 nomine
2757 3040 3025 3115 obscuret,
3056 3053 3107 3106 in
3129 3050 3390 3107 ducendis
3408 3065 3614 3121 quoque

354 3149 538 3217 jussus
574 3159 655 3204 est
684 3147 859 3205 facere
883 3190 899 3216 ,
944 3163 1048 3204 non
1102 3147 1358 3218 praecipiti
1400 3146 1738 3205 fesiinatione
1780 3160 1930 3201 com-
1956 3153 2001 3217 ο
2034 3146 2423 3219 uxoribus_talis
2442 3145 2773 3200 estconditio
2796 3142 3609 3218 (Ibid.xxts).Libensexcipit:

364 3244 560 3314 pingit;
584 3258 680 3297 nec
708 3252 909 3298 tantum
938 3259 1129 3297 munus
1156 3242 1305 3311 quasi
1335 3240 1455 3313 (25)
1474 3250 1828 3311 praesumptor
1843 3249 1936 3296 aut

358 3334 581 3388 demens
606 3336 763 3403 rapit,
794 3334 887 3389 sed
913 3334 1176 3404 patienter
1205 3332 1455 3397 aediﬁcat,
1488 3330 1752 3402 patienter
1776 3347 1933 3386 exor-

361 3434 473 3490 nat,
506 3425 767 3493 patienter
792 3425 949 3479 variis
976 3424 1335 3479 animantibus
1377 3427 1566 3493 replet.
1595 3422 1823 3491 Quando
1852 3425 1933 3476 in-

356 3518 501 3586 gredi
546 3517 816 3587 jubeatur,
859 3518 1069 3588 quando
1104 3517 1321 3587 januam
1372 3507 1639 3583 claudere,
1672 3516 1933 3588 patienter

357 3620 666 3680 exspectat;
717 3611 908 3680 dignus
936 3611 1184 3678 evadere,
1214 3614 1303 3682 qui
1333 3612 1386 3687 in
1415 3620 1560 3667 tanto
1586 3612 1732 3666 orbis
1783 3620 1928 3666 metu

358 3720 460 3760 non
492 3707 758 3773 festinavit
782 3694 1032 3762 evadei'e.

431 3797 487 3849 V.
526 3797 673 3851 Nunc
700 3798 827 3852 mihi
861 3798 1093 3853 Abrahae
1139 3799 1483 3855 memoranda
1532 3808 1623 3855 est
1661 3800 1795 3855 mira
1838 3800 1929 3855 illa

358 3890 575 3944 tentatio
596 3883 747 3962 (Gen.
783 3889 940 3958 xxii),
959 3906 1075 3959 qua:
1097 3906 1217 3944 eum
1249 3900 1340 3945 aut
1363 3890 1681 3962 sacrilegum
1709 3892 1926 3957 fecerat,

355 3982 397 4033 si
424 3992 788 4036 contemneret
819 3982 1006 4047 Deum,
1029 3994 1121 4037 aut
1148 3983 1441 4051 crudelem,
1470 3985 1512 4039 si
1541 3979 1817 4039 occideret
1861 3984 1925 4037 ll-

356 4073 481 4127 lium
509 4114 522 4138 ,
553 4074 657 4150 nisi
685 4075 907 4146 quadam
938 4076 1191 4146 singulari
1220 4092 1281 4133 ac
1311 4092 1436 4132 vere
1458 4077 1634 4132 divina
1668 4078 1923 4147 patientia

354 4165 493 4220 inter
541 4165 853 4236 religionem
886 4167 1242 4239 pietatemque
1282 4170 1551 4239 negotium
1584 4177 1925 4240 temperaret,

356 4260 408 4313 in
434 4275 527 4329 spe
559 4275 661 4313 nou
685 4259 953 4331 denegans
979 4264 1107 4326 Deo,
1131 4263 1271 4332 quod
1292 4272 1476 4317 contra
1509 4279 1660 4336 spem
1702 4276 1927 4331 accepe-

353 4362 435 4407 rat
458 4369 487 4407 a
514 4355 619 4409 Deo
651 4353 822 4423 (Rom.
857 4370 929 4423 IV,
956 4355 1063 4427 18).
1084 4355 1246 4427 igitur
1273 4358 1417 4411 Isaac
1438 4357 1537 4412 sibi
1555 4340 1923 4412 dulcisSimum

425 4536 536 4605 (20)
566 4529 1338 4610 Legeretfortassequisqniam
1358 4538 1724 4605 impatientiam
1747 4533 1912 4610 Sodo-
1943 4544 1998 4603 1)

354 4623 567 4659 morum.
596 4606 698 4660 Sed
730 4607 995 4661 subaudiri
1030 4606 1199 4675 potest
1233 4610 1580 4674 meminerim,
1625 4606 1765 4677 quod
1800 4606 1918 4660 vcr—

358 4680 478 4731 bum
507 4692 624 4730 cum
656 4677 886 4749 genitivo
924 4679 1200 4733 commode
1220 4679 1477 4749 jungitur.

427 4748 543 4887 (2i)
587 4750 638 4800 In
662 4748 816 4802 editis
848 4759 958 4802 erat
986 4749 1248 4805 divinitus.

449 4820 537 4885 2‘2)
580 4820 702 4873 Mss.
727 4818 907 4887 Pomp.
932 4820 1047 4875 Val.
1066 4822 1241 4875 etedit

449 4820 537 4885 '22)
580 4820 702 4873 Mss.
727 4818 907 4888 Pomp.
932 4820 1047 4875 Vat.
1066 4822 1263 4875 etedit.
1284 4819 1443 4885 Ven.,
1466 4818 1701 4873 illustris.
1726 4818 1915 4872 Postea

356 4905 449 4960 pro
470 4892 593 4954 ‘qniu
612 4894 801 4960 justus,
836 4904 930 4944 lllS.
958 4891 1076 4945 Vat.
1110 4893 1229 4959 quin
1258 4890 1473 4945 illustris
1501 4892 1746 4955 etjuslus.

428 4960 541 5031 (23)
574 4961 919 5033 Praesumptor
938 4961 1074 5033 apud
1097 4962 1505 5024 Tertullianunt,
1526 4963 1587 5013 de
1616 4960 1919 5033 Paenitentia

359 5045 475 5098 cap.
508 5033 558 5089 6.
585 5031 920 5088 Ammianum
944 5031 1329 5096 Marcellinum,
1361 5048 1506 5098 sxw,
1540 5042 1585 5085 5.
1618 5031 1914 5091 Sedulium,

359 5117 501 5153 num.
530 5104 583 5165 4,
618 5114 671 5159 et
698 5103 958 5172 signiﬁcat
989 5119 1134 5169 eum,
1160 5106 1246 5173 qui
1289 5115 1413 5158 aute
1459 5114 1664 5172 tempus
1718 5101 1915 5170 aliquid

360 5174 517 5237 capit,
551 5188 642 5227 seu
672 5174 926 5242 praeripit.

434 5243 545 5311 (24)
574 5246 627 5298 In
659 5261 771 5299 ms.
809 5246 1001 5314 .Potup.
1029 5244 1251 5299 deerant
1279 5247 1458 5307 verba,
1485 5243 1575 5297 Ille
1592 5244 1923 5311 lignum,quo

360 5311 606 5381 inuratur,
639 5314 733 5370 sibi
767 5311 1071 5386 praeportat;
1102 5319 1189 5371 ille
1217 5336 1359 5372 aram
1383 5318 1528 5370 struit
1554 5333 1571 5369 :
1603 5317 1652 5369 in
1686 5314 1923 5383 margine

362 5394 533 5458 autem
572 5389 810 5454 sequenti
858 5388 1074 5458 periodo
1124 5389 1452 5458 subjicienda
1512 5394 1752 5441 notantur
1798 5394 1925 5458 (post

366 5457 578 5509 verbum
604 5456 899 5514 celebratur.
927 5460 1033 5513 lloc
1058 5460 1175 5515 loco
1226 5456 1420 5515 inserta
1478 5469 1599 5513 sunt
1650 5458 1699 5508 in
1747 5456 1922 5521 edili<,

367 5528 457 5578 sed
518 5542 827 5595 βενβεΐθηι,
884 5546 999 5585 Cum
1051 5532 1200 5599 prius
1246 5548 1333 5584 ara
1382 5537 1683 5583 constructa
1740 5527 1928 5587 fuerit,

368 5614 532 5677 quam
555 5616 583 5655 a
608 5614 751 5672 patre
780 5606 977 5672 gladius
1001 5615 1355 5661 exsereretur.
1379 5606 1538 5673 Igitur
1560 5599 1931 5677 auctoritatem

372 5688 471 5757 ius.
507 5675 655 5733 Item.
678 5677 866 5745 secuti,
896 5692 1049 5735 suum
1093 5680 1143 5733 in
1188 5677 1362 5733 locum
1408 5672 1735 5733 sententiam
1782 5672 1951 5726 resti-.

366 5752 581 5803 luimus.

2036 3242 2240 3312 prolixa
2271 3239 2825 3311 temporaobservat:
2854 3224 3033 3291 omnia
3056 3236 3229 3290 soceri
3264 3235 3437 3289 libens
3481 3235 3615 3289 tole-

2036 3344 2119 3388 rat
2161 3322 2414 3402 impcrata
2448 3349 2461 3385 :
2492 3332 2581 3401 qui
2613 3333 2657 3385 si
2691 3339 2833 3385 esset
2864 3329 3179 3398 impatiens,
3212 3337 3328 3380 astu
3383 3326 3613 3382 circum-

2034 3426 2285 3494 scriptus,
2317 3440 2411 3492 pro
2436 3422 2635 3478 Itacbel
2662 3419 2998 3491 postmodum
3051 3427 3291 3486 tempore
3344 3430 3611 3488 nunquam

2036 3527 2288 3585 reparato
2306 3515 2552 3571 serviret.
2584 3509 3073 3595 SimiliterJosepb
3102 3510 3309 3580 patiens
3342 3508 3613 3564 invenitur

2036 3607 2197 3681 (Ibid.
2232 3607 2432 3677 xxxv")
2476 3604 2592 3680 (ΞΤ)
2621 3622 2651 3659 e
2672 3618 2870 3676 pascuo
2895 3612 3076 3658 cum‘a
3100 3600 3361 3656 fratribus
3386 3602 3608 3668 rapitur,

2036 3704 2397 3773 patiens,cum
2429 3701 2481 3755 in
2506 3710 2718 3769 puteum
2744 3696 3060 3761 demittitur,
3110 3694 3318 3763 patiens
3335 3694 3467 3749 dura
3490 3708 3609 3749 cum

2034 3794 2151 3867 (28)
2172 3794 2318 3847 basta
2336 3792 2668 3855 distrahitur,
2686 3789 2895 3859 patiens
2921 3790 2971 3841 in
2998 3801 3238 3850 Carcere,
3261 3786 3312 3839 iu
3338 3802 3503 3856 regno
3520 3802 3611 3854 pa-

2034 3888 2268 3949 tientior,
2295 3883 2712 3954 patientissimus
2746 3880 2861 3953 (29)
2914 3879 3245 3945 desideratus
3271 3892 3394 3932 cum
3421 3878 3609 3933 fratres

2032 3987 2350 4048 agnosceret
2382 3996 2394 4031 :
2423 3986 2474 4031 et
2496 3975 2581 4031 ubi
2601 3972 2856 4044 jactautia
2888 3986 2943 4025 se
2972 3986 3074 4024 non
3104 3977 3290 4039 (potest
3310 3969 3603 4034 continere,

2036 4074 2235 4141 positus
2260 4074 2310 4126 in
2346 4052 2546 4126 honore
2573 4067 2851 4123 continuit.
2884 4063 3130 4119 Caelestis
3155 4060 3395 4132 profecto
3415 4072 3494 4116 est
3511 4062 3608 4115 ista

2033 4166 2312 4234 patientia,
2343 4177 2501 4232 quam
2524 4176 2553 4215 a
2581 4175 2679 4215 suo
2701 4168 2839 4213 statu
2865 4172 2969 4211 non
3006 4170 3241 4209 aerumna
3276 4194 3290 4219 ,
3346 4168 3451 4209 non
3494 4150 3608 4221 feli-

2026 4260 2187 4324 citas,
2222 4274 2326 4312 nou
2352 4254 2571 4308 allectus
2595 4252 2765 4321 potuit
2792 4262 3159 4305 commovere.

2106 4349 2215 4405 VII.
2270 4348 2541 4403 Adversus
2585 4345 2685 4400 Job
2734 4342 2978 4398 diabolus
3030 4340 3218 4412 (Job.t
3268 4349 3315 4394 et
3384 4338 3483 4412 ti),
3517 4340 3605 4410 qui

2094 4530 2204 4600 (25)
2234 4528 2288 4599 in
2323 4527 2456 4583 Ven.
2490 4526 2746 4589 editione,
2780 4524 2937 4577 Ambo
2970 4524 3132 4594 igitur
3160 4522 3330 4593 gloria
3364 4523 3606 4578 claritatis

2026 4618 2166 4655 exem
2175 4602 2334 4669 plum.

2096 4702 2209 4769 (26)
2237 4701 2291 4755 In
2318 4699 2474 4753 editis
2500 4706 2553 4751 et
2579 4711 2704 4769 mss.
2733 4696 3000 4769 plerisque
3020 4670 3247 4746 lucratus
3282 4703 3359 4769 est
3377 4690 3459 4769 :et
3481 4708 3602 4747 vero

2024 4764 2122 4842 pro
2151 4782 2224 4827 est
2254 4772 2437 4826 docuit
2465 4784 2563 4822 ms.
2595 4764 2746 4821 Rem.
2781 4764 3095 4842 et‘melius‘;
3127 4779 3249 4817 nam
3299 4764 3469 4842 Jacob
3513 4779 3603 4842 per

2022 4833 2329 4916 patientiam
2356 4844 2587 4916 lucratus
2619 4853 2744 4916 vere
2778 4846 2858 4889 est
2889 4852 2994 4890 non
3035 4835 3253 4897 fratrem
3284 4837 3483 4901 solum,
3508 4833 3597 4891 sed

1938 4924 1941 4925 '
2023 4908 2075 4969 et
2104 4912 2527 4969 benedictionem
2542 4920 2594 4963 et
2619 4908 2859 4963 fratrem.

2095 5032 2217 5103 (2⁸1)⁴
2231 5029 2355 5083 Mss.
2385 5028 2561 5090 Reum,
2579 5025 2783 5103 _To_l._et
2801 5024 2922 5103 vet.
2944 5040 2969 5077 e
2994 5012 3211 5103 pascua,
3230 5021 3419 5076 cmteri
3440 5038 3467 5075 e
3489 5039 3598 5090 pas-

2021 5093 2137 5159 cuo.
2173 5093 2423 5153 Pascuum
2454 5097 2592 5166 apud
2635 5093 3006 5160 Columellam,
3031 5109 3119 5166 in,
3156 5093 3242 5157 16,
3269 5110 3456 5155 pascuo
3478 5107 3595 5146 vero

2021 5173 2158 5241 apud
2190 5164 2596 5247 'l‘ertullianum,
2624 5166 2848 5235 Apolog.
2871 5180 2987 5233 cap.
3018 5164 3105 5217 22.

2099 5280 2212 5353 (28)
2244 5281 2372 5333 Cum
2403 5280 2523 5348 quid
2548 5279 2756 5349 publica
2786 5272 3406 5353 auctionevcuderetur,
3432 5276 3594 5343 erigi-.-

2026 5348 2202 5408 batur'
2234 5353 2399 5407 hasta.
2434 5353 2483 5403 in
2507 5348 2661 5419 quam
2696 5366 2805 5403 rem
2840 5351 2953 5417 vide
2985 5348 3309 5416 singularem
3340 5350 3590 5399 disserta-

2034 5428 2230 5477 tionem
2276 5423 2416 5476 Junii
2464 5422 2663 5475 Rabirii
2696 5422 2757 5475 de
2788 5422 3043 5472 hastarum
3092 5420 3455 5471 etauctioumu
3500 5419 3595 5468 ori-

2070 5497 2149 5547 ine
2173 5494 2307 5562 apud
2334 5492 2625 5556 Graevium,
2661 5502 2786 5543 tom.
2822 5506 2901 5562 ut,
2925 5489 3159 5562 pag._i9.
3192 5488 3374 5562 itaque
3404 5487 3594 5562 Josepli

2052 5577 2187 5617 iaSIa
2210 5559 2497 5617 distractus
2522 5564 2739 5627 dicitur,
2765 5561 2905 5629 quod
2932 5559 3179 5614 auctione
3208 5560 3435 5627 quadam
3483 5561 3598 5628 plus

2032 5635 2272 5693 oll‘ereuti
2304 5633 2603 5689 divenditus
2624 5634 2711 5687 sit.

2109 5730 2221 5808 (29)
2253 5728 2349 5788 Ms.
2383 5726 2594 5787 Tolent.
2623 5725 2955 5785 desideratus.
