3820 6220
377 282 482 338 519

1754 280 1995 337 SANCTI
2031 279 2321 337 ZENONIS

3511 279 3626 335 320

378 397 625 463 nomina,
651 397 747 452 soli
775 397 983 452 labores
1012 396 1319 465 imponunt:
1346 410 1465 450 cum
1493 411 1706 452 errores
1723 396 1948 450 suoslu-
1974 404 2018 463 Α
2051 396 2157 465 72
2181 393 2345 448 corde
2374 402 2494 458 est,
2525 405 2577 449 et
2609 395 2891 451 ineffabilia
2938 391 3016 465 (7)
3042 392 3159 463 ejus
3197 391 3286 446 illa
3334 393 3623 462 sapientia:

378 488 497 542 nari
542 491 740 544 circulo
792 489 1140 553 adscribunt;
1187 504 1305 542 cum
1358 490 1552 560 ingenii
1600 491 1681 545 sui
1725 504 1940 544 carmen

376 580 479 652 71
505 581 606 635 coli
647 581 732 634 vel
754 581 979 634 maxime
1003 567 1251 648 cupiunt;
1274 581 1349 636 sic
1378 595 1436 635 se
1461 589 1514 636 et
1535 581 1670 636 alios
1693 582 1940 651 perdide-

377 677 502 724 runt
529 689 541 724 :
571 687 689 724 nam
712 669 793 742 (5)
834 680 1039 725 mutato
1069 662 1286 727 nomine
1325 682 1374 728 et
1405 674 1548 728 cultu
1575 713 1592 740 ,
1621 675 1770 744 quasi
1819 682 1957 743 pro-'

374 771 514 815 mota
544 761 612 814 sit
636 762 888 825 somniis,
920 761 1007 815 illa
1033 762 1306 818 scholares
1327 766 1624 820 calumnias
1649 765 1742 820 Dei
1771 781 1940 835 usque

374 851 440 904 ad
462 849 756 905 Ecclesiam
784 853 1212 922 transmiserunt,
1264 864 1322 910 ut
1367 857 1418 909 in
1461 856 1575 925 ipsa
1619 873 1867 926 quoque,
1894 858 1940 912 si

373 944 605 1000 insanire
631 943 875 1013 cuiquam
902 946 1085 1011 libeat,
1113 948 1252 1003 Deus
1278 949 1354 1004 illi
1389 963 1492 1004 non
1547 950 1803 1005 colendus
1845 952 1936 1018 sit,

372 1035 464 1091 sed
493 1035 1012 1104 qumrenddsOuod
1045 1055 1181 1093 nunc
1211 1039 1408 1094 faciunt
1440 1029 1796 1107 infidelespde
1821 1044 1942 1110 qui-

368 1127 468 1183 bus
492 1126 758 1195 Scriptum
780 1127 953 1181 divina
984 1131 1108 1198 quid
1136 1131 1464 1201 pronuntiet,
1497 1118 1774 1208 audiamus
1799 1150 1812 1185 :
1845 1148 1938 1187 cu-

362 1216 450 1285 jus
479 1217 575 1271 ista
604 1228 728 1272 sunt
768 1218 968 1273 verba:
1026 1219 1390 1275 Dentinuerunt
1441 1223 1697 1277 ueritatem
1736 1242 1768 1276 a
1815 1225 1938 1294 ﬁliis

369 1308 643 1362 hominum.
682 1307 826 1362 Vana
856 1311 1012 1365 locuti
1031 1323 1146 1391 sunt
1175 1314 1610 1384 unusquisque-ad
1644 1317 1939 1392 proximum
1952 1373 1964 1379 Α,

368 1415 514 1453 suum
543 1417 561 1453 :
589 1401 723 1455 labia
769 1403 949 1477 dolosa
996 1405 1049 1457 in
1077 1405 1228 1458 corde
1266 1406 1422 1458 locuti
1460 1417 1578 1460 sunt
1604 1409 1760 1462 mala.
1811 1407 1964 1463 Dis-‘

370 1491 547 1561 perdat
579 1493 717 1547 Deus
746 1495 978 1550 uniuersa
1008 1497 1142 1549 labia
1171 1497 1366 1551 dolosa
1391 1507 1438 1551 et
1464 1498 1690 1570 linguam
1741 1500 1935 1570 magni-

369 1585 593 1654 loquam.
623 1585 722 1655 Qui
747 1587 980 1641 dixerunt
1015 1604 1034 1642 :
1061 1587 1311 1660 Linguam
1343 1599 1567 1644 nostram
1591 1592 1936 1661 magniﬁcabi-

368 1691 502 1742 mus,
531 1677 666 1730 labia
686 1689 858 1732 nostra
889 1678 966 1749 (4)
996 1697 1027 1732 a
1053 1679 1195 1734 nobis
1225 1689 1380 1746 sunt;
1424 1685 1534 1750 quis
1563 1693 1731 1737 noster
1757 1679 1934 1736 Domi-

366 1782 464 1819 nus
483 1777 554 1821 est
582 1767 698 1839 (Ps.
727 1785 798 1836 st,
851 1769 954 1824 let
975 1771 1149 1841 seq.)?

434 1857 497 1911 ll.
545 1856 686 1914 Hanc
716 1861 1017 1929 superbiam
1057 1863 1318 1934 Propheta
1369 1866 1557 1921 tumidi
1596 1867 1773 1926 cordis
1818 1867 1938 1922 evi-

343 1931 504 2034 dans,
529 1952 606 2006 sic
631 1952 801 2022 inquit
825 1953 889 2007 ad
921 1931 1195 2009 Dominum
1222 1973 1235 2007 :
1259 1955 1494 2023 Domine,
1517 1974 1617 2011 non
1643 1968 1714 2012 est
1737 1957 1932 2013 exalta-

365 2039 470 2097 tum
495 2061 582 2098 eor
610 2062 771 2100 meum
801 2046 919 2117 (Ps.
957 2062 1126 2113 cus,
1175 2050 1250 2114 1),
1287 2065 1409 2103 cum
1446 2047 1707 2117 scriptum
1747 2050 1878 2105 sciat
1917 2067 1930 2103 :

366 2134 445 2206 (5)
483 2134 650 2189 Homo
674 2136 806 2191 uidet
839 2140 891 2191 in
917 2139 1044 2209 [acie
1064 2179 1077 2204 ,
1107 2137 1242 2193 Deus
1281 2139 1333 2192 in
1379 2139 1530 2194 corde
1557 2139 1601 2212 (Ι
1637 2141 1761 2210 Reg.
1793 2143 1931 2212 ινι).

367 2227 556 2283 Nonne
588 2229 940 2298 injuriosum,
992 2231 1078 2286 vel
1125 2245 1579 2300 supervacaneum
1605 2245 1607 2247 ‘
1634 2234 1930 2304 putabitur,

371 2320 483 2374 Deo
513 2321 750 2376 indicare
775 2323 914 2392 quod
947 2324 1202 2379 noverit?
1227 2324 1415 2380 Absit:
1447 2325 1646 2391 indicat
1689 2328 1808 2393 ille,
1840 2329 1932 2383 sed

367 2413 523 2466 nobis
547 2453 562 2478 ,
591 2429 725 2483 quos
753 2415 934 2483 cupit,
961 2416 1099 2486 quod
1130 2415 1254 2471 facit
1281 2433 1343 2472 ac
1382 2417 1668 2493 prtedicat,
1711 2419 1929 2473 imitari.

365 2504 508 2585 Ergo
538 2506 723 2575 inquit,
775 2505 896 2561 Non
924 2520 998 2562 est
1045 2511 1322 2564 exaltatum
1373 2527 1461 2564 cor
1507 2527 1695 2576 meum,
1733 2512 1934 2567 docens

343 2597 444 2672 (6)
471 2600 731 2668 optimum
782 2615 901 2655 esse
923 2602 1242 2657 sacrificium
1272 2603 1381 2658 Deo
1399 2618 1492 2658 cor
1511 2598 1930 2659 contribulatum

361 2691 480 2764 (Ps.
501 2709 566 2754 ι..
589 2692 706 2764 9.9).
730 2694 1082 2765 QuaprOpter,
1119 2695 1339 2762 fratres,
1362 2695 1688 2751 efferendum
1714 2713 1820 2751 non
1847 2706 1933 2752 est.

361 2791 636 2856 prosperis
664 2787 842 2857 rebus,
871 2789 963 2842 sed
994 2790 1184 2844 timore
1216 2789 1307 2844 Dei
1344 2789 1484 2845 intra
1505 2792 1930 2846 mansuetudinis

363 2885 535 2933 metas
566 2876 900 2952 verecundia:
936 2881 1088 2938 freno
1135 2883 1496 2938 cohibendum
1528 2915 1547 2947 ,-
1581 2893 1636 2938 ut
1667 2884 1931 2952 possimus

364 2956 556 3024 merito
614 2973 804 3026 mereri
848 2972 1118 3043 Scriptura
1166 2968 1307 3044 quad
1338 2973 1508 3028 dicit:
1546 2973 1818 3030 Proximus
1860 2986 1934 3029 est

368 3063 507 3120 Deus
551 3066 901 3149 contribulatis
930 3068 1114 3131 corde,
1159 3077 1206 3122 et
1254 3067 1468 3123 humiles
1491 3069 1674 3138 spiritu
1718 3069 1933 3124 salvabit

2045 499 2109 561 ac
2159 486 2368 539 virtutis
2418 493 2655 554 potestas
2702 486 2956 554 ἰιιιι-ε-(ὃ)
2985 483 3256 538 hominem
3308 493 3625 553 susceptum

2039 576 2181 646 jacet
2207 561 2387 647 magis.
2408 578 2774 632 admirabilior
2796 619 2810 642 ,
2848 579 2968 647 quia
3000 583 3176 649 tantus
3192 587 3276 628 est
3304 584 3359 630 et
3380 577 3522 630 talis.
3557 577 3628 632 Et

2045 668 2205 723 homo
2224 670 2464 724 curiosus
2515 684 2610 724 cor
2652 663 2806 722 suum
2848 665 3096 742 extollit',
3127 675 3456 738 conaturque
3496 668 3626 738 ejus

2043 759 2494 830 comprehendere
2519 760 2856 814 altitudinem
2877 800 2892 826 ,
2924 760 3075 829 cujus
3099 774 3206 814 non
3239 761 3486 830 sequitur
3513 761 3621 816 hu-

2044 851 2320 904 militatem
2350 849 2373 901 ?
3215 863 3220 868 ·
3637 923 3644 928 ν

2113 939 2199 994 lll.
2243 935 2519 1010 Sequitur,
2551 956 2613 995 ac
2649 941 2816 996 dicit:
2849 941 3028 1013 Neque
3051 943 3174 997 elati
3200 951 3320 997 sunt
3347 945 3484 998 oculi
3517 945 3624 1000 mei

2045 1031 2159 1101 (Ps.
2185 1020 2342 1086 assit.
2380 1033 2451 1102 1).
2482 1031 2772 1087 Oculorum
2804 1032 2952 1102 pejor
2978 1041 3060 1088 est
3084 1050 3268 1102 causa,
3312 1037 3434 1103 quia
3464 1037 3622 1092 exal-

2043 1126 2170 1176 tatio
2191 1123 2370 1177 cordis
2400 1123 2465 1176 ad
2495 1139 2690 1192 paucos
2733 1125 3004 1192 pertinet,
3032 1127 3312 1182 oculorum
3342 1130 3506 1183 elatio
3548 1129 3622 1183 ad

2039 1229 2228 1270 omnes
2255 1233 2268 1268 :
2293 1215 2358 1269 de
2386 1217 2584 1286 quibus
2634 1217 2867 1272 Joannes
2891 1217 3181 1288 discipulis
3206 1221 3332 1289 quid
3362 1222 3627 1292 pradicet

2023 1307 2285 1361 omnibus
2321 1319 2400 1360 e51
2430 1295 2486 1361 in
2514 1307 2596 1380 (9)
2622 1325 2741 1362 usu.
2775 1307 2971 1377 Nolite,
3005 1312 3196 1381 inquit,
3225 1309 3453 1385 diligere
3470 1331 3624 1368 mun-

2038 1398 2182 1466 dum,
2208 1415 2364 1468 neque
2411 1415 2470 1452 ea
2511 1415 2623 1470 qua:
2662 1401 2716 1453 in
2745 1402 2933 1456 mundo
2962 1413 3100 1457 sunt.
3134 1403 3193 1459 Si
3238 1406 3352 1475 quis
3380 1406 3626 1460 dilexerit
3661 1395 3664 1398 ’

2039 1493 2278 1544 mundum
2298 1530 2312 1555 ,
2344 1507 2445 1566 non
2477 1487 2550 1544 esi
2574 1477 2763 1546 caritas
2791 1493 2950 1560 patris
2987 1494 3041 1546 in
3069 1511 3150 1560 eo,
3198 1496 3443 1565 quoniam
3474 1511 3624 1550 omne

2035 1581 2171 1651 quod
2189 1581 2242 1633 in
2271 1579 2460 1634 mundo
2487 1591 2560 1635 est
2580 1585 2988 1655 concupiscentia
3026 1586 3198 1639 carnis
3222 1595 3320 1652 est,
3348 1597 3396 1640 et
3424 1603 3623 1641 concu-

2035 1673 2276 1742 piscentia
2309 1674 2596 1754 oculorumY
2623 1685 2670 1728 et
2696 1660 2907 1730 ambitio
2928 1678 3107 1731 sa'culi
3134 1677 3175 1748 (Ι
3225 1678 3385 1744 Joan.
3420 1696 3480 1743 tt,
3526 1678 3619 1744 i5,

1890 1832 1892 1835 _
1962 1783 2007 1842 B
2041 1764 2128 1832 16)
2154 1782 2167 1817 :
2200 1763 2286 1819 bis
2314 1767 2454 1820 enim
2481 1767 2787 1822 auctoribus
2815 1769 3134 1838 COIIClpilUI',
3165 1768 3250 1824 his
3275 1770 3502 1826 ducibus
3521 1786 3622 1841 ge-

2038 1854 2193 1919 ritur,
2227 1855 2311 1911 his
2335 1858 2898 1929 ministrisimpletur,
2929 1861 3186 1931 quidquid
3215 1864 3459 1933 quotidie
3487 1858 3625 1919 con;

2037 1951 2407 2020 cupiscentia,
2439 1953 2780 2023 ambitione,
2828 1955 3052 2008 avaritia
3095 1956 3246 2010 ardet
3289 1957 3343 2009 in
3397 1957 3622 2010 saeculo.

2036 2042 2214 2110 Quare
2242 2053 2466 2112 utraque
2496 2054 2619 2097 sunt
2649 2059 2783 2099 vana
2818 2062 2830 2097 :
2860 2045 2983 2115 quia
3035 2055 3092 2101 et
3135 2047 3317 2101 cordis
3360 2048 3627 2102 exultatio

2035 2135 2211 2189 nullos
2245 2136 2449 2190 fructus
2489 2137 2733 2202 invenit,
2777 2147 2833 2191 et
2869 2137 3144 2194 oculorum
3192 2119 3508 2194 extollentia
3557 2141 3628 2194 de

2034 2226 2138 2281 alio
2161 2227 2213 2281 in
2240 2228 2384 2282 aliud
2413 2229 2554 2283 elata
2582 2271 2596 2294 ,
2628 2227 2886 2300 quidquid
2917 2230 3138 2298 viderit,
3188 2232 3486 2288 mobilitate
3543 2232 3628 2287 fu-

2031 2307 2148 2391 gaci
2175 2321 2350 2376 statim
2384 2322 2647 2391 deperdit.
2655 2325 2684 2394 ξ

2105 2413 2193 2468 ιγ.
2239 2413 2355 2486 (10)
2385 2416 2588 2471 Dehinc
2613 2419 2852 2489 sequitur
2886 2437 2898 2472 :
2933 2418 3113 2489 Neque
3135 2421 3390 2477 ambulavi
3429 2424 3482 2476 in
3507 2440 3624 2476 ma-

2033 2508 2168 2577 gnis,
2189 2523 2345 2579 neque
2364 2510 2419 2562 in
2449 2509 2730 2564 mirabilius
2747 2529 2898 2580 super
2916 2529 2994 2565 me
3014 2512 3134 2584 (Ps.
3157 2529 3321 2578 cus,
3336 2515 3416 2588 Ξ).
3433 2516 3624 2587 Magna

2034 2599 2246 2668 eloquia
2302 2599 2397 2655 Dei
2443 2611 2598 2666 sunt;
2636 2603 2751 2672 ipse
2781 2604 3044 2658 mirabilis
3076 2606 3126 2659 in
3169 2606 3427 2662 excelsis.
3453 2615 3455 2617 ’
3483 2608 3623 2663 Cum

2035 2689 2087 2743 in
2120 2690 2368 2759 periculis
2393 2703 2558 2756 esset,
2577 2692 2622 2746 si
2647 2694 2696 2747 in
2719 2691 2803 2747 bis
2827 2694 3092 2764 Propheta
3111 2695 3349 2773 non(li)
3371 2696 3625 2754 ambula-

2034 2795 2138 2854 ret,
2189 2787 2458 2854 quomodo
2506 2788 2704 2842 bonum
2740 2789 2956 2857 insuper
2994 2790 3097 2844 sibi
3126 2788 3262 2866 opus
3286 2790 3528 2856 assignat
3555 2791 3625 2846 ab

2035 2880 2142 2934 illis
2167 2879 2492 2944 recedendo,
2515 2881 2790 2948 in‘quibus
2813 2888 3128 2951 oportuerat
3149 2881 3442 2936 ambulari?
3462 2882 3624 2938 Prio-

2034 2971 2208 3038 ribus,
2239 2970 2453 3037 fratres,
2474 2973 2771 3042 posteriora
2801 2959 3124 3041 reSpondent
3152 2989 3168 3026 :
3194 2973 3262 3028 de
3289 2973 3453 3029 rebus
3474 2974 3624 3029 enim

2037 3064 2272 3134 loquitur
2303 3064 2673 3119 εςυειιιιιιίιιυε.
2704 3066 2758 3118 ln
2788 3065 2995 3136 magnis
3023 3075 3077 3120 et
3099 3066 3150 3120 in
3176 3065 3519 3121 mirabilibus
3559 3082 3623 3123 se

369 3157 490 3226 (Ps.
519 3145 711 3224 κίιιιι,
747 3157 860 3228 18)..
891 3160 994 3215 Sed
1034 3169 1088 3214 et
1118 3160 1369 3214 Dominus
1402 3161 1514 3228 ipse
1555 3175 1653 3215 nos
1693 3161 1781 3231 pio
1807 3177 1932 3231 pro-
1959 3154 2167 3233 C'dicit
2196 3169 2300 3209 non
2329 3145 2658 3222 ambulasse,
2685 3157 2865 3226 utique
2888 3170 2993 3210 non
3018 3156 3132 3220 Dei.
3156 3156 3251 3215 sed
3281 3158 3332 3209 in
3357 3156 3463 3210 illis
3500 3173 3625 3228 qua:

367 3249 532 3306 misso
562 3251 688 3320 qttid
737 3253 976 3307 hortetur
1012 3254 1258 3322 accipite.
1297 3252 1495 3320 Venite,
1529 3253 1718 3324 inquit,
1743 3259 1830 3325 qui
1858 3256 1931 3309 la-

365 3343 552 3396 boratis
577 3353 626 3397 et
653 3346 846 3398 onerati
874 3347 990 3399 estis
1008 3387 1023 3412 ,
1046 3356 1092 3399 et
1121 3362 1211 3416 ego
1231 3347 1456 3414 reﬁciam
1485 3364 1592 3401 vos.
1622 3346 1809 3402 Tollite
1843 3348 1929 3415 iu—

365 3448 485 3503 gum
522 3449 688 3486 meum
720 3433 882 3504 ‘sup‘er
907 3451 1024 3500 vos,
1067 3447 1112 3490 et
1135 3437 1311 3490 discite
1351 3453 1383 3490 a
1412 3428 1489 3492 me
1513 3440 1633 3506 quia
1657 3439 1793 3492 mitis
1821 3455 1932 3507 sum

363 3533 409 3577 et
433 3523 635 3598 humilis
653 3527 897 3580 corde:et
917 3528 1173 3582 invenietis
1193 3531 1412 3598 requiem
1445 3531 1710 3584 animabus
1761 3532 1934 3584 uestris
1963 3519 1966 3534 ’

366 3596 580 3687 (Matth:
609 3632 681 3681 ιι,
717 3617 949 3688 28,,29).
983 3621 1120 3705 Deus
1168 3596 1387 3680 noster,
1433 3620 1657 3687 fratres,
1691 3620 1936 3675 .hnmilis

435 3773 733 3849 (3)_Ariani
777 3777 992 3845 quidem
1025 3778 1112 3834 hic
1154 3779 1446 3833 innuuntttr
1470 3796 1506 3844 ;·
1530 3779 1618 3846 qui
1650 3781 1789 3832 enim
1823 3779 1952 3849 phi-.

366 3842 577 3913 losophi
609 3842 826 3901 nomine
851 3858 905 3902 et
929 3842 1073 3904 cultu
1107 3859 1310 3904 mutato
1355 3842 1480 3904 snas
1528 3842 1802 3905 scholares
1824 3842 1933 3906 'ca-

367 3916 611 3990 luninias,
641 3932 733 3972 seu
764 3919 1108 3988 deceptiones
1135 3930 1187 3973 et
1213 3920 1448 3990 argutias
1467 3923 1517 3973 in
1541 3921 1738 3976 scholis
1764 3921 1931 3987 philo-

365 3985 652 4054 sophorum
700 3985 911 4056 genitas
948 3991 1000 4044 in
1030 3985 1322 4051 Ecclesium
1365 3993 1716 4056 transtulere,
1746 3985 1951 4045 Ariani.

367 4056 603 4129 profecto
650 4067 773 4112 sunt
824 4069 876 4114 et
905 4059 1092 4114 horum
1122 4063 1431 4115 tractatibus
1456 4076 1575 4115 Cum
1599 4070 1930 4129 qnmreretur

368 4125 520 4191 fides,
551 4139 606 4186 ut
633 4135 787 4182 tract.
825 4147 861 4194 t,
895 4149 1040 4185 num.
1068 4132 1126 4195 2,
1151 4141 1204 4186 et
1224 4134 1346 4185 alili‘i
1369 4132 1515 4187 Zeno
1546 4125 1755 4185 tradidit
1781 4149 1796 4197 ;
1837 4149 1926 4187 ve-

368 4211 484 4267 rum
535 4198 696 4252 ﬁebat
738 4201 878 4267 quod
912 4205 953 4254 si
986 4205 1067 4255 cui
1097 4218 1214 4256 cum
1245 4204 1362 4256 istis
1393 4202 1631 4267 libuisset
1659 4202 1927 4267 insanire,

368 4264 510 4321 Deus
553 4269 633 4322 illi
677 4264 775 4322 non
806 4270 1044 4325 colendus
1084 4283 1253 4339 esset,
1288 4273 1374 4326 sed
1414 4264 1734 4338 qutrreudus.
1770 4264 1932 4326 Paulo

370 4348 491 4406 post
519 4339 572 4390 in
615 4340 680 4393 iis
712 4341 926 4407 verbis,
975 4359 1093 4409 qua:
1143 4345 1208 4396 ad
1261 4343 1553 4396 Ecclesiam
1603 4342 1962 4406 referuntur,‘

403 4409 514 4478 uasi
545 4412 770 4478 permota
796 4412 861 4464 sit
904 4415 1112 4467 somniis
1136 4415 1397 4477 ,Nerbum
1435 4414 1498 4466 sit
1539 4412 1690 4466 abest
1729 4431 1755 4464 a
1806 4427 1934 4466 mss.

416 4481 607 4553 olent.,
643 4481 854 4550 Pomp.,
889 4483 1447 4553 Sparav.,lenonian.
1485 4491 1540 4537 et
1578 4483 1704 4538 edit.
1727 4484 1937 4548 Venet.,

340 4582 345 4585 -
370 4549 463 4621 sed
481 4619 490 4621 A
505 4549 804 4621 perperam.
932 4549 943 4553 ⁷
1125 4549 1131 4551 ⁷
1539 4557 1543 4561 ”
1666 4573 1668 4576 '

2037 3244 2226 3316 magna
2252 3249 2319 3302 ab
2352 3247 2654 3301 hominibus
2679 3249 2778 3301 hoc
2808 3257 3056 3317 putantur
3080 3246 3135 3301 in
3164 3247 3470 3320 saeculo.‘At
3496 3263 3624 3302 cum

2036 3338 2260 3403 addidit,
2285 3324 2454 3408 Super
2467 3355 2561 3398 me,
2578 3339 2810 3393 ostendit
2835 3344 3122 3408 numquam
3140 3353 3198 3392 se
3210 3338 3408 3404 elatum
3433 3337 3621 3406 fuisse,

2035 3449 2156 3489 cum
2179 3443 2364 3504 posset
2390 3454 2403 3489 :
2438 3433 2564 3490 nulli
2590 3434 2736 3489 enim
2760 3432 2964 3488 facilius
2993 3419 3448 3512 eﬂ‘erunturfnisi
3482 3447 3621 3501 quos

2036 3527 2291 3596 inopinati
2326 3529 2545 3589 honoris
2573 3527 2792 3582 culmen
2828 3525 3056 3581 extollit.
3081 3523 3200 3596 (l2)
3229 3523 3394 3578 David
3419 3529 3623 3594 quippe

2022 3621 2275 3688 ‘ltumilis,
2299 3621 2404 3692 73
2433 3622 2671 3692 abjectus
2691 3661 2706 3688 ,
2740 3614 2991 3691 ignobilis
3019 3620 3100 3674 sui
3127 3617 3340 3688 iacebat
3370 3619 3424 3672 in
3455 3618 3624 3674 domo

2049 3796 2165 3862 pag.
2202 3781 2322 3862 H3,
2355 3763 2586 3862 proejus
2614 3778 2745 3862 legit
2769 3779 2862 3840 vis.
2890 3763 3047 3848 quam
3078 3791 3262 3832 vocem
3290 3777 3336 3833 si
3365 3793 3468 3834 ms.
3499 3795 3625 3850 pro-

2043 3851 2234 3905 barent
2252 3893 2265 3910 ,
2305 3852 2467 3905 textui
2495 3851 2933 3905 inseruissemus.
3309 3915 3311 3917 ι

2100 3923 2190 3995 (8)
2235 3921 2500 3995 ﬂaminem
2534 3921 2788 3995 suscipere
2819 3935 2914 3995 pro
2937 3918 3320 3995 humanitatem
3343 3921 3624 3990 suscipere

2039 3990 2221 4062 plures
2263 3992 2448 4046 Patres
2477 3999 2601 4046 ante
2628 3990 2869 4062 Nestorii,
2891 3991 3136 4044 hatresim
3168 3993 3358 4062 dixere
3383 3999 3441 4062 et
3483 4007 3624 4046 non-

2036 4058 2164 4116 iiulli
2197 4065 2355 4117 etiam
2388 4075 2526 4130 p081,
2558 4062 2625 4116 de
2649 4077 2751 4131 qua
2775 4060 3002 4116 formula
3039 4065 3170 4115 satis
3200 4058 3406 4130 praelati
3433 4077 3623 4118 sumus

2032 4135 2246 4188 dissert.
2276 4149 2334 4194 ιι,
2363 4149 2412 4187 c.
2440 4134 2496 4187 5.

2105 4204 2184 4275 (9)
2229 4205 2369 4257 Edit.
2427 4204 2606 4256 Patav.
2651 4202 3072 4272 repugnantibus
3116 4216 3244 4258 mss.
3293 4212 3350 4256 et
3393 4205 3612 4259 czeteris

2035 4275 2194 4331 editis
2215 4317 2230 4339 ,
2257 4275 2311 4327 in
2341 4275 2470 4328 uisu.

2108 4346 2220 4420 (10)
2263 4345 2356 4399 Hic
2386 4345 2522 4420 alter
2546 4353 2630 4398 est
2670 4343 2924 4420 locus_,_in
2954 4359 3061 4420 quo
3104 4354 3288 4399 auctor
3313 4342 3580 4420 Hilarium
3600 4388 3618 4413 ,

2039 4415 2156 4471 aliis
2185 4427 2358 4470 tamen
2386 4418 2698 4484 plerumque
2724 4415 3133 4486 verbisaliaque
3157 4415 3369 4486 syntaxi
3391 4457 3406 4480 ,
3437 4417 3620 4470 imita-

2043 4487 2387 4547 tus'videtur;
2420 4487 2497 4539 sic
2527 4486 2668 4539 enim
2699 4486 2835 4554 apud
2860 4485 3121 4540 Hilarium
3158 4485 3403 4538 {Dehinc
3441 4488 3618 4553 sequi-

2044 4567 2162 4611 tur:
2187 4555 2364 4624 Neque
2387 4557 2637 4620 ambulaui
2665 4559 2716 4608 in
2743 4558 2940 4626 magnis
2964 4599 2978 4620 ,
3023 4573 3180 4622 neque
3215 4559 3267 4607 in
3293 4557 3620 4612 mirabilibus

444 4619 520 4690 (4)
560 4616 617 4677 Α’
655 4639 782 4678 mss.
828 4625 1015 4697 Pump.
1048 4637 1101 4682 et
1161 4626 1359 4696 duplici
1404 4624 1534 4679 Zen.
1579 4624 1886 4696 praepositio
1913 4641 1941 4676 a
1969 4616 2021 4675 D
2045 4645 2197 4696 super
2227 4616 2322 4680 me.
2361 4628 2534 4697 Magni
2562 4618 2775 4694 periculi
2815 4616 2894 4679 res
2921 4616 3015 4690 est,
3049 4616 3107 4680 si.
3129 4629 3179 4678 in
3201 4627 3620 4697 modicisimnbu-

370 4690 538 4746 abeat.
957 4721 963 4727 ι

442 4762 522 4835 (5)
566 4764 764 4820 Eadem
801 4767 956 4834 plane
985 4780 1064 4822 est
1093 4770 1462 4837 interpretatio
1491 4768 1542 4820 in
1591 4767 1760 4820 tribus
1800 4764 1940 4819 Catt-

372 4834 534 4907 deiitii
567 4837 844 4890 codicibus
873 4843 1048 4893 Serm.
1083 4841 1166 4902 11,
1203 4834 1252 4907 ρ.
1286 4836 1407 4898 Mil,
1438 4837 1568 4891 edit.
1620 4837 1800 4907 Patav.
1847 4850 1934 4888 an.

375 4906 529 4970 l720,
560 4923 714 4976 quaen
748 4909 940 4961 Paulus
969 4906 1283 4972 Galeardns,
1317 4911 1605 4963 canonicus
1633 4906 1933 4971 Brixistnus,

372 4977 591 5030 curarit.
619 4978 752 5033 Vide
779 4979 973 5033 ibidem
1005 4991 1184 5034 annot.
1214 4981 1266 5035 5.
1645 4995 1650 5000 ‘

442 5046 522 5117 (ὅ)
565 5053 711 5118 Apud
744 5051 996 5104 Hilarium
1024 5052 1305 5120 :Optimum
1329 5053 1457 5105 enim
1488 5049 1793 5120 sacriﬁcium
1828 5045 1935 5099 Deo

373 5134 460 5171 cor
498 5117 908 5192 contribulatum.
939 5121 1057 5192 Non
1094 5117 1180 5176 cor
1203 5122 1433 5176 secundis
1459 5131 1607 5174 rebus
1629 5117 1934 5185 e/ferendum

372 5198 465 5250 est,
496 5191 584 5262 sed
609 5191 706 5244 Dei
734 5207 864 5246 metu
896 5195 1030 5248 intra
1061 5195 1461 5248 mansuetudinis
1490 5193 1616 5262 fines
1656 5192 1939 5243 humilitate

373 5260 718 5316 cohibendum.
764 5265 885 5317 llaec
918 5269 1083 5332 prima
1111 5276 1165 5318 ct
1195 5268 1368 5333 potior
1388 5305 1403 5330 ,
1454 5260 1611 5333 quam
1642 5263 1784 5316 Zeno
1813 5262 1936 5314 imi-

375 5339 513 5402 tatus
536 5344 618 5386 cst
645 5336 826 5388 llilarit
851 5339 1166 5390 sententiam
1191 5379 1203 5398 ,
1237 5350 1356 5402 qua:
1387 5349 1560 5388 tamen
1589 5350 1692 5385 non
1721 5333 1938 5385 omnino
1972 5342 1976 5347 ‘

373 5401 439 5453 ad
467 5404 681 5475 ve_rbum
708 5407 970 5473 descripta
994 5409 1095 5461 dici
1127 5418 1320 5475 poleSl.
1358 5406 1485 5459 Post
1516 5419 1677 5470 pauca
1710 5405 1766 5475 in
1795 5415 1933 5456 trac-

374 5477 483 5549 tatu
514 5473 855 5549 lenoniam),
879 5479 970 5549 (ubi
1003 5473 1191 5549 legitur
1219 5479 1327 5544 ipse
1354 5493 1442 5530 nos
1470 5478 1574 5546 pio,
1609 5491 1708 5527 nis.
1744 5473 1928 5541 Pump.

371 5539 531 5620 liabet
559 5546 665 5615 ipse
705 5549 787 5620 pio
818 5563 836 5600 :
866 5539 1091 5603 hortetur
1134 5539 1308 5603 autem
1344 5563 1438 5616 pro
1470 5539 1715 5600 hortatur
1744 5560 1808 5598 ex
1842 5539 1934 5620 eo-

369 5610 488 5666 dem
519 5610 616 5669 ms.
648 5610 976 5680 scripsimus.

435 5684 512 5750 (7)
552 5686 606 5738 In
646 5687 972 5742 Bibliotheca
1021 5690 1265 5752 Patrum,
1296 5699 1350 5744 ct
1378 5689 1573 5744 exinde
1620 5685 1928 5741 Desiderius

363 5752 624 5808 llcraltlus
657 5759 706 5810 in
745 5759 1298 5814 animadversiooibus
1320 5761 1384 5813 ad
1416 5760 1607 5813 librum
1635 5773 1672 5810 ιι
1694 5755 1925 5813 Arnobii

2049 4699 2212 4752 lamus
2239 4738 2253 4760 ,
2283 4709 2329 4769 et
2371 4699 2417 4750 si
2449 4696 2548 4751 non
2586 4699 2641 4750 in
2683 4698 2999 4769 mirabilibus
3042 4698 3382 4769 demoramur.
3419 4696 3620 4769 Magna

2045 4769 2244 4836 eloquia
2274 4767 2366 4821 Dei
2383 4777 2499 4839 sunt
2525 4785 2540 4832 ;
2572 4770 2680 4837 ipse
2703 4766 2944 4820 mirabilis
2959 4768 3014 4819 in
3036 4767 3244 4839 excelsis
3269 4777 3340 4819 est
3371 4782 3390 4820 :
3411 4777 3460 4821 et
3484 4766 3617 4839 quo-

2044 4839 2194 4892 modo
2216 4850 2454 4902 tanquam
2475 4838 2658 4890 bonum
2673 4853 2800 4900 opus
2821 4839 2882 4889 de
2894 4853 2946 4888 se
2962 4837 3204 4904 propheta
3229 4842 3459 4907 praefert,
3478 4837 3619 4907 quod

2041 4912 2094 4961 in
2116 4911 2312 4982 magnis
2333 4920 2379 4961 et
2406 4910 2459 4961 in
2487 4909 2800 4982 mirabilibus
2821 4924 2920 4960 non
2943 4908 3198 4962 ambulet?
3339 4978 3369 4982 η
3565 4980 3567 4982 η

2112 4979 2214 5048 (ll)
2242 4978 2532 5033 Contuxtus
2555 4979 2836 5045 persuasit,
2864 4989 2921 5030 ut
2943 4982 3222 5032 ambularet
3247 4978 3619 5036 scriberemus

2039 5066 2104 5104 ex
2128 5066 2228 5104 nis.
2257 5051 2466 5103 Toleni.
2498 5059 2550 5101 et
2575 5048 2703 5102 edit.
2738 5048 2919 5102 Patav.
2951 5063 3069 5103 cum
3103 5051 3153 5104 in
3172 5053 3382 5105 caeteris
3401 5061 3458 5106 et
3479 5067 3611 5107 mss.

2042 5131 2094 5174 et
2118 5121 2274 5174 editis
2298 5117 2498 5190 legatur
2521 5120 2757 5172 ambulet.

2115 5190 2231 5262 (η)
2272 5192 2502 5244 Tertiam
2551 5190 2687 5262 hanc
2709 5191 3025 5245 sententiam
3055 5192 3124 5245 ita
3153 5191 3306 5246 effert
3335 5191 3572 5246 Hilarius
3599 5211 3611 5246 :

2044 5260 2220 5314 David
2247 5263 2379 5315 enim
2409 5272 2454 5313 et
2486 5261 2729 5331 propheta
2777 5274 2822 5314 et
2851 5279 2970 5325 rex,
3006 5273 3114 5315 erat
3154 5263 3360 5315 humilis
3385 5279 3539 5316 antea
3567 5275 3616 5318 et

2046 5334 2290 5405 objecttts,
2336 5349 2492 5399 neque
2530 5333 2753 5386 convivio
2805 5334 2962 5398 patris
3005 5336 3084 5385 sui
3111 5335 3316 5405 dignus,
3367 5335 3457 5386 sed
3504 5334 3617 5390 Deo

2045 5404 2347 5476 complacuit
2390 5414 2638 5476 :__unc_tus
2675 5405 2730 5476 in
2775 5420 2940 5474 regem
2983 5416 3054 5458 est
3080 5447 3092 5466 ,
3133 5404 3389 5476 aspirntus
3440 5418 3516 5459 est
3561 5407 3616 5459 in

2041 5472 2356 5545 prophetam.
2390 5472 2509 5527 Non
2547 5474 2800 5528 insolescit
2828 5472 2880 5528 in
2906 5491 3079 5546 regno,
3106 5491 3207 5526 non
3230 5475 3360 5526 odiis
3389 5491 3619 5530 commo-

2038 5556 2199 5610 vetur,
2232 5554 2604 5614 persequentem
2625 5562 2676 5600 se
2707 5554 2863 5607 autut,
2890 5547 3420 5598 inirnirorum’mortes
3454 5549 3616 5600 limio-

2035 5628 2134 5676 rat,
2154 5617 2445 5670 incestuosis
2467 5625 2515 5666 et
2542 5616 2933 5675 parricidalibus
2949 5616 3068 5683 ﬁliis
3104 5615 3282 5678 parcit.
3324 5616 3623 5681 Imperator

2034 5689 2362 5740 contemnitur
2381 5726 2394 5749 ,
2421 5693 2566 5750 pater
2611 5687 2813 5739 laeditur
2837 5727 2852 5750 ,
2884 5686 3128 5754 prap/tela
3157 5695 3368 5749 vexatur:
3396 5700 3416 5738 :
3450 5688 3623 5741 ultio-

2027 5773 2140 5810 nem
2169 5774 2268 5809 uon
2296 5767 2350 5808 ut
2383 5756 2626 5822 propheta
2654 5767 2764 5808 orat
2789 5791 2805 5820 ,
2836 5755 3109 5808 uindictam
3137 5769 3236 5807 non
3262 5765 3317 5807 ut
3340 5764 3493 5828 pater
3531 5773 3623 5813 sit-'-
