3820 6220
285 244 383 301 551

1641 237 1888 294 SANCTI
1927 237 2220 299 ZENONIS

3469 251 3581 305 552

276 360 410 417 feris
455 372 560 414 non
610 364 785 429 potest
830 355 1115 426 denegare.
1164 354 1304 409 Mera
1358 354 1600 423 profecto
1652 354 1865 408 vesania
1896 356 2200 426 Atollitur,
2251 366 2344 416 aut
2386 359 2617 417 declinat
2647 378 2660 417 :
2690 360 2869 416 omnia
2908 361 3070 429 bona,
3112 371 3275 433 atque
3307 375 3575 435 perpetua

276 460 365 509 est
406 449 683 508 beneficiis
738 447 979 502 invidere
1036 455 1263 501 naturte.
1318 445 1466 499 Alius
1517 444 1641 499 inde
1690 458 1871 499 rerum

287 544 527 599 omnium
550 550 725 610 captat
752 554 1036 603 annonam,
1064 546 1362 607 aucupatur
1386 536 1715 591 distrahendi
1740 547 1875 592 tem-

287 650 408 707 pus,
439 635 611 688 minor
654 632 709 685 in
757 645 1030 697 mensura,
1075 628 1247 698 major
1275 629 1329 683 in
1370 629 1579 698 pretio:
1628 640 1779 699 negat
1814 646 1874 684 se

286 727 505 793 habere,
528 724 666 795 quod
694 722 973 786 distrahat,
1008 732 1063 775 ut
1092 731 1332 792 rogetur,
1360 720 1641 793 utjugulet
1671 739 1683 773 :
1714 729 1873 790 atque

283 822 485 877 utinam
535 820 839 888 incorrupta
890 818 1102 887 species
1166 816 1509 871 venderetur.
1566 813 1875 886 Ingemiscit

282 925 564 987 praeterea,
592 914 636 966 si
663 926 837 966 annus
863 920 945 966 est
974 909 1201 973 sterilis,
1238 909 1403 963 multo
1432 908 1620 976 magis,
1651 908 1697 962 si
1726 907 1874 962 ferti-

284 1009 350 1064 lis
372 1009 529 1064 fuerit
558 1025 570 1059 ;
604 1006 732 1071 illic,
758 1006 882 1077 quia
914 1020 1101 1075 parum
1134 1002 1407 1068 distrahit,
1441 1001 1580 1068 heic,
1610 1002 1732 1070 quia
1765 1016 1871 1055 non

280 1102 447 1158 solus.
490 1098 664 1155 Vultis
705 1097 867 1163 scire,
900 1096 1119 1167 quantis
1166 1097 1237 1151 sit
1274 1093 1515 1150 tenebris
1544 1092 1874 1149 obvolutus?

279 1192 527 1250 irascitur
561 1191 695 1256 Deo,
725 1191 769 1245 si
810 1204 916 1245 non
967 1203 1184 1259 semper
1230 1188 1321 1259 fiat
1366 1186 1591 1257 publicis
1640 1185 1873 1252 luctibus

277 1285 451 1343 dives.
482 1284 627 1341 Bene
666 1284 823 1348 bene,
859 1297 981 1337 cum
1013 1282 1134 1352 quis
1170 1279 1367 1350 quierit
1406 1294 1597 1334 aurum
1619 1318 1634 1345 ,
1669 1277 1875 1334 invenit

277 1374 540 1449 gladium.

351 1466 416 1522 V.
457 1466 602 1522 Inter
637 1466 753 1520 haec
782 1478 941 1520 nemo
965 1462 1278 1520 considerat
1314 1462 1679 1519 conditionem
1717 1460 1875 1532 fragi-

276 1559 447 1619 litatis
480 1559 757 1624 humanae,
797 1573 956 1615 nemo
1003 1557 1242 1621 hostem,
1278 1572 1437 1612 nemo
1476 1556 1685 1623 fiscum,
1716 1570 1874 1611 nemo

281 1654 571 1718 latronem,
600 1665 762 1707 nemo
788 1649 1144 1706 domesticum
1163 1688 1179 1715 ,
1212 1648 1303 1719 qui
1343 1645 1651 1717 cognitione
1679 1646 1871 1702 secreti

1978 450 2279 506 exuberant
2326 453 2547 522 passim.
2590 453 2746 510 Certe
2790 453 2933 524 quod
2981 454 3210 524 primum
3248 464 3355 521 est,
3410 472 3575 511 nemo

1977 554 2119 614 eget,
2150 560 2308 600 nemo
2331 545 2553 613 invidet,
2581 562 2740 602 nemo
2764 546 2992 613 furatur,
3026 561 3183 603 nemo
3220 550 3382 615 rapit,
3410 563 3573 602 nemo

1978 636 2285 703 proscribit,
2328 652 2488 691 nemo
2523 638 2754 707 jugulat,
2785 638 3014 693 moritur
3043 653 3200 694 nemo
3228 656 3245 692 ς
3272 652 3466 693 omnes
3496 638 3575 694 fe—

1980 726 2129 791 lices,
2159 742 2348 782 omnes
2388 730 2688 797 unanimes,
2736 746 2925 787 omnes
2972 729 3333 801 immortales.
3376 746 3571 788 ornnes

1976 825 2103 873 sunt
2130 833 2344 892 semper
2370 822 2607 891 aequales
2642 840 2653 876 :
2686 823 2829 893 quod
2860 825 3020 880 unius
3049 833 3152 891 est,
3185 824 3430 886 omnium
3459 835 3571 889 est,

1976 910 2118 979 quod
2162 912 2435 980 omnium,
2482 914 2834 984 singulorum.
2888 917 3061 973 Vultis
3100 918 3271 982 seire,
3299 933 3424 988 quae
3459 918 3573 975 illic

1977 1001 2253 1057 beatitudo
2295 1006 2590 1059 versetur?
2624 1022 2781 1062 nemo
2810 1023 2962 1064 suam
2992 1019 3219 1077 vestem,
3256 1025 3418 1065 nemo
3444 1024 3576 1066 suas

1978 1106 2291 1163 margaritas
2320 1096 2621 1164 abscondit,
2653 1114 2812 1155 nemo
2842 1100 3046 1171 lapides
3090 1101 3380 1171 pretiosos,
3409 1117 3575 1157 nemo

1976 1199 2187 1251 aurum,
2221 1200 2378 1242 nemo
2403 1197 2708 1259 argentum,
2740 1200 2797 1246 et
2836 1202 3014 1248 tamen
3058 1191 3173 1266 (ει)
3204 1194 3387 1251 nullus
3416 1194 3577 1249 timet

1975 1276 2199 1331 furtum.

2450 1386 2561 1460 εδ
2598 1389 3010 1450 TRACTA'I‘US
3036 1392 3105 1449 x.

2484 1504 2563 1561 De
2610 1505 2690 1577 (I)
2727 1506 2955 1587 Avaritia
3002 1508 3067 1564 Il.

2049 1642 2090 1699 I.
2113 1641 2345 1719 Avaritia
2368 1603 2529 1712 quam
2545 1618 2703 1698 facile
2720 1644 2962 1714 arguitur
2977 1644 3046 1699 ab
3062 1642 3143 1717 (2)
3159 1645 3431 1712 omnibus,
3459 1645 3564 1701 uti-

280 1751 368 1802 est
408 1743 646 1799 omnium
699 1742 871 1813 pejor,
935 1756 1096 1797 nemo
1140 1740 1482 1796 imminentes
1527 1738 1637 1795 diei
1677 1738 1867 1809 judieii
1900 1743 1946 1807 Β
1974 1750 2096 1790 nam
2145 1733 2315 1805 possit
2354 1744 2461 1789 tam
2503 1731 2663 1789 facile
2705 1749 2811 1789 non
2844 1738 3009 1789 amari
3046 1746 3171 1793 :est
3191 1736 3337 1792 enim
3367 1735 3570 1792 artifex

280 1832 554 1898 flammas,
605 1849 701 1905 per
748 1848 880 1905 quas
930 1848 1118 1888 omnes
1162 1832 1288 1886 nudi
1332 1831 1607 1886 transituri
1664 1844 1868 1885 sumus.

280 1927 469 1995 Solum
512 1926 729 1997 colitur,
775 1926 841 1981 de
887 1941 994 1996 quo
1041 1924 1245 1979 dictum
1286 1932 1369 1978 est
1401 1941 1414 1976 :
1451 1922 1604 1977 [data
1646 1924 1872 1994 gentium

279 2027 544 2090 argentum
567 2026 616 2073 et
644 2033 826 2071 aurum
859 2015 1011 2088 (Paul
1037 2031 1198 2079 cxttt,
1224 2014 1293 2090 4;
1327 2012 1723 2080 Psal.cux1v,
1757 2013 1867 2083 15),

282 2088 386 2184 pro
404 2126 511 2180 quo
537 2110 659 2181 quis
688 2121 777 2163 aut
797 2109 1090 2180 jugulatur,
1125 2117 1215 2163 aut
1235 2088 1700 2181 j‘ngulat.‘Vellem
1729 2107 1872 2163 scire

285 2213 491 2267 tamen,
523 2211 670 2259 tanta
696 2202 813 2273 ejus
833 2200 1013 2256 rabies
1042 2199 1169 2271 quid
1201 2200 1492 2269 voluptatis
1516 2198 1872 2272 “habeat,

283 2312 385 2353 suo
398 2294 595 2351 cultori
614 2294 738 2364 quid
755 2293 1007 2364 praestet?
1026 2292 1254 2347 Febrem
1274 2307 1379 2347 non
1396 2292 1707 2362 exstinguit,
1726 2306 1872 2346 mor-

283 2390 385 2446 bos
410 2403 519 2444 non
548 2386 798 2450 discutit,
833 2382 1144 2440 vulneribus
1195 2398 1303 2438 non
1347 2382 1616 2449 medetur,
1657 2382 1874 2438 dolores

282 2496 391 2542 non
442 2478 615 2543 tollit,
646 2460 890 2533 .mortem
940 2492 1044 2531 non
1091 2476 1327 2546 repellit,
1380 2474 1481 2529 nisi
1526 2473 1669 2545 quod
1713 2488 1875 2529 sanos

282 2570 483 2629 occidit
513 2590 529 2624 :
572 2586 669 2626 nec
699 2568 1053 2625 manducatur
1088 2568 1376 2639 aliquando
1405 2577 1575 2632 certe,
1608 2583 1709 2624 nec
1740 2568 1876 2623 bibi-

289 2674 400 2731 tur,
433 2680 534 2721 nee
553 2663 668 2736 (23)
698 2664 751 2717 in
776 2661 984 2717 inferno
1012 2676 1132 2715 cum
1165 2675 1263 2715 suo
1277 2659 1532 2730 praedone
1558 2659 1874 2727 descendet,

287 2758 463 2813 solum
488 2754 630 2826 quod
650 2756 838 2808 oculos
868 2752 1108 2808 infelices
1137 2753 1459 2822 inanemque
1486 2752 1873 2807 conscientiam

281 2850 351 2904 ad
379 2849 483 2904 hoc
514 2850 565 2904 in
598 2848 814 2918 maligni
846 2846 1075 2917 fulgoris
1102 2844 1411 2915 cupidinem
1438 2846 1609 2901 diram
1654 2860 1751 2917 spe
1782 2860 1876 2916 po-

284 2941 460 2997 tiundi
488 2941 813 3011 pracipitat,
850 2954 915 2993 ne
954 2938 1120 3009 gratis
1150 2938 1310 2992 homo
1344 2938 1592 2993 videatur
1643 2938 1873 2993 occisus.

353 3032 446 3090 VI.
476 3033 583 3090 Sed
614 3048 713 3088 nos
742 3047 846 3086 non
875 3030 939 3085 ad
980 3044 1194 3096 avaros,
1225 3030 1320 3084 sed
1357 3028 1425 3086 de
1456 3017 1631 3085 avaris
1667 3044 1873 3085 sermo-

1972 1844 2037 1883 ac
2059 1828 2217 1883 dulce
2250 1827 2469 1894 malum,
2492 1835 2551 1882 et
2577 1826 2887 1883 hominibus
2928 1828 3202 1885 universis
3235 1844 3457 1899 semper
3488 1831 3574 1887 iu-

1973 1919 2191 1977 festum.
2222 1919 2461 1990 Denique
2484 1934 2591 1975 non
2618 1919 2938 1976 habentibus
2954 1919 3189 1985 divitias,
3217 1919 3452 1977 habendi
3480 1923 3569 1975 in-

1967 2013 2088 2085 jicit
2114 2013 2461 2084 cupiditatem
2496 2031 2510 2067 :
2541 2012 2861 2069 habentibus
2890 2012 2976 2085 (5)
3004 2014 3196 2070 adimit
3233 2014 3569 2069 satietatem.

1975 2102 2057 2163 Ita
2082 2121 2271 2162 omnes
2298 2108 2352 2162 in
2390 2107 2595 2163 rabiem
2628 2122 2739 2161 una.
2769 2114 3089 2175 tempestate
3132 2107 3467 2177 praecipitat,
3514 2116 3572 2162 ut

1976 2201 2191 2257 ubinam
2221 2200 2293 2257 sit
2336 2200 2530 2271 major,
2581 2200 2816 2270 ignores.
2859 2200 2960 2257 Est
2996 2210 3175 2256 autem
3218 2199 3416 2258 similis
3462 2200 3571 2269 igni

1975 2291 2124 2347 arida
2155 2291 2347 2363 pabula
2376 2290 2708 2363 depascenti,
2741 2308 2861 2363 qua:
2910 2292 3014 2348 nisi
3045 2292 3232 2348 ﬁniant
3255 2333 3270 2359 ,
3300 2309 3408 2347 non
3454 2291 3574 2347 fini-

1977 2392 2081 2439 tur.
2115 2382 2265 2439 Hanc
2284 2374 2588 2441 mediocres
2622 2383 2898 2439 fraudibus
2927 2384 3217 2452 excolunt,
3259 2383 3458 2441 divites
3484 2382 3571 2455 (ι)

1977 2474 2315 2545 impotentia,
2343 2464 2554 2545 judiees
2576 2474 2769 2545 gratia,
2795 2476 2983 2531 diserti
3020 2475 3351 2532 mercenaria
3378 2490 3446 2532 ac
3472 2475 3574 2531 du.

1977 2568 2103 2639 plici
2135 2568 2309 2640 lingua
2331 2608 2347 2634 ,
2378 2582 2536 2639 reges
2575 2568 2829 2639 superbia
2857 2606 2874 2631 ,
2927 2570 3291 2640 negotiatores
3336 2569 3567 2637 astutia,
3604 2612 3613 2613 κ

1978 2662 2120 2717 inani
2155 2676 2419 2731 pauperes
2440 2670 2587 2725 voto,
2615 2663 2853 2718 cultores
2873 2661 2971 2717 Dei
2995 2662 3119 2717 odio
3139 2662 3414 2728 simulato,
3444 2669 3589 2718 tota!

1977 2762 2154 2807 autem
2188 2766 2373 2822 gentes
2420 2753 2797 2824 universasque
2826 2753 3070 2810 nationes
3102 2740 3297 2827 gladio.
3334 2752 3443 2810 Per
3486 2770 3575 2809 or-

1979 2844 2099 2900 bem
2132 2854 2303 2900 totum
2339 2860 2530 2903 vesana
2561 2846 2868 2912 bacchatur,
2903 2837 3055 2903 novis
3081 2861 3145 2903 ac
3171 2846 3333 2905 variis
3363 2847 3574 2903 artibus

1980 2938 2193 2993 fervens
2222 2956 2235 2993 :
2265 2954 2539 3009 nunquam
2568 2940 2771 3009 quieta,
2800 2954 2908 2995 non
2938 2940 3047 3007 die,
3083 2953 3187 2997 non
3234 2947 3426 3004 nocte,
3459 2955 3566 2995 non
3644 3000 3663 3009 ,

1979 3032 2144 3099 bello,
2176 3048 2284 3088 non
2315 3047 2445 3103 pace
2486 3050 2501 3086 :
2538 3048 2809 3104 nunquam
2852 3042 3033 3089 satura
3060 3053 3075 3091 :
3102 3036 3373 3090 lucrorum
3404 3048 3570 3089 enor-

285 3141 409 3182 nem
432 3124 676 3188 fecimus,
708 3124 900 3179 fratres
926 3142 939 3176 :
968 3123 1207 3193 alioquin
1240 3122 1371 3176 solis
1395 3121 1590 3181 divinis
1616 3122 1876 3191 exemplis
1902 3116 2169 3180 C’mitate
2197 3127 2462 3181 miserior.
2496 3125 2699 3193 Novum
2728 3125 3054 3189 calamitatis
3081 3137 3165 3183 est
3190 3140 3381 3199 genus,
3422 3129 3571 3199 quod

282 3206 600 3292 otior-luerat
641 3233 918 3289 perorare,
968 3223 1116 3272 esset
1163 3216 1207 3270 si
1255 3216 1375 3285 quis
1419 3215 1541 3271 heic
1582 3215 1725 3272 talis.
1767 3216 1873 3271 Sed

283 3311 408 3381 quia
459 3311 511 3364 in
534 3311 691 3365 vobis
723 3308 855 3363 ﬁdes
882 3317 937 3363 et
966 3308 1160 3377 pietas,
1206 3323 1325 3377 qua:
1350 3316 1434 3361 est
1464 3307 1654 3362 idonea
1692 3308 1878 3377 expul-

286 3402 389 3458 trix
419 3402 679 3466 avaritiae,
714 3407 894 3454 manet
920 3409 1078 3468 atque
1110 3398 1392 3467 gloriatur,
1421 3397 1568 3466 digni
1600 3397 1729 3452 esus
1761 3398 1877 3452 uni-

284 3496 429 3550 versi
471 3509 662 3549 aurum
706 3485 1096 3562 argentumque
1142 3508 1249 3547 non
1283 3501 1389 3547 tam
1440 3492 1675 3557 habere,
1717 3509 1876 3564 quam

285 3602 441 3651 esse;
473 3600 596 3641 nam
627 3600 721 3640 vos
748 3584 879 3639 estis
918 3600 1103 3639 aurum
1147 3584 1336 3637 vivum
1388 3583 1504 3649 Dei,
1546 3580 1744 3638 Christi
1784 3599 1879 3640 vos

287 3691 591 3751 argentum,
616 3691 708 3732 vos
736 3676 969 3748 Spiritus
1000 3676 1167 3730 saneti
1193 3675 1414 3737 divitiae,
1452 3690 1566 3740 vos,
1597 3675 1639 3728 si
1670 3685 1878 3729 terrena

290 3772 509 3827 metalla
534 3767 1005 3837 contempseritis,
1044 3768 1199 3836 luttge
1246 3767 1330 3819 his
1378 3765 1505 3820 vita:
1537 3776 1729 3820 vestra:
1767 3766 1886 3821 the-

291 3879 503 3919 saurus.
548 3860 711 3915 Vobis
752 3875 886 3915 auro
927 3868 1239 3914 constructa
1286 3858 1507 3913 aetheria
1554 3858 1641 3913 illa
1694 3860 1884 3914 civitas

293 3954 561 4009 destinata
585 3960 669 4007 est
700 3973 712 4007 :
744 3951 886 4004 ttulla
914 3952 1112 4004 intrare
1143 3949 1445 4004 volentibus
1476 3964 1624 4003 mora
1655 3965 1668 4002 :
1704 3958 1886 4019 patent

294 4047 577 4102 duodecim
608 4054 797 4114 portzn,
835 4044 1132 4098 habitacula
1167 4052 1465 4113 praeparata
1497 4053 1621 4098 sunt
1651 4042 1878 4108 inﬁnita,

298 4153 458 4193 nemo
478 4138 550 4194 sit
571 4136 640 4192 de
662 4138 938 4191 In;tllsl01le
959 4136 1242 4191 sollicitus.
1267 4133 1443 4189 Certae
1468 4135 1654 4204 gloria:
1684 4144 1883 4190 nostra:

299 4228 526 4299 insignis
574 4243 671 4282 res.
703 4229 824 4291 erit,
858 4228 901 4280 si
954 4227 1047 4281 Dei
1092 4227 1361 4281 civitatem
1411 4226 1664 4283 felicitate
1714 4228 1882 4282 nostri

300 4321 509 4376 numeri
548 4318 832 4374 fecerimus
878 4327 1179 4385 angustam.
1222 4317 1404 4387 Itaque
1446 4327 1617 4372 estote
1657 4318 1833 4373 securi
1868 4336 1880 4371 :

1980 3218 2353 3273 tantummodo
2384 3220 2609 3286 crescit,
2661 3216 2945 3277 senescere
2998 3222 3227 3291 ignorat.
3260 3220 3380 3277 Non
3422 3221 3572 3279 illam

1983 3319 2265 3380 parentum
2295 3310 2464 3379 pietas
2494 3310 2708 3383 frangit,
2740 3326 2849 3368 non
2870 3312 3097 3379 dulcedo
3116 3312 3433 3381 liberorum,
3462 3328 3572 3368 non

1981 3401 2277 3472 conjugalis
2326 3400 2571 3466 affectus,
2620 3418 2725 3457 non
2775 3416 2902 3459 cara
2947 3405 3297 3475 germanitas,
3350 3418 3461 3459 non
3487 3404 3574 3477 jus

1982 3494 2255 3561 amicitiae,
2284 3509 2390 3549 non
2414 3504 2565 3553 tener
2591 3494 2846 3566 pupillus,
2880 3510 2986 3550 non
3008 3495 3138 3555 dura
3180 3493 3439 3563 viduitas,
3465 3510 3572 3551 non

1984 3576 2287 3639 miseranda
2331 3594 2639 3656 paupertas,
2688 3602 2792 3639 non
2837 3584 2934 3641 Dei
2980 3586 3374 3655 contemplatio
3407 3600 3575 3641 :ooce

1982 3674 2246 3742 enimhis
2274 3671 2545 3741 omnibus,
2579 3687 2740 3745 prout
2790 3684 2999 3747 potest,
3023 3676 3189 3732 variis
3231 3678 3440 3732 artibus
3484 3687 3577 3732 aut

1984 3768 2253 3833 adulatur,
2273 3777 2363 3838 aut
2380 3778 2559 3834 nocet,
2573 3768 2621 3824 si
2638 3767 2764 3839 quid
2781 3765 3086 3835 habuerint,
3107 3778 3310 3824 tantum
3324 3780 3382 3823 ut
3400 3769 3572 3825 tollat.

1984 3858 2078 3915 Cui
2108 3867 2288 3914 artem
2314 3869 2673 3930 parcat,quse
2704 3860 2783 3930 (5)
2813 3869 2867 3916 et
2907 3861 3041 3915 mori
3080 3860 3370 3915 momentis
3400 3860 3580 3915 omni-

1985 3954 2106 4019 bus,
2138 3953 2300 4008 etiam
2335 3952 2525 4009 frivolo
2549 3968 2612 4009 ac
2638 3954 2781 4024 turpi
2814 3954 2985 4020 lucro,
3015 3953 3252 4008 festinat.

2056 4045 2120 4099 Il.
2149 4043 2285 4111 Quid
2316 4043 2478 4114 igitur
2507 4046 2671 4100 miser
2697 4044 2952 4116 homo(6)
2970 4044 3084 4098 auri
3111 4041 3432 4114 argentique
3456 4057 3575 4099 me-

1986 4136 2096 4191 talli
2130 4137 2380 4191 incensus
2411 4150 2546 4190 vana
2574 4135 2890 4204 cupiditate,
2932 4151 3071 4190 Vana
3106 4150 3234 4192 cura
3272 4137 3578 4205 torqueris?

1987 4227 2121 4296 Quid
2143 4229 2462 4283 talentorum
2479 4242 2698 4296 magnas
2710 4226 3281 4299 struessccongerisi
3298 4225 3438 4293 Quid
3456 4228 3577 4283 heic

1960 4302 2327 4385 .remansura,
2360 4318 2580 4388 pervigil
2610 4319 2973 4374 sollicitudine
2999 4334 3176 4388 cassa,
3219 4334 3318 4374 nec
3348 4319 3445 4377 tibi
3474 4321 3578 4392 ipsi

301 4414 435 4469 nihil
467 4414 519 4468 in
560 4412 653 4466 illa
679 4409 831 4465 deest
877 4423 1158 4478 umquam,
1203 4408 1334 4461 nihil
1375 4409 1442 4464 ab
1484 4424 1583 4464 suo
1627 4417 1767 4464 statu
1795 4420 1888 4464 aut
1991 4410 2113 4465 inde
2138 4408 2339 4479 aliquid
2383 4409 2753 4483 concedendo,
2802 4410 3003 4467 illibata
3042 4412 3323 4473 custodis?
3348 4412 3579 4484 Insuper

298 4590 607 4647 detrimeni
631 4590 838 4656 capiant
884 4588 932 4639 in
976 4584 1211 4654 praediis,
1244 4585 1325 4637 vel
1352 4598 1415 4637 ea
1442 4599 1635 4661 augere
1664 4587 1873 4661 cupien-
1905 4590 1958 4650 D
1985 4587 2051 4642 ab
2088 4598 2321 4661 auctore
2374 4588 2628 4661 scriptum
2680 4588 2850 4645 fuisse
2879 4585 3019 4661 ‘post
3058 4606 3150 4646 an.
3200 4592 3306 4649 378
3332 4635 3346 4661 ,
3412 4593 3577 4652 latius

303 4675 384 4719 les
404 4706 417 4724 ,
448 4664 559 4715 vias
588 4661 834 4714 otnnihns
883 4665 1123 4726 patentes
1167 4664 1465 4726 occupant,
1518 4656 1597 4708 vel
1628 4658 1881 4711 claudunt

298 4735 538 4800 saltibus,
566 4748 633 4785 ex
657 4744 761 4797 quo
800 4725 975 4800 ﬁt,'ne
1001 4727 1123 4795 quis
1153 4726 1312 4777 homo
1343 4725 1537 4800 herbas
1560 4734 1760 4800 tangat,
1798 4728 1880 4782 vel

300 4797 478 4872 sylvas
500 4802 675 4863 adeat,
720 4816 813 4852 seu
844 4798 1006 4872 etiam
1050 4813 1122 4872 ιιι)Δ
1162 4812 1328 4872 aquas
1362 4797 1657 4872 inpr-guinis
1699 4810 1881 4872 scatu-

296 4866 496 4929 riemes
542 4872 793 4938 attingat;
849 4870 987 4938 qum]
1040 4866 1364 4920 animalibus
1419 4867 1549 4934 ipsis
1597 4866 1881 4935 prohibere

300 4956 468 5013 potest
498 4958 674 5013 netnu.

264 5068 279 5081 κ
300 5007 317 5013 ⁷
371 5014 483 5086 (25)
516 5012 579 5066 In
609 5014 810 5086 inferno
863 5025 955 5074 pro
1001 5010 1050 5061 in
1080 5009 1337 5086 infernum
1383 5007 1504 5086 aliis
1533 5008 1879 5086 antiquorum

337 5078 477 5138 Nihili
499 5093 636 5137 ttola‘.
652 5078 734 5135 Set
755 5083 984 5149 iplnt'ttut
1001 5080 1258 5148 exemplis
1271 5078 1673 5133 continuabitur
1691 5078 1873 5132 adttol.

337 5098 477 5138 robii:
499 5098 636 5137 ttola‘.
652 5098 734 5135 δρι
755 5098 965 5149 IpIHl'llll

295 5098 351 5219 9,
382 5159 429 5207 in
462 5163 612 5207 tract.
646 5169 750 5214 va,
787 5151 859 5205 ltb
911 5165 967 5201 ll.

369 5224 481 5294 (:24)
517 5225 639 5276 Mss.
670 5222 1117 5294 Rem.,A'I'o!cnt.,
1152 5219 1296 5294 Vat,
1347 5218 1555 5294 Urbin.,
1601 5219 1736 5271 ullus
1778 5235 1879 5270 non

295 5290 435 5348 timet
464 5290 687 5364 ferrum;
717 5310 819 5347 ms.
862 5292 1071 5360 I’ontp.,
1117 5290 1288 5364 nullus
1329 5306 1427 5351 non
1472 5292 1607 5364 timet
1640 5297 1874 5364 portam;

196 5370 217 5375 μ’
295 5369 381 5419 tthi
414 5359 586 5418 tamen
619 5379 775 5417 manu
810 5359 1086 5428 posteriori
1118 5360 1291 5413 deleta
1329 5370 1411 5412 est
1453 5359 1708 5427 particula
1749 5376 1871 5411 non.

300 5437 437 5489 Edtt.
472 5435 627 5500 νειμ,
678 5436 848 5487 nullus
896 5450 992 5486 non
1042 5434 1179 5483 timet
1210 5435 1424 5499 furtum.
1457 5428 1679 5495 Vulgata
1713 5430 1871 5485 lectio

294 5508 571 5559 sententia:
598 5506 764 5572 magis
794 5520 1028 5571 congrua
1061 5503 1169 5554 visa
1195 5510 1297 5572 est.

361 5568 940 5641 'I‘nacrarus'X.—_(I')
971 5571 1252 5638 Inscriptio
1283 5570 1411 5623 edit.
1442 5568 1574 5623 Ven.
1603 5580 1685 5623 est
1705 5569 1816 5623 haec
1847 5586 1857 5620 :

294 5644 370 5698 Dc
419 5647 636 5698 tutu-ilia:
682 5644 1081 5703 insaliubilitute,
1118 5642 1252 5694 etde
1301 5642 1567 5693 mulierum
1605 5641 1862 5707 superﬂuo

289 5718 447 5787 cultu,
471 5727 516 5770 ct
535 5718 832 5771 maritorum
864 5724 1171 5781 contemptu.
1193 5713 1341 5767 Ilum:
1369 5719 1548 5765 autem
1581 5720 1859 5765 tractatum

1985 4657 2796 4743 probavimttsndissertﬂ,‘cap.
2897 4657 2911 4724 ξ
2939 4659 2967 4743 ᾗ

2057 4726 2134 4799 (2)
2160 4729 2286 4782 Mss.
2329 4729 2542 4797 Pomp.,
2574 4726 2791 4791 Url)in.,
2824 4726 3137 4787 hominibus.

2059 4800 2134 4867 (5)
2166 4799 2291 4853 MSs.
2328 4799 2513 4865 Potnp.
2547 4803 2825 4867 posteriori
2857 4818 3013 4856 manu
3042 4804 3230 4857 inserit
3257 4809 3383 4858 non.

2055 4867 2133 4950 (αξ)
2169 4870 2307 4955 radit.
2330 4869 2497 4955 _Veu..
2528 4880 2583 4923 et
2614 4870 2884 4955 Ver..ctttn
2918 4888 3044 4955 mss.
3070 4874 3453 4955 plerisqueLin
3481 4895 3575 4943 po—

1985 4940 2163 5015 tentia,
2197 4939 2291 5015 Ms.
2329 4940 2535 5015 Urhin.,
2568 4943 2819 5015 patentia:
2852 4944 2941 4995 sed
2976 4939 3141 5015 probe
3184 4939 3314 4999 edit.
3352 4939 3572 5015 Palam,

1985 5008 2278 5084 impotentia
2301 5008 2747 5084 pruimmodcrata
2768 5008 3008 5084 potentia,
3036 5014 3112 5068 uti
3134 5015 3272 5084 apud
3299 5008 3571 5073 Velleiuni

1993 5078 2084 5130 lib.
2112 5095 2168 5159 tt_.
2193 5078 2313 5159 cap.
2344 5079 2438 5143 ‘39,
2484 5088 2537 5135 et
2571 5081 2640 5134 ita
2672 5078 2822 5149 apud
2865 5078 3183 5139 Cornelium
3205 5088 3257 5140 in
3287 5088 3572 5159 Lysandro

1985 5164 2126 5223 num”
2140 5151 2165 5203 I
2181 5152 2471 5223 ,__impotens
2484 5167 2584 5223 pro
2611 5162 2937 5223 praepotente.

2057 5219 2135 5295 (ὅ)
2185 5219 3076 5295 Νιιιέιιιιιρι)Ιξιξίδνειςιασιίαιοτεε,
3111 5227 3199 5295 qui
3232 5226 3300 5282 ob
3350 5228 3563 5283 lucrum

1982 5294 2138 5365 morti
2170 5305 2226 5342 se
2276 5306 2334 5365 se
2360 5291 2636 5365 objiciunt.
2664 5291 2754 5365 vel
2801 5296 2894 5359 illi,
2930 5298 3017 5365 qui
3059 5291 3247 5351 eadem
3274 5297 3342 5352 de
3368 5313 3563 5354 caussa

1980 5361 2112 5412 mari
2142 5375 2260 5412 cum
2290 5362 2409 5413 vitae
2436 5360 2749 5418 discrimine
2779 5379 2837 5418 se
2867 5380 2924 5419 se
2948 5360 3316 5422 committunt.

2050 5428 2468 5507 _(6)__L~gendum
2488 5432 2710 5507 videtur
2739 5437 2879 5489 aurei
2908 5438 3230 5507 argenteique
3258 5439 3478 5492 metalli.
3509 5438 3569 5494 In

1974 5499 2100 5553 edit.
2122 5499 2257 5553 Ven.
2283 5512 2334 5555 et
2357 5504 2671 5577 t_ns._l‘omp.
2691 5499 3216 5573 perperam'mcmllo.
3253 5507 3420 5577 Paulo
3452 5521 3572 5577 post

1971 5578 2134 5635 states
2178 5575 2403 5643 congeris
2452 5573 2763 5640 scripsimus
2811 5590 2875 5630 ex
2922 5593 3021 5630 ms.
3068 5577 3219 5631 Rem.
3260 5575 3318 5630 In
3350 5573 3574 5633 caeteris

1970 5652 2017 5716 et
2047 5656 2175 5716 mss.
2205 5652 2256 5695 et
2284 5642 2442 5716 editis
2475 5643 2633 5697 struis
2662 5646 2938 5712 congeries.
2973 5646 3102 5701 Dein
3140 5662 3235 5716 pro
3266 5663 3420 5702 cassa
3472 5666 3575 5705 tns.

1970 5708 2099 5766 Urb.
2133 5728 2327 5777 cassat,
2362 5712 2479 5767 Vat.
2526 5708 2779 5768 cessatur:
