3820 6220
343 231 447 285 345

1405 274 1417 301 1

345 365 455 401 mur
486 348 665 415 bonis,
698 362 813 418 qui:
849 356 962 401 sunt
989 363 1005 399 :
1037 355 1082 399 el
1115 357 1320 398 utamur
1369 352 1632 407 creatura,
1681 353 1937 410 tamquam
1970 354 2014 408 Α

346 439 460 511 (‘28)
488 440 818 514 iujuoentute
841 437 1069 491 celeriter
1098 436 1248 490 :vino
1264 438 1483 504 pretioso
1497 433 1937 505 etunguentisnos

342 532 643 599 impleamus
670 549 682 583 :
727 541 774 584 et
803 546 902 583 non
930 537 1196 598 pi-a'tereat
1228 545 1324 579 nos
1349 528 1445 596 [los
1476 525 1754 603 temporis.
1783 524 1940 577 Coro-

346 641 522 678 nemus
550 640 639 676 nos
668 623 801 675 rosis
856 632 975 674 ante
1019 630 1540 689 quamnmrcescant.
1577 616 1796 671 Nullum
1820 632 1939 685 pra-

343 723 451 768 tum
481 715 576 777 sit,
610 713 748 781 quod
772 728 873 765 non
903 721 1127 764 transeat
1158 711 1371 764 luxuria
1392 722 1590 762 nostra.
1634 709 1829 779 Ubique
1856 726 1937 762 re-

340 806 631 872 linquamus
656 804 808 874 signa
837 801 1031 855 laetitia:
1064 818 1351 871 :quouant
1376 801 1486 854 haec
1540 810 1615 853 est
1654 816 1774 870 pars
1816 815 1939 852 nos—

342 909 421 951 tra
444 940 459 965 ,
491 910 537 950 et
563 899 671 950 lucc
701 913 813 949 sors
838 894 906 967 (υ.
938 895 972 951 6
998 906 1049 949 et
1076 894 1232 965 seq.)

410 993 496 1046 Vl.
529 992 681 1046 Illinc
711 991 965 1060 spiritus,
998 991 1151 1059 quasi
1182 988 1398 1054 quidam
1423 986 1526 1039 dux
1555 984 1937 1056 peritissimus,

342 1088 533 1143 limum
565 1087 805 1137 monium
842 1084 1091 1151 prasdicit
1116 1082 1294 1149 fugant
1317 1121 1330 1144 ,
1362 1080 1415 1133 in
1446 1078 1611 1131 armis
1641 1075 1939 1143 expeditis—

339 1183 474 1236 sime
506 1190 554 1232 δι
576 1180 787 1243 nidum,
817 1175 1144 1247 vigilandum
1174 1174 1487 1244 diligenter,
1537 1169 1773 1239 und-quc
1817 1181 1910 1221 cas

339 1286 419 1329 tra
452 1274 740 1328 tttztniendn
770 1314 784 1334 ,
818 1269 1151 1326 del'ensanda
1183 1265 1385 1337 regalia
1417 1266 1629 1319 fortiter
1650 1278 1713 1317 ac
1742 1261 1939 1315 tenaci-

337 1378 421 1423 ter
452 1370 599 1436 signa
630 1382 644 1430 ;
677 1376 875 1427 iustus,
912 1362 1120 1432 frigus,
1165 1360 1361 1414 fatnem
1383 1400 1399 1423 ,
1446 1358 1630 1429 sitim,
1665 1358 1944 1409 universa-

334 1482 442 1533 que
471 1462 788 1518 discrimina
826 1458 1211 1531 aequanimiter
1252 1452 1570 1523 perferenda
1619 1468 1632 1505 :
1685 1447 1942 1528 mundum

336 1555 680 1611 abdicitione
710 1551 1031 1607 calcandum
1060 1590 1073 1614 ,
1109 1559 1447 1614 mortemque
1496 1546 1699 1611 ipsam,
1751 1555 1944 1611 pereo.

338 1649 423 1703 uis
456 1646 542 1701 cui
571 1644 850 1700 beatitudo
881 1641 1159 1705 succedat,
1196 1638 1472 1704 prmruiunt
1504 1635 1746 1689 victoria:
1775 1631 1943 1701 magis

1700 225 1949 281 SANCTI'
1982 225 2265 281 ZENONIS
2335 206 2338 210 ’

3534 220 3639 273 SH

2121 338 2249 393 Vlll.
2283 341 2327 392 0
2368 353 2507 393 cmca
2560 352 2707 390 mens
2759 333 3069 390 hominum!
3122 330 3250 400 quid
3290 334 3638 400 pnesentnnn

2041 434 2331 489 carnalium
2366 448 2544 487 rerum
2579 430 2746 499 fugaci
2782 427 3020 482 illudci-is
3066 423 3474 477 blandimento?
3506 425 3638 492 quid

2041 524 2294 579 deteriori
2345 524 2621 578 meliorem
2653 524 2768 594 (29)
2809 521 3089 587 snbjacere
3114 506 3435 585 compel'lis?
3460 517 3638 581 scrip-

2044 626 2152 669 tum
2179 616 2373 685 quippe
2400 631 2520 669 cum
2556 614 2769 667 noveris
2804 630 2815 663 ε
2854 610 3032 664 Omnis
3056 623 3178 661 caro
3200 607 3400 673 fenum,
3446 614 3492 657 et
3519 605 3639 674 gloo

2041 712 2121 762 ria
2164 712 2295 778 ejus,
2326 713 2455 761 sicut
2481 708 2576 775 [los
2604 707 2707 777 [eui
2741 706 2758 773 (
2790 704 2861 758 Is.
2892 719 2980 767 XL,
3014 701 3047 757 6
3070 709 3117 771 );
3166 692 3319 767 cujus
3363 699 3406 752 -i
3447 714 3639 752 curam

2042 802 2222 873 geris,
2276 802 2557 870 pecuinam
2598 812 2647 853 te
2675 812 2797 852 esse
2844 795 3149 864 cognoscis.
3196 793 3280 847 An
3312 792 3432 861 t-jns
3472 803 3643 844 virtu-

2045 906 2150 950 tem
2176 893 2390 964 diligis?
2412 893 2609 961 frangit
2637 907 2698 946 ac
2729 892 2926 959 subigit
2956 889 3100 944 illam
3132 888 3309 958 quivis
3336 885 3518 940 dolor.
3551 884 3639 940 An

2045 984 2528 1057 pulchritudinem?
2551 982 2667 1055 (50)
2692 984 2822 1036 levis
2850 992 2899 1034 ιιι
2929 977 3333 1033 commutabilis
3352 992 3439 1032 res
3454 987 3557 1043 est,
3586 985 3644 1031 et

2043 1096 2162 1151 quae
2197 1094 2300 1133 tina
2339 1077 2493 1140 febri,
2527 1076 2611 1129 vel
2639 1076 2876 1145 quilibet
2918 1072 3171 1127 facillime
3209 1071 3460 1126 deleuttr
3503 1070 3642 1140 inju-

2044 1172 2143 1225 ria.
2182 1170 2322 1225 Ecce
2361 1182 2737 1237 procuratores
2780 1167 2862 1221 vi-l
2900 1163 3443 1236 gubernatorcsejus
3475 1163 3642 1222 oculi.

2044 1266 2222 1334 aliquo
2267 1262 2374 1317 ictu
2418 1262 2673 1317 exmincli
2715 1259 3021 1314 subsidunt.
3072 1258 3259 1311 Nonne
3300 1260 3533 1319 cadaver
3557 1264 3645 1309 est

2045 1358 2158 1428 (51)
2190 1354 2403 1409 vivum?
2437 1353 2574 1409 Ecce
2594 1352 2802 1407 tabidus
2816 1350 3299 1423 pulmupingntbus
3319 1347 3639 1421 (32)sputa-

2046 1450 2244 1505 mentis
2272 1462 2467 1502 exesus
2493 1444 2794 1500 detestabili
2827 1445 2997 1498 macie
3037 1442 3211 1497 munia
3236 1444 3529 1512 gestator-is
3550 1440 3634 1493 siti

2047 1555 2165 1595 055a
2206 1538 2458 1594 denudat.
2512 1537 2698 1592 Nonne
2744 1537 2982 1591 horrebit
3026 1536 3185 1588 etiam
3230 1533 3337 1588 sibi
3385 1534 3647 1603 quodam—

2049 1630 2210 1685 modo
2241 1629 2329 1685 illa
2366 1630 2484 1701 (55)
2510 1641 2795 1683 excarnata
2824 1628 3011 1683 umbra
3037 1626 3366 1681 tractabilis?
3398 1624 3642 1693 Longum

338 1755 493 1805 esse,
525 1753 685 1809 quam
733 1744 984 1789 mortem.
1024 1731 1319 1786 Lucnlcnla
1365 1731 1609 1783 oratione
1642 1741 1735 1793 per
1779 1723 1939 1778 Joau'
1976 1728 2022 1788 Β
2051 1734 2135 1777 est
2160 1723 2236 1778 ire
2263 1737 2358 1791 per
2382 1721 2610 1792 singula.
2647 1719 2786 1774 Ecce
2832 1719 3228 1790 peremptorii-5
3258 1720 3454 1787 aliquis
3495 1730 3618 1770 mor

340 1846 468 1887 nem
501 1833 761 1885 hactenus
786 1828 1143 1882 concinnitnr
1169 1843 1181 1877 :
1209 1820 1391 1875 Nolite
1420 1818 1637 1889 diligere
1665 1816 1941 1880 mundum,

337 1940 499 1989 neque
526 1939 584 1976 ea
624 1936 737 1992 qua:
772 1921 825 1972 in
858 1916 1047 1971 mundo
1083 1923 1221 1968 sunt.
1284 1912 1344 1966 Si
1382 1912 1497 1977 quis
1527 1908 1763 1961 dilexerit
1795 1922 1946 1958 mun—

341 2014 499 2074 dum.
529 2020 727 2080 nonest
767 2009 995 2063 charitas
1022 2006 1184 2078 putris
1228 2004 1283 2055 in
1332 2002 1424 2055 illo
1463 2016 1479 2054 :
1511 1998 1755 2071 quoniam
1799 2013 1948 2049 omne

347 2106 483 2178 quod
508 2106 562 2158 in
584 2103 785 2157 mundo
816 2111 885 2155 est
910 2142 924 2166 ,
958 2093 1373 2165 concupiscentia
1405 2092 1576 2145 carnis
1616 2099 1723 2151 est,
1758 2104 1945 2142 concu~

340 2199 588 2274 piscentia
618 2196 884 2250 oculorum
912 2204 957 2247 et
990 2189 1198 2244 ambitio
1219 2186 1395 2240 saeculi
1425 2198 1541 2255 quae
1564 2199 1666 2236 non
1692 2190 1765 2236 est
1794 2198 1825 2233 a
1851 2197 1946 2248 pa-

344 2307 451 2362 tre,
497 2292 588 2348 sed
629 2308 691 2346 ex
711 2286 1124 2357 concupiscentia
1145 2281 1321 2337 ramuli
1346 2288 1429 2332 :et
1449 2277 1669 2332 mundus
1693 2274 1947 2337 transibit,

344 2398 393 2441 et
439 2382 854 2453 concupiscentia
904 2380 1036 2450 ejus.
1089 2376 1190 2441 Qui
1218 2384 1391 2427 autem
1423 2369 1599 2435 fecerit
1640 2368 1950 2426 voluntatem

347 2478 472 2540 Dei,
511 2486 679 2531 manet
723 2477 778 2528 in
817 2484 1091 2535 (sternam,
1142 2465 1396 2539 quomodo
1424 2474 1473 2518 el
1501 2463 1640 2517 Deus
1682 2470 1851 2515 manet
1894 2462 1949 2513 in

344 2583 590 2630 wternum
616 2571 657 2638 (l
678 2570 837 2623 Joan.
858 2583 928 2631 tt,
961 2582 1010 2619 υ.
1048 2564 1115 2619 15
1145 2572 1192 2617 et
1213 2559 1369 2631 seq.).

426 2664 535 2721 VII.
579 2663 687 2719 Sed
730 2661 860 2717 dicit
898 2658 1124 2727 aliquis,
1158 2656 1202 2710 si
1238 2654 1311 2709 ita
1340 2662 1461 2716 est,
1507 2667 1605 2706 cur
1646 2650 1699 2704 in
1747 2662 1806 2703 se
1838 2648 1953 2716 ipse
1994 2656 1995 2659 ‘

346 2758 695 2829 potissimum
725 2751 1055 2823 superatur?
1077 2740 1258 2803 Primo
1281 2745 1405 2817 quia
1441 2760 1611 2816 genus
1648 2741 1951 2797 humanum

354 2849 526 2917 magis
572 2845 841 2916 voluptati
892 2857 1053 2911 quam
1106 2838 1292 2894 virtuti
1337 2836 1613 2890 consentit
1655 2851 1668 2887 :
1719 2831 1956 2901 denique

350 2941 478 3013 quia
509 2940 732 2995 delicias
762 2937 880 3007 plus
915 2922 1091 3005 diligit
1129 2947 1288 3001 quain
1316 2930 1579 2983 laborem.
1645 2924 1760 2980 Hoc
1804 2938 1956 2979 acce-

353 3035 435 3090 dit
456 3075 469 3097 ,
500 3034 621 3104 quia
653 3032 794 3087 bona
822 3028 1003 3082 carnis
1028 3025 1267 3087 invenit,
1301 3038 1407 3077 non
1442 3019 1663 3090 requirit
1689 3035 1701 3070 :
1732 3016 1956 3087 mavult-

2052 1814 2148 1868 hus
2175 1821 2339 1868 totam
2365 1813 2665 1868 machinam
2692 1812 2830 1866 lecto
2847 1814 3154 1882 prosternit.
3185 1808 3325 1863 Ei-Cc
3352 1816 3647 1876 tempestas

2051 1904 2285 1975 undique
2308 1904 2496 1957 mortis
2524 1903 2803 1958 incumbit.
2834 1903 3017 1956 Nonne
3040 1900 3221 1955 statim
3251 1900 3361 1963 illa,
3386 1916 3505 1966 qua:
3530 1906 3651 1970 emt

2052 1998 2265 2052 domina
2293 1997 2641 2067 voluptatum.
2677 1996 2733 2049 lit
2756 1997 2933 2066 prazda
2967 1994 3318 2049 morborum?
3350 1992 3637 2047 Postremo

2046 2090 2292 2159 jacentes
2325 2090 2578 2160 reliquias
2619 2104 2763 2143 mors
2794 2089 3025 2142 vindicat
3054 2087 3175 2151 sibi,
3208 2086 3435 2156 insuper
3462 2086 3511 2140 υἱ
3535 2100 3650 2156 ρω-

2053 2197 2149 2236 nas
2166 2183 2427 2252 gehennae
2457 2179 2571 2253 (34)
2604 2184 2859 2250 paritura.
2880 2182 3029 2235 'I‘nnc
3055 2181 3288 2235 carnalis
3307 2177 3427 2251 (‘55)
3454 2181 3649 2234 mimus

2054 2274 2146 2328 ille
2194 2274 2395 2339 linitur,
2444 2274 2781 2344 ex:mguiqne
2830 2273 2957 2328 nihil
2995 2273 3102 2341 jam
3149 2272 3497 2344 sttﬂragantia
3534 2280 3650 2327 tota

2049 2364 2146 2443 illa
2171 2372 2484 2419 ornamenta
2529 2364 2832 2443 medentur,
2868 2364 2968 2418 nisi
2991 2364 3132 2436 quod
3158 2381 3185 2417 ει
3220 2363 3357 2419 false
3390 2362 3650 2435 plangen-

2058 2457 2205 2512 tibus
2236 2458 2411 2512 adbuc
2444 2438 2646 2529 viventi
2675 2459 2968 2528 rapiuntur.

2127 2548 2217 2604 IX.
2251 2548 2421 2616 Unde,
2454 2549 2666 2612 fratres.
2706 2553 2843 2605 sicut
2868 2552 2974 2604 veri
3007 2549 3319 2615 Christiani,
3353 2550 3503 2620 quasi
3532 2549 3655 2604 Iros-

2054 2644 2184 2715 pites
2207 2654 2255 2696 et
2278 2644 2535 2714 peregrini
2563 2644 2809 2697 abstinete
2849 2660 2934 2697 vos
2961 2660 2989 2695 a
3020 2642 3319 2697 carnalibus
3340 2643 3613 2697 desideriis
3634 2686 3650 2711 ,

2056 2751 2172 2804 qua:
2207 2736 2429 2790 militant
2452 2736 2696 2789 adversus
2722 2736 2945 2788 animam
2990 2733 3008 2807 (
3036 2735 3054 2789 Ι
3090 2734 3233 2788 l’clri
3259 2750 3318 2802 ll,
3350 2734 3412 2789 11
3456 2736 3473 2803 )
3507 2752 3519 2788 :
3551 2750 3655 2790 nec

2054 2827 2412 2899 98vestrum
2432 2827 2635 2896 frangat
2656 2825 2923 2893 allectum,
2941 2828 3084 2896 quod
3098 2828 3215 2897 ejus
3236 2838 3509 2883 secretum
3533 2828 3660 2899 figu-

2057 2940 2277 2994 ramqne
2327 2925 2584 2987 nescitis;
2632 2938 2789 2993 quam
2836 2922 2878 2975 si
2927 2930 3209 2991 prOpterea
3265 2923 3653 2990 contemnitis,

2058 3017 2177 3085 quia
2220 3031 2324 3070 non
2354 3015 2566 3080 videtis,
2611 3014 2776 3068 Deum
2819 3031 3053 3087 quoque,
3101 3015 3191 3083 qui
3229 3027 3312 3069 est
3340 3015 3651 3077 invisibilis.

356 3142 463 3198 que
503 3101 700 3195 potiori
728 3106 811 3177 vel
846 3120 1027 3191 parvis
1057 3114 1419 3187 praesentibus
1446 3112 1601 3167 bonis
1622 3152 1634 3175 ,
1668 3125 1827 3180 quam
1855 3109 1948 3163 bo-
1982 3101 2025 3163 C
2059 3120 2403 3163 contemnere
2438 3108 2686 3161 similiter
2713 3107 2990 3177 poteritis;
3036 3108 3124 3177 qui
3156 3108 3301 3161 enim
3346 3122 3454 3162 non
3484 3107 3657 3177 diligit

358 3220 443 3276 nis
475 3217 784 3289 iungentibus
812 3212 1003 3267 tardis.
1036 3210 1103 3264 At
1128 3224 1257 3263 vero
1287 3205 1510 3276 spiritus
1543 3205 1679 3255 bona
1705 3217 1809 3255 non
1839 3208 1953 3253 tan-

359 3322 472 3367 tum
503 3318 631 3366 sunt
652 3305 939 3362 invisibilia
966 3345 980 3370 ,
1013 3301 1163 3357 tarda
1208 3308 1265 3353 et
1299 3294 1637 3356 abscondita,
1667 3293 1761 3348 sed
1792 3291 1953 3345 etiam

359 3407 523 3462 nimis
546 3406 598 3458 in
627 3401 799 3456 arduo
830 3398 1121 3454 constituta
1142 3434 1159 3460 ,
1200 3402 1258 3447 ut
1288 3393 1354 3445 ad
1386 3406 1448 3446 ea
1473 3432 1487 3453 ,
1520 3388 1624 3444 nisi
1652 3402 1774 3442 cum
1806 3400 1958 3439 sum-

363 3514 449 3554 ma
481 3494 841 3557 difﬁcultate,
877 3488 1153 3544 laboribus
1205 3500 1267 3539 ac
1300 3482 1555 3554 periculis
1594 3479 1807 3543 magnis
1853 3488 1959 3530 non

362 3590 532 3660 possit
561 3587 630 3641 ab
672 3583 854 3652 aliquo
902 3577 1195 3651 perveniri.
1244 3574 1395 3630 Adde
1427 3571 1572 3644 quod
1610 3570 1718 3642 97
1761 3569 1851 3623 illa
1907 3570 1958 3622 in

362 3682 480 3738 solo
501 3677 721 3750 genitali
751 3685 1037 3730 versatur:
1076 3669 1169 3725 ille
1216 3668 1534 3739 peregrinus
1576 3674 1678 3720 est.
1713 3663 1805 3717 llla
1848 3666 1965 3717 sine

364 3771 823 3841 contemplatione
873 3767 1192 3820 meritorum
1242 3760 1576 3828 quibuslibet
1625 3757 1824 3828 passim
1866 3772 1961 3810 sua

368 3880 591 3922 munera
624 3862 832 3928 iiil'ulcit
857 3900 871 3925 ,
905 3858 1145 3913 maxime
1171 3854 1406 3923 indignis
1434 3894 1450 3918 ,
1482 3861 1538 3906 ut
1564 3852 1627 3905 ad
1660 3866 1719 3906 se
1748 3851 1966 3920 Colligat

368 3960 555 4014 turbas
585 3974 597 4012 :
641 3955 735 4011 ille
767 3966 1058 4021 numquam
1093 3956 1405 4003 renntnerat
1446 3958 1772 4016 quemquam
1796 3985 1813 4011 ,
1860 3942 1966 3997 nisi

276 4070 279 4073 '
369 4052 546 4123 primo
566 4049 687 4118 quis
718 4047 890 4099 victor
920 4043 1111 4096 mortis
1135 4039 1255 4108 jura
1289 4045 1596 4108 prmtercat.
1621 4036 1753 4103 Qua:
1782 4049 1871 4089 res
1892 4032 1971 4089 el-

374 4142 522 4207 licit,
553 4150 610 4192 nt
656 4137 770 4191 sive
800 4143 980 4197 metu,
1010 4133 1125 4185 sive
1158 4128 1539 4182 incredulitate
1587 4138 1973 4195 prmpouantur

375 4231 659 4305 praesentia
694 4227 920 4293 futuris,
948 4223 1087 4277 mala
1117 4220 1276 4274 bonis
1298 4261 1312 4283 ,
1344 4218 1550 4287 fragilia
1582 4218 1771 4272 solidis
1791 4257 1806 4281 ,
1841 4217 1972 4271 falsa

369 4327 546 4391 veris,
625 4331 841 4377 terrena
909 4315 1253 4380 cmlestibus,
1315 4310 1626 4380 temporalia
1690 4310 1974 4380 sempiter-

377 4435 481 4476 IIIS.

374 4555 619 4612 feminini
651 4553 813 4609 etiam
844 4546 1061 4622 generis
1091 4544 1360 4601 invenitur
1402 4542 1540 4615 apud
1571 4542 1888 4598 Ciceronem
1917 4549 1969 4594 et
1997 4543 2050 4604 1)

374 4628 568 4769 all(eiii-3)
600 4695 697 4751 Ms.
731 4646 885 4748 Rem.
919 4706 1073 4759 quam
1096 4690 1460 4759 juventutem:
1497 4684 1595 4741 Ms.
1620 4683 1813 4753 Pomp.
1837 4694 1970 4735 tarn-

377 4787 529 4840 quam
547 4772 838 4842 juventute.

452 4861 569 4926 (29)
600 4858 701 4911 Ms.
737 4853 925 4926 Urbin.
956 4848 1412 4926 subiice_re._Pa_ttlo
1432 4855 1549 4926 post
1579 4862 1675 4926 pro
1704 4844 1967 4912 pecuinam

378 4917 511 4987 edit.
545 4917 680 4984 Ven.
720 4924 961 4995 pecudem
989 4921 1196 4976 scribit.
1227 4920 1332 4995 sed
1371 4917 1649 4973 retinenda
1687 4930 1807 4969 cum
1822 4931 1962 4995 ltiss.

378 4984 529 5071 prior
556 4984 1017 5071 lectin';_refertnr
1045 4996 1205 5071 enim_
1224 4992 1289 5045 ad
1319 5000 1593 5071 mentem,
1627 4984 1968 5071 quamuzieno

379 5057 692 5142 alloquitur.
733 5057 982 5142 :Pecuina
1035 5063 1303 5132 reperitur
1335 5063 1387 5115 in
1420 5060 1707 5129 Appuleio,
1760 5057 1854 5110 lib.
1886 5070 1978 5108 vin

382 5139 596 5199 Metam.
620 5183 635 5206 ,
667 5139 769 5195 sub
800 5144 981 5191 linem.

452 5236 563 5307 (30)
592 5233 668 5289 lla
699 5248 731 5287 e
761 5244 891 5307 mss.
915 5226 1271 5307 correximus,
1295 5238 1415 5278 cum
1439 5224 1494 5277 in
1523 5222 1683 5307 editis
1714 5230 1829 5293 post
1854 5221 1975 5291 pul-

379 5294 721 5361 chritudinem
748 5300 979 5356 addatur
1006 5301 1118 5371 ejus
1140 5296 1167 5351 .9
1188 5304 1235 5349 et
1262 5294 1654 5348 commutabilis.

455 5396 573 5468 (51)
603 5394 661 5450 ιιι
688 5394 847 5468 editis
880 5404 1161 5468 perperam
1184 5402 1379 5467 unum;
1407 5394 1462 5440 et
1488 5383 1974 5468 postpaucaontnia

384 5462 564 5532 macie,
586 5465 728 5536 quod
760 5465 812 5519 in
844 5463 1004 5519 editis
1044 5462 1458 5528 transpositam,
1490 5471 1521 5511 e
1559 5470 1688 5511 mss.
1733 5462 1974 5509 restitut-

383 5552 564 5728 ωιξῗ)
589 5605 984 5685 Sputamentum
1008 5602 1141 5660 dicit
1168 5595 1243 5656 Te
1252 5597 1537 5655 rtullianus
1550 5594 1617 5650 dc
1634 5591 1970 5689 Spectaculis

383 5692 420 5728 [Β.
455 5695 485 5728 Il
537 5713 548 5728 ο

369 5692 420 5731 c.
455 5681 548 5731 ult.
714 5681 718 5685 '
1944 5681 1954 5689 '

2058 3202 2173 3271 ejus
2198 3200 2311 3273 (56)
2326 3200 2758 3263 similitudinem,
2794 3199 3036 3269 sequitur
3064 3210 3118 3253 ut
3144 3198 3321 3263 oderit
3342 3201 3654 3255 veritatem.

2059 3292 2189 3348 Inde
2215 3302 2316 3360 est,
2346 3292 2485 3363 quod
2514 3293 2659 3347 stulti
2708 3302 3024 3361 praeponam
3052 3306 3250 3361 corpus
3277 3293 3502 3358 anitme,
3543 3292 3658 3345 ido-

2062 3387 2170 3440 lum
2217 3387 2342 3440 Deo.
2391 3385 2496 3440 Sed
2532 3399 2649 3449 nos,
2680 3384 2769 3454 qui
2800 3385 2965 3438 Adam
2999 3384 3342 3453 ahjecimus,
3382 3383 3658 3441 Christum

2062 3479 2335 3533 induimus
2364 3476 2581 3547 (Ephes.
2612 3492 2684 3539 tv,
2717 3476 2788 3531 22
2818 3480 2869 3545 );
2903 3477 3017 3549 qui,
3050 3492 3167 3547 qua:
3200 3478 3306 3541 vis,
3334 3476 3431 3547 qui
3461 3477 3658 3541 exitus,

2066 3585 2185 3639 qtne
2210 3585 2415 3624 merces
2441 3570 2619 3623 carnis
2646 3570 2737 3633 sit,
2761 3586 2948 3639 quasve
2976 3571 3202 3636 animae,
3232 3568 3349 3624 Deo
3375 3572 3655 3641 uiagisuo,

2068 3661 2354 3717 didicimus
2385 3661 2403 3735 (
2429 3660 2546 3716 Gal.
2579 3677 2635 3717 ιιι
2656 3705 2670 3729 ,
2710 3662 2780 3717 27
2810 3662 2859 3733 );
2892 3663 2979 3735 qui
3009 3679 3113 3717 non
3141 3663 3459 3733 ignoramus
3490 3663 3661 3718 victo-

2069 3753 2146 3807 ria
2169 3755 2345 3810 carnis
2369 3755 2553 3809 ambas
2580 3756 2868 3826 exstingui,
2912 3755 3103 3809 anitum
3126 3754 3351 3809 victoria
3380 3763 3664 3825 utramque

2069 3850 2300 3912 servari;
2351 3848 2568 3903 meliora
2617 3863 2937 3918 sequamur,
2992 3849 3181 3903 saltem
3213 3848 3301 3902 vel
3351 3862 3422 3903 eo
3462 3848 3660 3914 studio,

2068 3957 2176 4012 quo
2215 3941 2491 4012 sequimur
2523 3941 2680 3995 tnala.
2728 3939 2881 3995 Nulla
2922 3939 3016 3996 ulli
3059 3941 3321 4006 competit
3361 3941 3660 4007 excusatio,

2074 4034 2303 4089 maxime
2331 4048 2451 4087 cum
2475 4048 2561 4087 res
2590 4041 2786 4087 nostra:
2817 4034 3102 4088 connnissa
3125 4032 3197 4086 sit
3217 4032 3511 4096 voluntati,
3542 4033 3665 4088 Pro-

2077 4125 2237 4195 pheta
2292 4126 2502 4180 dicente
2535 4140 2553 4182 :
2585 4127 2714 4179 Ante
2764 4126 3017 4179 hominem
3074 4127 3265 4179 bonum
3322 4138 3369 4180 et
3423 4143 3662 4197 nequam,

2077 4234 2212 4271 more
2240 4227 2289 4271 et
2327 4220 2449 4282 vita,
2480 4217 2615 4285 quod
2640 4218 2868 4288 elegerit,
2901 4218 2995 4270 hoc
3025 4216 3235 4270 dubitur
3271 4218 3319 4270 ei
3355 4215 3375 4288 (
3404 4215 3553 4272 Eccl.
3582 4234 3663 4281 IV,

2080 4307 2145 4363 18
2172 4317 2211 4379 ).
2244 4308 2395 4364 Unde
2417 4309 2636 4364 dubium
2670 4325 2774 4363 non
2802 4320 2903 4371 est,
2931 4309 3255 4362 voluntatem
3280 4315 3552 4375 nostram,
3582 4313 3663 4363 cui

2080 4416 2139 4455 se
2158 4401 2395 4470 junxerit
2427 4400 2584 4471 parti,
2611 4400 2853 4470 praebere
2878 4401 2995 4471 (57)
3020 4400 3331 4464 victoriam;
3356 4400 3585 4470 ejuSque
3613 4402 3662 4455 in

2146 4538 2261 4611 (53)
2292 4538 2441 4611 Sicut
2462 4550 2799 4611 concarnalur
2820 4554 2847 4592 ιι
2876 4555 3130 4594 concarno
3161 4541 3356 4610 legitur
3386 4544 3441 4596 in
3471 4542 3661 4598 eodem

2079 4609 2411 4666 Tertulliani)
2442 4610 2507 4663 tle
2544 4625 2707 4665 Carne
2737 4609 2932 4665 Christi
2959 4627 3080 4666 can.
3113 4612 3203 4675 20,
3237 4621 3292 4665 et
3320 4612 3552 4668 deterrito
3584 4630 3664 4668 re-

2082 4683 2283 4749 peritur
2313 4681 2450 4749 apud
2466 4679 2733 4749 Apicium.
2754 4681 2809 4747 7,
2830 4681 2881 4745 9,
2908 4693 2961 4735 et
2983 4680 3263 4744 Vegetium
3285 4683 3355 4737 de
3387 4682 3469 4737 Re
3492 4699 3661 4739 veter.

2075 4753 2130 4816 2,
2163 4751 2255 4815 27,
2287 4751 2358 4805 ita
2393 4761 2668 4805 excarnata
2694 4752 2764 4805 ab
2798 4768 3017 4807 excarno
3044 4752 3189 4807 Zeno
3220 4754 3387 4809 latine
3427 4757 3664 4812 scribere

2113 4823 2270 4877 otnit.

2078 4841 2270 4893 pontu.

2150 4894 2263 4961 (‘54)
2294 4890 2390 4945 Ms.
2420 4890 2606 4947 Urbin.
2642 4903 2905 4961 paratum.

2148 4964 2263 5031 (ὅθι)
2294 4965 2424 5018 Cum
2460 4966 2509 5016 in
2538 4964 2706 5017 mimis
2736 4965 2913 5017 omnia
2946 4964 3063 5017 ﬁcta
3095 4974 3276 5020 essent
3302 4976 3356 5021 et
3388 4966 3661 5032 simulata,

2084 5034 2225 5087 mimi
2256 5048 2358 5107 vox
2382 5036 2643 5107 trandata
2690 5034 2882 5103 legitur
2908 5035 2974 5087 ad
3003 5034 3131 5101 alia,
3160 5051 3282 5107 quae
3314 5038 3436 5105 plus
3466 5040 3659 5105 speciei

2083 5116 2136 5175 εει
2160 5105 2517 5160 simulationis
2545 5104 2773 5169 habent,
2814 5120 2970 5175 quam
2997 5104 3261 5161 Veritatis.
3291 5104 3586 5165 Suetonius
3610 5109 3661 5163 in

2082 5173 2247 5242 Calig.
2293 5192 2341 5228 c.
2370 5176 2463 5239 45,
2490 5176 2703 5228 mimum
2738 5173 2893 5230 vocat
2924 5180 3103 5230 lictum
3139 5178 3442 5245 falsumque.
3473 5191 3659 5234 trium-

2084 5245 2269 5320 phunr.
2305 5246 2421 5311 Ipse
2442 5245 2717 5320 Angustus
2747 5248 2853 5320 iam
2876 5246 2985 5316 jam
3017 5250 3311 5303 moriturus
3341 5252 3484 5320 apud
3512 5266 3661 5305 eum-

2080 5317 2202 5370 dem
2230 5318 2564 5380 Suetoninm,
2598 5331 2716 5386 cap.
2741 5318 2827 5381 99,
2878 5334 2976 5373 nec
3004 5333 3109 5373 noii
3149 5320 3355 5374 Seneca
3377 5317 3541 5388 epist.
3574 5320 3660 5385 81,

2079 5389 2287 5441 mimum
2311 5388 2646 5457 appellarunt
2678 5392 2921 5443 humana:
2952 5393 3074 5443 vita:
3095 5393 3447 5446 curriculum.

2149 5457 2263 5529 (56)
2293 5457 2693 5531 Similitudmern
2727 5460 2816 5513 Dei
2856 5462 3087 5514 animam
3118 5471 3435 5531 vocat,quae
3459 5463 3513 5517 in
3533 5461 3661 5517 scri-

2078 5532 2249 5598 pturis
2274 5530 2341 5583 ad
2364 5530 2452 5584 Uei
2477 5529 2765 5599 imagini-tn
2792 5541 2969 5584 creata
2996 5530 3241 5583 traditur.

2143 5601 2257 5670 (37)
2287 5600 2341 5654 ιιι
2374 5601 2532 5654 editis
2537 5600 2827 5672 justitiam;
2854 5616 3073 5672 exgtttss.
3095 5600 3359 5654 victoriam
3374 5602 3659 5672 supposui-

2070 5685 2208 5725 mus.
2233 5672 2383 5737 Qnoil
2413 5670 2573 5739 porro
2604 5686 2791 5725 auctor
2818 5678 2890 5724 ait
2918 5670 2973 5725 in
2994 5673 3367 5725 resurrectione
3397 5670 3642 5729 luendum
