3820 6220
104 318 195 374 575

109 527 485 598 Detnocritique
525 529 814 583 vanitatem
873 529 1337 596 argumentatione
1376 528 1656 584 manifesta

105 617 431 672 convincunt.
461 615 580 688 (13)
609 617 786 671 Poetae
823 625 999 670 autem
1024 616 1237 683 melius,
1269 617 1357 687 qui
1387 617 1654 688 duplicem

105 708 226 764 viam
253 707 387 789 apud
422 707 628 763 inferos
661 717 897 783 ponunt:
925 705 1212 778 impiorum
1240 724 1401 764 unam
1436 749 1452 776 ,
1501 707 1660 779 128

101 815 206 872 qum
219 799 355 854 ducit
377 800 430 854 in
452 799 737 855 Tartarum
760 817 773 854 :
797 799 1006 868 piorum
1024 798 1140 871 (11)
1167 799 1346 863 aliam,
1366 814 1489 870 qua:
1513 799 1658 853 ducit

95 893 159 952 ad
184 892 447 964 Elysium;
474 906 544 948 eo
571 892 761 947 fortius
791 891 1072 959 addentes,
1104 894 1249 964 quod
1279 893 1653 948 defunctorum

104 983 279 1039 ibidem
299 997 403 1038 non
426 993 534 1038 tam
558 983 766 1050 formae,
797 997 951 1053 quam
972 983 1108 1039 facta
1137 994 1450 1052 noscantur,
1470 1000 1533 1040 ac
1561 999 1653 1039 ne-

106 1073 315 1129 cessario
340 1074 620 1144 recipiant,
649 1073 940 1142 secundum
967 1075 1106 1146 quod
1129 1072 1410 1130 mundanae
1428 1075 1649 1131 admini-

102 1165 469 1220 strationissuis
489 1165 540 1219 in
568 1165 776 1221 actibus
799 1174 1035 1236 portant,
1051 1175 1197 1222 recte
1228 1167 1468 1224 dicentes
1493 1184 1511 1221 :
1541 1165 1657 1239 (15)

319 1274 537 1338 Quisque
560 1257 675 1325 suos
695 1276 906 1340 patimur
923 1288 1115 1340 manes.

931 1335 1173 1402 (sueta,
1197 1350 1264 1400 νι,
1287 1349 1332 1386 υ.
1367 1335 1504 1401 745.)

161 1441 238 1497 lll.
267 1440 371 1498 Nos
397 1456 549 1510 vero,
591 1441 805 1511 fratres,
851 1457 989 1514 quos
1036 1428 1145 1498 non
1174 1443 1451 1514 ingeniosa
1482 1442 1658 1513 suspi-

98 1535 189 1601 cio,
229 1533 316 1590 sed
367 1533 530 1589 Deus‘
559 1533 814 1604 magister
861 1533 1146 1600 instruxit,
1201 1543 1422 1606 propter
1465 1547 1564 1589 nos
1606 1533 1658 1588 in

100 1624 362 1693 semetipso
423 1622 728 1694 probando,
790 1623 932 1694 quod
980 1623 1182 1690 docuit,
1225 1623 1406 1678 vivere
1452 1622 1660 1678 animas

99 1725 405 1772 mortuorum
451 1730 560 1772 non
612 1723 717 1770 tam
767 1714 970 1784 dicere,
1019 1729 1178 1784 quam
1225 1713 1455 1770 oculatis
1499 1714 1659 1770 rebus

1216 317 1444 376 .LIBER
1483 318 1524 376 l.
1565 318 1980 378 TRACTATUS
2023 322 2158 378 XVI.

106 446 261 490 tamen
277 436 409 490 hanc
419 449 540 493 esse
559 435 936 503 immortalem,
954 436 1071 508 (12)
1087 436 1320 506 Epicuri,
1339 435 1649 502 Dicaearchi,
1684 442 1730 497 Α

3245 330 3348 386 571

1764 437 1876 510 (16)
1908 438 2131 508 spiritus
2163 443 2442 515 utriusque
2463 458 2625 500 sexus
2667 443 2885 499 humani
2926 445 3112 499 dolosa
3146 445 3350 501 blandi-

1760 529 1952 582 tiarum
2021 531 2291 600 captione,
2341 549 2435 589 seu
2491 535 2746 591 violentia
2794 535 3091 592 viventium
3159 538 3347 593 domos

1759 619 2070 687 corporales
2111 621 2421 692 infringunt,
2455 633 2508 678 et
2553 624 2833 680 latibulum
2884 627 2986 681 sibi
3025 625 3138 699 (17)
3170 628 3347 698 perni-

1759 708 1921 764 ciosis
1951 725 2136 764 eorum
2165 711 2215 765 in
2246 715 2645 783 captivitatibus
2676 710 2940 787 quaerunt.
2976 721 3045 774 At
3092 719 3183 775 ubi
3215 734 3345 776 ven.

1760 808 1870 853 tum
1901 801 2062 855 fuerit
2092 802 2158 856 ad
2187 803 2351 858 divini
2400 808 2707 861 certaminis
2736 825 3009 880 campum,
3061 810 3352 882 coeperint-

1759 905 1862 960 que
1890 891 2028 945 sacri
2053 893 2284 948 nominis
2317 895 2422 969 telo
2454 897 2686 965 pulsari;
2719 896 2833 970 (18)
2868 908 2990 956 tu‘nc
3032 914 3152 955 cum
3186 900 3349 956 alium

1759 983 1998 1049 noveris,
2047 985 2211 1039 alium
2259 989 2455 1042 certari
2504 986 2794 1044 misereris.
2839 992 3204 1048 Discoloratur
3249 1009 3346 1064 per

1758 1085 2034 1131 momenta
2059 1078 2226 1142 color,
2265 1080 2422 1150 129
2439 1077 2604 1148 ﬁgura
2634 1095 2727 1134 sua
2755 1082 2958 1137 tollitur
2987 1099 3017 1138 a
3045 1095 3255 1148 natura,
3298 1085 3350 1156 in

1763 1165 2015 1236 obliquos
2039 1167 2294 1223 horrores
2318 1171 2486 1223 insani
2512 1179 2793 1225 vertuntur
2841 1173 2998 1229 orbes
3037 1176 3338 1243 oculorum,

1758 1257 1906 1311 acies
1948 1258 2189 1313 dentium
2234 1261 2504 1329 spumosis
2549 1259 2771 1315 horrida
2814 1264 2984 1332 globis
3017 1264 3155 1320 inter
3195 1266 3344 1320 labra

1759 1348 1976 1405 liventia
2001 1351 2200 1419 stridit,
2233 1352 2430 1407 intorta
2478 1353 2656 1406 omnia
2705 1357 2905 1422 passim
2950 1357 3188 1411 membra
3232 1366 3344 1411 trc-

1761 1455 1912 1496 more
1973 1442 2271 1509 vibrantur,
2321 1445 2508 1514 gemit,
2561 1443 2653 1498 flet
2701 1461 2714 1496 :
2768 1445 3135 1501 denuntiatum
3180 1458 3338 1516 pavet

1756 1530 1940 1601 judicii
1988 1533 2151 1598 diem,
2203 1533 2432 1604 pellique
2462 1547 2534 1588 .se
2577 1533 2780 1604 plangit
2827 1552 2838 1586 :
2889 1534 3006 1605 (19)
3061 1536 3348 1592 confitetur

1763 1636 1972 1688 sexum,
2037 1621 2320 1691 confitetur
2389 1639 2721 1694 aggressurae
2801 1633 3013 1694 tempus
3056 1635 3110 1679 et
3151 1627 3351 1693 locum,

1763 1723 1815 1768 et
1888 1729 2082 1768 nomen
2162 1715 2437 1783 proprium
2514 1716 2834 1780 confitetur,
2916 1715 3352 1786 discessumque:

97 1805 365 1863 sufficimus
392 1805 720 1877 approbare.
752 1805 995 1891 Denique
1029 1802 1153 1875 vagi
1193 1813 1355 1874 atque
1397 1803 1662 1860 immundi
1691 1803 1738 1864 B
1765 1805 1850 1860 vel
1897 1805 1986 1875 qui
2022 1805 2108 1873 sit,
2157 1805 2323 1875 signis
2366 1805 2703 1863 evidentibus
2741 1807 2921 1873 docet,
2953 1816 3012 1861 ut
3042 1808 3352 1881 plerumque

93 1945 252 2071 plura,
281 1957 399 2015 quae
428 1942 482 1998 in
515 1941 654 1997 hanc
675 1956 789 1997 rem
814 1939 1034 2008 congeri
1059 1942 1284 2016 possent
1327 1954 1343 1995 :
1393 1954 1516 1994 nam
1543 1955 1662 2009 quae

131 2024 336 2071 actenus
376 2013 759 2071 delibavimus.
807 2011 873 2066 ad
918 2009 1243 2066 Zenoniana:
1269 2012 1551 2065 sententiae
1579 2011 1662 2064 iu-

131 2009 336 2071 actcnu's
376 2013 759 2080 delibavimus,
807 2011 873 2066 ad
918 2009 1551 2080 Zenoniarimisententim
1579 2011 1663 2064 iu-

103 2085 421 2156 telligentiam
443 2079 750 2141 sufficiunt;
783 2081 909 2137 Mss.
954 2080 1086 2138 Urb.
1138 2083 1193 2135 et
1237 2079 1375 2135 Vat.‘
1405 2079 1662 2135 disserunt

135 2172 187 2210 ro
204 2158 448 2209 dixerunt.
1033 2184 1038 2190 .

103 2172 187 2227 pro
204 2172 448 2209 atterunt.
1033 2184 1038 2190 .

165 2226 270 2295 (19)
307 2224 494 2278 Contra
518 2222 656 2277 hanc
697 2221 787 2295 (de
817 2221 1118 2295 animorum
1149 2220 1354 2295 scilicet
1377 2221 1659 2295 immorta-

103 2290 592 2366 litateisententiam,
636 2290 805 2366 inquit
850 2291 1167 2366 Lactantius
1189 2290 1282 2366 lib.
1307 2306 1399 2366 vii,
1429 2290 1610 2366 cap._8
1645 2308 1658 2343 :

103 2360 386 2421 disserebant
454 2361 793 2417 Dictearcltus
846 2363 1032 2431 primo,
1088 2361 1299 2431 deinde‘
1320 2360 1661 2431 Democritus,

104 2445 330 2510 postremo
356 2431 660 2510 Epicurus._
676 2433 756 2510 _De
783 2428 1092 2510 Dicmarcho
1121 2429 1236 2510 haec
1262 2428 1451 2510 Cicero
1496 2430 1665 2510 “0.”!

106 2501 302 2561 Tuscul.
338 2501 529 2569 quam.
571 2519 585 2555 :
619 2501 948 2555 Dictearchus
995 2510 1172 2554 contra
1201 2501 1333 2554 hanc
1359 2501 1665 2554 immortali-

99 2587 242 2630 tatem
265 2574 500 2628 disseruit
522 2589 545 2638 ;
572 2573 616 2625 is
642 2574 772 2624 enim
795 2583 892 2624 tres
923 2571 1076 2624 libros
1107 2570 1311 2637 scripsit
1335 2612 1350 2636 ,
1382 2571 1466 2637 qui
1489 2570 1666 2624 Lesbi-

103 2649 196 2699 caci
215 2655 474 2710 vocantur,
499 2640 640 2710 quod
657 2640 911 2694 .Mititenis
932 2656 1098 2710 sermo
1124 2639 1355 2710 habetur,
1395 2643 1447 2692 in
1487 2641 1667 2708 quibus

100 2718 192 2770 catt
211 2715 405 2785 efﬁcere
423 2707 627 2768 animos
645 2727 751 2785 esse
773 2712 1026 2785 mortales.
1051 2707 1390 2763 Contendebat
1421 2710 1658 2785 nimirum

101 2785 214 2839 nihil
238 2781 441 2854 prorsus
467 2798 579 2837 esse
604 2784 847 2846 animam,
892 2781 989 2834 nisi
1015 2796 1219 2854 corpus
1248 2795 1406 2832 unum
1439 2789 1491 2854 et
1530 2782 1655 2833 sim-

100 2851 318 2926 plex,'ita
341 2854 738 2926 ﬁguratum,_ut
765 2851 1123 2926 temperatione
1165 2859 1358 2926 natura:
1401 2851 1588 2926 vigeat.
1609 2861 1658 2926 et

97 2919 415 2980 sentiatJNe'c
435 2921 774 2977 dissimiliter
802 2919 1136 2974 Democritus
1163 2919 1350 2974 eodem
1394 2919 1531 2974 teste
1559 2920 1628 2974 ibi
1645 2947 1658 2958 -

98 2995 205 3049 dem
228 3012 243 3048 t
270 2994 344 3048 Ds
361 2995 557 3049 levibus
581 3001 628 3045 et
655 2993 885 3045 rotundis
911 2991 1225 3057 corpusculis
1245 2991 1412 3059 effecit
1435 2990 1656 3043 animum

96 3080 324 3120 concursu
347 3065 574 3134 quodam
601 3063 810 3134 fortuito
840 3077 999 3115 :nant
1028 3060 1179 3134 apud
1213 3076 1324 3134 eum
1365 3059 1490 3134 nihil
1525 3069 1654 3123 erat,

97 3139 216 3203 quod
235 3130 519 3190 atomorum
542 3130 686 3186 turba
703 3148 802 3186 non
825 3135 1112 3202 confecerit.
1138 3130 1373 3203 Tandem
1394 3131 1656 3203 Epicurus

1768 1939 2080 2010 collocatum
2093 1957 2123 1992 a
2139 1955 2374 2010 supremo
2397 1937 2618 1994 Domino
2639 1940 2889 1994 dicebant.
2923 1940 3138 1996 Persius
3161 1942 3275 1999 Sat.
3303 1944 3358 1999 5.

1768 2010 2034 2064 Hactenus
2057 2009 2325 2063 Barthius.

1836 2078 1954 2149 (15)
1999 2081 2150 2133 llunc
2180 2095 2390 2134 versum
2436 2080 2747 2136 Lactantius
2793 2095 2898 2136 non
2949 2080 3142 2146 adfert,
3192 2093 3246 2137 et
3291 2100 3357 2139 ex

1768 2149 1872 2204 hoc
1892 2149 2159 2204 Zenonem
2189 2151 2240 2220 111
2271 2152 2387 2216 ipso
2415 2151 2637 2220 Virgilio
2657 2153 3008 2207 exercitatum
3031 2153 3352 2218 colligimus.

1768 2220 1953 2293 Manes
1973 2231 2148 2293 autem
2183 2219 2434 2293 Virgilius
2457 2219 2758 2293 appellasse
2789 2226 2953 2293 fertur
2980 2221 3196 2286 Genios‘,
3223 2241 3356 2293 quos

1769 2291 1964 2358 cuique
1995 2290 2218 2344 comites
2242 2303 2296 2343 et
2321 2291 2445 2344 vita:
2485 2290 2651 2346 testes
2680 2291 2871 2347 adesse
2893 2291 3043 2344 Plato
3079 2290 3352 2358 docuerat,

1766 2359 2000 2431 Apuleio
2025 2362 2288 2431 tradente,
2323 2362 2386 2414 de
2417 2359 2526 2413 Deo
2559 2359 2811 2426 Socratis,
2839 2360 3022 2431 quibus
3069 2363 3360 2416 adsistenti-

1771 2430 1884 2495 bus,
1911 2430 2042 2482 utin
2071 2444 2192 2500 cum
2215 2430 2388 2484 locum
2417 2441 2564 2484 notat
2593 2433 2832 2497 Servius,
2855 2430 2989 2500 post
3031 2442 3243 2485 mortem
3270 2446 3358 2488 aut

1768 2500 2045 2554 asserimur
2071 2499 2125 2551 in
2155 2501 2418 2552 meliorem
2445 2502 2622 2566 vitam,
2650 2513 2736 2554 aut
2767 2499 3164 2555 condemnamur
3197 2506 3246 2556 in
3270 2506 3360 2557 de-

1771 2572 2022 2624 teriorem.
2057 2571 2130 2624 Ita
2160 2585 2502 2638 quocumque
2545 2572 2706 2625 modo
2735 2573 2966 2625 animam
3002 2573 3356 2628 immortalem

1769 2640 2002 2710 agnovit.
2035 2638 2241 2692 Patitur
2272 2655 2368 2709 pro
2393 2640 2620 2708 patimur
2647 2642 2840 2710 legitur
2885 2643 2938 2693 in
2977 2656 3077 2695 ms.
3110 2641 3237 2697 Urb.
3266 2644 3353 2698 lu-

1770 2709 1940 2780 ferius
1963 2711 2302 2780 suspicionem
2324 2711 2494 2779 accipi
2520 2726 2614 2778 pro
2642 2709 2879 2778 Opinione
2903 2719 2948 2762 et
2973 2711 3182 2764 scicntia
3212 2717 3349 2767 tenui

1765 2779 1974 2834 notavit
2014 2779 2262 2850 Barthius
2291 2794 2359 2850 ex
2390 2780 2570 2850 Cyrilli
2617 2780 2822 2836 Glossis
2858 2799 2871 2835 :
2918 2780 3068 2834 etde
3113 2781 3215 2834 hoc
3254 2799 3352 2838 nos

1763 2850 1920 2919 plura
1990 2848 2197 2918 egimus
2263 2848 2610 2905 adnotatione
2686 2851 2812 2904 4111
2863 2858 3145 2905 traeiatum
3202 2851 3236 2904 2
3290 2856 3353 2908 11-

1762 2921 1862 2974 bro
1889 2935 1946 2973 11.

1835 2987 1955 3059 (16)
1994 2987 2106 3042 Hoc
2139 2991 2189 3044 in
2220 3003 2446 3044 numero
2476 2987 2814 3059 Veronenses
2840 2989 3078 3045 editores
3109 2989 3346 3049 liberiori

1765 3058 2034 3114 manu'usi
2066 3069 2211 3126 sunt,
2242 3060 2344 3112 alia
2390 3074 2456 3113 ex
2481 3058 2703 3112 arbitrio
2733 3060 3012 3122 addentes,
3045 3060 3148 3112 alia
3173 3061 3354 3118 detra-

1765 3129 1975 3195 hentes,
2006 3138 2060 3184 et
2087 3145 2190 3183 non
2241 3129 2379 3182 nulla
2419 3129 2585 3192 etiam
2617 3143 2682 3183 ex
2712 3144 2817 3183 uno
2846 3129 2962 3182 loco
3011 3129 3349 3190 traducentes

97 3197 278 3279 eisdem
297 3204 554 3279 vestigiis
573 3197 1070 3279 insistenstra'ditur
1097 3211 1147 3279 et
1175 3215 1205 3279 ᾳ
1261 3197 1594 3279 Ιέειᾳςιίὸη1111.
1622 3216 1655 3253 x
1683 3217 1727 3279 ρ
1762 3200 1824 3279 in
1845 3201 2032 3263 alium,
2058 3216 2175 3268 quae
2205 3215 2302 3279 nos
2334 3214 2398 3251 ex
2431 3208 2648 3279 mssaet
2671 3197 2962 3279 edit..Vcn.
2986 3201 3342 3279 restituimus.

95 3273 141 3345 in
168 3278 275 3345 ejus
297 3269 498 3342 Vita,'§
535 3275 637 3333 128
666 3275 870 3345 111159,
903 3283 958 3328 et
995 3278 1062 3330 ab
1091 3271 1230 3325 Aulo
1268 3269 1441 3326 Gellio
1473 3272 1567 3325 lib.
1613 3287 1651 3325 ιι

96 3343 317 3402 Noctium
360 3349 525 3400 Attic.
559 3362 679 3419 cap.
709 3343 762 3398 8.

160 3423 264 3496 (15)
302 3424 382 3496 Eg
406 3414 673 3476 hactenus
718 3419 873 3496 dictis
917 3415 1396 3496 Lactantium‘hoc
1432 3414 1484 3468 in
1522 3421 1652 3496 'serf

95 3487 314 3550 mo'ne's.
348 3492 499 3547 Zeno
523 3505 633 3561 pra:
655 3490 898 3561 manibus
922 3488 1171 3561 habuisse
1198 3487 1427 3561 videtur,
1453 3491 1658 3561 cumet

97 3565 225 3618 illum
251 3567 370 3620 alibi
404 3558 645 3617 imitatus
677 3560 856 3627 fuerit,
889 3571 942 3614 et
965 3560 1150 3616 eadem
1182 3561 1268 3616 hic
1315 3560 1434 3614 aliis
1480 3558 1656 3614 verbis

96 3635 321 3691 inculcet.
351 3633 569 3689 Clarius
599 3631 649 3685 id
681 3640 898 3702 apparet
927 3641 990 3688 ex
1030 3632 1132 3686 hoc
1162 3631 1303 3702 quod
1350 3642 1657 3702 nuncicon-

96 3707 390 3771 sideramus,
422 3702 734 3758 testimonio
765 3719 778 3753 :
808 3702 1116 3764 Lactantius
1140 3701 1281 3757 enim
1313 3715 1432 3771 cum
1463 3701 1552 3752 lib.
1581 3713 1653 3761 vr,

95 3789 196 3845 cap.
224 3777 276 3843 3,
308 3770 865 3845 biviumquoddania
906 3773 1222 3843 Pythagora,
1268 3773 1344 3826 uti
1385 3770 1452 3824 ab
1487 3773 1659 3823 Auso—

95 3840 172 3900 nio
198 3847 246 3902 in
261 3840 663 3914 Monosyilabis
689 3840 1236 3914 traditum'cognitum
1283 3847 1657 3914 memorasset,

94 3919 227 3985 cujus
250 3933 348 3972 una
375 3910 572 3985 semita
600 3911 665 3964 ad
699 3910 1005 3985 felicitatem
1024 3910 1236 3985 [altera
1268 3910 1657 3985 ad_r_nis_eriam,

91 3981 176 4040 sed
202 4003 300 4041 uno
330 3987 458 4041 vita:
486 3981 731 4051 tempore
761 3983 1239 4050 circumscriptam,
1287 3981 1523 4040 adducit,
1577 3993 1661 4051 se-

93 4058 254 4122 quitur
275 4059 353 4112 bis
383 4049 947 4122 verbis,‘qnibuscum
991 4049 1136 4106 Zeno
1177 4052 1336 4119 plane
1378 4049 1613 4122 concinit
1645 4064 1658 4100 :
1695 4057 1706 4085 ν’

93 4119 250 4182 Poma
275 4133 497 4197 fortasse
527 4122 729 4187 melius,
771 4122 859 4197 qui
903 4121 999 4177 hoc
1043 4122 1230 4197 bivium
1280 4119 1418 4197 apud
1471 4121 1665 4188 inferos

94 4212 186 4251 esse
220 4189 532 4254 voluerunt;
578 4201 632 4246 et
651 4207 728 4262 __c.
759 4193 822 4251 4.
848 4203 1126 4262 postquam
1177 4189 1351 4245 innuit
1401 4189 1660 4243 bonorum

93 4268 258 4335 vitam,
288 4284 401 4338 quae
425 4260 1208 4338 [ετξ-*111’ξξυείοηωηροξμυι
1251 4262 1664 4338 poetazloquun-

95 4346 201 4398 tur,
245 4328 445 4394 recitat.
503 4328 724 4403 Virgilii
762 4346 946 4390 versus
986 4328 1261 4388 exﬂlibro'
1295 4346 1346 4384 v1
1397 4328 1612 4385 Etieid.
1646 4369 1661 4394 ,

94 4407 294 4463 v.58:

706 4499 768 4550 At
790 4501 910 4549 laeva
934 4494 1168 4546 malorum

176 4563 384 4615 Exercet
404 4575 598 4630 poenas,
627 4571 677 4613 et
700 4562 760 4610 ad
784 4562 926 4626 impia
950 4559 1152 4608 Tartara
1176 4560 1352 4606 mittet.

91 4699 138 4742 et
158 4690 248 4745 lib.
279 4706 372 4754 vn,
404 4706 530 4759 cap.
570 4689 642 4743 ’ΞΟ
667 4699 721 4742 et
749 4689 840 4748 ‘21.
875 4688 1008 4759 alios
1034 4701 1099 4759 ex
1139 4684 1512 4759 eodempoeta
1543 4698 1664 4737 ver-

92 4772 174 4832 sus
199 4762 296 4814 huc
323 4753 658 4832 pertinentes
709 4758 980 4832 describit.
1127 4753 1655 4832 litigu§_t_itius__sertn.

91 4826 204 4896 9M,
249 4833 301 4885 in
324 4824 592 4887 eamdem
639 4844 752 4896 rem
809 4829 943 4882 duos
988 4825 1228 4895 ejusdem
1283 4824 1489 4893 Virgilii
1545 4840 1661 4878 ver-

91 4912 170 4954 sus
193 4902 398 4956 recitat.

155 4972 261 5044 (ﬂ)
301 4972 356 5026 In
380 4972 695 5044 editisicum
726 4982 855 5044 mss.
878 4968 1025 5033 Tol.,
1049 4967 1207 5044 Zen._,
1234 4966 1464 5020 alteram.
1499 4964 1577 5044 .-\_t_i
1600 4979 1661 5018 ea

91 5035 452 5109 porro-verba,
485 5043 596 5095 suis
617 5042 669 5093 in
695 5040 889 5093 actibus
915 5048 1140 5109 portant,
1182 5038 1322 5109 haec”
1346 5045 1492 5109 notat
1535 5035 1663 5088 Bar-

94 5107 224 5166 thius
254 5113 345 5166 lib.
377 5107 486 5166 si."
517 5110 742 5166 Adver’s.
797 5115 917 5178 eap’.
945 5109 977 5164 5
1006 5127 1018 5164 :
1055 5108 1190 5161 Nam
1218 5107 1663 5178 indicia‘actorum

93 5181 139 5234 in
166 5183 284 5251 ipsis
309 5185 504 5236 umbris
534 5192 849 5237 mortuorum
866 5176 1090 5251 exstare,
1138 5188 1186 5231 et
1230 5178 1348 5229 inde
1395 5176 1665 5251 (δαί-11111111

93 5244 715 5325 inferosjudicari__aiunt
765 5248 1180 5325 philosophantes
1227 5256 1405 5316 poetae.
1453 5244 1668 5301 Rhada-

94 5319 458 5393 mantus’apud
487 5322 833 5376 Claudianuin
865 5321 926 5372 de
957 5319 1144 5385 Ruﬁno
1171 5334 1189 5372 :

175 5433 297 5544 guid
315 5435 529 5487 demens
547 5432 800 5482 manifesta
827 5431 1012 5491 negas?
1036 5444 1099 5479 en
1123 5437 1293 5491 pectus
1317 5432 1485 5480 inusta:

223 5493 460 5544 eformant
485 5493 706 5544 maculae.
737 5494 959 5544 vitiisque
984 5492 1186 5541 inolevit
1209 5494 1386 5544 imago.

223 5493 460 5545 eformant
485 5493 706 5564 maculae,
737 5494 959 5556 vitiisque
984 5492 1186 5541 inolevit
1209 5494 1386 5552 imago.

104 5603 596 5659 Matisistrationem
646 5615 815 5655 autem
857 5602 1007 5653 etiam
1067 5600 1130 5653 de
1188 5601 1439 5667 sapientia
1485 5597 1672 5654 Gentili

105 5675 306 5746 sumpsit
347 5673 540 5746 Zeno,
594 5689 713 5746 cum
749 5672 824 5746 de
869 5686 924 5723 ea
961 5669 1108 5723 verba
1168 5673 1366 5746 faciat;
1415 5687 1531 5722 nam
1575 5669 1669 5722 lto-

105 5740 282 5819 mintun
308 5742 580 5832 quemlibet
609 5743 742 5811 velut
770 5740 1166 5820 dispensatorem
1210 5740 1263 5793 in
1302 5747 1494 5821 partem
1530 5755 1675 5795 suam

1761 3269 1862 3325 Hic
1914 3280 2094 3323 autem
2134 3273 2462 3337 scripserant
2505 3270 2718 3333 spiritus
2748 3268 2836 3321 sub
2867 3277 3112 3338 pra'textu
3150 3273 3346 3327 anima-

1756 3355 1870 3393 rum
1897 3340 2176 3408 utriusque,
2208 3349 2336 3403 etc.,
2370 3339 2721 3408 quzeadditio
2770 3341 2821 3392 in
2857 3355 2985 3392 mss.
3011 3348 3063 3392 et
3102 3341 3340 3400 editioiie

1755 3411 2052 3464 memorata
2074 3407 2188 3465 non
2216 3421 2457 3477 apparet.
2492 3407 2598 3462 Hos
2628 3410 2869 3478 spiritus,
2911 3410 2998 3478 qui
3027 3410 3138 3478 vagi
3165 3420 3210 3463 et
3237 3423 3334 3473 im-

1759 3482 1935 3558 mundi
1961 3482 2240 3558 traduntur
2258 3478 2558 3558 chaone,
2590 3484 2870 3539 ittsinceros
2911 3493 2959 3535 et
2988 3494 3141 3548 vago.
3162 3492 3343 3558 appel-

1761 3549 1833 3626 lat
1859 3551 2157 3620 Cyprianus
2171 3554 2237 3609 de
2258 3554 2523 3609 [dolorum
2556 3559 2809 3619 vanitate,
2841 3573 2959 3626 pag.
2989 3558 3114 3625 450,
3146 3549 3351 3613 81⁷1111111

1757 3624 2047 3701 immundos
2078 3631 2124 3682 et
2157 3632 2395 3684 erraticas
2424 3632 2474 3684 in
2500 3630 2660 3701 epist.
2707 3630 2774 3684 ad
2818 3624 3078 3686 Donatum
3111 3647 3228 3701 pag.
3263 3633 3296 3685 5
3329 3651 3340 3684 :

1764 3694 2015 3772 Spiritus
2039 3703 2368 3755 contaminati
2395 3718 2454 3753 ac
2492 3694 2674 3770 perditi
2724 3717 2812 3772 per
2862 3717 3034 3755 omnes
3079 3694 3235 3756 terras
3263 3718 3348 3754 va—

1762 3775 1937 3846 gantes
1967 3769 2214 3846 dicuntur
2250 3772 2607 3846 aALacta‘ntiQ‘
2640 3769 2731 3846 lib.
2783 3788 2841 3846 tt,
2891 3787 3010 3841 cap.
3064 3774 3148 3834 14;
3181 3775 3343 3846 battis

1762 3841 2090 3906 impotentes,
2139 3842 2332 3894 sordidi
2385 3859 2412 3895 a
2466 3841 2758 3895 Prudentia
2827 3845 2878 3896 in
2929 3857 3094 3897 carm.
3161 3842 3229 3896 de
3283 3844 3342 3897 S.

1764 3906 2066 3980 Vincentio.
2126 3911 2469 3980 Manuscripti
2534 3911 2850 3966 Tolentinus
2932 3922 2984 3965 et
3040 3913 3346 3977 Vaticanus,

1763 3990 1861 4058 pro
1905 3978 2269 4034 blanditiarum
2325 3978 2557 4053 captione
2598 3982 2798 4035 habent
2842 3981 3090 4035 blanditia
3133 3998 3193 4035 ex
3233 4000 3352 4053 rap-

1766 4056 1918 4100 tione.

1801 4187 1813 4198 ,
1840 4117 1953 4189 (17)
1994 4120 2133 4174 Edit.
2169 4119 2291 4174 Ver.
2323 4130 2377 4175 et
2405 4135 2533 4175 mss.
2569 4119 2724 4188 Urb.,
2755 4121 2969 4190 Pomp.,
3000 4120 3154 4189 Zen.,
3183 4127 3352 4193 perni-

1766 4203 1978 4244 etosum.

1786 4275 1803 4330 '_
1840 4259 1952 4330 (18)
2004 4258 2202 4330 Eadem
2241 4261 2407 4314 editio
2453 4270 2568 4313 tunc
2599 4271 2831 4314 versatum
2871 4263 3054 4316 certari
3077 4263 3348 4318 misereris.

1766 4326 2088 4398 Corruptum
2117 4328 2260 4385 hunc
2290 4331 2463 4385 locum
2497 4333 2645 4384 novit
2673 4332 2940 4395 Barthius,
2983 4341 3037 4386 et
3060 4334 3349 4388 emendare

1768 4398 1918 4469 illum
1949 4403 2244 4454 contendit.
2279 4400 2388 4455 Nos
2423 4403 2786 4469 supplevimus
2813 4417 2844 4456 e
2871 4417 3000 4456 mss.
3031 4413 3085 4457 et
3113 4403 3350 4458 editione

1772 4467 1905 4541 Ven.
1936 4469 2120 4524 Solum
2153 4471 2205 4524 in
2234 4486 2363 4525 mss.
2393 4467 2592 4540 aliquot
2624 4489 2718 4539 pro
2745 4474 2996 4525 misereris
3026 4472 3217 4541 legitur
3256 4475 3355 4524 mi-

1685 4540 1920 4639 nistris,
1945 4542 2043 4639 sed
2075 4543 2216 4639 male:
2250 4559 2263 4594 :
2302 4541 2457 4639 Enim
2501 4544 2550 4639 111
2592 4542 2750 4639 editis
2782 4544 3039 4639 insertum
3073 4551 3356 4639 postllver-

1768 4608 1892 4679 bum
1943 4611 2302 4676 discoloratur,
2327 4615 2640 4667 auctoritate
2671 4608 3157 4679 manuscriptorum
3203 4611 3351 4665 dele-

1769 4678 1961 4735 vimus.
2004 4681 2283 4744 Hei-rores,
2327 4683 2466 4752 quod
2517 4698 2611 4752 pro
2655 4684 2879 4736 horroris
2919 4678 3199 4752 legendum
3241 4696 3356 4735 mo—

1768 4763 1957 4873 tziuerat
1975 4752 2243 4818 Barthius,
2265 4751 2663 4808 emendavimus
2695 4768 2758 4808 ex
2788 4754 3136 4821 manuscript.
3155 4751 3282 4805 Urh.
3303 4761 3361 4806 et

1815 4839 1898 4873 en.

1815 4839 1898 4876 L‘I'I.

1840 4893 1950 4964 (19)
1996 4890 2276 4961 Conﬁtetur
2303 4909 2476 4946 sexum
2507 4893 2712 4964 sublata
2746 4892 3032 4964 fuerantab
3053 4891 3345 4964 editoribus

1771 4962 2189 5018 Veronensibus.
2225 4965 2420 5020 Sexum
2464 4977 2638 5018 autem
2670 4963 2817 5016 Zeno
2857 4963 3012 5026 dixit,
3040 4963 3178 5030 quod
3208 4962 3356 5014 scili-

1767 5045 1851 5089 cet
1877 5036 2071 5087 anima:
2099 5048 2157 5088 se
2191 5035 2464 5101 utriusque
2494 5049 2653 5088 sexus
2689 5034 2960 5086 hominum
2985 5047 3103 5085 esse
3131 5031 3352 5084 confite-

1769 5114 1976 5164 rentur.
2023 5103 2087 5157 de
2112 5121 2217 5171 quo
2248 5103 2370 5156 vide
2400 5103 2584 5157 adnut.
2615 5105 2704 5157 90.
2739 5103 2833 5157 Ms.
2870 5104 3019 5156 item.
3065 5116 3158 5168 pro
3188 5101 3350 5168 conﬁ-

1771 5184 1904 5228 tetur
1929 5189 2246 5245 aggressum?
2273 5184 2466 5242 tempus
2495 5175 2681 5228 scribit
2708 5175 3050 5245 conﬁtetur__et_
3073 5187 3349 5245 egressum,

1771 5246 1864 5298 sed
1904 5241 2208 5313 perperam,
2241 5241 2380 5298 cum
2400 5245 2677 5298 discessum
2721 5259 2842 5296 mox
2866 5242 3218 5313 subjiciatu_r._
3245 5241 3352 5313 Ag-

1772 5309 2165 5385 gress'ura_vero
2193 5316 2385 5385 legitur
2414 5314 2551 5383 apud
2584 5313 2623 5385 1]
2635 5312 2865 5385 lpianum
2895 5312 2990 5385 lib.
3018 5310 3164 5385 11ιῖΑῇ
3193 5309 3248 5371 4,
3281 5309 3356 5362 De

1775 5381 1971 5438 Senatu
1999 5381 2482 5452 Consulto’Syllano
2503 5395 2549 5436 et
2570 5381 2876 5436 Claudiano.
2903 5383 2988 5434 Bis
3015 5381 3138 5452 alibi
3166 5391 3354 5452 auctor

1778 5455 1964 5509 eadem
1992 5469 2122 5508 voce
2155 5449 2335 5514 utitur,
2369 5466 2424 5507 tit
2445 5471 2511 5508 ex
2533 5454 2702 5507 indice
2721 5454 3003 5505 verborum
3023 5449 3357 5517 liquebit.Ad

1776 5539 1838 5579 ea
1867 5534 1913 5578 et
1944 5540 2121 5577 nomen
2153 5524 2511 5591 supplevimus
2545 5535 2588 5574 et
2619 5524 2931 5590 particulam
2976 5536 3037 5573 cx
3069 5520 3194 5591 edit.
3223 5518 3349 5591 Ven.

1778 5602 1830 5647 et
1877 5609 2004 5646 mss.
2051 5589 2325 5662 Proprium
2371 5593 2516 5662 fingit
2557 5589 2654 5660 pro
2691 5592 2952 5660 proprium
2991 5590 3258 5662 conﬁtetur
3305 5589 3358 5662 in

1780 5663 1905 5717 V'cr.
1936 5657 2171 5714 editione
2201 5657 2461 5729 scriplttnt
2486 5657 2604 5726 fuit,
2659 5657 2714 5714 ut
2758 5657 3057 5714 tlvzbtilonttttt
3093 5657 3360 5712 Confessio

1781 5734 1899 5787 ficta
1930 5732 2312 5786 insinuaretur.
