3818 6220
267 327 371 383 585

1605 312 1848 373 SANCTI
1892 307 2180 365 ZENUNIS

3480 97 3699 179 Ἢ

3423 302 3531 358 584
3574 300 3577 301 ⁷

269 439 449 510 habitu
482 446 794 509 regnaturus
821 436 891 492 sit
918 435 1077 488 homo
1108 436 1207 488 Iste
1235 442 1436 499 noster,
1460 432 1547 501 qni
1577 430 1744 487 tendit
1770 431 1834 483 ad
1864 438 1917 495 Α
1939 426 2146 481 scilicet
2170 423 2401 493 Spiritus
2428 423 2597 509 sancti
2638 423 2986 495 conceptione
3030 423 3186 479 insita
3215 421 3272 475 lit
3296 432 3423 476 ante
3448 425 3530 475 te-

265 532 458 588 caelum
484 548 497 587 :
531 547 596 587 ne
626 529 761 585 {tute
788 544 910 584 cum
940 541 1103 582 carne
1130 525 1385 596 depereat
1416 538 1547 579 vana
1577 524 1694 596 (56)
1721 538 1835 593 spe,

266 625 310 678 si
339 632 523 695 captus
552 620 711 676 fuerit
730 619 927 675 caduca
948 626 1107 687 atque
1128 617 1354 681 carnali,
1387 617 1453 674 de
1479 633 1580 689 qua
1614 623 1839 686 Aposto-

267 712 348 768 lus
386 714 513 768 dicit
542 730 555 765 :
580 710 711 764 Caro
753 721 799 763 et
827 697 1035 779 sanguis
1071 725 1284 779 regnum
1309 707 1406 762 Dei
1446 709 1705 779 possidere
1738 724 1837 762 non

268 812 477 872 possunt
533 800 595 870 (Ι
624 799 743 854 Cor.
772 815 861 860 xv.
907 800 1037 869 50).
1066 800 1136 853 At
1161 814 1192 854 e
1222 799 1437 855 diverso
1487 799 1673 856 videor
1710 801 1840 856 mihi

264 893 450 949 audire
479 892 894 961 proclamantem
930 908 942 943 :
977 889 1032 945 Si
1061 890 1177 945 haec
1222 900 1303 945 est
1341 890 1576 946 conditio
1620 892 1798 946 carnis
1822 932 1838 957 ,

264 984 388 1056 quid
407 991 486 1037 est
505 998 633 1053 ergo
668 982 810 1053 quod
824 981 1092 1036 credimus
1110 983 1161 1035 in
1177 981 1413 1037 Ecclesia
1430 980 1547 1053 (57)
1563 983 1838 1038 remissam

265 1083 600 1147 peccatorum
616 1088 675 1128 ac
688 1075 1142 1130 resurrectionem
1164 1074 1377 1129 carnis?
1401 1073 1602 1140 Facile,
1626 1073 1837 1139 lratrcs,

265 1183 434 1239 pugna
460 1167 558 1221 ista
584 1168 895 1232 concordat,
926 1175 1203 1237 statusque
1224 1167 1381 1243 futuri
1410 1166 1637 1235 qualitas
1660 1168 1839 1237 aperi-

266 1268 372 1325 tur,
404 1258 534 1314 ﬁdes
563 1259 605 1314 si
637 1258 839 1313 illibata
867 1266 1132 1314 teneatur.
1157 1258 1310 1314 Unde
1338 1274 1450 1315 rem
1477 1261 1659 1325 paucis
1679 1273 1841 1329 expe-

265 1352 428 1407 diam.
456 1352 642 1407 Omnis
669 1368 815 1416 earo,
844 1353 1097 1423 quamdiu
1134 1351 1411 1423 ﬂagitiosis
1441 1352 1708 1408 illecebris
1738 1356 1838 1407 hu-

260 1443 349 1513 jus
375 1443 580 1509 mundi,
600 1458 661 1497 ac
687 1443 919 1499 tenebris
945 1445 1197 1499 feralibus
1220 1442 1838 1517 agitatur,prol‘ecto(58)

267 1536 488 1603 pecuina
521 1547 623 1595 est.
654 1550 716 1590 ac
744 1535 1579 1607 misero,lragilidetesutbilique
1596 1546 1841 1591 versatur

268 1627 319 1682 in
355 1626 472 1696 (59)
514 1626 652 1696 jure.
687 1628 844 1700 133
872 1632 939 1681 At
967 1643 1087 1683 cum
1117 1626 1229 1699 (60)
1259 1642 1402 1682 mera
1435 1625 1539 1681 ﬁde
1574 1626 1840 1681 credentis

267 1717 487 1773 salutari
516 1719 672 1774 fuerit
696 1730 880 1773 necata
906 1719 1223 1787 baptismate
1244 1761 1259 1785 ,
1294 1720 1424 1773 nova
1459 1718 1661 1785 paterni
1688 1731 1839 1772 sacro

1943 516 2137 582 cnnda,
2167 524 2225 569 ut
2250 524 2373 571 cum
2399 508 2767 571 dissolutionis
2792 518 2908 586 ejus
2937 531 2999 571 ac
3028 516 3280 584 legitimae
3303 528 3528 582 repara-

1943 608 2106 663 tionis
2133 616 2342 690 tempus
2366 608 2665 675 advenerit,
2695 625 2791 664 suo
2817 609 3007 663 semini
3049 604 3381 675 respondens
3404 606 3530 673 jure

1945 702 2115 771 possit
2165 704 2357 756 mereri
2402 704 2544 772 quod
2586 702 2874 758 credimus.
2916 700 3023 755 Nec
3062 715 3149 753 res
3188 699 3239 751 in
3271 697 3531 767 ambiguo

1944 805 2060 859 est;
2098 796 2546 863 quemadmodum
2577 797 2775 851 etenim
2819 796 2909 847 ille
2942 793 3185 862 princeps
3225 790 3532 861 iniquitatis

1946 901 2044 940 suo
2087 888 2291 942 semine
2322 902 2415 956 per
2442 886 2690 941 invidiam
2722 879 3207 955 protoplastos(62)
3233 894 3297 934 ex
3321 882 3531 951 angelis

1946 979 1997 1032 in
2028 979 2270 1034 homines
2290 979 2589 1044 derivavit;
2631 980 2699 1031 ita
2733 977 2989 1030 Dominus
3018 987 3203 1027 omnes
3232 973 3284 1026 in
3314 988 3374 1027 se
3397 988 3527 1030 cre-

1945 1072 2136 1127 dentes
2168 1071 2344 1141 Sancti
2375 1071 2592 1140 spiritus
2618 1069 2822 1123 semine
2862 1081 2890 1119 a
2928 1063 3151 1119 mortuis
3182 1078 3370 1145 rursus
3394 1067 3515 1136 glo-

1946 1168 2119 1232 rinsos
2150 1166 2199 1219 in
2227 1163 2446 1234 angelos
2476 1160 2727 1217 excitabit
2749 1158 2962 1231 (Matth.
2994 1171 3139 1222 unt,
3163 1157 3233 1213 '50
3260 1154 3305 1226 ).

2022 1277 2176 1347 139
2203 1275 2338 1329 XIII.
2362 1274 2442 1328 Ad
2474 1273 2574 1327 hoc
2607 1286 2768 1325 unum
2808 1270 3025 1325 evidens
3051 1269 3225 1325 adhuc
3250 1272 3366 1344 (65)
3396 1288 3530 1343 pro-

1947 1367 2178 1422 feramus
2223 1364 2543 1433 exctnplnm,
2587 1362 2827 1431 quamvis
2877 1377 2980 1415 non
3016 1364 3182 1429 possit
3223 1352 3525 1420 verisimile

1948 1470 2143 1515 tantam
2174 1460 2277 1513 vim
2312 1457 2525 1520 habere,
2559 1470 2717 1525 qnam
2741 1455 2957 1509 veritas.
2986 1453 3231 1511 Oleastcr
3260 1473 3354 1511 sua
3384 1458 3529 1514 inle-

1946 1552 2017 1608 lix
2048 1561 2102 1607 et
2152 1566 2362 1604 atnarns
2393 1559 2473 1604 est
2501 1550 2553 1602 in
2597 1556 2814 1613 natura;
2845 1547 2940 1604 sed
2968 1564 3087 1603 cum
3119 1548 3282 1605 fuerit
3312 1552 3530 1620 peritis-

1945 1643 2063 1697 simi
2111 1640 2357 1711 agricolae
2404 1639 2622 1693 artilicis
2671 1654 2831 1693 manu
2862 1640 3162 1694 necessaria
3211 1643 3530 1711 provisione

1949 1744 2239 1798 truncatus,
2267 1733 2542 1788 nobilitate
2568 1732 2724 1786 alieni
2753 1733 2971 1787 seminis
2997 1734 3330 1804 gravidatur,
3352 1736 3530 1790 nutri-

267 1808 496 1878 resurgit
523 1809 682 1863 fontis
705 1825 769 1864 ex
791 1809 1020 1880 gurgite,
1041 1810 1147 1879 jam
1168 1825 1318 1878 pura,
1344 1808 1453 1876 jam
1478 1808 1665 1867 libera,
1681 1807 1790 1876 jam
1808 1821 1837 1860 a

1970 1841 2135 1896 urque
2164 1828 2229 1879 ab
2256 1841 2321 1878 co
2364 1826 2497 1895 ipso,
2532 1823 2671 1893 quod
2706 1825 2899 1890 nutrit,
2932 1823 3104 1881 donec
3136 1826 3363 1897 hospitis
3401 1842 3533 1898 ger-

267 1901 676 1955 cnnversatione
692 1900 874 1954 mundi
905 1901 1064 1965 hujus
1077 1899 1471 1968 extranea,jam
1493 1907 1663 1952 morte
1685 1912 1841 1964 snpe-

268 1991 399 2055 rior,
414 1990 522 2059 jam
537 1990 769 2045 caelestia
789 1991 1085 2057 adspirans,
1106 1990 1240 2057 jam,
1254 2004 1357 2043 non
1376 1988 1547 2042 dicam
1570 1988 1746 2041 saeculi
1764 1987 1841 2041 Iu-

269 2080 461 2149 dib'ria,
486 2083 577 2137 sed
603 2093 658 2136 ιιι
680 2082 1088 2151 sithonoratior,
1110 2079 1837 2152 seipsamcotttemttens,jam

268 2175 565 2237 veritatem,
583 2189 685 2229 non
715 2173 995 2243 imaginem
1022 2173 1411 2243 quzerens,jam
1430 2172 1708 2241 spiritalia,
1731 2186 1834 2227 non

270 2278 361 2319 sua
393 2265 721 2330 desiderans,
751 2264 816 2319 de
842 2279 943 2334 qua
983 2264 1179 2320 Paulus
1215 2266 1289 2318 ait
1320 2282 1333 2319 :
1369 2263 1489 2317 Non
1520 2264 1681 2317 omnis
1716 2278 1836 2316 caro

270 2355 446 2409 eadem
473 2366 545 2409 est
568 2372 685 2409 caro
714 2370 731 2409 :
755 2355 859 2408 alia
875 2365 944 2409 est
971 2354 1208 2433 hominis,
1225 2354 1341 2426 (61)
1362 2354 1713 2433 aliajnntenti,
1737 2354 1839 2405 alia

272 2464 389 2501 caro
418 2449 702 2513 volnerum,
731 2448 834 2501 alia
864 2447 1094 2519 piscium.
1130 2429 1196 2499 Et
1216 2462 1431 2517 corpora
1454 2455 1571 2499 sunt
1598 2429 1838 2508 caelestia,

273 2549 394 2592 sunt
419 2528 465 2592 et
492 2542 751 2594 terrestria
791 2539 832 2611 (l
860 2538 978 2594 Cor.
1009 2554 1093 2601 xv,
1124 2538 1211 2601 59,
1248 2537 1360 2607 40).
1393 2519 1576 2602 itaque
1619 2537 1835 2590 immor-

276 2632 492 2684 talitatis
533 2631 757 2695 semine,
790 2632 857 2686 de
880 2646 984 2700 quo
1009 2631 1171 2685 etiam
1215 2629 1375 2685 Poeta
1416 2628 1841 2699 sapientissimus

277 2723 582 2793 prmsagivit
609 2722 790 2777 dicens
827 2742 838 2776 :
1180 2727 1184 2731 ’

369 2812 650 2877 Igneusest
665 2813 774 2865 ollis
793 2814 947 2877 vigor,
977 2822 1026 2863 et
1050 2813 1262 2864 caelestis
1286 2804 1422 2875 origo

368 2876 646 2925 Seminibus
665 2890 676 2922 :

351 3048 465 3121 (56)
492 3048 585 3103 Ilie
610 3048 863 3121 adnotare
884 3048 1095 3121 videtur
1117 3048 1255 3112 illos,
1279 3048 1365 3117 qui
1398 3046 1452 3121 in
1478 3046 1578 3100 alia
1608 3047 1707 3100 vita
1731 3060 1846 3099 car-

281 3116 369 3176 ιιῑέ⁷
402 3116 698 3185 voluptates
734 3120 837 3173 sibi
879 3116 1379 3187 pollicebantur,'et
1440 3116 1537 3171 hac
1577 3132 1707 3169 vana
1753 3132 1845 3184 spe

280 3192 420 3245 tlllCll
445 3191 705 3259 peribant.
732 3190 979 3244 Barthius
1001 3189 1091 3242 lib.
1124 3205 1265 3245 sun.
1291 3196 1405 3256 cap.
1437 3189 1519 3249 10,
1546 3189 1846 3255 suspicatur

282 3255 558 3330 legendum
586 3276 714 3313 vana
752 3262 937 3329 specie,
971 3261 1052 3313 vel
1079 3275 1207 3314 vana
1235 3255 1368 3328 spes,
1393 3260 1559 3329 specie
1581 3259 1623 3311 si
1667 3269 1844 3328 captus
1872 3255 1915 3317 C

281 3342 375 3391 est.
404 3344 507 3387 elc.

353 3402 467 3473 (Ti?)
500 3400 753 3473 llls.ARem
778 3400 935 3454 habet
960 3401 1168 3473 remissa
1182 3410 1498 3473 peccatorum
1526 3408 1842 3473 etresurrec-

284 3469 557 3527 tio'carnis.
578 3470 827 3535 Remissa,
844 3472 1085 3531 remissw.
1120 3469 1214 3535 pro
1238 3472 1485 3532 remissio,
1502 3469 1632 3533 onis,
1650 3469 1842 3537 passim

284 3541 426 3609 apud
443 3541 828 3595 Tertullianum
852 3539 1258 3609 etCyprianum.
1286 3540 1415 3594 Vide
1436 3540 1590 3608 hujus
1611 3540 1768 3606 epist.
1794 3555 1842 3592 γι

284 3608 347 3666 ad
380 3612 643 3680 Magnum,
665 3621 719 3663 et
738 3612 893 3679 epist.
914 3608 1051 3664 tx’ad
1072 3608 1402 3671 Januarium,
1431 3624 1527 3680 nec
1554 3624 1655 3661 non
1684 3610 1844 3680 Opta--

287 3695 393 3735 tum
440 3678 529 3735 lib.
564 3697 601 3735 t.
635 3686 702 3734 At
736 3678 1078 3733 remissionem
1104 3681 1299 3735 habent
1329 3694 1453 3733 mss.
1488 3678 1603 3732 Val.
1638 3689 1689 3732 et
1713 3678 1840 3732 ch.

286 3752 566 3806 Remissam
597 3760 770 3804 tamen
803 3752 990 3804 iterum
1022 3750 1162 3804 Zeno
1192 3759 1342 3804 traCI.
1374 3766 1429 3809 ι.
1453 3750 1543 3802 lib.
1574 3764 1630 3802 tt.

356 3821 468 3891 (58)
507 3821 728 3874 l’ecuina
759 3836 898 3891 caro,
932 3836 1048 3889 qua:
1074 3822 1360 3889 pecudibus
1401 3822 1560 3874 inest.
1592 3818 1847 3874 Similiter

288 3890 538 3961 Apuleius
572 3892 662 3943 lib.
696 3906 787 3945 vnt
819 3890 1167 3959 Metamorph.
1194 3892 1406 3961 pecuina
1432 3906 1573 3961 ossa.
1828 3909 1840 3916 -

359 3961 473 4031 (59)
501 3960 598 4031 Jus
630 3961 726 4013 Itoc
758 3964 873 4014 loco
904 3976 996 4028 pro
1021 3960 1630 4031 statn,velconditione,
1658 3973 1847 4031 ﬂuent-

289 4026 753 4098 admodum'apnd
807 4026 1119 4083 Ciceronem
1178 4030 1365 4098 Agrar.
1415 4046 1490 4089 tn.
1519 4028 1597 4081 2:
1646 4026 1849 4097 Optimo

290 4103 421 4155 enim
443 4103 553 4164 iure
574 4111 691 4153 sunt
719 4103 944 4170 profecto
967 4101 1179 4167 prwdia,
1207 4116 1319 4169 qua!
1345 4102 1533 4169 optima
1564 4101 1851 4152 conditione

291 4182 423 4224 sunt.
466 4170 645 4223 Libera
676 4171 877 4223 meliore
908 4172 1024 4239 jure
1046 4181 1179 4233 sunt,
1211 4187 1359 4233 quam
1402 4185 1564 4223 serva.
1620 4170 1681 4222 Et
1725 4185 1757 4222 II
1798 4170 1846 4221 in

296 4241 417 4294 Ver.
460 4257 512 4293 ιι.
544 4240 611 4293 27
643 4258 656 4293 :
690 4239 799 4292 Hoc
826 4242 934 4303 iure
963 4253 1078 4293 sunt
1118 4244 1238 4293 socii
1265 4281 1279 4304 ,
1312 4253 1363 4293 ut
1392 4241 1453 4294 iis
1499 4256 1559 4293 ne
1587 4240 1851 4307 deplorare

292 4312 493 4381 quidem
520 4312 580 4363 de
602 4311 706 4362 suis
737 4308 1063 4362 incommodis
1085 4312 1247 4363 liceat.

364 4398 477 4468 (60)
510 4398 633 4453 Mss.
667 4397 819 4451 Rem.
854 4408 906 4450 et
935 4396 1090 4463 Urb.,
1112 4414 1283 4451 macra
1314 4400 1414 4466 ﬁde
1439 4399 1729 4462 credentes;
1755 4400 1842 4452 alii

291 4469 506 4521 codices
528 4509 542 4533 ,
590 4483 735 4529 mera,
777 4468 879 4533 ﬁde
906 4468 1167 4533 credentis,
1198 4478 1251 4521 et
1280 4470 1417 4523 idem
1463 4469 1657 4522 habent
1701 4470 1849 4522 editi.

297 4538 457 4593 Forte
489 4549 663 4592 tamen
691 4538 965 4605 legendum
997 4553 1109 4589 uera
1136 4553 1228 4605 pro
1254 4555 1411 4603 mera,
1447 4551 1539 4591 aut
1580 4555 1726 4592 sacra
1758 4555 1851 4604 pro

1945 1919 2101 1973 tninis
2120 1917 2364 1988 adoptiva
2388 1915 2707 1986 pinguedine
2731 1926 3056 1985 assumptus,
3105 1918 3212 1973 imo
3258 1919 3533 1989 pinguedo

1942 2012 2056 2080 ipse
2073 2010 2512 2079 l‘actns,totusquc
2531 2007 2645 2080 (64)
2665 2017 2941 2077 acceptum
2976 2010 3263 2066 translatus
3280 2010 3330 2065 in
3358 2011 3535 2067 hono-

1941 2117 2052 2157 rem
2081 2116 2235 2155 novae
2255 2101 2453 2155 frondis
2479 2101 2812 2169 promotione
2842 2102 3005 2155 ramis
3033 2104 3533 2174 resurgescentibus

1940 2204 2178 2260 ornatus,
2193 2194 2300 2261 jam
2317 2208 2420 2247 non
2440 2192 2674 2247 oleaster
2686 2192 2777 2259 sit,
2797 2193 2890 2247 sed
2908 2192 3067 2259 oliva;
3083 2208 3204 2249 cum
3219 2205 3273 2250 et
3290 2197 3533 2252 oleaster

1943 2289 2280 2352 sit,ettamen
2297 2286 2717 2358 oleaStrumlﬁfi)
2733 2300 2790 2340 se
2819 2300 2924 2341 non
2945 2274 3065 2343 esse
3105 2287 3336 2358 quodam
3363 2288 3531 2342 modo

1944 2379 2103 2432 etiam
2130 2379 2241 2448 ipse
2256 2376 2496 2432 miretur.
2516 2377 2678 2449 Igitur
2716 2378 2759 2431 si
2785 2377 2945 2432 homo
2966 2382 3140 2449 potest
3182 2378 3360 2435 facere
3383 2390 3439 2435 ut
3455 2382 3531 2436 sit

1946 2468 2269 2540 arbor,qnod
2291 2486 2393 2524 non
2410 2464 2527 2535 luit,
2543 2472 2691 2524 salvo
2703 2469 2843 2540 quod
2864 2469 2981 2536 fuit,
2996 2479 3199 2541 quanto
3213 2471 3530 2542 magisDeus

1950 2562 2216 2617 hominem
2247 2563 2440 2631 poterit
2490 2561 2606 2633 (66)
2633 2564 2887 2627 excitare,
2920 2573 3205 2634 antequam
3248 2569 3531 2636 peccasset

1947 2653 2001 2708 in
2027 2653 2297 2724 paradiso,
2317 2654 2434 2707 inid
2454 2655 2591 2723 quod
2621 2654 2753 2708 fuit?
2774 2654 2943 2720 Quam
2972 2655 3233 2712 rationem
3256 2657 3530 2711 seminum

1948 2748 2107 2802 etiam
2140 2748 2477 2803 beatissimus
2505 2747 2700 2802 Paulus
2726 2748 2993 2803 subtiliter
3021 2749 3253 2819 prodidit
3294 2749 3485 2805 dicens
3513 2768 3527 2804 :

1952 2845 2052 2913 Qui
2101 2845 2310 2899 seminat
2353 2844 2625 2899 secundum
2676 2860 2899 2911 carnem,
2934 2844 2998 2899 de
3045 2860 3198 2899 carne
3244 2862 3339 2900 sua
3378 2852 3533 2899 metet

1948 3047 2255 3117 angelorum
2279 3046 2501 3113 gloriam
2525 3045 2871 3112 accedebant,
2901 3046 2970 3101 de
2994 3048 3185 3112 quibus
3208 3047 3410 3103 dictum
3441 3061 3533 3105 est

1951 3133 2043 3191 per
2066 3118 2393 3191 I’salmistam
2421 3134 2432 3168 :
2468 3118 2517 3169 Μ
2526 3119 2700 3191 inniin
2730 3134 2842 3191 eum
2870 3119 3022 3191 paulo
3048 3120 3215 3172 minus
3232 3120 3294 3172 ab
3318 3121 3533 3191 Angelis

1948 3187 2111 3260 (unde
2139 3196 2350 3260 tractat.
2394 3202 2534 3242 xxvtt
2567 3188 2659 3260 lib.
2696 3203 2753 3253 ιι,
2776 3190 2825 3241 in
2859 3190 2983 3260 l'ttte.
3019 3200 3306 3259 martyrem
3336 3187 3531 3244 ex'ho-

1949 3258 2081 3312 mine
2108 3262 2161 3311 in
2186 3258 2423 3327 angelum
2469 3258 2785 3327 transfusum
2825 3259 3075 3314 similiter
3102 3258 3282 3327 dixit),
3317 3260 3385 3315 ita
3426 3262 3496 3314 Ita
3516 3294 3529 3304 ο

1948 3330 2107 3382 mines
2127 3344 2225 3397 pro
2249 3328 2565 3383 mortalibus
2586 3338 2639 3382 et
2661 3330 3053 3397 peccatoribus,
3077 3330 3127 3382 in
3147 3346 3305 3397 quem
3326 3340 3532 3387 εωιιιιιι

1946 3414 2041 3469 per
2068 3400 2277 3467 culpam
2304 3400 2605 3453 miserrime
2631 3397 2978 3463 transierunt,
3005 3397 3309 3469 appellavit.
3341 3401 3532 3467 Itaque

1946 3483 2134 3523 sensus
2182 3478 2294 3525 est.
2346 3470 2639 3538 principem
2676 3470 2955 3538 iniquitatis
3002 3470 3275 3525 diabolum
3324 3470 3529 3526 invidia

1945 3540 2340 3594 exstimulatum
2392 3555 2482 3592 suo
2512 3540 2722 3603 semine,
2755 3542 2896 3609 quod
2922 3540 3177 3595 tentando
3215 3543 3528 3605 seminavit,

1946 3610 2317 3682 prolaplastos,
2340 3609 2390 3662 id
2420 3612 2731 3682 estprimos
2759 3619 3027 3682 parentes,
3056 3627 3116 3664 ea:
3140 3614 3337 3682 angelis
3369 3612 3549 3665 inno-'

1946 3682 2189 3734 eentibus
2218 3691 2270 3733 et
2310 3681 2700 3736 immortalibus
2747 3682 2801 3733 in
2843 3680 3070 3735 homines
3121 3680 3429 3750 peccatores
3473 3694 3533 3738 et

1950 3750 2199 3804 mortales
2257 3751 2547 3814 derivaase,
2596 3765 2691 3805 seu
2744 3751 3119 3806 convertisse:
3161 3753 3332 3805 derivo
3380 3754 3529 3806 enim

1949 3821 2200 3874 translate
2228 3831 2310 3875 est
2353 3821 2605 3875 aliorsum
2639 3822 2937 3884 traducere,
2970 3821 3052 3876 vel
3091 3822 3401 3878 deﬂectere.
3434 3822 3533 3878 Sic

1948 3891 2164 3953 Cicero,
2189 3905 2243 3944 ιιι
2276 3892 2325 3943 in
2355 3889 2478 3943 Ver.
2514 3907 2660 3945 num.
2696 3891 2796 3957 56,
2845 3892 3074 3960 derivare
3102 3892 3208 3945 alio
3236 3894 3533 3957 responsio-

1950 3978 2056 4027 nem
2084 3977 2247 4033 suam,
2298 3972 2351 4013 et
2378 3961 2506 4033 tviu
2538 3962 2811 4033 eumdem,
2846 3977 2992 4015 nunt.
3025 3962 3116 4025 20,
3158 3966 3359 4033 culpam
3392 3964 3536 4033 deri-

1948 4046 2066 4083 vare
2092 4032 2142 4084 in
2165 4032 2385 4100 aliquem
2407 4031 2567 4101 dixit.
2600 4031 2673 4085 Ex
2726 4033 2808 4084 bis
2834 4048 2921 4097 ea,
2948 4047 3067 4101 quae
3095 4030 3412 4100 sequuntur,
3447 4030 3536 4085 fa-

1949 4103 2049 4155 cile
2081 4099 2362 4167 intelliges.
2387 4099 2753 4172 _P_rotoplastos
2785 4118 2883 4155 vox
2904 4143 2917 4162 ,
2963 4099 3085 4172 quze
3133 4099 3300 4169 primo
3328 4111 3535 4156 creatos

1952 4172 2232 4237 signiﬁcat,
2263 4170 2397 4241 apud
2424 4169 2812 4226 Tertullianum
2826 4169 3037 4241 quoque
3059 4174 3109 4226 in
3136 4172 3534 4226 Exhortatione

1949 4240 2093 4294 Cast.
2122 4255 2238 4307 cap.
2276 4240 2331 4306 2,
2382 4248 2435 4293 et
2460 4242 2597 4311 apud
2623 4242 2758 4311 alios
2787 4240 2972 4296 Patres
3000 4257 3093 4311 pro
3126 4243 3309 4309 primis
3336 4256 3536 4309 paren-

1953 4311 2269 4381 tibusvnlgo
2341 4309 2617 4379 accipitur.
2644 4309 2845 4381 rPrinto
2883 4309 3074 4381 plastas
3100 4311 3233 4366 dixit
3281 4311 3535 4366 Pruden-

1954 4381 2055 4433 tius
2086 4379 2138 4433 in
2166 4380 2373 4450 Ilymno
2416 4382 2591 4434 omnis
2639 4380 2783 4435 hora:
2814 4379 2986 4436 v.17.
3039 4381 3136 4436 Ms.
3168 4381 3287 4437 Tol.
3321 4396 3534 4435 sursum

1955 4465 2253 4522 prorursus
2302 4469 2318 4504 :
2347 4452 2398 4522 in
2425 4450 2558 4506 Urb.
2590 4462 2769 4506 autem
2795 4467 2973 4506 sursus
2996 4453 3047 4505 in
3073 4452 3302 4522 angelos.

2025 4520 2137 4592 (65)
2178 4519 2514 4575 Praetulimus
2558 4523 3041 4592 manuscriptorunt
3074 4519 3359 4577 lectionem
3407 4539 3421 4575 :
3473 4525 3532 4579 in

302 4624 473 4660 macra
506 4649 520 4671 ,
554 4607 636 4660 \el
685 4589 877 4675 aliquid
925 4606 1113 4659 simile.
1138 4589 1411 4661 {Pluriumv
1443 4623 1570 4662 vero
1614 4589 1844 4661 cmlie'um

1961 4589 2110 4644 editis
2138 4606 2496 4661 praponamus.

302 4678 581 4731 lectionem
627 4677 940 4730 retinnimus
997 4676 1046 4745 in
1097 4688 1260 4740 textu,
1310 4677 1526 4745 haecque
1564 4678 1717 4730 lectio
1748 4694 1851 4731 non

293 4747 435 4800 aliud
476 4746 755 4815 signiﬁcat,
783 4761 938 4815 quant
965 4743 1219 4813 baptisma
1246 4747 1374 4802 utile
1399 4743 1515 4801 esse
1543 4763 1635 4815 per
1662 4748 1813 4801 [idem
1836 4788 1850 4813 ,

293 4831 389 4888 per
408 4833 547 4880 eam,
573 4818 804 4888 inquam,
830 4816 1155 4888 fidemqnam
1181 4819 1388 4871 nonnisi
1415 4832 1508 4888 per
1539 4815 1851 4888 charitatem

296 4886 505 4955 operari
562 4886 761 4940 Auctor
812 4887 938 4955 alibi
985 4886 1177 4950 docet,
1232 4896 1287 4939 ut
1350 4886 1577 4939 vidimus
1610 4886 1853 4953 pluribus

295 4953 507 5011 dissert.
542 4957 599 5020 2,
624 4970 742 5024 cap.
772 4956 824 5010 6.
869 4953 1067 5008 Necnta
1113 4971 1271 5022 porro
1300 4955 1525 5010 traditur
1552 4958 1602 5007 in
1650 4956 1851 5022 baptis-

298 5037 437 5080 mate
467 5041 590 5079 caro
621 5026 814 5079 veteris
844 5028 1090 5087 hominis,
1117 5036 1173 5078 ιιι
1203 5042 1330 5078 nova
1356 5028 1406 5080 in
1430 5027 1643 5079 Christo
1671 5040 1849 5078 resur-

296 5108 379 5164 gat
403 5114 416 5155 ;
446 5099 511 5149 de
540 5112 643 5163 quo
672 5098 720 5147 ιιι
750 5097 1097 5164 sequentibus
1125 5096 1293 5164 plura.

367 5166 480 5237 (61)
512 5166 636 5219 Mss.
668 5166 812 5229 Tol.,
846 5165 987 5246 Vat,
1017 5167 1116 5217 alia
1144 5176 1213 5217 est
1234 5165 1471 5233 jumenti.

367 5259 480 5331 (δί)
498 5259 658 5331 Putat
680 5260 921 5331 Barthius
961 5258 1053 5310 lib.
1088 5272 1214 5320 ml,
1259 5271 1373 5331 cap.
1407 5256 1510 5331 10‘:
1542 5256 1731 5331 Adlndi
1762 5255 1856 5307 hoc

300 5326 406 5382 loco
438 5330 503 5381 ad
529 5346 637 5381 eam
664 5344 763 5380 non
794 5329 1050 5382 nullorum
1071 5327 1386 5388 sententiam,
1415 5326 1499 5394 qui
1520 5326 1853 5389 tradiderunt,

282 5400 538 5463 ﬂamines,
571 5414 683 5451 cum
717 5399 847 5468 lapsi
884 5408 1048 5451 essent
1094 5396 1281 5468 angeli,
1321 5395 1658 5468 ing'ipsorunt
1691 5396 1854 5468 locum

300 5470 591 5521 constitutos
619 5464 792 5536 fuisse.
830 5468 899 5521 At
944 5482 1047 5521 non
1088 5467 1137 5519 id
1164 5464 1323 5518 Terre
1349 5464 1594 5536 videntur
1623 5464 1854 5518 Zenonis

303 5538 507 5591 verba:
542 5534 773 5605 loquitur
799 5538 867 5592 de
910 5539 1141 5603 priorum
1186 5544 1464 5602 parentum
1506 5534 1677 5601 lapsu,
1720 5547 1854 5601 quos

296 5604 542 5660 diabolus
572 5604 665 5675 per
706 5608 949 5661 invidiam
983 5608 1139 5660 traxit
1168 5607 1216 5656 in
1242 5606 1489 5675 culpam;
1515 5611 1567 5655 ct
1595 5604 1730 5675 sicut
1761 5619 1855 5654 an-

302 5676 436 5746 gelos
466 5671 641 5743 procul
674 5677 832 5730 dubio
860 5678 976 5746 illos
1006 5676 1211 5746 vocavit
1240 5674 1291 5746 in
1322 5671 1404 5746 eo
1423 5680 1561 5746 statu
1595 5671 1853 5746 innoceo:

304 5740 410 5811 liae,
439 5740 488 5805 in
514 5761 616 5815 quo
648 5744 1055 5801 immortalitatis
1082 5753 1136 5798 et
1158 5740 1340 5811 gratiae
1375 5743 1529 5796 donis
1558 5740 1761 5809 praediti
1784 5740 1850 5794 ad

2032 4680 2145 4752 (64)
2167 4681 2303 4735 Editi
2330 4698 2448 4736 eum
2482 4682 2748 4751 plerisque
2773 4699 2927 4749 mss.,
2952 4685 3007 4739 in
3027 4695 3289 4751 acceptum
3308 4687 3535 4739 transla-

1960 4760 2040 4825 ttts
2067 4752 2339 4825 ingltonore
2378 4768 2517 4825 nova;
2544 4753 2740 4820 frondis
2774 4758 3107 4825 promotione.
3137 4754 3381 4810 Barthius
3406 4769 3536 4810 cor-

1960 4820 2231 4891 rigendum
2259 4823 2467 4875 censuit
2492 4824 2541 4875 in
2554 4820 2814 4891 acceptum
2843 4826 3135 4890 translatus,
3161 4825 3410 4879 inhonora
3433 4842 3535 4879 no-

1960 4904 2031 4965 tue
2051 4890 2248 4959 frondis
2271 4894 2595 4965 promotione.
2615 4890 2681 4946 At
2704 4909 2802 4947 ms.
2835 4896 2985 4949 Rem.
3013 4896 3414 4965 antiquissimus
3433 4909 3533 4950 co.

1958 4959 2058 5035 de;
2101 4972 2408 5028 aequiorem,
2439 4971 2501 5035 ut_
2536 4963 2785 5035 visagest,
2818 4966 3100 5035 lectionem
3137 4959 3532 5035 suppeditavit,

1959 5029 2129 5105 deleta
2176 5030 2540 5105 tantummodo
2572 5033 2753 5105 prima
2809 5033 3079 5105 particula,
3113 5029 3533 5105 in,'qu:eitetu

1956 5099 2164 5172 abest_a
2192 5098 2465 5172 mss._Va_t.
2494 5108 2551 5170 et
2572 5100 2699 5155 Urb.
2733 5098 3038 5172 mutatoque
3059 5098 3327 5159 [tonare'in
3362 5104 3537 5159 Itono-

1957 5182 2081 5242 rem.
2111 5167 2450 5242 Promotioni‘s
2466 5167 2858 5242 pot-reponunt;
2880 5167 3098 5229 utuntur
3114 5174 3451 5242 Lampridius
3476 5176 3535 5230 in

1959 5237 2348 5315 Anton._l)i_ad.
2383 5253 2510 5315 cap.
2538 5238 3072 5315 2,_Julius‘Firmicns
3105 5246 3169 5299 de
3195 5237 3342 5299 Cert.
3388 5245 3525 5315 stel.

1959 5307 2115 5371 posit.
2170 5309 2223 5368 '5,
2247 5307 2277 5358 7
2300 5318 2351 5361 et
2379 5312 2434 5369 ὅ,
2466 5316 2567 5361 etc.
2600 5309 2676 5362 Ex
2714 5311 2899 5365 eodem
2937 5314 3123 5368 codice
3163 5314 3414 5369 “emensi
3437 5331 3530 5368 re-

1958 5377 2353 5449 surgescentibus
2381 5391 2477 5444 pro
2502 5380 2868 5449 resurgentibus
2889 5383 3219 5448 scripsimus.

2031 5444 2251 5525 (65)Μ-ε.
2289 5445 2429 5512 Vat.,
2461 5463 2513 5501 se
2527 5444 2765 5517 jam'non
2788 5466 2911 5505 esse.
2934 5444 3060 5506 Dein
3090 5453 3243 5520 Urb.,
3274 5454 3537 5525 quodam-

1956 5514 2103 5566 modo
2124 5514 2173 5567 et
2193 5517 2322 5583 ipse.

2029 5601 2144 5681 (66)
2168 5602 2302 5681 Rara
2332 5606 2568 5674 syntaxis
2596 5608 2949 5681 construenda
2979 5611 3057 5681 sic
3084 5627 3097 5662 :
3131 5612 3350 5681 excitare
3368 5613 3423 5666 in
3449 5616 3535 5681 id,

1956 5671 2523 5755 guod_[uit,_antequam
2548 5688 2799 5755 peccasset
2821 5678 2874 5730 in
2900 5678 3157 5747 paradiso,
3182 5680 3235 5735 id
3254 5691 3339 5738 est
3380 5671 3538 5740 caci;

1959 5752 2069 5796 tare
2098 5747 2148 5797 in
2177 5747 2338 5799 vitam
2364 5747 2738 5801 immortalem.
