3818 6220
172 270 278 324 5δὸ

1377 279 1580 335 LIBER
1619 279 1683 334 ll.
1726 278 2129 336 'I‘RAUTATUS
2160 279 2200 332 Ι.

3325 281 3426 336 586

171 386 286 455 (b7)
320 388 619 455 interiunn;
648 394 734 461 qui
762 401 928 445 autem
949 391 1159 444 seminat
1187 394 1237 444 in
1265 393 1466 461 spiritu,
1498 395 1560 445 de
1584 394 1765 461 spiritu
1792 396 1838 455 Α
1866 393 2003 445 dicta
2036 402 2168 446 terra
2194 392 2287 445 crit
2308 391 2358 444 in
2382 392 2607 446 omnibus
2632 392 2865 459 operibus
2890 394 3009 458 tuis,
3033 396 3083 446 in
3114 394 3330 465 tristitia:
3347 387 3431 465 ge-

173 488 325 530 metet
349 480 514 533 vitam
535 493 785 535 wteruam
817 482 833 541 (
859 481 974 535 Gal.
1009 497 1079 545 Vl,
1111 480 1199 549 8).
1230 483 1300 535 At
1343 497 1471 535 vero
1503 482 1760 535 Dominus

172 568 461 624 evidenter
492 573 593 626 hoc
623 573 857 627 edocens
883 573 959 627 sic
988 572 1053 626 ad
1094 572 1382 641 discipulos
1411 575 1484 625 ait
1535 591 1547 626 :
1582 573 1763 626 Simile

172 668 246 713 est
284 676 509 733 regnum
546 665 788 718 caelorum
824 664 1034 729 homini,
1059 666 1143 735 qui
1172 667 1434 719 seminavit
1460 666 1643 718 bonum
1685 682 1764 719 se-

171 767 284 805 men
312 754 368 806 in
398 771 533 824 agro
571 773 666 810 suo
693 772 710 809 :
740 756 1099 810 dormientibus
1124 766 1291 810 autem
1317 756 1603 813 hominibus
1635 758 1763 810 venit

168 845 413 901 inimicus
461 853 609 921 ejus,
657 859 715 901 et~
748 850 1161 919 superseminavit
1200 852 1401 904 zizania
1444 852 1496 905 in
1542 851 1763 904 triticum

171 936 414 1006 (Matth.
444 956 564 1005 xm,
592 940 685 1004 24,
717 940 788 996 25
810 942 848 1011 ).
1734 938 1737 944 ’

238 1028 380 1083 XIV.
428 1035 502 1085 At
549 1032 780 1086 fortasse
821 1033 993 1087 adhuc
1020 1033 1279 1103 quispiam
1324 1033 1463 1088 dicat
1507 1032 1608 1089 :Si
1637 1046 1763 1086 caro

170 1119 329 1187 perit,
362 1120 515 1176 unde
546 1123 890 1192 cognoscitur
938 1124 1025 1177 ille
1048 1125 1136 1193 qui
1170 1124 1441 1194 resurgit?
1471 1124 1632 1187 Caro,
1659 1121 1765 1175 l'ra-

172 1221 301 1275 tres,
335 1215 499 1283 qnasi
527 1214 792 1281 quoddam
820 1228 901 1271 cSt
937 1218 1213 1285 speculum
1244 1218 1498 1272 intuentis
1530 1216 1761 1285 plenitu-

171 1302 295 1357 dine
320 1306 441 1373 (ὺὸ)
470 1305 828 1374 gravidatum,
858 1321 997 1377 quoa
1018 1307 1128 1361 non
1154 1318 1259 1362 tam
1302 1308 1587 1378 imaginem
1613 1320 1762 1360 suam

170 1410 329 1463 quam
361 1396 488 1464 (69)
517 1398 655 1465 ejus,
679 1398 828 1467 cujus
850 1408 932 1452 est
955 1399 1005 1451 in
1040 1399 1225 1453 usibus
1242 1400 1398 1469 gerit.
1425 1400 1660 1469 Denique
1688 1407 1764 1452 tot

171 1485 336 1541 eltieit
364 1488 576 1551 vultus,
612 1497 742 1559 quot
766 1491 853 1544 ille
882 1491 1201 1545 intrinsecus
1225 1492 1423 1556 tristes,
1448 1507 1540 1545 seu
1570 1492 1764 1546 hilares

168 1580 509 1635 satisfecerit
532 1594 730 1647 motus,
753 1582 888 1639 hanc
917 1583 1177 1637 rationem
1201 1583 1429 1638 docente
1449 1598 1542 1636 nos
1570 1584 1759 1637 Paulo:

177 1671 444 1737 Videmus,
464 1674 660 1743 inquit,
692 1686 862 1727 autem
884 1674 1031 1728 modo
1054 1691 1141 1744 per
1162 1676 1420 1745 speculum
1446 1677 1495 1727 in
1517 1676 1762 1744 wnigma-

1866 485 1985 534 mitu
2018 483 2132 535 edes
2164 499 2224 536 ea:
2262 499 2319 536 ea
2365 482 2591 536 onmibus
2637 485 2811 538 diebus
2853 488 2964 539 vita:
2993 494 3091 539 tua:
3134 486 3348 556 :spinas
3388 494 3435 539 et

1867 573 2077 627 tribulos
2109 574 2272 643 rjiciet
2321 575 2429 638 tibi,
2463 587 2505 627 et
2532 576 2646 629 edes
2677 576 2914 646 pabulum
2958 578 3071 647 agri
3107 593 3124 630 :
3168 578 3219 629 in
3249 576 3435 630 sudore

1865 665 2030 719 vultus
2057 665 2129 717 tui
2148 665 2262 718 edes
2284 681 2462 735 panem
2501 675 2662 731 tuum,
2691 667 2845 722 donec
2883 668 3150 723 revertaris
3175 668 3227 721 in
3252 678 3437 721 terram

1866 756 2018 829 (Gen.
2053 773 2136 823 tu,
2157 759 2222 811 17
2242 767 2290 811 et
2320 756 2592 828 seq.).Sed
2609 767 2661 814 et
2685 759 2935 816 Dominus
2956 761 3069 829 (7|)
3096 776 3159 815 es
3203 774 3430 830 persona

1868 848 2121 913 hominis,
2149 864 2305 920 quem
2349 862 2730 918 assumpserat,
2780 852 2853 905 ait
2895 851 3123 905 :Tristis
3149 861 3221 906 est
3263 852 3435 905 anima

1867 955 1978 991 mea
2002 957 2159 1007 usque
2174 940 2241 993 ad
2272 949 2480 993 mortem
2506 940 2522 1011 (
2546 938 2731 994 Matth.
2751 957 2892 1009 sxvr,
2923 923 3044 1012 58).
3070 940 3218 1010 Quod
3232 941 3432 997 dictum

1869 1046 1971 1085 non
2006 1042 2108 1085 tam
2138 1032 2392 1095 timentis,
2426 1047 2583 1102 quam
2630 1033 2943 1089 exsultantis
2969 1051 3031 1089 ac
3058 1034 3303 1091 docentis
3329 1044 3431 1090 est.

1869 1121 2062 1191 Utique
2106 1140 2118 1176 :
2155 1139 2260 1177 non
2308 1124 2451 1179 enim
2492 1122 2775 1192 quidquam
2829 1126 3014 1181 timere
3061 1136 3289 1196 poterat,
3346 1129 3435 1193 qni

1867 1223 2108 1267 mortuos
2149 1215 2433 1281 excitabat,
2468 1216 2557 1284 qui
2608 1223 2916 1280 potestatein
2966 1216 3149 1271 habuit
3201 1218 3431 1287 ponendi

1868 1321 2007 1374 eam,
2048 1316 2101 1363 et
2129 1308 2320 1362 iterum
2355 1306 2659 1362 resumendi
2696 1322 2812 1361 eam
2844 1307 2972 1376 (Jo.
2998 1325 3052 1373 χ,
3090 1310 3152 1364 -18
3178 1310 3227 1381 );
3255 1310 3348 1365 sed
3378 1319 3436 1364 ut

1867 1398 2107 1463 duceret,
2133 1401 2378 1470 quoniam
2401 1417 2521 1455 cum
2552 1399 2759 1466 vivit,in
2790 1399 2890 1454 hoc
2915 1401 3132 1467 mundo,
3155 1418 3363 1473 semper
3385 1403 3436 1457 in

1870 1491 2231 1557 tribulatione,
2262 1494 2668 1562 semperjustus
2696 1494 2747 1546 in
2778 1506 2929 1559 pinna
2956 1500 3057 1547 est.
3100 1492 3234 1547 Cum
3261 1503 3436 1548 autem

1870 1598 2033 1649 mors,
2076 1597 2192 1652 quae
2221 1590 2435 1652 putatur
2477 1582 2776 1647 metuenda,
2821 1578 3097 1652 gustatur;
3146 1591 3271 1638 tunc
3312 1584 3359 1638 ei
3390 1584 3439 1638 in

1869 1685 2125 1729 a-ternum
2174 1674 2440 1729 manentis
2469 1675 2655 1744 gloria:
2683 1674 2852 1731 beatis
2905 1675 2955 1728 in
3000 1674 3237 1741 sedibus,
3272 1676 3445 1730 nullas

167 1776 232 1828 te,
262 1776 384 1818 tunc
417 1778 595 1819 autem
618 1768 773 1837 facies
804 1766 871 1819 ad
913 1766 1092 1835 faciem
1122 1768 1214 1820 erit
1242 1770 1257 1833 (
1285 1766 1303 1820 l
1330 1767 1445 1821 Cor.
1480 1783 1595 1831 xm,
1635 1766 1696 1819 12
1721 1766 1757 1835 ).
1796 1781 1840 1838 Β
1868 1770 2120 1839 deinceps
2149 1784 2413 1825 rerumnas
2446 1769 2624 1825 umndi
2650 1784 2893 1837 sensura,
2928 1771 3254 1841 repromissa
3278 1771 3445 1827 felici-

167 1857 318 1913 Unde
350 1860 583 1914 dubium
623 1870 835 1915 nonest
886 1861 938 1915 iu
984 1862 1299 1930 corporibus
1344 1862 1563 1925 nostris,
1609 1858 1763 1931 140

167 1950 289 2004 dum
326 1952 527 2006 mortis
552 1952 668 2021 lege
698 1952 1050 2019 seminantur,
1084 1968 1187 2007 non
1234 1952 1603 2016 substantiam,
1656 1968 1759 2006 non

168 2043 482 2112 imaginem,
533 2043 628 2097 sed
678 2044 805 2098 illud
856 2054 1079 2109 tantum,
1122 2042 1261 2114 quod
1296 2043 1480 2097 inutile
1508 2052 1607 2107 est,
1636 2042 1759 2097 dis-

167 2134 296 2198 cuti,
342 2134 495 2205 quod
547 2136 759 2198 teritur,
806 2135 1093 2197 demutari,
1144 2136 1281 2189 sicut
1322 2137 1575 2205 scriptum
1626 2146 1705 2190 est
1746 2152 1757 2186 :

171 2226 378 2297 Oportet
409 2228 553 2280 enim
586 2228 926 2294 corruptivum
954 2227 1049 2281 hoc
1071 2229 1278 2281 induere
1308 2230 1753 2297 incorruptionem,

168 2329 212 2371 ct
240 2304 462 2373 mortale
480 2320 582 2373 hoc
603 2320 810 2373 induere
829 2320 1262 2373 inmortalitatem
1288 2318 1344 2391 (l
1368 2318 1487 2374 (for.
1514 2336 1602 2381 xv,
1631 2320 1762 2387 55):

168 2408 456 2484 aliter(70)
472 2411 620 2465 enim
656 2412 1071 2465 immortalitatis
1101 2411 1236 2464 stola
1268 2412 1352 2465 illa
1386 2429 1488 2465 non
1518 2416 1763 2479 sumitur,

170 2505 265 2557 nisi
307 2505 495 2575 primo,
539 2506 683 2559 istud
724 2506 938 2560 earnale
981 2507 1235 2574 spolium,
1277 2506 1527 2559 blandum
1577 2505 1765 2557 animce

170 2610 460 2659 venenum,
498 2598 796 2650 secundum
826 2595 917 2650 Dei
948 2596 1293 2660 sententiam,
1323 2595 1463 2649 unde
1491 2605 1761 2663 surruptum

169 2699 267 2757 est,
312 2687 663 2753 retundatur,
696 2689 824 2744 dicit
865 2688 1006 2743 enim
1036 2687 1176 2743 Deus
1206 2688 1273 2742 ad
1321 2688 1493 2742 Adam
1543 2704 1555 2740 :
1594 2686 1755 2739 Male-

238 2830 350 2899 (67)
371 2828 475 2883 Ms.
511 2828 668 2882 Rern.
696 2828 962 2899 ininteritu
986 2844 1002 2883 :
1026 2827 1355 2899 desideratur
1382 2836 1556 2880 autem
1582 2827 1633 2878 in
1663 2825 1759 2899 hoc

170 2896 349 2955 codice
378 2901 431 2952 in
460 2900 675 2963 spiritu.
708 2899 843 2953 Edit.
873 2896 998 2951 Ver.
1023 2899 1194 2951 omisit
1222 2898 1282 2951 de
1306 2898 1506 2959 spiritu.
1531 2898 1756 2963 Supple-

172 2972 342 3024 vimus
387 2986 453 3024 es
513 2970 787 3037 plerisque
840 2983 967 3022 mss.
1015 2977 1069 3021 et
1116 2969 1351 3023 editione
1394 2968 1584 3021 Venet.
1637 2968 1760 3019 Post

172 3056 357 3109 pauca,
392 3056 495 3111 pro
531 3041 626 3093 hoc
646 3037 881 3103 edocens,
901 3055 999 3091 ms.
1025 3037 1169 3103 ΤοΙ.,
1199 3041 1297 3091 hoc
1313 3054 1365 3091 se
1380 3038 1563 3091 docens
1587 3056 1602 3104 ,'
1628 3037 1756 3092 Urb.

170 3123 366 3176 autem,
396 3110 497 3166 hoc
523 3122 571 3164 ct
592 3110 799 3165 docens.
1129 3116 1137 3124 '

236 3201 353 3272 (66)
370 3202 501 3256 Mss.
540 3202 750 3269 Putnp.,
769 3212 1051 3272 gravatum.
1082 3200 1303 3255 Terram
1336 3201 1649 3272 gravidatant
1676 3215 1764 3254 se-

169 3274 398 3327 minibus
427 3272 573 3327 dtxit
594 3271 798 3325 Tullius
826 3272 893 3327 de
921 3272 1040 3327 Nat.
1074 3272 1232 3325 Deor.
1268 3271 1360 3323 lib.
1397 3288 1453 3336 ιι,
1498 3286 1641 3324 num.
1670 3272 1758 3325 32.

236 3363 422 3432 (69)]d
446 3372 541 3418 est
569 3364 807 3432 spiritus,
832 3363 1143 3431 quicorpori
1176 3363 1353 3415 unitos
1383 3376 1543 3416 carne
1575 3366 1756 3432 utitur.

171 3431 459 3503 imaginem
492 3442 678 3488 autem
704 3434 921 3502 spiritus
951 3432 1151 3487 idcirco
1178 3446 1393 3486 carnem
1425 3444 1599 3495 vocat,
1620 3431 1758 3499 quod

170 3507 295 3560 varii
330 3516 518 3559 motus
545 3505 707 3557 animi
732 3516 785 3557 et
811 3505 1029 3558 allectus
1054 3506 1102 3557 in
1135 3516 1363 3566 corpore
1390 3518 1531 3570 εαξιιρ
1554 3506 1761 3556 eluces-

170 3588 312 3639 cunt,
347 3587 398 3628 ut
453 3591 529 3630 ex
574 3572 921 3643 sequentibus
964 3572 1307 3643 liquettlloc
1361 3573 1499 3626 idem
1547 3574 1759 3641 egregie

170 3643 542 3700 Tertullianus
561 3646 627 3698 de
649 3645 865 3699 ltcsurr.
888 3659 1001 3713 cap.
1024 3646 1117 3698 15:
1144 3642 1341 3695 Volutet
1358 3644 1551 3710 aliquid
1566 3644 1757 3704 anima,

174 3718 335 3769 vultus
385 3726 637 3785 operatur
664 3716 925 3778 indicium,
976 3718 1129 3784 [acies
1157 3714 1489 3785 intentionunt
1534 3714 1761 3765 omnium

170 3782 428 3853 speculum
454 3784 700 3840 esLVIde
727 3785 873 3853 plura
897 3782 1032 3853 apud
1054 3784 1277 3838 Plinium
1300 3782 1390 3835 lib.
1433 3800 1487 3847 ιι,
1518 3797 1567 3836 c.
1594 3785 1682 3845 51,
1708 3792 1761 3837 el.

176 3852 286 3923 lege
316 3858 507 3919 etiam,
545 3855 588 3908 si
614 3852 807 3922 piaret,
837 3852 1116 3907 Natat-ium
1150 3864 1199 3906 et
1233 3852 1479 3923 Pacatum
1508 3856 1557 3905 in
1587 3854 1759 3923 Panc-

172 3921 367 3995 eyrico,
402 3943 467 3980 ac
521 3921 901 3993 Hieronytmnn
952 3925 1002 3977 in
1035 3925 1191 3991 epist.
1238 3922 1302 3975 ad
1354 3922 1587 3977 Furiam.
1630 3921 1755 3976 Mss.

170 3997 311 4057 'l'ol..
347 3996 501 4059 Vat.,
536 3995 725 4054 Urbin.
754 3996 933 4065 quierit
964 4010 1059 4062 pro
1087 3995 1235 4064 gerit.

242 4066 355 4138 (70)
401 4068 503 4121 Ms.
537 4066 753 4134 Pomp.,
783 4066 986 4119 etenim.

237 4160 348 4229 (71)
392 4159 476 4213 Ea;
504 4174 727 4229 persona
758 4158 973 4212 hominis
1003 4156 1222 4227 perinde
1266 4156 1475 4221 dicitur,
1508 4170 1570 4210 ac
1626 4163 1756 4209 taut-

1868 1872 1945 1914 tas
1992 1862 2294 1925 exhibetur,
2350 1861 2512 1915 David
2569 1872 2755 1916 sancto
2815 1860 3069 1915 dicente:
3123 1860 3441 1927 Convertere,

1864 1954 2034 2005 anima
2065 1969 2192 2019 mea,
2230 1955 2281 2006 in
2304 1953 2523 2016 requiem
2564 1963 2724 2017 tuam,
2769 1953 2888 2023 quia
2917 1949 3169 2006 Dominus
3210 1951 3447 2021 benefecit

1866 2044 2006 2105 mihi,
2036 2045 2154 2109 quia
2171 2043 2398 2097 liberavit
2423 2045 2642 2096 animam
2665 2060 2824 2097 meam
2853 2062 2883 2097 (ι
2906 2052 3084 2109 morte,
3115 2045 3285 2098 oculos
3308 2060 3444 2098 meos

1864 2152 1891 2187 α
1928 2136 2185 2205 Iacryinis,
2214 2138 2361 2205 pedes
2388 2150 2521 2187 meos
2551 2150 2581 2186 a
2605 2135 2751 2203 lapsu
2779 2151 2794 2187 :
2810 2134 3019 2205 placebo
3047 2132 3267 2187 Domino
3294 2136 3343 2187 in
3366 2150 3444 2187 re-

1866 2228 2013 2294 gione
2038 2228 2301 2297 vivorum(
2330 2226 2417 2279 1’s.
2444 2242 2592 2291 cxw,
2622 2226 2654 2280 7
2679 2237 2724 2281 et
2755 2244 2857 2295 seq.
2950 2226 3071 2281 Haec
3096 2241 3193 2281 nos
3224 2225 3446 2281 felicitas

1880 2332 2081 2384 manet,
2128 2319 2228 2373 hoc
2260 2336 2449 2373 tunnns
2477 2329 2769 2386 cxsiiectat.
2802 2319 2891 2374 Sic
2931 2332 3059 2386 ergo
3086 2318 3346 2383 vivamus,
3393 2326 3449 2371 ut

1877 2414 2026 2466 bonis
2055 2414 2309 2480 operibus
2341 2411 2599 2475 deeorati,
2635 2425 2732 2465 nos
2778 2423 2987 2479 quoque
3015 2408 3129 2480 (72)
3162 2408 3271 2464 Deo
3302 2407 3444 2462 Patri

1872 2506 2081 2572 placere
2111 2520 2435 2568 mereamur,
2470 2501 2927 2569 Dominojuvante
2959 2516 3056 2557 nos
3084 2501 3317 2568 Christo,
3356 2499 3447 2569 qui

1869 2607 1949 2650 est
1982 2596 2294 2651 benedictus
2323 2594 2373 2648 iu
2406 2594 2602 2648 szecula
2632 2594 2966 2648 szeculorutn.

1866 2837 2020 2891 quam
2052 2821 2233 2885 homo,
2281 2822 2421 2890 quod
2451 2821 2652 2876 scilicet
2681 2820 2923 2874 Christus
2952 2834 3010 2891 se
3042 2819 3092 2874 in
3140 2818 3245 2875 illis
3273 2820 3451 2875 verbis

1867 2890 1970 2945 non
2004 2893 2077 2945 ιιΙί
2116 2895 2277 2946 Deum
2310 2908 2499 2959 gerere
2526 2906 2585 2944 ac
2622 2892 2876 2959 praeferre
2905 2890 3085 2952 vellet,
3118 2891 3209 2945 sed
3244 2900 3295 2944 nt
3349 2893 3445 2945 ho-

1867 2968 2099 3027 minem;
2134 2979 2237 3032 quo
2268 2977 2427 3016 sensu
2465 2979 2731 3031 personam
2780 2969 2989 3032 veteres
3031 2975 3174 3032 stepe
3206 2962 3448 3030 appella—

1867 3045 2012 3095 runt,
2045 3046 2095 3085 nt
2142 3030 2259 3086 eum
2293 3034 2476 3087 dixere
2510 3048 2773 3098 personant
2817 3031 3000 3101 patris,
3031 3030 3226 3099 fratris,
3258 3032 3453 3103 princi-

1818 3130 1831 3172 τ
1867 3105 1965 3172 pis,
1997 3104 2164 3167 amici,
2200 3112 2329 3166 etc.,
2363 3118 2456 3170 pro
2498 3113 2751 3171 tamquam
2779 3111 2937 3169 pater,
2988 3105 3163 3170 frater,
3194 3107 3451 3171 princeps,

1872 3176 2084 3233 anticus.
2117 3182 2222 3229 etc.
2248 3172 2431 3226 Dvlt'tc
2458 3172 2689 3227 Zenonis
2723 3172 2989 3224 locutione
3022 3185 3125 3226 non
3158 3172 3295 3225 nulla
3328 3174 3452 3225 atti-

1868 3246 2040 3313 gimus
2071 3244 2281 3295 dissert.
2315 3244 2371 3305 ‘2,
2423 3258 2540 3309 cap.
2591 3243 2645 3297 5.
2699 3242 2897 3295 Eadem
2940 3256 3160 3311 prorsus
3212 3241 3449 3313 formula

1867 3312 1995 3368 usus
2038 3315 2229 3381 legitur
2259 3314 2311 3366 S.
2348 3314 2578 3367 Hilarius
2608 3313 2657 3366 iu
2688 3314 2822 3382 psal.
2855 3328 2967 3373 Ltv,
3014 3326 3133 3380 pag.
3166 3312 3269 3366 118
3298 3322 3351 3365 et
3396 3312 3449 3365 in

1867 3386 2001 3451 p~al.
2030 3398 2300 3445 cxxxvm,
2326 3400 2445 3453 pag.
2468 3383 2594 3438 565.
2622 3384 2677 3437 S.
2707 3383 3016 3453 Ambrosius
3050 3382 3139 3435 lib.
3170 3398 3205 3435 ιι
3230 3382 3298 3436 de
3322 3382 3451 3453 Fide

1864 3450 1982 3521 Cap.
2012 3454 2067 3515 8,
2104 3472 2155 3506 ιι.
2178 3454 2265 3521 61;
2290 3450 2473 3515 lib.iv,
2506 3469 2553 3506 e.
2586 3453 2637 3513 6,
2661 3470 2712 3504 ιι.
2734 3452 2829 3511 69;
2860 3463 2913 3505 et
2936 3451 2971 3504 Ι.
2996 3466 3120 3512 v,c.
3149 3450 3448 3516 i0,n.124.

1870 3520 2133 3578 Similiter
2157 3520 2479 3577 thbatlins
2509 3526 2558 3577 in
2592 3525 2728 3576 libro
2753 3532 2936 3576 contra
2971 3523 3216 3585 Arianos,
3254 3538 3304 3591 p.
3348 3523 3455 3577 503

1869 3604 1906 3647 t.
1942 3610 1991 3646 tv
2014 3594 2412 3659 hibliotltfPP,
2438 3593 2739 3647 Salomonis
2760 3593 2959 3647 dietutn
2982 3590 3453 3661 quoddamtribuit

1869 3680 2163 3733 expersona
2190 3664 2622 3733 sapientiw.quod
2652 3662 2915 3733 sapientia
2945 3662 2996 3714 in
3025 3678 3089 3714 eo
3120 3661 3448 3733 loqueretur.

1867 3729 1996 3788 ac'si
2023 3734 2133 3800 ipse
2160 3729 2301 3787 esset
2325 3729 2604 3802 sapientia.
2659 3733 2838 3801 Itaque
2869 3732 2952 3784 hic
2987 3747 3201 3802 persona
3230 3729 3451 3786 hominis

1868 3819 1971 3857 non
2003 3805 2052 3857 in
2082 3819 2147 3856 eo
2172 3820 2334 3857 sensu
2365 3800 2644 3870 accipitur,
2680 3800 2783 3869 qun
2822 3802 3053 3855 hmnaua
3084 3800 3299 3854 Christo
3331 3817 3451 3869 per-

1868 3888 1995 3926 sona
2028 3889 2148 3927 cum
2176 3873 2419 3928 Nestorio
2450 3874 2732 3937 tribuatur,
2765 3874 2856 3927 sed
2892 3873 2941 3923 in
2974 3886 3061 3931 eo,
3094 3887 3200 3941 quo
3230 3873 3327 3940 ipsi
3373 3873 3450 3927 uti

1867 3959 1995 4066 Bero
2024 3944 2232 4019 homini
2253 3944 2495 3997 humana:
2525 3944 2762 3997 actiones
2789 3942 3168 4011 passionesqne
3194 3957 3448 4011 congrue-

1905 4026 2013 4065 aut.

1905 4026 2013 4065 unt.

1937 4083 2051 4154 (72)
2074 4083 2182 4138 Deo
2204 4084 2497 4154 adiecimus
2528 4099 2592 4139 ex
2622 4098 2750 4137 mss.
2801 4082 2979 4149 Rem.,
3009 4080 3165 4147 Urb.,
3196 4081 3351 4147 Zen.,
3397 4080 3451 4137 in

1869 4171 1974 4224 quo
2006 4164 2279 4225 postremo
2306 4171 2408 4211 vox
2445 4154 2661 4208 Domino
2687 4154 3046 4209 desideratur.

170 4306 3437 4338 mw

891 4440 1042 4514 ¹⁶¹
1127 4452 2494 4599 TRACTA'l‘UUM

630 4694 1625 4865 SANGTI

1845 4694 3005 4853 ZENONIS

1054 4955 1645 5043 EPISCOPI
1756 4904 2561 5043 VERO'NENSIS

1332 5160 1649 5232 LIBER
1707 5156 2268 5231 SECUNDUS.

592 5316 1007 5375 TllACTATUS
1054 5314 1327 5369 PRIMUS.

405 5418 482 5471 De
512 5412 598 5487 (1)
630 5410 831 5465 Genesi.
874 5437 944 5447 —
980 5404 1175 5459 Contra
1216 5404 1466 5457 Arianos.

248 5512 284 5565 l.
323 5508 569 5565 Carnalis
612 5501 809 5557 mentis
849 5498 1116 5561 homines,
1172 5494 1365 5547 fratres
1407 5491 1761 5555 dilectissimi,

215 5643 404 5697 Tmcr.
422 5640 595 5705 l.-——(i
610 5638 625 5699 )
643 5637 697 5690 In
715 5648 839 5689 mss.
860 5632 1047 5701 Incipit
1061 5632 1119 5683 de
1132 5629 1331 5705 Genesi.
1350 5629 1469 5705 [huc
1484 5631 1757 5705 inscriptio

185 5700 1189 5775 ineditisrctenta,auobisinnnntanda
1223 5716 1326 5755 non
1355 5700 1467 5754 fuit.
1503 5700 1754 5754 tenuan-

1791 5306 2174 5369 Dseandalum
2223 5307 2529 5375 patiuntur,
2591 5322 2697 5360 non
2750 5307 2925 5362 studio
2980 5309 3297 5375 noscendae,
3352 5309 3444 5364 sed

1868 5398 2182 5453 frustrandte
2232 5397 2488 5457 veritatis.
2532 5398 2776 5465 quotiens
2825 5399 2963 5453 Dens
3016 5401 3105 5454 Dei
3156 5400 3313 5464 filius,
3357 5402 3445 5469 qui

1866 5490 2039 5545 Patris
2068 5487 2299 5543 maxima
2330 5498 2410 5542 est
2442 5488 2634 5555 gloria,
2665 5489 2887 5557 aequalis
2924 5489 3067 5543 Patri
3098 5505 3126 5542 a
3158 5491 3443 5545 Catholicis

1866 5638 1967 5682 tein
1989 5635 2126 5680 totus
2140 5625 2225 5679 hic
2240 5633 2321 5679 est
2338 5625 2387 5678 in
2404 5622 2734 5678 defendenda
2753 5624 2940 5678 aeterni
2959 5624 3119 5680 Verbi
3152 5626 3429 5680 divinitate

1863 5709 2047 5754 contra
2089 5696 2331 5760 Atianos,
2368 5695 2503 5749 sicut
2533 5704 2583 5749 et
2627 5696 2675 5749 in
2709 5693 2916 5749 duobus
2948 5712 3068 5751 mox
3100 5694 3441 5765 subiiciendis
