3818 6220
151 269 260 321 407)

1375 273 1575 328 Lilil-Il't
1618 272 1677 326 ll.
1724 272 2137 329 ΤΙῖΜῖΤΑΤΓς
2185 274 2288 328 VII.

3272 292 3275 293 ν
3358 275 3460 330 illi

144 404 243 444 nos
276 391 536 460 impone.
576 394 870 448 Dementiae
902 407 1073 459 genus
1107 401 1209 457 est,
1241 390 1528 445 invisibilis
1553 392 1761 443 iueom-
1793 392 1845 450 Α
1869 388 2162 443 divinitatis
2191 391 2577 460 potestatisque
2604 405 2724 445 esse
2762 388 3209 457 omnipotentiam
3243 402 3338 442 nos
3365 390 3461 441 do-

145 483 662 556 prebcnsibilisqne
685 487 733 555 tl
755 486 797 543 ll
823 485 964 541 velle
995 484 1207 555 opinari
1224 493 1518 549 secretum,
1545 483 1767 552 ejusque

144 575 363 629 interna
399 576 711 642 discutere,
745 577 900 646 cujus
930 577 1165 631 extraria
1207 584 1439 648 nequeat
1468 575 1763 639 susipicari:

143 670 265 735 quia
300 670 455 722 Dt-us
488 670 595 726 hoc
614 682 719 734 est,
744 670 993 739 quodest
1021 669 1215 740 (Exod.
1242 684 1318 731 ιιι,
1343 669 1432 737 11)
1460 685 1471 719 :
1498 666 1641 737 quod
1674 682 1767 720 vc-

146 774 207 812 ro
232 758 407 813 homo
431 762 806 817 deliniendam
828 764 1116 831 putaverit,
1137 760 1251 832 (l2)
1283 777 1387 814 non
1416 772 1518 815 est.
1550 759 1683 815 Nam
1712 770 1765 816 et

146 848 392 905 Joannes
416 855 707 921 apostolus
734 855 783 907 in
814 853 1106 924 Evangelio
1136 853 1263 920 quid
1301 853 1455 925 165
1486 853 1760 919 ιιι-ιιιιΙίοει,

152 940 373 1006 fratres,
406 948 678 1014 accipite:
707 947 773 1001 In
812 949 1097 1020 principio,
1128 947 1328 1016 inquit,
1358 955 1466 1001 erat
1502 946 1723 1001 Verbum
1745 989 1759 1010 ,

150 1044 194 1087 et
226 1033 465 1089 Verbum
499 1050 613 1093 erat
666 1042 805 1113 apud
853 1040 1015 1094 Deum
1042 1083 1054 1101 ,
1088 1050 1133 1094 et
1166 1022 1303 1094 Deus
1342 1048 1448 1093 erat
1500 1037 1715 1093 Verbum
1746 1057 1764 1094 .'

153 1127 244 1180 hoc
272 1138 388 1181 crat
418 1128 473 1181 in
498 1130 755 1199 principio
782 1132 921 1200 apud
960 1130 1125 1185 Deum
1169 1131 1281 1200 (.lo.
1314 1148 1347 1193 ι,
1392 1130 1468 1201 1).
1510 1131 1762 1185 Admira-

152 1218 275 1274 bilis
303 1219 519 1289 gratia,
549 1220 745 1276 fratres
771 1222 1128 1287 dilectissimi,
1160 1224 1466 1292 conspicuae
1494 1223 1759 1288 veritatis,

153 1327 272 1382 qua:
299 1311 434 1365 dum
468 1316 689 1367 secerni
721 1324 918 1382 potest,
947 1324 1125 1369 tamen
1156 1314 1617 1369 sibimetexterna
1642 1328 1762 1369 esse

154 1422 259 1462 non
294 1396 505 1474 potest.
535 1407 596 1462 Si
624 1409 763 1460 enim
788 1407 1024 1462 Verbum
1070 1409 1119 1461 in
1148 1409 1256 1463 Deo
1292 1418 1399 1471 est,
1430 1418 1483 1462 et
1521 1408 1659 1462 Deus
1682 1417 1763 1461 est

154 1499 417 1562 Verbum,
455 1508 517 1555 et
562 1502 662 1554 hoc
686 1510 787 1567 cst,
821 1500 872 1553 in
921 1516 1026 1570 quo
1062 1510 1166 1566 est,
1201 1502 1341 1569 quod
1373 1502 1464 1556 ille
1516 1510 1598 1554 est
1625 1542 1639 1562 ,
1673 1503 1759 1569 qui

156 1596 324 1655 inest;
357 1594 573 1662 duplex
617 1610 869 1663 persona,
900 1594 1100 1663 duplex
1138 1596 1250 1667 (15)
1276 1596 1590 1650 vocabulum
1619 1639 1633 1663 ,
1667 1596 1761 1650 sed

155 1687 440 1757 originalis
464 1688 854 1757 perpetuitatis
894 1703 955 1742 ac
992 1688 1215 1743 deitatis
1248 1698 1330 1743 est
1379 1705 1483 1743 una
1513 1688 1767 1743 substan—

1870 491 2037 536 cerct.
2068 480 2340 551 Sequitur,
2366 497 2429 537 ac
2460 482 2619 537 dicit;
2655 483 2841 535 Umnia
2864 498 2953 549 per
2976 481 3145 550 ipsum
3163 482 3303 551 facta
3320 489 3458 540 sunt,

1868 587 1928 624 ac
1949 571 2059 625 sine
2080 572 2191 641 ipso
2223 573 2413 641 factum
2441 584 2513 626 est
2555 575 2685 627 nihil
2714 570 2823 644 (Jo.
2857 589 2893 636 I,
2925 574 3007 629 5i.

1939 664 2024 719 lll'.
2060 664 2345 718 Videamus
2372 682 2532 731 nunc,
2562 668 2764 734 Optime
2791 664 3117 729 Christiane,
3179 666 3458 732 quemad-

1869 757 2084 813 modum
2115 756 2254 811 inter
2281 757 2492 812 Patrem
2511 758 2808 828 Filiumque
2832 768 3040 828 tempus
3059 758 3172 831 (14)
3188 758 3462 812 inlttlcias:

1866 853 1911 905 si
1935 851 2076 905 enim
2112 852 2362 921 tempori,
2413 867 2518 904 non
2546 850 2646 904 sibi
2676 851 2895 917 debent,
2928 851 3070 920 quod
3094 863 3176 906 est
3198 852 3336 905 alter
3382 851 3461 903 al-

1868 943 1967 998 teri
1998 942 2263 998 obnoxius
2286 960 2299 1009 ;
2326 941 2509 1012 procul
2539 942 2725 1008 dubio,
2751 950 2807 995 ut
2831 950 2882 994 tu
2908 942 3006 1006 vis,
3040 943 3211 1013 major
3248 953 3328 997 est
3365 934 3459 996 nti-

1868 1046 2006 1099 tura,
2038 1051 2195 1106 quam
2229 1036 2389 1090 Deus.
2423 1035 2907 1089 Alcutuuaturam
2951 1050 3018 1088 ex
3056 1035 3222 1088 nibilo
3270 1033 3459 1089 fecerit

1864 1130 2147 1197 Christus;
2177 1130 2448 1186 sitautem
2477 1144 2541 1183 ex
2576 1137 2765 1181 natura
2799 1138 3041 1195 tempus,
3077 1126 3317 1197 ineptum
3366 1141 3455 1182 sa-
3500 1180 3501 1183 η

1867 1226 1933 1281 tis
1961 1233 2063 1295 est,
2094 1239 2229 1294 opus
2281 1239 2379 1278 suo
2408 1237 2721 1293 prreponerc
2758 1221 2917 1293 166
2959 1220 3152 1275 artiﬁci
3201 1236 3215 1274 :
3248 1234 3311 1274 ac
3338 1219 3457 1289 (133)

1868 1334 1961 1386 per
1988 1317 2091 1371 hoc
2110 1316 2283 1370 Solum
2314 1315 2561 1381 interest,
2595 1314 2737 1382 quod
2766 1314 2864 1367 soli
2895 1328 2955 1367 se
2978 1313 3175 1366 sciunt.
3212 1311 3453 1381 Denique

1864 1409 2007 1478 apud
2036 1409 2311 1473 ls:tiam,ad
2337 1408 2531 1464 Filium
2560 1408 2637 1462 sic
2679 1407 2845 1462 dicit:
2888 1406 3139 1460 Dominus
3190 1404 3333 1460 Deus
3370 1422 3454 1459 sa-

1867 1507 2019 1559 baoth
2049 1522 2068 1558 :
2101 1504 2339 1574 Fatigato
2368 1502 2737 1573 cst/Egyptus,
2763 1511 2805 1555 et
2830 1511 3082 1553 mercatus
3103 1498 3413 1568 .Ethiogtum
3433 1514 3453 1552 :

1870 1596 1986 1667 (16)
2012 1612 2073 1649 ex
2104 1594 2240 1648 Saba
2262 1594 2356 1647 riri
2376 1593 2562 1649 excelsi
2590 1593 2655 1645 ad
2686 1603 2731 1645 te
2757 1592 3045 1645 transibunt
3072 1631 3087 1657 ,
3114 1598 3161 1643 et
3188 1590 3262 1643 ιιιὶ
3298 1598 3448 1643 erunt

1866 1689 2018 1752 servi,
2043 1697 2088 1739 et
2116 1696 2386 1753 sequentur
2417 1695 2463 1737 te
2494 1684 2691 1752 alligati
2714 1681 3062 1751 compedibus,
3089 1690 3137 1735 et
3163 1679 3457 1733 adorabunt

156 1783 248 1846 tis,
278 1781 521 1836 Domino
562 1782 677 1850 ipso
722 1780 962 1836 dicente:
1000 1781 1109 1852 Ego
1151 1794 1195 1836 et
1225 1781 1387 1836 Pater
1408 1799 1563 1835 unum
1591 1798 1761 1836 sumus
1795 1778 1838 1837 Β
1868 1792 1934 1845 te,
1959 1790 2005 1835 et
2033 1776 2147 1850 (17)
2175 1782 2227 1832 in
2256 1788 2302 1832 te.
2330 1778 2689 1848 precabantur,
2721 1775 2960 1845 quoniant
2998 1774 3052 1827 in
3073 1781 3120 1827 te
3173 1770 3313 1826 Deus
3359 1782 3454 1837 est,

156 1876 265 1947 (Io.
301 1890 356 1937 ι,
384 1875 527 1944 '50):
577 1875 717 1943 quod
769 1889 876 1929 non
928 1874 1109 1945 utique
1156 1875 1234 1930 sic
1278 1876 1371 1939 ait,
1406 1884 1462 1928 ut
1490 1866 1565 1928 iu
1596 1891 1758 1929 unum

157 1967 291 2022 duos
344 1964 654 2037 redigendo
685 1964 1043 2021 confunderet
1066 2008 1081 2034 ,
1108 1967 1201 2022 sed
1234 1957 1291 2022 ut
1338 1966 1567 2022 duorum
1598 1983 1755 2022 unam

229 2148 346 2219 (11)
380 2144 578 2219 Codex
600 2145 791 2215 Pomp.
830 2144 976 2219 addit
1012 2144 1124 2219 Dei.
1152 2144 1489 2219 Paulo‘post,
1518 2154 1764 2219 secretum

162 2221 225 2272 ad
241 2217 666 2289 generationem
698 2218 968 2287 praecipue
1001 2217 1164 2271 divini
1197 2217 1355 2271 Verbi
1391 2224 1622 2289 pertinet
1645 2258 1658 2278 ,
1692 2218 1758 2270 de

164 2288 265 2361 qua
292 2290 361 2344 ab
391 2289 624 2343 homine
646 2304 761 2361 non
781 2298 982 2343 temere
1013 2303 1133 2361 esse
1172 2288 1544 2357 inquirendum
1567 2299 1758 2342 auctor

165 2359 465 2431 Smpissime
488 2371 698 2414 monet.
727 2359 857 2414 Vide
903 2368 1055 2413 tract.
1080 2359 1134 2426 4,
1171 2363 1351 2431 atlnot.
1381 2362 1432 2413 5.
1754 2376 1757 2379 '

237 2430 353 2504 (ti)
384 2431 666 2486 Solemnis
694 2442 742 2482 et
776 2434 1029 2504 frequens
1070 2430 1217 2504 apud
1278 2432 1459 2484 Patres
1490 2432 1753 2485 sententia

169 2515 267 2567 est,
291 2501 558 2571 quidquid
582 2505 791 2556 dicatur
824 2501 893 2556 de
919 2503 1116 2565 l)co,itl
1144 2505 1307 2557 Deum
1331 2518 1457 2557 vere
1480 2518 1584 2556 non
1603 2516 1753 2558 eSSc:

169 2577 392 2628 homines
423 2576 585 2634 enim,
622 2584 678 2627 ut
698 2575 831 2627 snite
861 2575 1238 2629 animadvertit
1274 2573 1582 2642 Fulgentius
1612 2575 1661 2627 ιιι
1694 2575 1755 2628 li-

170 2646 262 2699 bro
293 2657 483 2701 contra
512 2661 679 2700 scrin.
711 2644 861 2699 Fast.
892 2661 940 2699 c.
1083 2646 1376 2699 carnalibus
1396 2644 1627 2699 sensibus
1667 2647 1757 2700 de-

172 2719 259 2771 tliti
306 2720 477 2789 etiam
520 2720 690 2789 ipsum
722 2716 887 2770 Deum
933 2734 1034 2770 non
1083 2728 1296 2789 possunt
1342 2718 1441 2770 nisi
1487 2717 1760 2770 carnaliter

170 2790 409 2859 cogitare.
447 2788 604 2842 Tales
626 2799 795 2841 autent
834 2790 955 2840 dum
985 2790 1034 2841 in
1063 2789 1169 2842 luto
1201 2790 1367 2842 cumis
1411 2790 1611 2841 animus
1653 2789 1760 2841 vol-

170 2873 307 2926 runt,
331 2863 520 2915 creatis
541 2861 981 2931 plmntasmatibus
1004 2870 1050 2912 et
1093 2862 1286 2929 gravati
1321 2863 1541 2927 pondere
1561 2861 1761 2912 vanita-

174 2932 251 2993 tis,
279 2944 474 3001 quanto
502 2933 665 3002 magis
692 2933 743 2984 in
779 2931 986 2984 illarum
1025 2948 1194 2984 rerum
1224 2933 1530 3002 cogitatione
1553 2946 1757 2991 versan-

172 3012 265 3067 tur,
308 3020 422 3071 qua:
447 3003 710 3074 corporeis
736 3004 897 3056 oculis
924 3018 1219 3074 corpoream
1262 3005 1494 3073 ingerunt
1532 3002 1714 3054 molem
1737 3044 1750 3065 ,

175 3081 304 3126 tanto
334 3076 509 3127 minus
535 3084 743 3141 possunt
771 3074 839 3126 ad
864 3073 1248 3142 intelligendam
1283 3074 1620 3127 conscendere
1644 3074 1752 3125 dei-

176 3154 337 3198 tatem.
368 3146 733 3212 Quamobrem
764 3144 959 3198 Marius
996 3145 1320 3209 Victorinus,
1353 3146 1387 3200 ι.
1421 3161 1467 3196 tv
1496 3144 1755 3197 adversus

174 3216 369 3279 Arium,
405 3218 665 3283 praeclare
694 3215 1000 3269 obServavit
1029 3256 1040 3276 ,
1072 3216 1210 3285 qttotl
1258 3231 1376 3269 cunt
1404 3215 1514 3269 Deo
1543 3216 1629 3267 illa
1671 3215 1749 3269 af-

176 3286 429 3341 ﬁrmando
458 3286 744 3340 tribuimus
768 3328 783 3350 ,
818 3298 935 3354 qna:
964 3288 1071 3339 Deo
1093 3289 1419 3340 Conveniunt
1448 3328 1461 3350 ,
1494 3298 1543 3337 ιιι
1597 3301 1706 3337 esse
1735 3329 1749 3351 ,

172 3357 354 3419 virere,
386 3368 443 3412 et
466 3358 773 3428 intelligere,
796 3373 917 3409 cum
945 3357 1119 3411 adltnc
1145 3376 1242 3410 non
1263 3374 1372 3411 esse
1403 3357 1605 3425 quidem
1628 3358 1749 3428 ista,

172 3442 283 3489 qua:
312 3432 537 3481 dicimus
560 3470 574 3492 ,
600 3427 737 3493 quod
763 3430 848 3481 ille
891 3446 1042 3495 super
1085 3430 1255 3481 omnia
1304 3429 1366 3480 sit
1390 3445 1409 3481 .'
1437 3438 1489 3482 et
1538 3427 1747 3481 subdit:

178 3497 337 3576 Quare
361 3510 409 3576 et
434 3504 785 3576 ἀνύπαρκτος,
822 3509 869 3576 et
897 3501 1163 3576 thymio-tog,
1197 3496 1448 3576 elatione,
1501 3509 1545 3576 cl
1586 3501 1752 3576 ἀζῲος

174 3569 275 3640 sine
298 3569 623 3634 exsistentia,
642 3573 750 3624 sine
776 3573 1076 3633 substantia,
1104 3573 1213 3623 sine
1243 3570 1578 3640 intelligentia
1598 3610 1613 3632 ,
1642 3572 1750 3622 sine

173 3639 267 3718 vita
286 3644 498 3718 dicitur,
528 3659 627 3694 non
658 3644 856 3718 quidem
896 3660 984 3712 per
1020 3644 1283 3718 ᾳτέρησιν,
1324 3642 1377 3718 ἐς
1412 3653 1483 3718 est
1530 3657 1751 3718 non_per

177 3713 540 3777 privationem,
590 3715 678 3765 sed
730 3729 820 3781 per
857 3710 1281 3780 supralationem.
1330 3710 1516 3765 Omnia
1564 3712 1696 3763 enim
1730 3754 1743 3775 ,

176 3798 281 3847 qua:
300 3800 440 3836 voces
473 3784 752 3844 nominant,
790 3796 902 3848 post
923 3786 1089 3851 ipsum
1120 3793 1236 3836 sunt
1253 3799 1270 3847 ;
1290 3784 1424 3835 unde
1449 3798 1538 3835 nec
1562 3783 1636 3844 ὀν,
1660 3782 1748 3834 sed

176 3855 328 3921 magis
356 3857 527 3929 πρὼν.
559 3853 823 3929 Qttatn_itt
852 3870 962 3929 rem
984 3854 1381 3929 Damasi-enus,
1415 3853 1503 3929 lat
1532 3894 1547 3915 ,
1589 3866 1639 3905 c.
1691 3854 1744 3929 tt,

177 3923 551 3990 congruentius
581 3939 699 3979 esse
728 3924 908 3977 decuit
930 3965 943 3986 ,
976 3925 1049 3976 ita
1093 3925 1156 3977 tle
1188 3923 1293 3976 Deo
1336 3924 1619 3993 praedicare
1649 3923 1748 3975 ali-

177 3997 328 4062 quid,
363 4008 415 4047 ut
448 3997 493 4048 ei
521 3996 691 4048 omnia
718 3996 1073 4058 detrahantur,
1099 3995 1284 4063 quippe
1306 3994 1435 4046 nihil
1456 4003 1529 4045 est
1551 4009 1746 4056 eorum,

178 4080 282 4129 qua:
300 4077 434 4125 sunt,
462 4068 617 4119 immo
637 4081 750 4117 vero
779 4081 938 4129 supra
958 4067 1124 4133 ipsum
1143 4081 1268 4118 esse.
1305 4064 1437 4117 Hinc
1478 4063 1747 4131 plerisque

180 4145 279 4187 ttnn
312 4136 579 4199 l’atribus,
610 4145 719 4190 tum
769 4134 1107 4203 l‘ltilosopltis
1140 4136 1334 4203 placuit
1365 4177 1379 4199 ,
1409 4146 1465 4187 ut
1500 4135 1588 4201 qui
1615 4135 1747 4187 deﬁ-

178 4207 284 4275 nire
312 4209 440 4261 velit
473 4209 666 4269 Deum,
712 4207 939 4275 negandi
989 4207 1163 4274 potius
1193 4249 1205 4268 ,
1243 4222 1400 4271 quam
1446 4206 1745 4259 allirtuandi

179 4273 408 4332 formulis
440 4287 667 4341 utatur;
710 4273 830 4331 nam
860 4319 873 4338 ,
927 4287 980 4330 ut
1024 4277 1211 4331 scribit
1261 4277 1591 4346 Augustinus
1625 4317 1637 4339 ,
1694 4278 1745 4329 in

181 4359 520 4470 ιιδίάιιιιιιινε
576 4349 807 4402 Facilius
852 4349 1070 4401 dicimus
1115 4349 1237 4418 quid
1284 4365 1385 4401 non
1424 4350 1535 4411 sit,
1592 4363 1744 4416 quam

181 4432 253 4470 aut
304 4429 383 4470 stt.
1139 4432 1143 4435 ‘

178 4429 287 4485 quid
304 4429 383 4472 stt.
1139 4432 1143 4435 ‘

242 4489 346 4555 H3)
378 4490 640 4545 Prteclara
666 4490 779 4545 lucc
802 4492 1062 4545 adversus
1081 4489 1532 4558 Patripassianos,
1557 4503 1651 4542 seu
1670 4488 1749 4557 (ut

178 4570 203 4609 a
245 4559 440 4615 Latinis
491 4572 672 4628 postea
702 4562 830 4616 dieti
862 4566 1007 4630 Sunt)
1061 4561 1395 4615 Sabellianos
1450 4560 1741 4626 confessio,

1869 1884 2042 1931 etnon
2063 1884 2134 1927 est
2160 1871 2301 1927 Deus
2328 1872 2464 1926 alius
2487 1880 2670 1940 praeter
2691 1880 2737 1923 te
2754 1868 2855 1941 (Is.
2888 1854 3251 1947 xcv,M).Sed
3266 1877 3319 1923 et
3338 1866 3471 1939 (18)·

1871 1967 2132 2024 Jeremias
2158 1966 2349 2021 eodem
2370 1965 2558 2035 spiritu
2588 1965 2821 2033 loquitur
2874 1964 3027 2035 167
3068 1961 3254 2018 dicens
3287 1979 3302 2017 :
3357 1959 3455 2015 Hic

1866 2144 2047 2200 lebant
2072 2145 2122 2198 in
2148 2153 2411 2212 tempore,
2447 2142 2813 2211 praedicabant
2839 2140 2984 2196 enim
3017 2139 3182 2195 fuisse
3213 2146 3449 2212 tempus,

1866 2217 2079 2285 quando
2104 2231 2208 2270 nou
2241 2210 2353 2270 iuit.
2379 2210 2631 2283 lnfnlcire
2653 2226 2829 2285 autem
2861 2227 2957 2280 pro
2978 2212 3215 2285 ingerere
3253 2210 3450 2285 accipi-

1868 2280 1954 2341 t'ur
1972 2288 2135 2342 etiam
2164 2302 2193 2340 a
2226 2280 2635 2353 Seneca-epist.
2673 2284 2795 2349 114,
2825 2294 2876 2339 cl
2911 2298 2942 2337 ει
2972 2280 3255 2346 Suetonio,
3291 2282 3341 2334 in
3364 2280 3451 2332 ‘I'i-

1865 2357 1998 2413 berii
2028 2359 2133 2412 vita
2154 2400 2169 2422 ,
2201 2374 2250 2413 c.
2275 2359 2365 2413 55.

1939 2429 2052 2499 (l5)
2072 2429 2170 2484 Ms.
2200 2427 2331 2484 Urb.
2359 2446 2446 2498 per
2474 2433 2625 2482 hanc.

1934 2501 2046 2571 (16)
2078 2503 2174 2556 MS.
2201 2501 2317 2555 T01.
2348 2510 2394 2555 et
2427 2501 2641 2555 Subant.
2813 2519 2817 2524 '
2869 2554 2897 2571 ’ἶ

1933 2566 2049 2644 (17)
2080 2572 2146 2644 In
2172 2572 2481 2642 praepositio
2507 2571 2759 2644 additaex
2785 2566 3445 2644 t‘QdiCiilliSTOi.,_Ptlnip..

1860 2638 2090 2712 utraque
2116 2642 2249 2699 Zen.
2279 2638 2327 2697 et
2353 2645 2483 2697 t-dit.
2512 2643 2645 2696 \‘en.
2680 2643 2749 2695 lta
2774 2642 2933 2694 etiam
2957 2638 3237 2712 aliiLtttini
3266 2638 3449 2712 Patres

1859 2709 2125 2784 legerunt,
2149 2714 2480 2779 Laetantins,
2511 2714 2610 2766 Liv
2635 2714 2802 2776 Insui.
2833 2727 2881 2766 c.
2906 2709 3336 2784 15;1lilat'itts,l.
3369 2724 3441 2773 ιν,

1861 2780 2145 2839 de'l‘rinit.
2183 2804 2238 2841 ιι.
2270 2785 2357 2849 58;
2391 2786 2736 2850 Ambrosius,
2772 2785 2806 2836 l.
2842 2798 2855 2836 t
2907 2783 2974 2835 de
3014 2780 3143 2835 Fide
3160 2796 3209 2834 c.
3241 2782 3296 2844 5;
3329 2796 3447 2849 qua:

1864 2856 2024 2911 lectio
2051 2873 2114 2910 ex
2144 2854 2285 2911 LXX
2326 2856 2700 2926 Interprt-tuut,
2732 2870 2761 2907 a
2788 2854 2985 2926 quibus
3007 2851 3198 2926 Latini
3213 2850 3449 2926 proin-cc-

1865 2938 2009 2993 runt,
2037 2928 2330 2994 scriptiOne
2357 2920 2612 2996 manavit.
2640 2929 2706 2981 At
2732 2920 3044 2978 aliintss.et
3072 2921 3293 2999 editam.
3319 2920 3443 2976 Ver.

1865 3008 1910 3052 te
1939 3001 2053 3053 sine
2082 3000 2134 3053 in
2154 2992 2423 3057 Set-ibunt,
2453 3001 2526 3051 ttti
2555 2999 2757 3052 Auctor
2801 3004 3056 3049 tractatus
3081 2992 3153 3047 ile
3183 2992 3322 3048 Fide-
3356 3009 3447 3045 or-

1866 3070 2119 3136 thodoxa,
2152 3086 2201 3125 c.
2225 3070 2277 3133 6,
2314 3085 2367 3140 p.
2396 3069 2500 3125 555
2528 3068 2851 3139 Appendicis
2881 3065 3166 3140 Ambrosii.
3198 3063 3311 3140 Non
3330 3063 3445 3116 exi-

1863 3157 1964 3209 gua
1987 3150 2164 3196 autem
2196 3144 2247 3194 in
2273 3136 2374 3196 hoc
2400 3136 2707 3196 testimonio
2742 3138 3141 3209 interpretando
3192 3136 3443 3209 varietas,

1867 3208 1924 3265 ut
1952 3212 2477 3267 CollatisAuctorunt
2533 3212 2669 3265 locis
2697 3210 2881 3263 videre
2926 3208 3081 3273 licet;
3128 3208 3218 3276 qtti
3271 3216 3445 3260 tauzeu

1864 3284 1914 3336 in
1951 3284 2049 3334 ltoc
2077 3284 2425 3344 conveniunt,
2452 3294 2508 3336 ut
2533 3285 2699 3336 hocce
2728 3281 3116 3343 tcsuntonium,
3140 3277 3361 3345 perinde
3386 3292 3446 3330 ac

1858 3369 1887 3406 a
1915 3352 2131 3408 Zenooe
2163 3366 2349 3407 nostro
2377 3356 2456 3417 lit,
2486 3355 2551 3406 ad
2581 3353 2854 3408 Christum
2882 3351 3138 3404 referant.
3160 3347 3292 3402 Vide
3326 3348 3449 3401 llic.

1858 3440 2162 3495 ronytnum,
2190 3426 2242 3479 in
2270 3424 2658 3479 commentario
2685 3424 2750 3475 ad
2777 3422 3142 3483 ltuuclotrum,
3164 3430 3267 3473 ctc.
3297 3418 3442 3473 Utri-

1854 3510 1959 3563 que
1988 3511 2114 3550 ntssr.
2147 3497 2274 3550 Zen.
2320 3496 2729 3563 pra’dicabnnlnr
2757 3510 2851 3563 pro
2878 3495 3238 3563 precabantur.

1927 3566 2044 3634 (18)
2077 3568 2131 3620 lu
2156 3567 2266 3621 edit
2298 3560 2423 3621 Ver.
2453 3565 2689 3620 Ieremia:
2731 3560 2848 3618 loco
2876 3560 3187 3632 Suppositus
3213 3560 3443 3634 Baruclt,

1854 3632 1976 3689 cum
2004 3632 2090 3691 ltic
2122 3641 2267 3692 locos
2297 3653 2423 3695 vere
2445 3654 2507 3690 ex
2542 3636 2744 3690 thl’ttcll
2776 3635 2913 3687 libro
2941 3645 3186 3702 sumptus
3235 3632 3325 3685 sit.
3370 3632 3436 3686 At

1851 3704 2125 3761 Jeremiam
2156 3725 2219 3762 ex
2250 3722 2377 3765 mss.
2403 3708 2653 3762 omnibus
2675 3718 2727 3760 et
2753 3706 2883 3760 edit.
2915 3702 3046 3758 Ven.
3074 3704 3440 3765 restituintus;

1851 3792 1970 3845 qua:
2000 3779 2262 3847 scriptura
2290 3781 2388 3832 etsi
2423 3778 2679 3831 vindicari
2712 3795 2815 3830 non
2851 3787 3069 3847 posset,
3091 3774 3439 3847 relinquenda

1853 3843 2197 3903 tiibiIOmiuus
2227 3850 2447 3903 essetin
2473 3857 2643 3912 textu,
2672 3858 2724 3901 et
2757 3850 2806 3899 in
2834 3843 3272 3899 adnotationibus
3296 3843 3439 3897 Auc-

1853 3919 1985 3973 toris
2010 3919 2190 3988 lapsus
2219 3920 2569 3989 detegendus.
2604 3919 2693 3971 Sic.
2724 3918 2943 3989 Busaaus
2972 3916 3030 3989 in,
3053 3914 3289 3989 editione
3336 3915 3436 3968 Pc-

1853 3991 1915 4060 t_ri
1950 3985 2216 4044 Blesettsis
2246 3985 2401 4059 epist.
2437 3990 2557 4060 141,
2595 3990 2761 4044 edidit
2811 3986 3138 4060 Zachariam.
3184 3985 3272 4060 qui
3335 4002 3431 4049 pro

1849 4056 2330 4124 Jeremiacitatnr,
2378 4070 2432 4115 et
2486 4056 2672 4113 Bittius
2695 4062 2745 4111 in
2773 4060 2981 4112 eden'do
3034 4056 3435 4117 Nanziauzeuo,

1850 4133 1938 4191 qui
1982 4131 2035 4185 iit
2072 4144 2211 4186 orat.
2246 4132 2310 4185 ad
2339 4132 2611 4186 lulianum
2670 4130 2996 4185 Solomonem
3040 4125 3294 4195 allegavit
3341 4142 3441 4195 pro

1848 4199 2000 4266 Juba,
2033 4218 2272 4258 errorem
2304 4202 2529 4265 notavit,
2561 4201 2653 4255 sed
2683 4212 2884 4255 textum
2911 4199 3169 4253 intactum
3196 4196 3430 4264 reliquit.

1853 4272 2051 4326 Eadem
2082 4275 2289 4328 ratione
2320 4288 2416 4329 nec
2468 4272 2819 4342 corrigendos
2870 4270 3047 4342 fuerat
3098 4269 3157 4342 in
3198 4267 3436 4342 editione

1852 4342 2088 4396 Romana
2115 4344 2356 4398 Cassiani
2384 4345 2533 4398 locus
2560 4338 2751 4398 Collat.
2789 4343 2842 4406 7,
2877 4357 2923 4395 c.
2959 4341 3046 4400 19..
3077 4339 3162 4394 ubi
3190 4338 3290 4391 Job
3319 4339 3439 4391 loco

1852 4414 2149 4468 Salomonis
2180 4415 2465 4479 laudatur;
2498 4430 2595 4469 nec
2647 4427 2840 4467 canon.
2892 4414 2957 4468 15
2982 4409 3194 4465 concilii
3243 4409 3433 4475 Hispa-

1853 4482 2034 4549 lensis,
2061 4486 2150 4540 ubi
2185 4486 2351 4540 Isaias
2381 4487 2431 4541 in
2465 4486 2692 4555 vulgatis
2738 4483 3135 4555 legitttr,rcum
3181 4490 3435 4555 ttrmtentc

1853 4556 2072 4610 Baluzio
2098 4559 2303 4627 antiqui
2357 4548 2581 4611 codices
2601 4548 3160 4627 Jeremiimitrabeam.
3212 4548 3436 4627 Correc-

178 4631 258 4703 qui
287 4647 439 4685 unam
464 4618 635 4687 P'atris
658 4648 942 4703 personant
969 4618 1168 4698 duplici
1200 4644 1403 4685 tantum
1454 4646 1583 4703 voce
1636 4618 1746 4700 dis;
1774 4623 1826 4682 D
1854 4627 2025 4703 tiones
2049 4627 2100 4681 id
2115 4618 2339 4703 generis
2365 4644 2544 4703 verant
2593 4628 2804 4703 quidem
2853 4621 3229 4703 allegationum
3273 4618 3425 4673 exhi-

182 4701 383 4756 tiuctatn
416 4696 976 4761 comminiscebantnr.
1013 4696 1271 4757 Catholici
1310 4711 1485 4756 autent
1533 4696 1740 4754 Patrem

180 4783 228 4821 et
256 4773 435 4827 Filium
466 4774 735 4841 duplicem
766 4790 1050 4841 personam
1078 4775 1276 4843 duplici
1313 4774 1620 4827 distinctam
1648 4791 1745 4824 no-
1784 4802 1792 4809 -

182 4843 310 4896 mitte
335 4846 672 4909 conlitentur.
708 4845 1017 4899 Vocabulum
1045 4862 1139 4913 pro
1162 4862 1343 4897 nomen
1387 4853 1609 4911 usurpat
1656 4860 1747 4896 ve-

183 4920 258 4966 tus
281 4928 457 4969 auctor
483 4924 737 4971 tractans
765 4917 830 4971 de
858 4916 990 4971 Fide
1032 4917 1355 4981 orthodoxa,
1406 4930 1458 4984 p.
1509 4913 1611 4967 546
1636 4917 1739 4982 Ap-

184 4986 401 5047 pendicis
427 4987 694 5041 Ambrosii
727 5029 742 5052 ,
772 4989 856 5045 ubi
888 4987 1387 5057 prtestantissimutn
1422 4987 1474 5044 in
1502 4984 1742 5038 eamdem

184 5067 291 5108 cum
349 5056 562 5111 Zenone
609 5061 931 5112 sententiam
982 5058 1341 5113 testimonium
1398 5058 1595 5117 ali'ert;
1648 5072 1747 5109 nec

186 5138 277 5197 non
306 5144 351 5178 ν.
383 5136 445 5188 b.
475 5146 527 5196 p.
558 5129 683 5183 552.
733 5129 938 5183 ltursus
987 5130 1040 5182 in
1087 5132 1301 5197 antiqua
1353 5127 1471 5180 ﬁdei
1517 5126 1748 5179 formula

185 5195 241 5265 ad
302 5195 731 5265 baptizandoruut
759 5200 1143 5253 institutionem
1193 5195 1413 5263 scripta,
1443 5212 1599 5264 quam
1632 5197 1745 5251 edi-

184 5262 253 5335 dit
276 5267 329 5320 P.
358 5262 607 5333 Elarteue,
634 5278 670 5322 t.
704 5286 742 5330 ι.
770 5270 845 5324 De
872 5270 1107 5335 antiquis
1148 5262 1354 5323 Eccles.
1384 5262 1473 5321 rit;
1504 5282 1553 5321 c.
1582 5269 1632 5331 1,
1688 5283 1739 5321 a.

188 5333 265 5408 12,
291 5354 338 5405 p.
372 5341 469 5396 163
500 5359 513 5393 :
548 5340 787 5407 Exceptis
816 5333 1073 5392 vocabulis
1122 5356 1233 5405 qua:
1276 5339 1638 5408 proprietatem
1662 5338 1742 5391 in-

188 5405 338 5479 dicant
362 5405 737 5478 personarum,
789 5408 1033 5479 quidquid
1071 5411 1132 5465 de
1160 5428 1259 5463 una
1277 5405 1506 5479 persona
1525 5409 1733 5474 dicitur,

187 5476 240 5526 de
254 5476 401 5549 tribu}
425 5480 719 5549 dignissime
742 5476 897 5541 potest
922 5476 1160 5549 intelligi.

246 5544 346 5618 (tl)
376 5540 448 5602 Ita
471 5540 873 5603 eruendavimns
899 5565 964 5603 ex
989 5540 1115 5604 Mss:
1150 5551 1364 5618 Pomp.,
1398 5548 1517 5602 Vat.
1546 5557 1601 5603 et
1628 5548 1733 5602 du-

236 5617 291 5668 it-i
315 5616 457 5686 Zeti”
499 5634 621 5673 cuin
655 5618 742 5671 alii
763 5620 1015 5681 scribant,
1050 5616 1301 5688 infnlciat;
1334 5621 1524 5676 Sermo
1550 5631 1728 5674 autem

220 5702 273 5759 oc
292 5687 399 5742 toea
425 5702 507 5744 est
532 5689 599 5742 ad
622 5692 856 5759 Arianos
878 5692 1079 5759 (optimi
1106 5687 1389 5744 Christiani
1412 5691 1613 5744 irooice
1634 5707 1725 5751 np-

186 5756 440 5829 pellautttr)
462 5760 557 5830 qui
578 5758 820 5814 divinum
846 5756 1081 5817 Verbum
1120 5776 1147 5816 a
1181 5760 1338 5818 Patre
1362 5759 1599 5831 genitum
1634 5776 1726 5816 vo-

1856 4698 1999 4767 bent,
2033 4698 2267 4767 sed’qtta‘
2295 4714 2400 4752 non
2423 4714 2486 4753 ex
2518 4698 2819 4767 Attclort‘un
2853 4705 3036 4767 tuente
3086 4698 3211 4767 sunt
3235 4730 3275 4767 τ’
3298 4705 3434 4758 quos

1855 4766 2110 4831 memoria
2155 4760 2333 4836 lapsos
2362 4770 2541 4837 liquet.
2581 4767 2780 4837 Eodem
2812 4766 2959 4837 lapsu
2990 4764 3188 4837 Marius
3233 4760 3433 4837 Merca-

1856 4851 1958 4903 tor,
1986 4855 2104 4909 pag.
2131 4833 2353 4895 28'edit.
2382 4833 2600 4909 B'alttzii,
2629 4835 2879 4909 Joannem
2908 4833 3302 4909 Evangelistatn
3354 4834 3432 4883 ci-

1857 4906 2000 4963 tavit
2019 4906 2114 4977 pro
2147 4910 2313 4963 Paulo
2338 4950 2354 4973 ,
2382 4920 2435 4962 et
2462 4908 2752 4976 Gregorius
2781 4906 2831 4977 in
2869 4914 3010 4960 orat.
3042 4907 3432 4977 depanperum

1856 4973 2051 5035 Amore
2079 4981 2349 5033 Micharam
2380 4994 2475 5047 pro
2500 4973 2671 5041 Amos,
2701 4984 2755 5030 et
2774 4974 2927 5029 Amos
2960 4990 3055 5047 pro
3080 4973 3295 5047 Michrea
3325 4988 3424 5025 Ito-

1855 5053 2094 5103 ntinavit.
2119 5050 2271 5117 Quod
2302 5054 2346 5103 si
2369 5043 2433 5102 ex
2460 5048 2619 5102 dictis
2671 5049 2928 5121 hactenus
2971 5045 3216 5121 Zeuonis-
3259 5043 3428 5121 lucus,

1852 5123 2061 5175 etiamsi
2102 5122 2390 5175 maximum
2425 5134 2664 5172 errorem
2705 5118 3005 5172 contineret
3033 5157 3048 5179 ,
3079 5117 3433 5180 corrigendos
3461 5163 3466 5169 .

1850 5193 1918 5246 ab
1944 5192 2237 5245 editoribus
2268 5206 2371 5243 non
2403 5189 2572 5245 fuerat
2597 5207 2611 5254 ;
2636 5193 2802 5243 multo
2833 5189 3007 5241 minus
3038 5190 3227 5237 borum
3260 5183 3430 5237 licen-

1850 5261 1922 5315 tia
1954 5260 2264 5329 probabitur
2304 5261 2357 5315 iu
2386 5264 2729 5327 allegatiOnc,
2763 5275 2883 5328 qua:
2932 5255 3145 5329 dt-l'endi
3175 5265 3231 5309 et
3261 5255 3431 5329 vindi-

1846 5326 1962 5386 cari
1981 5332 2111 5386 satis
2137 5332 2378 5386 honestis
2401 5326 2697 5387 rationibus
2751 5326 2942 5398 potest.
2978 5326 3131 5398 Apud
3178 5327 3431 5398 antiquos

1844 5406 1985 5459 enim
2016 5405 2199 5459 Patres
2227 5405 2562 5457 coasuetudo
2591 5403 2703 5456 haec
2737 5396 2977 5464 inolevit,
3006 5408 3061 5452 ttt
3083 5396 3313 5459 Baruclt,
3338 5400 3427 5466 qui

1839 5475 2086 5531 Jeretnia:
2113 5473 2604 5543 atnattuensis_l'uit,
2638 5483 2691 5526 ut
2723 5471 2963 5545 innititur
2991 5486 3040 5523 c.
3077 5485 3259 5545 xxxvi,
3286 5485 3335 5519 v.
3367 5468 3430 5545 4,

1839 5559 1888 5599 et
1919 5561 2039 5613 cap.
2071 5563 2190 5611 ην,
2225 5563 2275 5600 v.
2315 5547 2365 5611 1,
2402 5542 2496 5612 pro
2544 5545 2775 5599 Jeremia
2804 5544 3131 5609 accipereut,
3179 5542 3314 5593 adeo
3371 5542 3427 5613 ut

1835 5610 2245 5672 illius-libellum
2274 5610 2539 5685 tamquam
2562 5615 2760 5669 librarii
2792 5630 2925 5685 opus
2947 5617 3205 5682 magistro
3222 5610 3423 5685 adscri-

1832 5689 2065 5744 bendum
2100 5698 2368 5756 putarent.
2398 5681 2534 5752 Quid
2564 5687 2705 5756 fitted
2725 5681 2936 5739 Baruch
2960 5681 3095 5752 opus
3108 5681 3423 5756 ‘cuurlere-

1830 5760 1951 5817 mia:
1978 5751 2116 5817 libro
2143 5774 2211 5815 ex
2241 5751 2476 5817 editione
2518 5754 2661 5814 LXX
2718 5751 3072 5825 Interpretum
3109 5751 3413 5822 capulatur,
