3818 6220
216 251 312 306 417

220 475 314 511 non
360 470 496 514 :otus
522 460 712 513 matris
734 502 750 525 ,
780 459 880 514 sibi
909 458 1134 525 debens,
1181 459 1324 529 quod
1354 468 1650 529 conreptus
1673 470 1786 522 est,

218 551 411 606 donans
441 553 636 619 matri,
671 552 813 623 quod
848 564 1030 615 natus,
1064 568 1183 621 qua:
1216 551 1587 620 principaliter
1609 560 1789 622 stupet

219 644 364 698 talem
394 645 492 700 sibi
542 644 737 699 Filium
782 642 1097 714 provenisse
1118 685 1133 711 ,
1165 645 1255 714 qui
1294 659 1358 698 ex
1407 659 1466 698 se
1499 652 1655 697 natus
1683 658 1789 695 non

218 735 516 793 crederetur
542 780 555 800 ,
600 738 703 793 nisi
737 739 810 807 (7)
841 736 967 808 quia
994 738 1133 792 sicut
1162 736 1259 791 fuit
1292 738 1439 808 virgo
1481 738 1790 806 incorrupta

221 839 330 899 post
347 842 689 899 conceptum,
716 840 995 900 permanet
1018 831 1139 884 talis
1164 845 1377 901 quoque
1408 840 1525 904 p0st
1557 840 1786 898 partum.

282 920 343 976 ll.
370 916 412 978 Ο
454 939 587 977 nova
618 923 754 977 ratio
787 904 815 997 ε’
838 926 1034 978 Amore
1066 922 1316 992 imaginis
1338 939 1449 978 sua:
1476 932 1694 978 coactus
1736 922 1789 974 in

223 1015 484 1081 infantem,
517 1016 661 1086 vagit
689 1017 832 1071 Deus
866 1033 878 1068 :
917 1015 1219 1086 patiturque
1248 1032 1308 1070 sc
1344 1016 1536 1084 pannis
1562 1014 1790 1084 alligari,

198 1104 300 1176 'qui
327 1106 483 1161 torius
515 1106 596 1177 (8)
626 1107 773 1161 orbis
801 1107 980 1162 debita
1014 1118 1233 1163 venerat
1261 1108 1554 1173 soluturus.
1601 1107 1657 1162 In
1686 1118 1795 1162 sta-

224 1200 321 1253 buli
353 1201 590 1270 prmSepe
623 1200 935 1270 deponitur,
968 1202 1286 1272 populorum
1320 1212 1590 1272 pastorem
1624 1200 1793 1270 pabu-

223 1292 426 1363 lumque
468 1308 526 1348 se
561 1308 684 1349 esse
712 1292 792 1365 (9)
819 1304 1149 1350 contestans.
1182 1295 1409 1363 Subjicit
1455 1310 1513 1349 se
1540 1294 1795 1365 gradibus

223 1389 381 1443 mtatis
405 1429 420 1451 ,
471 1387 627 1457 cujus
677 1394 954 1443 :etemitas
976 1386 1029 1442 in
1060 1403 1120 1443 se
1166 1403 1270 1441 non
1296 1387 1530 1442 admittit
1558 1396 1792 1457 aetatem.

225 1481 531 1553 (lO)Totum
558 1490 745 1537 contra
766 1480 1153 1537 conscientiam
1177 1495 1354 1545 suam,
1382 1489 1439 1533 ut
1457 1479 1619 1533 homo
1650 1479 1797 1532 intir—

224 1591 330 1627 lllllS
353 1558 567 1642 patitur,
598 1582 655 1628 ut
683 1573 887 1627 homini
929 1574 1116 1626 mortis
1147 1572 1262 1641 lege
1282 1580 1603 1641 consumpto
1640 1569 1798 1643 174

225 1648 578 1719 immortalitas
611 1664 895 1720 tribuatur.
920 1665 1041 1719 lltec
1070 1664 1313 1719 esteniui
1347 1672 1584 1733 potestas
1605 1664 1718 1728 Dei,
1740 1672 1800 1716 ut

1376 251 1581 308 LIBER
1641 251 1701 306 ll.
1746 251 2161 311 TRACTATUS
2203 255 2271 310 Χ.

217 364 411 428 ilolnrc,
444 363 535 419 sed
574 364 773 435 gaudio
804 381 817 419 :
848 364 1088 419 nascitur
1119 364 1238 419 sine
1287 374 1441 434 patre
1493 365 1681 427 Filius,
1709 364 1788 439 (ϐ)
1816 375 1875 451 Α.

3373 266 3474 321 418

2425 367 2835 429 ἹἸῖΛΟΤΑῚῊΒ
2876 373 2938 429 Χ.

2392 502 2470 557 De
2498 505 2575 577 (1)
2605 504 2870 562 Abraham
2893 508 2927 563 Ι.

1962 637 2003 691 1.
2055 636 2351 704 Abraham,
2412 637 2605 696 fratres
2652 641 3022 711 dilectissimi,
3078 645 3237 716 quale
3286 646 3502 702 divinae.

1894 731 2108 800 pietatis
2140 749 2338 787 munus
2368 735 2656 805 acceperit,
2688 750 2913 795 vetusut:
2945 740 3080 811 legis
3102 750 3252 811 gesta
3278 750 3481 797 testan-

1892 835 2001 881 tur.
2062 824 2195 880 Sara
2247 842 2380 881 uxor
2424 827 2541 897 ejus
2593 844 2696 884 non
2750 831 2991 898 inferior,
3026 832 3106 904 (9)
3142 833 3312 905 iOnga:
3360 834 3483 898 vitae

1896 920 2180 975 transactis
2221 921 2491 987 cursibus,
2542 922 2754 993 qualem
2802 925 2967 979 lilium
3012 925 3261 990 ediderit,
3301 938 3484 996 partus

1895 1015 2153 1071 effusione
2201 1006 2462 1085 percepit.
2491 1015 2595 1071 Sed
2626 1017 2749 1087 quia
2777 1019 3018 1089 utrisque
3047 1030 3179 1075 artas
3207 1020 3486 1076 ademerat

1895 1125 2046 1180 spem
2069 1110 2296 1174 sobolis,
2323 1111 2513 1180 pignus
2533 1107 2613 1182 (5)
2640 1110 3015 1167 succidaneum
3038 1125 3368 1170 meruerunt.
3393 1115 3485 1170 Sic

1899 1203 2093 1257 meruit
2107 1201 2262 1274 fides,
2284 1202 2425 1273 quod
2441 1202 2715 1257 ademerat
2736 1204 2890 1276 175
2910 1214 3113 1275 tempus
3133 1224 3145 1259 :
3167 1207 3395 1262 extorsit
3409 1206 3485 1279 (4)

1895 1295 2219 1361 credulitas,
2264 1295 2406 1365 quod
2441 1303 2629 1350 natura
2670 1290 3049 1367 denegaverat.
3087 1299 3355 1356 Abraham
3386 1302 3485 1357 Pa-

1900 1388 2133 1442 triareha
2174 1396 2359 1442 noster
2408 1386 2487 1459 (5)
2530 1388 2840 1458 exploratus
2880 1405 2909 1441 a
2950 1389 3081 1456 Deo,
3127 1390 3179 1444 in
3211 1401 3485 1448 senectute

1898 1482 2137 1550 suscepit
2162 1482 2382 1536 unicum
2406 1481 2757 1549 filiumynihil
2794 1492 2969 1536 tamen
2997 1482 3286 1537 sollicitum
3317 1485 3485 1556 patri;

1899 1572 2055 1642 cujus
2096 1582 2227 1629 aetas
2273 1574 2324 1628 in
2370 1565 2528 1630 annis
2561 1574 2638 1645 (6)
2680 1575 3108 1646 vergentibusin
3144 1592 3368 1647 occasus
3405 1580 3486 1634 sui

1903 1658 2197 1722 terminum
2224 1668 2559 1734 versabatur,
2592 1678 2646 1722 et
2687 1664 3032 1725 educationis,
3056 1679 3267 1739 tempus
3295 1685 3489 1742 angus-

223 1762 380 1825 salvo,
407 1762 546 1830 quod
574 1770 681 1825 est,
713 1760 883 1829 possit
918 1774 1060 1823 esse,
1093 1759 1232 1828 quod
1282 1758 1391 1812 non
1430 1767 1533 1813 est.
1578 1756 1675 1811 llic
1716 1766 1798 1811 est
1829 1766 1872 1825 Β
1903 1771 2034 1823 ιυιη,
2084 1771 2139 1816 et
2176 1761 2442 1817 senectuti
2481 1764 2656 1817 exitus
2697 1761 2809 1832 jam
2855 1763 3083 1818 vicinus.
3133 1763 3271 1820 Ecce
3301 1766 3486 1835 .prima

226 1855 351 1909 Deus
396 1841 580 1912 noster
627 1856 813 1925 a~terni
863 1854 958 1909 Dei
1003 1837 1305 1909 coreternus
1356 1852 1546 1907 Filius.
1600 1852 1697 1907 Hic
1742 1861 1796 1906 et

225 1949 370 2005 homo
391 1958 445 2005 et
469 1945 631 2015 Deus,
654 1949 775 2020 quia
810 1949 950 2003 inter
975 1949 1189 2004 Patrem
1212 1947 1564 2017 hominesque
1590 1946 1796 2001 adstitit

224 2044 435 2108 medius,
458 2044 692 2113 probans
723 2041 1124 2104 inﬁrmitatibus
1154 2055 1400 2106 carnem,
1431 2049 1484 2093 et
1508 2038 1794 2093 virtutibus

223 2136 562 2206 maiestatem.
596 2134 693 2189 Hic
714 2135 797 2189 sol
817 2145 1030 2197 n0ster,'
1046 2133 1124 2188 sol
1148 2147 1327 2197 verus,
1352 2132 1441 2201 qui
1467 2131 1795 2187 clarissimos

224 2229 359 2300 ignes
386 2228 568 2283 mundi
595 2239 882 2298 germanos
907 2225 1173 2281 astrorum
1212 2226 1667 2294 candentiumque
1695 2238 1793 2293 po-

223 2321 383 2375 lorum
433 2321 696 2376 claritatis
733 2336 843 2374 suzc
890 2319 957 2373 de
1005 2318 1338 2389 plenitudine
1380 2316 1645 2372 accendit.
1698 2314 1797 2369 Hic

221 2417 301 2487 qui
347 2418 504 2472 semel
552 2415 769 2480 occidit,
799 2423 854 2469 et
894 2425 1044 2469 ortus
1089 2422 1170 2467 est
1208 2427 1448 2478 rursum,
1501 2425 1793 2479 numquam

223 2507 530 2576 repetiturus
572 2520 844 2561 occasum.
879 2504 995 2583 llic,
1043 2505 1280 2574 inquam,
1324 2518 1482 2572 quem
1506 2501 1797 2557 duodecim

226 2585 504 2669 mdiorum,
535 2604 589 2659 id
613 2612 697 2657 est
732 2600 1113 2671 ApOstolorum
1141 2599 1448 2661 duodecim,
1477 2614 1676 2653 corona
1698 2598 1802 2653 cir-

226 2695 447 2762 cumdat,
497 2710 658 2766 quem
692 2710 787 2763 per
826 2693 1083 2747 ambitum
1131 2692 1295 2747 totius
1326 2691 1470 2747 orbis
1510 2707 1615 2747 non
1657 2700 1800 2744 muta

228 2797 441 2856 quatuor
494 2786 779 2853 animalia,
836 2785 930 2839 sed
990 2784 1277 2838 salutiferis
1335 2783 1803 2852 pra‘dicationibus

228 2889 441 2949 quatuor
492 2879 884 2936 circumferunt
933 2878 1245 2949 Evangelia.
1291 2877 1457 2948 Cujus
1487 2893 1643 2947 quam
1697 2877 1800 2930 vim

231 2974 408 3029 habeat
435 2976 665 3029 amictus
690 2984 745 3030 et
770 2990 983 3041 currus,
1014 2972 1096 3029 his
1128 2973 1305 3027 verbis
1337 2974 1598 3043 propheta
1634 2982 1799 3027 testa-

231 3075 341 3121 tur:
375 3066 534 3136 Dens,
567 3074 699 3123 sicut
733 3068 869 3142 ignis
897 3068 1078 3139 ueniet,
1124 3076 1170 3120 et
1206 3067 1335 3121 sicut
1372 3066 1595 3137 procella
1624 3082 1803 3120 currus

231 3160 349 3230 ejus,
378 3161 655 3216 retribuere
681 3161 736 3215 in
755 3161 836 3215 ira
863 3159 1137 3215 vindictam
1171 3158 1216 3228 (Ι
1234 3160 1306 3229 Ι).

298 3463 375 3535 (6)
412 3462 533 3517 Non
564 3472 722 3516 totum
753 3460 931 3535 matris
959 3459 1197 3514 al'tirmat
1222 3456 1520 3517 Christum,
1548 3465 1603 3511 ut
1634 3456 1801 3535 signi.

233 3530 510 3591 hcet—enm
557 3534 755 3589 virtute
811 3532 988 3586 divina
1035 3542 1401 3598 conceptum:
1450 3543 1551 3594 qua
1596 3530 1803 3581 ratione

235 3608 383 3660 etiam
434 3606 689 3671 Hilarius,
747 3604 837 3657 lib.
886 3619 939 3657 ιχ
969 3601 1060 3676 de
1082 3601 1233 3656 Trin.
1273 3616 1430 3676 gnum.
1464 3600 1804 3676 7,,emndi-ni

232 3676 486 3731 Christum
533 3692 598 3730 ex
644 3670 697 3729 se
734 3686 908 3727 natum
952 3670 1123 3739 diiit,
1196 3672 1394 3740 quippe
1437 3673 1524 3738 qui
1565 3670 1621 3722 id
1669 3670 1804 3736 quod

233 3750 445 3803 alienum
482 3766 513 3801 a
552 3763 606 3800 se
633 3756 772 3805 erat,
806 3747 853 3798 vi
882 3762 971 3799 sua
994 3760 1053 3796 ac
1096 3752 1342 3812 potestate
1370 3741 1714 3812 prwsnnepsit,
1748 3751 1807 3795 ut

234 3821 398 3887 placet
419 3833 691 3888 exponere
713 3832 778 3871 ex
808 3817 941 3888 libro
962 3811 1200 3888 ejusdem
1229 3830 1285 3874 ιι,
1317 3829 1463 3866 num.
1493 3811 1585 3888 g6,
1619 3813 1667 3864 iu
1698 3828 1805 3881 quo

233 3884 321 3943 etsi
348 3895 410 3944 de
437 3884 644 3953 spiritu
670 3888 856 3941 saneto
887 3887 937 3939 in
983 3886 1199 3939 Mariam
1230 3884 1645 3951 superveniente
1689 3898 1805 3953 ser-

192 3999 196 4003 «
235 3976 435 4015 monem
464 3952 646 4021 faciat,
678 3958 868 4011 similia
900 3966 1078 4011 tamen
1121 3955 1403 4025 perspicue
1433 3953 1591 4008 tradit
1618 3953 1685 4008 de
1716 3952 1806 4007 Fi-

235 4030 302 4085 lio
329 4032 417 4086 lib.
453 4048 504 4095 κ,
535 4044 686 4084 num.
724 4029 809 4082 15.

302 4105 354 4169 (7
364 4117 380 4171 )
412 4101 531 4155 Nisi
561 4101 679 4168 quia
709 4097 1028 4168 Sparax-crio
1057 4112 1160 4151 non
1190 4097 1385 4171 placet,
1424 4110 1522 4165 pro
1552 4110 1811 4167 quosup—

238 4169 427 4236 ponere
470 4172 662 4227 mallet
690 4185 838 4227 cum.
886 4182 933 4225 et
977 4169 1310 4240 permanserit
1353 4183 1445 4236 pro
1476 4177 1809 4235 permaneret.

240 4244 362 4308 Quia
390 4246 543 4299 deest
574 4243 625 4296 in
658 4256 786 4294 mss.
822 4238 1034 4309 Pomp.,
1062 4239 1208 4301 Tol..
1242 4238 1398 4304 Zen.;
1422 4248 1809 4309 permanetau-

239 4326 335 4369 tem
366 4333 458 4384 pro
488 4320 809 4381 permaneret
837 4308 1146 4384 scripsimus
1174 4326 1240 4364 ex
1268 4325 1368 4364 ms.
1397 4308 1513 4362 Vat.
1546 4324 1665 4363 cum
1695 4308 1808 4361 hare

239 4382 386 4440 lectio
414 4384 753 4441 cununodior
780 4382 1036 4436 videatur.

308 4455 383 4527 (8)
405 4457 585 4518 Urbis,
610 4454 749 4527 quod
775 4468 968 4527 nomen
991 4453 1057 4527 a_b
1074 4450 1344 4527 edit.Ven.
1372 4458 1424 4504 et
1449 4447 1805 4527 Verqaberat,

1898 1853 2135 1916 devotio.
2182 1853 2412 1909 libenter
2463 1854 2747 1925 excipere,
2797 1854 2939 1925 quod
2971 1855 3087 1910 fero
3139 1855 3319 1923 datur,
3348 1866 3404 1912 et
3432 1857 3484 1913 iu

1900 1944 2205 1999 tristissima
2269 1954 2548 2001 senectute
2601 1956 2851 2015 suscepta
2910 1947 3289 2003 sollicitudinis
3343 1949 3487 2005 mole

1897 2036 2154 2107 gaudere,
2188 2052 2311 2091 nam
2338 2046 2394 2093 et
2421 2038 2540 2092 risit
2568 2038 2701 2093 Sara
2728 2054 2922 2093 munus
2942 2039 3239 2108 juventutis
3267 2040 3488 2098 subiens

1899 2135 1951 2187 in
1988 2143 2236 2198 senecta;
2269 2133 2408 2188 unde
2442 2130 2520 2206 (7)
2551 2149 2744 2189 nomen
2774 2135 2984 2205 accepit
3009 2135 3207 2200 infans,
3244 2138 3334 2209 qui
3366 2146 3489 2208 post

1899 2223 2015 2279 lucc
2044 2224 2314 2278 Abraham
2356 2234 2621 2279 sacratam
2658 2226 2767 2281 Deo
2796 2226 3061 2295 approbat
3081 2236 3335 2283 mentem.

1954 2317 2033 2372 .ll.
2062 2316 2264 2373 Unicus
2292 2318 2381 2372 ille
2408 2318 2545 2371 filius
2572 2317 2787 2374 solliciti
2810 2320 2977 2385 senis,
3006 2319 3182 2377 adhuc
3210 2322 3486 2391 parvulus,

1900 2409 1986 2464 cui
2017 2412 2188 2480 pietas
2216 2419 2271 2465 et
2311 2411 2585 2469 miseratio
2615 2412 2789 2481 major
2809 2412 3055 2480 debetur,
3093 2415 3399 2484 postulatur,
3420 2416 3488 2471 ad

1901 2504 2207 2570 victimam;
2241 2506 2325 2558 cui
2357 2505 2404 2558 si
2435 2505 2512 2575 (8)
2551 2521 2646 2575 per
2680 2506 2973 2581 humanam
3020 2507 3360 2581 fragilitatem
3390 2511 3488 2566 ali-

1902 2612 2007 2666 qua
2034 2598 2084 2651 in
2116 2602 2344 2668 cOrpore
2394 2598 2676 2654 infirmitas
2718 2611 3053 2670 nasceretur,
3094 2612 3186 2658 aut
3220 2603 3488 2661 humanus

1904 2691 2078 2744 exitus
2114 2692 2468 2762 contingeret,
2501 2693 2588 2747 vix
2631 2691 2685 2747 iu
2726 2693 3079 2770 ejus_casibus
3125 2707 3280 2767 pater
3307 2699 3489 2756 vivere

1906 2772 2187 2853 potuisset,
2219 2785 2263 2836 si
2305 2785 2459 2838 annis
2491 2786 2690 2840 teneris
2721 2798 3039 2842 moreretur.
3074 2787 3171 2844 Hic
3210 2789 3374 2861 igitur
3408 2791 3492 2847 in-

1905 2876 2043 2937 fans,
2067 2872 2145 2946 (9)
2194 2889 2225 2929 e
2255 2875 2406 2945 cujus
2438 2876 2541 2929 vita
2588 2885 2840 2945 paternus
2865 2877 3088 2935 allectus
3119 2888 3174 2935 et
3217 2892 3491 2937 maternus

1908 2966 2194 3035 pendebat,
2227 2965 2293 3020 ad
2332 2966 2756 3036 explorationem
2810 2968 2931 3024 fidei
2974 2986 3086 3025 sua:
3135 2970 3314 3028 divina
3359 2989 3493 3030 voce
3540 2956 3549 2961 ’

1911 3061 2209 3130 postulatur
2249 3060 2315 3115 ad
2344 3061 2638 3114 victimam.
2672 3059 2829 3129 Volo,
2860 3060 2998 3117 dixit
3022 3062 3184 3130 Deus,
3216 3065 3345 3121 mibi
3375 3065 3491 3120 ﬁeri

1834 3153 1881 3216 Ο
1912 3152 2256 3231 sacriﬁcium.
2314 3153 2604 3220 Abraham,
2660 3157 2763 3211 tuis
2807 3157 3050 3213 manibus
3095 3158 3149 3213 in
3198 3167 3382 3245 monte
3424 3159 3493 3215 de

1912 3246 2023 3299 tilio
2055 3254 2144 3300 tuo
2174 3263 2186 3298 ε
2219 3245 2334 3301 haec
2355 3246 2483 3301 mihi
2513 3247 2725 3302 victima
2759 3248 2952 3317 placet,
2986 3249 3090 3305 hoc
3119 3264 3207 3306 me
3233 3252 3494 3323 sanguine

1905 3338 2228 3409 deplacabis,
2256 3341 2357 3395 iste
2386 3340 2521 3403 meis
2564 3334 2730 3397 sacris
2760 3340 2987 3399 debetur
3028 3362 3042 3398 :
3076 3342 3190 3416 (l0)
3221 3343 3365 3402 hunc
3390 3345 3495 3401 illl-

1913 3458 2079 3531 lilinm
2113 3456 2430 3531 peperisset,
2469 3457 2669 3531 dixisse
2698 3458 2924 3531 traditur
2953 3476 2966 3512 :
2994 3458 3181 3531 Risum
3211 3462 3331 3531 fecit
3366 3463 3492 3523 mihi

1911 3526 2070 3590 Dens,
2110 3537 2213 3581 etc.
2259 3527 2433 3581 Prima
2476 3528 2676 3583 Veneta
2717 3530 2884 3583 editio
2928 3530 3097 3584 solum
3133 3535 3183 3586 in
3211 3526 3431 3588 duobus
3460 3550 3490 3589 a

1913 3601 2123 3671 ca’teris
2152 3599 2324 3671 variat
2345 3640 2356 3658 .
2392 3599 2563 3668 primo
2605 3601 2745 3668 quod
2772 3601 2933 3655 ederit
2965 3617 3059 3671 pro
3086 3603 3337 3669 ediderit;
3363 3602 3488 3661 dein

1913 3670 2054 3740 quod
2102 3668 2381 3737 perciperet
2408 3686 2501 3738 pro
2524 3671 2743 3738 percepit
2769 3668 2977 3725 scribit.

1986 3740 2064 3811 (5)
2106 3740 2318 3809 Optime
2358 3741 2707 3809 Sparaverius
2759 3744 2962 3796 monuit
2989 3744 3345 3799 succidaneum
3385 3744 3493 3809 dici

1916 3810 2117 3883 filium.
2147 3811 2235 3880 qui
2284 3812 2335 3863 in
2380 3811 2557 3883 locum
2600 3812 2716 3881 ejus
2762 3812 3096 3877 succederet,
3140 3831 3297 3883 quem
3363 3817 3491 3871 olim

1914 3882 2145 3957 Abra_li_:e
2175 3882 2482 3957 :etas,_dum
2514 3881 2711 3957 florens
2741 3893 2881 3957 erat,
2898 3900 3002 3939 non
3022 3881 3245 3957 dederat
3270 3905 3282 3942 :
3304 3903 3493 3957 quem-

1912 3952 2528 4027 admodumsnccidanew
2542 3954 2734 4027 (hostire
2747 3956 3081 4027 dicebautur,
3113 3956 3285 4012 Gellio
3323 3952 3461 4016 teste
3474 4002 3491 4027 ,

1914 4023 2007 4077 lib.
2042 4039 2127 4095 tv,
2166 4039 2283 4091 cap.
2314 4023 2368 4087 6,
2398 4026 2635 4087 quoniam
2662 4027 2707 4078 si
2742 4027 2919 4095 primis
2949 4025 3129 4080 hostiis
3164 4030 3367 4083 litatum
3393 4023 3495 4085 non

1915 4104 2044 4154 erat.
2076 4094 2193 4148 alia;
2224 4104 2335 4161 post
2358 4100 2558 4149 easdem
2582 4094 2750 4149 ductis
2779 4098 2957 4150 hostire
2984 4098 3494 4161 cwdcbantur.7Con-

1919 4166 2042 4218 ferri
2094 4173 2269 4236 potest
2308 4169 2471 4220 etiam
2518 4165 2728 4219 Festus.
2777 4162 3128 4236 Paulo'post,
3180 4186 3280 4225 ms.
3337 4173 3490 4228 Item.

1918 4236 2045 4305 legit
2079 4256 2092 4291 :
2127 4234 2215 4290 Sic
2256 4238 2433 4290 merito
2474 4236 2738 4306 ﬁdelitatis
2786 4234 2998 4293 extorsit
3035 4240 3371 4307 credulitatis,
3404 4242 3496 4299 ubi

1916 4307 2132 4380 l_ilirari_i_
2148 4322 2313 4380 error
2332 4318 2387 4362 et
2428 4310 2595 4380 saltus
2638 4307 2954 4380 manifestus
2983 4322 3083 4365 est.
3111 4312 3235 4367 Mss.
3272 4314 3455 4379 Pomp.
3478 4355 3493 4380 ,

1916 4377 2058 4440 Tol..
2098 4376 2596 4450 Vat.,_‘Urb.,rZeu.
2629 4392 2685 4450 et
2729 4377 2846 4448 SpJ,
2877 4380 2967 4436 Sic
2996 4384 3174 4437 merito
3197 4376 3493 4450 ﬁdeﬁtatis,

1915 4450 2073 4529 quod,
2103 4460 2203 4529 etc.
2231 4448 2371 4529 Tol._,
2411 4449 2608 4518 Vatic.,
2649 4449 2806 4513 Urb.,
2835 4452 3151 4507 credulitatis
3180 4448 3282 4529 pro
3313 4448 3498 4510 credui-

241 4543 269 4580 e
297 4519 417 4582 mss.
466 4519 963 4610 stippleviiititts'ain
1010 4524 1261 4605 Patavina
1310 4533 1489 4575 autem
1534 4519 1769 4610 editione
1792 4561 1806 4584 ,
1916 4520 2075 4610 litati“:
2104 4520 2241 4610 itt‘emj
2264 4521 2425 4610 male.

242 4613 355 4652 cum
393 4598 519 4668 quid
539 4590 723 4650 simile
750 4595 1045 4668 desiderari
1078 4596 1498 4668 proSpiceretur,
1530 4590 1719 4668 .mundi
1740 4607 1811 4668 ex

241 4661 445 4737 ingenio
483 4668 822 4736 suppositum
853 4675 954 4720 est.
989 4665 1154 4719 Paulo
1179 4672 1306 4718 ante
1348 4662 1540 4732 illigari
1571 4675 1667 4730 pro
1696 4661 1815 4714 alli-

244 4744 349 4808 gari
378 4742 427 4793 in
457 4755 563 4794 ms.
592 4737 713 4792 Tol.
843 4772 851 4785 .

310 4809 386 4881 (9)
418 4812 511 4881 Ms.
551 4809 762 4876 Pomp..
794 4807 1102 4881 conjectum.
1188 4864 1191 4867 λ

313 4875 420 4951 (iit)
453 4875 765 4951 Toninzpro
789 4875 1129 4951 omnias'epe
1158 4893 1186 4949 a
1217 4875 1437 4931 Zenone
1476 4883 1811 4944 usurpatum.

247 4948 371 5005 Vide
400 4948 586 5005 aduot.
608 4948 682 5003 25
704 4950 753 5001 in
778 4958 934 5002 tract.
958 4949 1009 5007 4.
1048 4949 1138 5003 Ιώ.
1158 4948 1205 5001 ⁷ι.
1363 5001 1366 5005 ,

183 5072 186 5077 ,
316 5028 358 5091 (t
378 5022 424 5093 l)
458 5025 617 5093 4mm
640 5020 844 5093 addunt
877 5033 978 5093 ms.
1006 5018 1193 5093 Pomp.
1221 5018 1607 5093 et_edit._Ve_n.
1635 5016 1815 5093 Codex

251 5088 417 5147 autem
465 5092 623 5153 Rem.
678 5089 792 5145 haec
834 5088 1074 5157 ‘subjicit.
1143 5088 1377 5159 ’Explicit
1424 5090 1488 5143 de
1539 5088 1820 5143 Nativitnte

252 5162 432 5217 Christi
457 5170 511 5218 et
545 5163 809 5231 majestate
838 5170 1082 5215 tractatus
1114 5159 1292 5216 Sancti
1320 5160 1579 5215 Zenonis.

316 5232 939 5304 Tascr.X.-—(t)ilteie
969 5239 1227 5285 tractatus
1255 5245 1475 5286 recusus
1513 5232 1607 5286 l'uit
1636 5246 1663 5285 a
1697 5231 1820 5302 Lip-

252 5304 499 5375 pomar’io,
537 5315 668 5359 tom.
700 5301 737 5357 it
754 5374 760 5375 γ
778 5301 891 5375 Vit.
910 5302 1245 5375 satietoruui.

323 5376 394 5448 (2)
439 5374 854 5448 COt'l‘llpllSSjllta
881 5373 1003 5448 beie
1020 5380 1103 5426 est
1124 5375 1174 5425 in
1196 5372 1599 5448 mss._lectio,_i_n
1626 5371 1818 5448 quibus

247 5442 362 5500 σικιιέ
391 5450 694 5513 habentur:
731 5442 921 5511 Longa:
956 5443 1071 5513 tnta:
1105 5443 1375 5495 transactis
1410 5445 1637 5513 cursibus
1677 5444 1816 5513 pius,

257 5527 338 5569 aut
360 5512 496 5583 ﬁlius
519 5515 701 5578 ederit,
734 5522 907 5583 partus
932 5511 1176 5583 musicae
1200 5515 1501 5583 perciperet.
1533 5512 1639 5566 Sed
1661 5511 1819 5566 utris-

258 5592 345 5653 que
361 5580 644 5645 ademerat.
687 5580 794 5638 etc.
825 5580 1160 5653 Retint'iimus
1198 5582 1480 5637 loetionem
1517 5584 1817 5646 editorum,

258 5650 367 5726 qua.-
392 5654 711 5711 sententiam
740 5668 863 5726 cum
903 5650 1194 5726 scripturis
1219 5654 1585 5726 concinentem
1612 5653 1779 5708 refert
1803 5670 1815 5704 :

262 5722 603 5798 respiciuntuv
632 5726 779 5780 cnim
804 5723 893 5778 illa
921 5722 1056 5779 Gen.
1093 5736 1200 5791 χχΙ,
1230 5722 1284 5789 6,
1311 5724 1502 5800 quibus
1522 5723 1671 5790 Sara,
1696 5738 1816 5778 cum

1991 4588 2069 4662 (4)
2109 4588 2396 4646 Credulitas
2425 4607 2521 4662 pro
2550 4592 2670 4661 ﬁde.
2702 4603 2821 4663 quae
2846 4591 2963 4648 slue
2993 4594 3294 4662 rationibus
3327 4604 3381 4652 et
3406 4612 3495 4663 ar-

1915 4664 2187 4736 gumentis
2220 4663 2327 4736 Deo
2343 4664 2600 4736 revelanti
2629 4663 2929 4731 adhibetur,
2952 4674 3007 4718 ut
3033 4666 3200 4736 liquet
3219 4680 3287 4723 ex
3308 4668 3492 4727 adnot.

1919 4734 1952 4788 6
1983 4732 2218 4819 ἰιιὲιιςξιε).
2253 4734 2305 4798 1,
2342 4734 2434 4787 lib.
2466 4750 2504 4787 ι.
2545 4805 2580 4819 ’Δ
2704 4804 2736 4819 ν

1976 4803 2067 4873 (5)
2093 4804 2219 4858 Heic
2242 4820 2455 4875 quoque
2484 4805 2675 4859 saltum
2704 4804 2906 4860 librarii
2938 4808 3277 4865 manufestum
3316 4810 3498 4866 videre

1921 4874 2267 4947 licetginums.
2316 4878 2491 4947 ltein"
2532 4876 2825 4947 exploratur
2853 4895 2887 4931 a
2920 4877 3025 4932 Deo
3064 4882 3358 4943 sollicitam.
3388 4893 3497 4937 etc.

1994 4945 2073 5016 (6)
2121 4945 2423 5021 Urgentibus
2468 4945 2663 5021 habent
2698 4945 2828 5021 mss.
2858 4948 2982 5005 Tol.
3012 4957 3075 5004 “et
3099 4950 3216 5007 Vat.
3260 4952 3497 5021 Termino

1927 5017 2331 5093 proterminant
2368 5024 2452 5070 est
2487 5018 2537 5070 in
2587 5033 2717 5073 mss.
2764 5019 3147 5089 Pomp.,Sp_ar.
3177 5017 3501 5093 Elige'quid-

1926 5087 2065 5160 quid
2085 5088 2252 5160 velis;
2285 5096 2573 5160 utrumque
2605 5100 2818 5143 rectam‘
2834 5087 3153 5147 sententiain
3186 5087 3423 5160 prJ'l‘ert.

1998 5158 2075 5230 (7)
2102 5156 2255 5211 Isaac
2285 5158 2427 5230 enim
2456 5174 2639 5213 nomen
2670 5160 2920 5216 hebraice
2947 5163 3107 5230 risum
3140 5156 3324 5227 sonat;
3358 5159 3500 5221 u‘nde

1926 5228 2149 5353 ftt‘Sarz:
2185 5229 2236 5281 in
2268 5243 2331 5283 eo
2350 5228 2621 5301 gignendo
2646 5234 2812 5287 risum
2840 5233 2938 5288 sibi
2970 5248 3005 5286 a'
3032 5228 3141 5288 Deo
3168 5236 3369 5291 factum
3392 5244 3502 5292 tes-

1952 5318 1975 5351 a
2008 5313 2116 5351 aes
2148 5338 2160 5350 .
2823 5312 2827 5316 ’

1952 5312 2034 5351 ata
2058 5312 2160 5351 est.
2823 5312 2827 5316 ’

2111 5368 2208 5444 Ms.-
2239 5368 2420 5436 Rem.,
2447 5388 2540 5441 per
2566 5373 2790 5426 humana
2819 5374 3119 5444 fragilitate.

1992 5439 2071 5510 (9)
2119 5439 2261 5495 Idem
2291 5439 2650 5516 ms._.linfans
2688 5439 2838 5516 cujus
2880 5439 2982 5498 vita
3022 5457 3264 5513 paternus
3290 5448 3503 5516 aﬂ'ectus

1921 5521 2250 5585 materitenet
2287 5514 2567 5581 pendebat;
2593 5514 2903 5585 quodinss.
2936 5516 3083 5579 'l'ol.;
3116 5518 3234 5573 Vat.
3277 5514 3345 5575 et
3367 5521 3500 5578 Urb.

1922 5583 2049 5637 item
2064 5651 2074 5653 4
2090 5584 2318 5653 habent.

1992 5651 2108 5723 (10)
2140 5651 2266 5733 Mss.
2320 5664 2383 5711 et
2422 5655 2550 5733 editi
2580 5656 2733 5733 unde,
2764 5671 2860 5733 pro
2890 5660 3077 5733 quoin
3105 5662 3349 5733 margine
3377 5664 3501 5719 cod.

1924 5722 2077 5778 Rem.
2109 5725 2322 5784 antiqua
2350 5725 2728 5784 emendatione
2756 5722 2890 5784 Ῑηιηε
2906 5722 3177 5803 scriptum
3215 5722 3293 5791 Est
3316 5775 3329 5800 ,
3361 5735 3507 5806 quod
