  <div class='ocr_page' id='page_1' title='image "/cluster/home/n/w/nwhite01/storage/ocr_20150623/11/uva.x000826576/223.png"; bbox 0 0 3818 6220; ppageno 0'>
   <div class='ocr_carea' id='block_1_1' title="bbox 412 316 508 377">
    <p class='ocr_par' dir='ltr' id='par_1_1' title="bbox 412 316 508 377">
     <span class='ocr_line' id='line_1_1' title="bbox 412 316 508 377; baseline 0.021 -2"><span class='ocrx_word' id='word_1_1' title='bbox 412 316 508 377; x_wconf 65' lang='grc'><strong>4⁸51</strong></span> 
     </span>
    </p>
   </div>
   <div class='ocr_carea' id='block_1_2' title="bbox 1699 320 2353 394">
    <p class='ocr_par' dir='ltr' id='par_1_2' title="bbox 1699 320 2353 394">
     <span class='ocr_line' id='line_1_2' title="bbox 1699 320 2353 394; baseline 0.005 -16"><span class='ocrx_word' id='word_1_2' title='bbox 1699 391 1702 394; x_wconf 22' lang='grc' dir='ltr'><strong>λ</strong></span> <span class='ocrx_word' id='word_1_3' title='bbox 1775 320 2020 379; x_wconf 83' lang='lat' dir='ltr'><strong>SANCTI</strong></span> <span class='ocrx_word' id='word_1_4' title='bbox 2060 323 2353 381; x_wconf 67' lang='lat' dir='ltr'><strong>lenosis</strong></span> 
     </span>
    </p>
   </div>
   <div class='ocr_carea' id='block_1_3' title="bbox 3605 339 3699 395">
    <p class='ocr_par' dir='ltr' id='par_1_3' title="bbox 3605 339 3699 395">
     <span class='ocr_line' id='line_1_3' title="bbox 3605 339 3699 395; baseline 0.021 -3"><span class='ocrx_word' id='word_1_5' title='bbox 3605 339 3699 395; x_wconf 56' lang='lat'><strong>13:!</strong></span> 
     </span>
    </p>
   </div>
   <div class='ocr_carea' id='block_1_4' title="bbox 411 425 3243 508">
    <p class='ocr_par' dir='ltr' id='par_1_4' title="bbox 411 425 3243 508">
     <span class='ocr_line' id='line_1_4' title="bbox 411 425 3243 508; baseline 0.003 -17"><span class='ocrx_word' id='word_1_6' title='bbox 411 448 459 492; x_wconf 86' lang='lat' dir='ltr'><strong>et</strong></span> <span class='ocrx_word' id='word_1_7' title='bbox 481 439 653 492; x_wconf 79' lang='lat' dir='ltr'><strong>docete</strong></span> <span class='ocrx_word' id='word_1_8' title='bbox 667 453 837 491; x_wconf 86' lang='lat' dir='ltr'><strong>omnes</strong></span> <span class='ocrx_word' id='word_1_9' title='bbox 859 443 1048 506; x_wconf 78' lang='lat' dir='ltr'><strong>gentes,</strong></span> <span class='ocrx_word' id='word_1_10' title='bbox 1075 433 1186 506; x_wconf 84' lang='grc'><strong>(15)</strong></span> <span class='ocrx_word' id='word_1_11' title='bbox 1214 425 1518 504; x_wconf 85' lang='lat' dir='ltr'><strong>intingentes</strong></span> <span class='ocrx_word' id='word_1_12' title='bbox 1533 449 1619 487; x_wconf 87' lang='lat' dir='ltr'><strong>eos</strong></span> <span class='ocrx_word' id='word_1_13' title='bbox 1647 432 1698 486; x_wconf 89' lang='lat' dir='ltr'><strong>in</strong></span> <span class='ocrx_word' id='word_1_14' title='bbox 1727 432 1890 507; x_wconf 71' lang='lat'><strong>189</strong></span> <span class='ocrx_word' id='word_1_15' title='bbox 1912 451 2003 488; x_wconf 85' lang='lat' dir='ltr'><strong>no-</strong></span> <span class='ocrx_word' id='word_1_16' title='bbox 2029 439 2076 497; x_wconf 79' lang='grc' dir='ltr'>Α</span> <span class='ocrx_word' id='word_1_17' title='bbox 2107 439 2550 508; x_wconf 67' lang='lat' dir='ltr'><strong>praedicationum</strong></span> <span class='ocrx_word' id='word_1_18' title='bbox 2584 439 3028 497; x_wconf 85' lang='lat' dir='ltr'><strong>medicaminibus</strong></span> <span class='ocrx_word' id='word_1_19' title='bbox 3068 453 3243 500; x_wconf 88' lang='lat' dir='ltr'><strong>curat.</strong></span> 
     </span>
    </p>
   </div>
   <div class='ocr_carea' id='block_1_5' title="bbox 413 526 2000 598">
    <p class='ocr_par' dir='ltr' id='par_1_5' title="bbox 413 526 2000 598">
     <span class='ocr_line' id='line_1_5' title="bbox 413 526 2000 598; baseline -0.002 -13"><span class='ocrx_word' id='word_1_20' title='bbox 413 535 549 586; x_wconf 84' lang='lat' dir='ltr'><strong>mine</strong></span> <span class='ocrx_word' id='word_1_21' title='bbox 573 531 741 584; x_wconf 83' lang='lat' dir='ltr'><strong>Patris</strong></span> <span class='ocrx_word' id='word_1_22' title='bbox 758 540 800 583; x_wconf 90' lang='lat' dir='ltr'><strong>et</strong></span> <span class='ocrx_word' id='word_1_23' title='bbox 827 528 958 581; x_wconf 83' lang='lat' dir='ltr'><strong>Filii.</strong></span> <span class='ocrx_word' id='word_1_24' title='bbox 980 536 1028 580; x_wconf 88' lang='lat' dir='ltr'><strong>et</strong></span> <span class='ocrx_word' id='word_1_25' title='bbox 1051 526 1279 598; x_wconf 77' lang='lat' dir='ltr'><strong>Spiritus</strong></span> <span class='ocrx_word' id='word_1_26' title='bbox 1302 527 1484 590; x_wconf 87' lang='lat' dir='ltr'><strong>sancti,</strong></span> <span class='ocrx_word' id='word_1_27' title='bbox 1517 527 1754 580; x_wconf 84' lang='lat' dir='ltr'><strong>docentes</strong></span> <span class='ocrx_word' id='word_1_28' title='bbox 1783 546 1869 582; x_wconf 82' lang='lat' dir='ltr'><strong>eos</strong></span> <span class='ocrx_word' id='word_1_29' title='bbox 1899 546 2000 582; x_wconf 82' lang='lat' dir='ltr'><strong>ser-</strong></span> 
     </span>
    </p>
   </div>
   <div class='ocr_carea' id='block_1_6' title="bbox 411 618 2002 692">
    <p class='ocr_par' dir='ltr' id='par_1_6' title="bbox 411 618 2002 692">
     <span class='ocr_line' id='line_1_6' title="bbox 411 618 2002 692; baseline -0.001 -15"><span class='ocrx_word' id='word_1_30' title='bbox 411 639 531 678; x_wconf 80' lang='lat' dir='ltr'><strong>uare</strong></span> <span class='ocrx_word' id='word_1_31' title='bbox 549 624 716 677; x_wconf 83' lang='lat' dir='ltr'><strong>omnia</strong></span> <span class='ocrx_word' id='word_1_32' title='bbox 727 636 1049 692; x_wconf 77' lang='lat' dir='ltr'><strong>quwcumque</strong></span> <span class='ocrx_word' id='word_1_33' title='bbox 1066 619 1288 690; x_wconf 81' lang='lat' dir='ltr'><strong>prtecepi</strong></span> <span class='ocrx_word' id='word_1_34' title='bbox 1298 618 1433 672; x_wconf 75' lang='lat' dir='ltr'><strong>vobis</strong></span> <span class='ocrx_word' id='word_1_35' title='bbox 1453 618 1669 683; x_wconf 60' lang='lat' dir='ltr'><strong>(Matth.</strong></span> <span class='ocrx_word' id='word_1_36' title='bbox 1703 635 1888 684; x_wconf 74' lang='lat' dir='ltr'><strong>xxvnt,</strong></span> <span class='ocrx_word' id='word_1_37' title='bbox 1913 622 2002 690; x_wconf 72' lang='lat'><strong>19,</strong></span> 
     </span>
    </p>
   </div>
   <div class='ocr_carea' id='block_1_7' title="bbox 411 711 2002 787">
    <p class='ocr_par' dir='ltr' id='par_1_7' title="bbox 411 711 2002 787">
     <span class='ocr_line' id='line_1_7' title="bbox 411 711 2002 787; baseline -0.003 -15"><span class='ocrx_word' id='word_1_38' title='bbox 411 716 526 787; x_wconf 76' lang='lat'><strong>20).</strong></span> <span class='ocrx_word' id='word_1_39' title='bbox 573 715 726 768; x_wconf 77' lang='lat' dir='ltr'><strong>Dabis</strong></span> <span class='ocrx_word' id='word_1_40' title='bbox 757 723 932 766; x_wconf 86' lang='lat' dir='ltr'><strong>autem</strong></span> <span class='ocrx_word' id='word_1_41' title='bbox 965 725 1065 782; x_wconf 91' lang='lat' dir='ltr'><strong>pro</strong></span> <span class='ocrx_word' id='word_1_42' title='bbox 1105 726 1191 765; x_wconf 90' lang='lat' dir='ltr'><strong>me</strong></span> <span class='ocrx_word' id='word_1_43' title='bbox 1218 718 1273 765; x_wconf 89' lang='lat' dir='ltr'><strong>et</strong></span> <span class='ocrx_word' id='word_1_44' title='bbox 1316 725 1413 781; x_wconf 91' lang='lat' dir='ltr'><strong>pro</strong></span> <span class='ocrx_word' id='word_1_45' title='bbox 1445 720 1533 774; x_wconf 90' lang='lat' dir='ltr'><strong>te,</strong></span> <span class='ocrx_word' id='word_1_46' title='bbox 1568 711 1668 764; x_wconf 88' lang='lat' dir='ltr'><strong>hoc</strong></span> <span class='ocrx_word' id='word_1_47' title='bbox 1704 721 1787 766; x_wconf 85' lang='lat' dir='ltr'><strong>est</strong></span> <span class='ocrx_word' id='word_1_48' title='bbox 1829 728 2002 767; x_wconf 86' lang='lat' dir='ltr'><strong>meam</strong></span> 
     </span>
    </p>
   </div>
   <div class='ocr_carea' id='block_1_8' title="bbox 411 803 2004 881">
    <p class='ocr_par' dir='ltr' id='par_1_8' title="bbox 411 803 2004 881">
     <span class='ocr_line' id='line_1_8' title="bbox 411 803 2004 881; baseline -0.002 -18"><span class='ocrx_word' id='word_1_49' title='bbox 411 807 727 881; x_wconf 66' lang='lat' dir='ltr'><strong>pra-dicatus</strong></span> <span class='ocrx_word' id='word_1_50' title='bbox 766 819 979 875; x_wconf 84' lang='lat' dir='ltr'><strong>crucem</strong></span> <span class='ocrx_word' id='word_1_51' title='bbox 1007 846 1022 870; x_wconf 95' lang='lat'><strong>,</strong></span> <span class='ocrx_word' id='word_1_52' title='bbox 1067 803 1161 863; x_wconf 88' lang='lat' dir='ltr'><strong>sed</strong></span> <span class='ocrx_word' id='word_1_53' title='bbox 1206 814 1259 858; x_wconf 90' lang='lat' dir='ltr'><strong>ct</strong></span> <span class='ocrx_word' id='word_1_54' title='bbox 1311 813 1368 858; x_wconf 90' lang='lat' dir='ltr'><strong>tu</strong></span> <span class='ocrx_word' id='word_1_55' title='bbox 1398 803 1574 858; x_wconf 90' lang='lat' dir='ltr'><strong>crucis</strong></span> <span class='ocrx_word' id='word_1_56' title='bbox 1605 812 1711 860; x_wconf 76' lang='lat' dir='ltr'><strong>tua:</strong></span> <span class='ocrx_word' id='word_1_57' title='bbox 1751 805 2004 862; x_wconf 91' lang='lat' dir='ltr'><strong>similiter</strong></span> 
     </span>
    </p>
   </div>
   <div class='ocr_carea' id='block_1_9' title="bbox 412 895 1316 972">
    <p class='ocr_par' dir='ltr' id='par_1_9' title="bbox 412 895 1316 972">
     <span class='ocr_line' id='line_1_9' title="bbox 412 895 1316 972; baseline -0.012 -16"><span class='ocrx_word' id='word_1_58' title='bbox 412 901 669 972; x_wconf 85' lang='lat' dir='ltr'><strong>dignitate</strong></span> <span class='ocrx_word' id='word_1_59' title='bbox 696 895 974 967; x_wconf 70' lang='lat' dir='ltr'><strong>gaudebis.</strong></span> <span class='ocrx_word' id='word_1_60' title='bbox 1314 961 1316 965; x_wconf 18' lang='grc' dir='ltr'>ν</span> 
     </span>
    </p>
   </div>
   <div class='ocr_carea' id='block_1_10' title="bbox 481 989 2004 1063">
    <p class='ocr_par' dir='ltr' id='par_1_10' title="bbox 481 989 2004 1063">
     <span class='ocr_line' id='line_1_10' title="bbox 481 989 2004 1063; baseline 0 -15"><span class='ocrx_word' id='word_1_61' title='bbox 481 995 566 1049; x_wconf 90' lang='lat' dir='ltr'><strong>Ill.</strong></span> <span class='ocrx_word' id='word_1_62' title='bbox 598 993 760 1062; x_wconf 80' lang='lat' dir='ltr'><strong>Igitur</strong></span> <span class='ocrx_word' id='word_1_63' title='bbox 792 992 906 1046; x_wconf 81' lang='lat' dir='ltr'><strong>haec</strong></span> <span class='ocrx_word' id='word_1_64' title='bbox 944 989 1085 1044; x_wconf 89' lang='lat' dir='ltr'><strong>scala</strong></span> <span class='ocrx_word' id='word_1_65' title='bbox 1124 990 1278 1060; x_wconf 85' lang='lat' dir='ltr'><strong>cujus</strong></span> <span class='ocrx_word' id='word_1_66' title='bbox 1313 999 1460 1047; x_wconf 88' lang='lat' dir='ltr'><strong>esset</strong></span> <span class='ocrx_word' id='word_1_67' title='bbox 1506 992 1768 1060; x_wconf 59' lang='lat' dir='ltr'><strong>materiae,</strong></span> <span class='ocrx_word' id='word_1_68' title='bbox 1814 993 1868 1047; x_wconf 92' lang='lat' dir='ltr'><strong>in</strong></span> <span class='ocrx_word' id='word_1_69' title='bbox 1901 1008 2004 1063; x_wconf 88' lang='lat' dir='ltr'><strong>qua</strong></span> 
     </span>
    </p>
   </div>
   <div class='ocr_carea' id='block_1_11' title="bbox 410 1068 2002 1155">
    <p class='ocr_par' dir='ltr' id='par_1_11' title="bbox 410 1068 2002 1155">
     <span class='ocr_line' id='line_1_11' title="bbox 410 1068 2002 1155; baseline -0.002 -12"><span class='ocrx_word' id='word_1_70' title='bbox 410 1087 670 1143; x_wconf 88' lang='lat' dir='ltr'><strong>Dominus</strong></span> <span class='ocrx_word' id='word_1_71' title='bbox 712 1068 1074 1147; x_wconf 85' lang='lat' dir='ltr'><strong>ineombebat,</strong></span> <span class='ocrx_word' id='word_1_72' title='bbox 1108 1098 1176 1138; x_wconf 82' lang='lat' dir='ltr'><strong>ex</strong></span> <span class='ocrx_word' id='word_1_73' title='bbox 1222 1077 1386 1138; x_wconf 82' lang='lat' dir='ltr'><strong>David</strong></span> <span class='ocrx_word' id='word_1_74' title='bbox 1417 1083 1563 1139; x_wconf 91' lang='lat' dir='ltr'><strong>dicto</strong></span> <span class='ocrx_word' id='word_1_75' title='bbox 1602 1085 2002 1155; x_wconf 78' lang='lat' dir='ltr'><strong>cognoscimus,</strong></span> 
     </span>
    </p>
   </div>
   <div class='ocr_carea' id='block_1_12' title="bbox 408 1177 2007 1252">
    <p class='ocr_par' dir='ltr' id='par_1_12' title="bbox 408 1177 2007 1252">
     <span class='ocr_line' id='line_1_12' title="bbox 408 1177 2007 1252; baseline -0.001 -15"><span class='ocrx_word' id='word_1_76' title='bbox 408 1183 500 1252; x_wconf 90' lang='lat' dir='ltr'><strong>qui</strong></span> <span class='ocrx_word' id='word_1_77' title='bbox 531 1181 638 1234; x_wconf 90' lang='lat' dir='ltr'><strong>ait:</strong></span> <span class='ocrx_word' id='word_1_78' title='bbox 683 1177 838 1251; x_wconf 83' lang='lat' dir='ltr'><strong>Virga</strong></span> <span class='ocrx_word' id='word_1_79' title='bbox 876 1187 965 1231; x_wconf 86' lang='lat' dir='ltr'><strong>tua</strong></span> <span class='ocrx_word' id='word_1_80' title='bbox 1008 1187 1056 1232; x_wconf 90' lang='lat' dir='ltr'><strong>et</strong></span> <span class='ocrx_word' id='word_1_81' title='bbox 1083 1178 1293 1232; x_wconf 83' lang='lat' dir='ltr'><strong>baculus</strong></span> <span class='ocrx_word' id='word_1_82' title='bbox 1318 1189 1434 1234; x_wconf 85' lang='lat' dir='ltr'><strong>tuus</strong></span> <span class='ocrx_word' id='word_1_83' title='bbox 1468 1180 1584 1248; x_wconf 86' lang='lat' dir='ltr'><strong>ipsa</strong></span> <span class='ocrx_word' id='word_1_84' title='bbox 1628 1197 1707 1234; x_wconf 86' lang='lat' dir='ltr'><strong>me</strong></span> <span class='ocrx_word' id='word_1_85' title='bbox 1736 1181 2007 1236; x_wconf 83' lang='lat' dir='ltr'><strong>consolata</strong></span> 
     </span>
    </p>
   </div>
   <div class='ocr_carea' id='block_1_13' title="bbox 406 1259 2006 1342">
    <p class='ocr_par' dir='ltr' id='par_1_13' title="bbox 406 1259 2006 1342">
     <span class='ocr_line' id='line_1_13' title="bbox 406 1259 2006 1342; baseline 0 -14"><span class='ocrx_word' id='word_1_86' title='bbox 406 1283 525 1328; x_wconf 85' lang='lat' dir='ltr'><strong>sunt</strong></span> <span class='ocrx_word' id='word_1_87' title='bbox 554 1270 669 1342; x_wconf 85' lang='lat' dir='ltr'><strong>(Ps.</strong></span> <span class='ocrx_word' id='word_1_88' title='bbox 701 1286 834 1334; x_wconf 81' lang='lat' dir='ltr'><strong>xxu,</strong></span> <span class='ocrx_word' id='word_1_89' title='bbox 865 1265 943 1341; x_wconf 68' lang='lat'><strong>4).</strong></span> <span class='ocrx_word' id='word_1_90' title='bbox 978 1269 1136 1339; x_wconf 82' lang='lat' dir='ltr'><strong>Virga</strong></span> <span class='ocrx_word' id='word_1_91' title='bbox 1173 1279 1230 1325; x_wconf 93' lang='lat' dir='ltr'><strong>et</strong></span> <span class='ocrx_word' id='word_1_92' title='bbox 1258 1259 1488 1326; x_wconf 73' lang='lat' dir='ltr'><strong>baculus</strong></span> <span class='ocrx_word' id='word_1_93' title='bbox 1517 1272 1624 1326; x_wconf 86' lang='lat' dir='ltr'><strong>duo</strong></span> <span class='ocrx_word' id='word_1_94' title='bbox 1665 1275 1793 1327; x_wconf 68' lang='lat' dir='ltr'><strong>Sunt</strong></span> <span class='ocrx_word' id='word_1_95' title='bbox 1825 1273 2006 1342; x_wconf 84' lang='lat' dir='ltr'><strong>utique</strong></span> 
     </span>
    </p>
   </div>
   <div class='ocr_carea' id='block_1_14' title="bbox 354 1363 2001 1437">
    <p class='ocr_par' dir='ltr' id='par_1_14' title="bbox 354 1363 2001 1437">
     <span class='ocr_line' id='line_1_14' title="bbox 354 1363 2001 1437; baseline -0.001 -16"><span class='ocrx_word' id='word_1_96' title='bbox 354 1425 359 1430; x_wconf 23' lang='grc' dir='ltr'><em>κ</em></span> <span class='ocrx_word' id='word_1_97' title='bbox 409 1366 777 1428; x_wconf 86' lang='lat' dir='ltr'><strong>Testamenta,</strong></span> <span class='ocrx_word' id='word_1_98' title='bbox 797 1377 918 1432; x_wconf 79' lang='lat' dir='ltr'><strong>qua:</strong></span> <span class='ocrx_word' id='word_1_99' title='bbox 950 1363 1070 1418; x_wconf 90' lang='lat' dir='ltr'><strong>ideo</strong></span> <span class='ocrx_word' id='word_1_100' title='bbox 1101 1363 1486 1435; x_wconf 83' lang='lat' dir='ltr'><strong>materiaeligni</strong></span> <span class='ocrx_word' id='word_1_101' title='bbox 1517 1376 1644 1421; x_wconf 88' lang='lat' dir='ltr'><strong>sunt</strong></span> <span class='ocrx_word' id='word_1_102' title='bbox 1668 1375 2001 1437; x_wconf 88' lang='lat' dir='ltr'><strong>comparata,</strong></span> 
     </span>
    </p>
   </div>
   <div class='ocr_carea' id='block_1_15' title="bbox 413 1453 2006 1528">
    <p class='ocr_par' dir='ltr' id='par_1_15' title="bbox 413 1453 2006 1528">
     <span class='ocr_line' id='line_1_15' title="bbox 413 1453 2006 1528; baseline 0.001 -18"><span class='ocrx_word' id='word_1_103' title='bbox 413 1455 748 1528; x_wconf 89' lang='lat' dir='ltr'><strong>sivequodin</strong></span> <span class='ocrx_word' id='word_1_104' title='bbox 778 1453 893 1524; x_wconf 70' lang='lat' dir='ltr'><strong>(lli)</strong></span> <span class='ocrx_word' id='word_1_105' title='bbox 922 1457 1039 1524; x_wconf 87' lang='lat' dir='ltr'><strong>ejus</strong></span> <span class='ocrx_word' id='word_1_106' title='bbox 1065 1469 1188 1523; x_wconf 91' lang='lat' dir='ltr'><strong>usu,</strong></span> <span class='ocrx_word' id='word_1_107' title='bbox 1221 1467 1276 1512; x_wconf 92' lang='lat' dir='ltr'><strong>et</strong></span> <span class='ocrx_word' id='word_1_108' title='bbox 1307 1466 1596 1527; x_wconf 87' lang='lat' dir='ltr'><strong>perpetuo,</strong></span> <span class='ocrx_word' id='word_1_109' title='bbox 1620 1468 1675 1513; x_wconf 90' lang='lat' dir='ltr'><strong>et</strong></span> <span class='ocrx_word' id='word_1_110' title='bbox 1698 1460 1870 1513; x_wconf 67' lang='lat' dir='ltr'><strong>&quot;totius</strong></span> <span class='ocrx_word' id='word_1_111' title='bbox 1893 1473 2006 1513; x_wconf 83' lang='lat' dir='ltr'><strong>ma-</strong></span> 
     </span>
    </p>
   </div>
   <div class='ocr_carea' id='block_1_16' title="bbox 408 1549 2005 1629">
    <p class='ocr_par' dir='ltr' id='par_1_16' title="bbox 408 1549 2005 1629">
     <span class='ocr_line' id='line_1_16' title="bbox 408 1549 2005 1629; baseline 0.002 -26"><span class='ocrx_word' id='word_1_112' title='bbox 408 1558 537 1606; x_wconf 90' lang='lat' dir='ltr'><strong>neat</strong></span> <span class='ocrx_word' id='word_1_113' title='bbox 565 1549 840 1604; x_wconf 89' lang='lat' dir='ltr'><strong>testatoris</strong></span> <span class='ocrx_word' id='word_1_114' title='bbox 862 1549 1113 1604; x_wconf 82' lang='lat' dir='ltr'><strong>voluntas</strong></span> <span class='ocrx_word' id='word_1_115' title='bbox 1141 1550 1424 1619; x_wconf 84' lang='lat' dir='ltr'><strong>inscripta,</strong></span> <span class='ocrx_word' id='word_1_116' title='bbox 1454 1565 1551 1605; x_wconf 88' lang='lat' dir='ltr'><strong>seu</strong></span> <span class='ocrx_word' id='word_1_117' title='bbox 1577 1551 1723 1621; x_wconf 85' lang='lat' dir='ltr'><strong>quod</strong></span> <span class='ocrx_word' id='word_1_118' title='bbox 1753 1551 1909 1629; x_wconf 88' lang='lat' dir='ltr'><strong>quasi</strong></span> <span class='ocrx_word' id='word_1_119' title='bbox 1938 1567 2005 1606; x_wconf 82' lang='lat' dir='ltr'><strong>ex</strong></span> 
     </span>
    </p>
   </div>
   <div class='ocr_carea' id='block_1_17' title="bbox 419 1638 2007 1716">
    <p class='ocr_par' dir='ltr' id='par_1_17' title="bbox 419 1638 2007 1716">
     <span class='ocr_line' id='line_1_17' title="bbox 419 1638 2007 1716; baseline 0 -18"><span class='ocrx_word' id='word_1_120' title='bbox 419 1654 729 1699; x_wconf 90' lang='lat' dir='ltr'><strong>transverso</strong></span> <span class='ocrx_word' id='word_1_121' title='bbox 790 1644 842 1698; x_wconf 93' lang='lat' dir='ltr'><strong>in</strong></span> <span class='ocrx_word' id='word_1_122' title='bbox 900 1638 1062 1698; x_wconf 87' lang='lat' dir='ltr'><strong>unam</strong></span> <span class='ocrx_word' id='word_1_123' title='bbox 1119 1643 1281 1700; x_wconf 86' lang='lat' dir='ltr'><strong>ﬁdem</strong></span> <span class='ocrx_word' id='word_1_124' title='bbox 1331 1645 1712 1700; x_wconf 89' lang='lat' dir='ltr'><strong>concurrentia</strong></span> <span class='ocrx_word' id='word_1_125' title='bbox 1766 1644 2007 1716; x_wconf 75' lang='lat' dir='ltr'><strong>cruciﬁgi</strong></span> 
     </span>
    </p>
   </div>
   <div class='ocr_carea' id='block_1_18' title="bbox 416 1722 2004 1811">
    <p class='ocr_par' dir='ltr' id='par_1_18' title="bbox 416 1722 2004 1811">
     <span class='ocr_line' id='line_1_18' title="bbox 416 1722 2004 1811; baseline -0.002 -17"><span class='ocrx_word' id='word_1_126' title='bbox 416 1738 887 1811; x_wconf 81' lang='lat' dir='ltr'><strong>(l5)habuisseDei</strong></span> <span class='ocrx_word' id='word_1_127' title='bbox 904 1737 1069 1792; x_wconf 87' lang='lat' dir='ltr'><strong>lilium</strong></span> <span class='ocrx_word' id='word_1_128' title='bbox 1083 1722 1421 1792; x_wconf 68' lang='lat' dir='ltr'><strong>nuntiabant:</strong></span> <span class='ocrx_word' id='word_1_129' title='bbox 1435 1752 1594 1807; x_wconf 86' lang='lat' dir='ltr'><strong>quem</strong></span> <span class='ocrx_word' id='word_1_130' title='bbox 1613 1737 1936 1792; x_wconf 85' lang='lat' dir='ltr'><strong>conﬁrmant</strong></span> <span class='ocrx_word' id='word_1_131' title='bbox 1949 1723 2004 1791; x_wconf 66' lang='lat' dir='ltr'><strong>in</strong></span> 
     </span>
    </p>
   </div>
   <div class='ocr_carea' id='block_1_19' title="bbox 2179 533 3697 608">
    <p class='ocr_par' dir='ltr' id='par_1_19' title="bbox 2179 533 3697 608">
     <span class='ocr_line' id='line_1_19' title="bbox 2179 533 3697 608; baseline 0.009 -21"><span class='ocrx_word' id='word_1_132' title='bbox 2179 533 2268 587; x_wconf 82' lang='lat' dir='ltr'><strong>IV.</strong></span> <span class='ocrx_word' id='word_1_133' title='bbox 2299 534 2452 600; x_wconf 86' lang='lat' dir='ltr'><strong>Quod</strong></span> <span class='ocrx_word' id='word_1_134' title='bbox 2487 545 2661 590; x_wconf 90' lang='lat' dir='ltr'><strong>autem</strong></span> <span class='ocrx_word' id='word_1_135' title='bbox 2694 538 2770 590; x_wconf 85' lang='lat' dir='ltr'><strong>ait</strong></span> <span class='ocrx_word' id='word_1_136' title='bbox 2799 537 3031 608; x_wconf 81' lang='lat' dir='ltr'><strong>Angelos</strong></span> <span class='ocrx_word' id='word_1_137' title='bbox 3072 538 3469 596; x_wconf 89' lang='lat' dir='ltr'><strong>adscendentes</strong></span> <span class='ocrx_word' id='word_1_138' title='bbox 3519 553 3573 597; x_wconf 86' lang='lat' dir='ltr'><strong>et</strong></span> <span class='ocrx_word' id='word_1_139' title='bbox 3612 547 3697 600; x_wconf 81' lang='lat' dir='ltr'><strong>dc-</strong></span> 
     </span>
    </p>
   </div>
   <div class='ocr_carea' id='block_1_20' title="bbox 2109 625 3696 699">
    <p class='ocr_par' dir='ltr' id='par_1_20' title="bbox 2109 625 3696 699">
     <span class='ocr_line' id='line_1_20' title="bbox 2109 625 3696 699; baseline 0.009 -21"><span class='ocrx_word' id='word_1_140' title='bbox 2109 625 2456 693; x_wconf 90' lang='lat' dir='ltr'><strong>scendentes,</strong></span> <span class='ocrx_word' id='word_1_141' title='bbox 2484 627 2596 698; x_wconf 65' lang='lat'><strong>(20)</strong></span> <span class='ocrx_word' id='word_1_142' title='bbox 2623 629 2784 698; x_wconf 80' lang='lat' dir='ltr'><strong>aliqui</strong></span> <span class='ocrx_word' id='word_1_143' title='bbox 2820 640 3007 699; x_wconf 83' lang='lat' dir='ltr'><strong>putant</strong></span> <span class='ocrx_word' id='word_1_144' title='bbox 3037 631 3434 689; x_wconf 76' lang='lat' dir='ltr'><strong>adscendetites</strong></span> <span class='ocrx_word' id='word_1_145' title='bbox 3460 651 3580 692; x_wconf 84' lang='lat' dir='ltr'><strong>esse</strong></span> <span class='ocrx_word' id='word_1_146' title='bbox 3611 654 3696 692; x_wconf 85' lang='lat' dir='ltr'><strong>an-</strong></span> 
     </span>
    </p>
   </div>
   <div class='ocr_carea' id='block_1_21' title="bbox 2107 716 3694 794">
    <p class='ocr_par' dir='ltr' id='par_1_21' title="bbox 2107 716 3694 794">
     <span class='ocr_line' id='line_1_21' title="bbox 2107 716 3694 794; baseline 0.009 -26"><span class='ocrx_word' id='word_1_147' title='bbox 2107 716 2259 784; x_wconf 81' lang='lat' dir='ltr'><strong>gelos</strong></span> <span class='ocrx_word' id='word_1_148' title='bbox 2300 717 2457 782; x_wconf 89' lang='lat' dir='ltr'><strong>lucis,</strong></span> <span class='ocrx_word' id='word_1_149' title='bbox 2492 717 2884 776; x_wconf 81' lang='lat' dir='ltr'><strong>descendentes</strong></span> <span class='ocrx_word' id='word_1_150' title='bbox 2909 738 3038 777; x_wconf 79' lang='lat' dir='ltr'><strong>vero</strong></span> <span class='ocrx_word' id='word_1_151' title='bbox 3077 725 3298 794; x_wconf 88' lang='lat' dir='ltr'><strong>angelos</strong></span> <span class='ocrx_word' id='word_1_152' title='bbox 3337 728 3694 783; x_wconf 78' lang='lat' dir='ltr'><strong>tenebrarum.</strong></span> 
     </span>
    </p>
   </div>
   <div class='ocr_carea' id='block_1_22' title="bbox 2106 807 3700 879">
    <p class='ocr_par' dir='ltr' id='par_1_22' title="bbox 2106 807 3700 879">
     <span class='ocr_line' id='line_1_22' title="bbox 2106 807 3700 879; baseline 0.009 -19"><span class='ocrx_word' id='word_1_153' title='bbox 2106 807 2210 861; x_wconf 88' lang='lat' dir='ltr'><strong>Sed</strong></span> <span class='ocrx_word' id='word_1_154' title='bbox 2240 809 2342 864; x_wconf 88' lang='lat' dir='ltr'><strong>hoc</strong></span> <span class='ocrx_word' id='word_1_155' title='bbox 2371 811 2502 864; x_wconf 89' lang='lat' dir='ltr'><strong>satis</strong></span> <span class='ocrx_word' id='word_1_156' title='bbox 2525 813 2822 867; x_wconf 89' lang='lat' dir='ltr'><strong>absurdum</strong></span> <span class='ocrx_word' id='word_1_157' title='bbox 2850 829 2973 870; x_wconf 88' lang='lat' dir='ltr'><strong>esse</strong></span> <span class='ocrx_word' id='word_1_158' title='bbox 2992 826 3044 870; x_wconf 86' lang='lat' dir='ltr'><strong>et</strong></span> <span class='ocrx_word' id='word_1_159' title='bbox 3071 815 3479 879; x_wconf 88' lang='lat' dir='ltr'><strong>inconveniens,</strong></span> <span class='ocrx_word' id='word_1_160' title='bbox 3514 819 3700 878; x_wconf 82' lang='lat' dir='ltr'><strong>fratres</strong></span> 
     </span>
    </p>
   </div>
   <div class='ocr_carea' id='block_1_23' title="bbox 2108 899 3700 982">
    <p class='ocr_par' dir='ltr' id='par_1_23' title="bbox 2108 899 3700 982">
     <span class='ocr_line' id='line_1_23' title="bbox 2108 899 3700 982; baseline 0.014 -34"><span class='ocrx_word' id='word_1_161' title='bbox 2108 899 2395 965; x_wconf 82' lang='lat' dir='ltr'><strong>carissimi,</strong></span> <span class='ocrx_word' id='word_1_162' title='bbox 2430 901 2690 969; x_wconf 77' lang='lat' dir='ltr'><strong>adverto;</strong></span> <span class='ocrx_word' id='word_1_163' title='bbox 2735 904 2856 975; x_wconf 90' lang='lat' dir='ltr'><strong>quia</strong></span> <span class='ocrx_word' id='word_1_164' title='bbox 2901 923 3076 979; x_wconf 88' lang='lat' dir='ltr'><strong>neque</strong></span> <span class='ocrx_word' id='word_1_165' title='bbox 3107 911 3309 981; x_wconf 60' lang='lat' dir='ltr'><strong>refugae</strong></span> <span class='ocrx_word' id='word_1_166' title='bbox 3340 912 3454 982; x_wconf 68' lang='lat' dir='ltr'><strong>(2i)</strong></span> <span class='ocrx_word' id='word_1_167' title='bbox 3479 911 3700 970; x_wconf 82' lang='lat' dir='ltr'><strong>descen-</strong></span> 
     </span>
    </p>
   </div>
   <div class='ocr_carea' id='block_1_24' title="bbox 2107 989 3696 1075">
    <p class='ocr_par' dir='ltr' id='par_1_24' title="bbox 2107 989 3696 1075">
     <span class='ocr_line' id='line_1_24' title="bbox 2107 989 3696 1075; baseline 0.013 -33"><span class='ocrx_word' id='word_1_168' title='bbox 2107 989 2286 1055; x_wconf 92' lang='lat' dir='ltr'><strong>dunt,</strong></span> <span class='ocrx_word' id='word_1_169' title='bbox 2357 994 2447 1060; x_wconf 85' lang='lat' dir='ltr'><strong>qui</strong></span> <span class='ocrx_word' id='word_1_170' title='bbox 2513 1004 2635 1064; x_wconf 88' lang='lat' dir='ltr'><strong>post</strong></span> <span class='ocrx_word' id='word_1_171' title='bbox 2695 1008 2969 1065; x_wconf 77' lang='lat' dir='ltr'><strong>peccatum</strong></span> <span class='ocrx_word' id='word_1_172' title='bbox 3027 1002 3079 1054; x_wconf 90' lang='lat' dir='ltr'><strong>in</strong></span> <span class='ocrx_word' id='word_1_173' title='bbox 3137 1003 3336 1058; x_wconf 62' lang='lat' dir='ltr'><strong>caelum</strong></span> <span class='ocrx_word' id='word_1_174' title='bbox 3408 1021 3696 1075; x_wconf 85' lang='lat' dir='ltr'><strong>numquam</strong></span> 
     </span>
    </p>
   </div>
   <div class='ocr_carea' id='block_1_25' title="bbox 2106 1083 3697 1168">
    <p class='ocr_par' dir='ltr' id='par_1_25' title="bbox 2106 1083 3697 1168">
     <span class='ocr_line' id='line_1_25' title="bbox 2106 1083 3697 1168; baseline 0.012 -34"><span class='ocrx_word' id='word_1_175' title='bbox 2106 1083 2311 1152; x_wconf 87' lang='lat' dir='ltr'><strong>recepti</strong></span> <span class='ocrx_word' id='word_1_176' title='bbox 2367 1095 2683 1152; x_wconf 88' lang='lat' dir='ltr'><strong>noscuntur,</strong></span> <span class='ocrx_word' id='word_1_177' title='bbox 2730 1104 2903 1159; x_wconf 89' lang='lat' dir='ltr'><strong>neque</strong></span> <span class='ocrx_word' id='word_1_178' title='bbox 2964 1091 3100 1146; x_wconf 87' lang='lat' dir='ltr'><strong>lucis</strong></span> <span class='ocrx_word' id='word_1_179' title='bbox 3173 1095 3532 1162; x_wconf 79' lang='lat' dir='ltr'><strong>adscendunt,</strong></span> <span class='ocrx_word' id='word_1_180' title='bbox 3576 1099 3697 1168; x_wconf 83' lang='lat' dir='ltr'><strong>quia</strong></span> 
     </span>
    </p>
   </div>
   <div class='ocr_carea' id='block_1_26' title="bbox 2109 1178 3698 1252">
    <p class='ocr_par' dir='ltr' id='par_1_26' title="bbox 2109 1178 3698 1252">
     <span class='ocr_line' id='line_1_26' title="bbox 2109 1178 3698 1252; baseline 0.01 -24"><span class='ocrx_word' id='word_1_181' title='bbox 2109 1189 2400 1244; x_wconf 88' lang='lat' dir='ltr'><strong>numquam</strong></span> <span class='ocrx_word' id='word_1_182' title='bbox 2430 1178 2481 1230; x_wconf 89' lang='lat' dir='ltr'><strong>iu</strong></span> <span class='ocrx_word' id='word_1_183' title='bbox 2522 1180 2703 1242; x_wconf 91' lang='lat' dir='ltr'><strong>terris,</strong></span> <span class='ocrx_word' id='word_1_184' title='bbox 2735 1183 2828 1236; x_wconf 90' lang='lat' dir='ltr'><strong>sed</strong></span> <span class='ocrx_word' id='word_1_185' title='bbox 2858 1197 3076 1252; x_wconf 85' lang='lat' dir='ltr'><strong>semper</strong></span> <span class='ocrx_word' id='word_1_186' title='bbox 3107 1185 3157 1239; x_wconf 89' lang='lat' dir='ltr'><strong>in</strong></span> <span class='ocrx_word' id='word_1_187' title='bbox 3187 1187 3329 1242; x_wconf 84' lang='lat' dir='ltr'><strong>coelo</strong></span> <span class='ocrx_word' id='word_1_188' title='bbox 3369 1200 3698 1244; x_wconf 81' lang='lat' dir='ltr'><strong>manserunt.</strong></span> 
     </span>
    </p>
   </div>
   <div class='ocr_carea' id='block_1_27' title="bbox 2107 1265 3700 1351">
    <p class='ocr_par' dir='ltr' id='par_1_27' title="bbox 2107 1265 3700 1351">
     <span class='ocr_line' id='line_1_27' title="bbox 2107 1265 3700 1351; baseline 0.009 -28"><span class='ocrx_word' id='word_1_189' title='bbox 2107 1267 2262 1323; x_wconf 88' lang='lat' dir='ltr'><strong>Unde</strong></span> <span class='ocrx_word' id='word_1_190' title='bbox 2286 1270 2508 1339; x_wconf 82' lang='lat' dir='ltr'><strong>angelos</strong></span> <span class='ocrx_word' id='word_1_191' title='bbox 2537 1281 2667 1338; x_wconf 86' lang='lat' dir='ltr'><strong>puto</strong></span> <span class='ocrx_word' id='word_1_192' title='bbox 2706 1285 2853 1330; x_wconf 90' lang='lat' dir='ltr'><strong>recte</strong></span> <span class='ocrx_word' id='word_1_193' title='bbox 2884 1265 3131 1333; x_wconf 81' lang='lat' dir='ltr'><strong>homines</strong></span> <span class='ocrx_word' id='word_1_194' title='bbox 3168 1280 3486 1349; x_wconf 86' lang='lat' dir='ltr'><strong>appellatos,</strong></span> <span class='ocrx_word' id='word_1_195' title='bbox 3512 1283 3700 1351; x_wconf 90' lang='lat' dir='ltr'><strong>quibus</strong></span> 
     </span>
    </p>
   </div>
   <div class='ocr_carea' id='block_1_28' title="bbox 2108 1359 3701 1444">
    <p class='ocr_par' dir='ltr' id='par_1_28' title="bbox 2108 1359 3701 1444">
     <span class='ocr_line' id='line_1_28' title="bbox 2108 1359 3701 1444; baseline 0.01 -33"><span class='ocrx_word' id='word_1_196' title='bbox 2108 1359 2365 1413; x_wconf 88' lang='lat' dir='ltr'><strong>Dominus</strong></span> <span class='ocrx_word' id='word_1_197' title='bbox 2396 1371 2640 1416; x_wconf 91' lang='lat' dir='ltr'><strong>sanctum</strong></span> <span class='ocrx_word' id='word_1_198' title='bbox 2671 1378 2767 1433; x_wconf 86' lang='lat' dir='ltr'><strong>per</strong></span> <span class='ocrx_word' id='word_1_199' title='bbox 2796 1365 3054 1434; x_wconf 88' lang='lat' dir='ltr'><strong>Spiritum</strong></span> <span class='ocrx_word' id='word_1_200' title='bbox 3083 1369 3252 1424; x_wconf 88' lang='lat' dir='ltr'><strong>dicit:</strong></span> <span class='ocrx_word' id='word_1_201' title='bbox 3286 1370 3401 1444; x_wconf 85' lang='lat' dir='ltr'><strong>Ego</strong></span> <span class='ocrx_word' id='word_1_202' title='bbox 3441 1373 3572 1438; x_wconf 69' lang='lat' dir='ltr'><strong>dixi,</strong></span> <span class='ocrx_word' id='word_1_203' title='bbox 3616 1373 3701 1427; x_wconf 86' lang='lat' dir='ltr'><strong>Dii</strong></span> 
     </span>
    </p>
   </div>
   <div class='ocr_carea' id='block_1_29' title="bbox 2105 1451 3700 1525">
    <p class='ocr_par' dir='ltr' id='par_1_29' title="bbox 2105 1451 3700 1525">
     <span class='ocr_line' id='line_1_29' title="bbox 2105 1451 3700 1525; baseline 0.01 -22"><span class='ocrx_word' id='word_1_204' title='bbox 2105 1451 2244 1516; x_wconf 88' lang='lat' dir='ltr'><strong>estis,</strong></span> <span class='ocrx_word' id='word_1_205' title='bbox 2275 1461 2323 1506; x_wconf 88' lang='lat' dir='ltr'><strong>et</strong></span> <span class='ocrx_word' id='word_1_206' title='bbox 2358 1452 2458 1521; x_wconf 78' lang='lat' dir='ltr'><strong>ﬁlii</strong></span> <span class='ocrx_word' id='word_1_207' title='bbox 2493 1455 2681 1509; x_wconf 78' lang='lat' dir='ltr'><strong>excelsi</strong></span> <span class='ocrx_word' id='word_1_208' title='bbox 2721 1472 2930 1525; x_wconf 83' lang='lat' dir='ltr'><strong>omnes;</strong></span> <span class='ocrx_word' id='word_1_209' title='bbox 2981 1475 3070 1515; x_wconf 78' lang='lat' dir='ltr'><strong>vos</strong></span> <span class='ocrx_word' id='word_1_210' title='bbox 3111 1470 3282 1516; x_wconf 85' lang='lat' dir='ltr'><strong>autent</strong></span> <span class='ocrx_word' id='word_1_211' title='bbox 3318 1465 3450 1518; x_wconf 83' lang='lat' dir='ltr'><strong>sicut</strong></span> <span class='ocrx_word' id='word_1_212' title='bbox 3477 1463 3700 1519; x_wconf 82' lang='lat' dir='ltr'><strong>homines</strong></span> 
     </span>
    </p>
   </div>
   <div class='ocr_carea' id='block_1_30' title="bbox 2107 1544 3704 1623">
    <p class='ocr_par' dir='ltr' id='par_1_30' title="bbox 2107 1544 3704 1623">
     <span class='ocr_line' id='line_1_30' title="bbox 2107 1544 3704 1623; baseline 0.012 -27"><span class='ocrx_word' id='word_1_213' title='bbox 2107 1545 2396 1598; x_wconf 80' lang='lat' dir='ltr'><strong>moriemini</strong></span> <span class='ocrx_word' id='word_1_214' title='bbox 2427 1544 2545 1618; x_wconf 85' lang='lat' dir='ltr'><strong>(Ps.</strong></span> <span class='ocrx_word' id='word_1_215' title='bbox 2581 1563 2773 1613; x_wconf 73' lang='lat' dir='ltr'><strong>LXXXI,</strong></span> <span class='ocrx_word' id='word_1_216' title='bbox 2806 1552 2860 1617; x_wconf 86' lang='lat'><strong>6,</strong></span> <span class='ocrx_word' id='word_1_217' title='bbox 2895 1552 2972 1623; x_wconf 91' lang='lat'><strong>7).</strong></span> <span class='ocrx_word' id='word_1_218' title='bbox 3007 1552 3113 1609; x_wconf 87' lang='lat' dir='ltr'><strong>Sed</strong></span> <span class='ocrx_word' id='word_1_219' title='bbox 3153 1564 3211 1611; x_wconf 87' lang='lat' dir='ltr'><strong>et</strong></span> <span class='ocrx_word' id='word_1_220' title='bbox 3253 1555 3322 1612; x_wconf 89' lang='lat' dir='ltr'><strong>de</strong></span> <span class='ocrx_word' id='word_1_221' title='bbox 3359 1557 3569 1613; x_wconf 83' lang='lat' dir='ltr'><strong>Joanne</strong></span> <span class='ocrx_word' id='word_1_222' title='bbox 3608 1559 3704 1614; x_wconf 80' lang='lat' dir='ltr'><strong>Ba-</strong></span> 
     </span>
    </p>
   </div>
   <div class='ocr_carea' id='block_1_31' title="bbox 2107 1632 3706 1722">
    <p class='ocr_par' dir='ltr' id='par_1_31' title="bbox 2107 1632 3706 1722">
     <span class='ocr_line' id='line_1_31' title="bbox 2107 1632 3706 1722; baseline 0.011 -35"><span class='ocrx_word' id='word_1_223' title='bbox 2107 1635 2268 1704; x_wconf 85' lang='lat' dir='ltr'><strong>ptista</strong></span> <span class='ocrx_word' id='word_1_224' title='bbox 2296 1639 2376 1691; x_wconf 88' lang='lat' dir='ltr'><strong>sic</strong></span> <span class='ocrx_word' id='word_1_225' title='bbox 2391 1636 2592 1693; x_wconf 89' lang='lat' dir='ltr'><strong>dictum</strong></span> <span class='ocrx_word' id='word_1_226' title='bbox 2625 1655 2747 1696; x_wconf 89' lang='lat' dir='ltr'><strong>esse</strong></span> <span class='ocrx_word' id='word_1_227' title='bbox 2775 1645 3160 1701; x_wconf 81' lang='lat' dir='ltr'><strong>meminimus:</strong></span> <span class='ocrx_word' id='word_1_228' title='bbox 3193 1645 3329 1702; x_wconf 85' lang='lat' dir='ltr'><strong>Ecce</strong></span> <span class='ocrx_word' id='word_1_229' title='bbox 3367 1650 3513 1704; x_wconf 81' lang='lat' dir='ltr'><strong>mitto</strong></span> <span class='ocrx_word' id='word_1_230' title='bbox 3539 1632 3706 1722; x_wconf 69' lang='lat' dir='ltr'><strong>Ange-</strong></span> 
     </span>
    </p>
   </div>
   <div class='ocr_carea' id='block_1_32' title="bbox 2108 1728 3703 1810">
    <p class='ocr_par' dir='ltr' id='par_1_32' title="bbox 2108 1728 3703 1810">
     <span class='ocr_line' id='line_1_32' title="bbox 2108 1728 3703 1810; baseline 0.011 -30"><span class='ocrx_word' id='word_1_231' title='bbox 2108 1728 2216 1781; x_wconf 86' lang='lat' dir='ltr'><strong>lum</strong></span> <span class='ocrx_word' id='word_1_232' title='bbox 2235 1745 2403 1783; x_wconf 89' lang='lat' dir='ltr'><strong>meum</strong></span> <span class='ocrx_word' id='word_1_233' title='bbox 2422 1740 2540 1786; x_wconf 84' lang='lat' dir='ltr'><strong>ante</strong></span> <span class='ocrx_word' id='word_1_234' title='bbox 2561 1733 2746 1802; x_wconf 81' lang='lat' dir='ltr'><strong>[aciem</strong></span> <span class='ocrx_word' id='word_1_235' title='bbox 2773 1745 2935 1803; x_wconf 85' lang='lat' dir='ltr'><strong>tuam,</strong></span> <span class='ocrx_word' id='word_1_236' title='bbox 2960 1740 3048 1808; x_wconf 83' lang='lat' dir='ltr'><strong>qui</strong></span> <span class='ocrx_word' id='word_1_237' title='bbox 3073 1743 3388 1810; x_wconf 61' lang='lat' dir='ltr'><strong>praeparabit</strong></span> <span class='ocrx_word' id='word_1_238' title='bbox 3405 1745 3537 1796; x_wconf 79' lang='lat' dir='ltr'><strong>viam</strong></span> <span class='ocrx_word' id='word_1_239' title='bbox 3566 1754 3703 1797; x_wconf 84' lang='lat' dir='ltr'><strong>tuam</strong></span> 
     </span>
    </p>
   </div>
   <div class='ocr_carea' id='block_1_33' title="bbox 409 1820 2015 1906">
    <p class='ocr_par' dir='ltr' id='par_1_33' title="bbox 409 1829 2010 1900">
     <span class='ocr_line' id='line_1_33' title="bbox 409 1829 2010 1900; baseline -0.001 -15"><span class='ocrx_word' id='word_1_240' title='bbox 409 1832 553 1886; x_wconf 89' lang='lat' dir='ltr'><strong>scala</strong></span> <span class='ocrx_word' id='word_1_241' title='bbox 581 1830 883 1885; x_wconf 88' lang='lat' dir='ltr'><strong>rectissime</strong></span> <span class='ocrx_word' id='word_1_242' title='bbox 926 1830 1180 1898; x_wconf 88' lang='lat' dir='ltr'><strong>positum,</strong></span> <span class='ocrx_word' id='word_1_243' title='bbox 1213 1829 1340 1900; x_wconf 85' lang='lat' dir='ltr'><strong>quia</strong></span> <span class='ocrx_word' id='word_1_244' title='bbox 1387 1829 1612 1885; x_wconf 86' lang='lat' dir='ltr'><strong>historia</strong></span> <span class='ocrx_word' id='word_1_245' title='bbox 1658 1830 1841 1884; x_wconf 82' lang='lat' dir='ltr'><strong>totius‘</strong></span> <span class='ocrx_word' id='word_1_246' title='bbox 1867 1829 2010 1886; x_wconf 90' lang='lat' dir='ltr'><strong>Scri-</strong></span> 
     </span>
    </p>
   </div>
   <div class='ocr_carea' id='block_1_34' title="bbox 2191 1820 3702 1906">
    <p class='ocr_par' dir='ltr' id='par_1_34' title="bbox 2191 1821 3702 1906">
     <span class='ocr_line' id='line_1_34' title="bbox 2191 1821 3702 1906; baseline 0.009 -31"><span class='ocrx_word' id='word_1_247' title='bbox 2191 1821 2372 1876; x_wconf 83' lang='lat' dir='ltr'><strong>&#39;alaclt.</strong></span> <span class='ocrx_word' id='word_1_248' title='bbox 2397 1840 2486 1890; x_wconf 85' lang='lat' dir='ltr'><strong>tu;</strong></span> <span class='ocrx_word' id='word_1_249' title='bbox 2517 1825 2647 1881; x_wconf 84' lang='lat' dir='ltr'><strong>Luc.</strong></span> <span class='ocrx_word' id='word_1_250' title='bbox 2677 1844 2771 1888; x_wconf 85' lang='lat' dir='ltr'><strong>vu.</strong></span> <span class='ocrx_word' id='word_1_251' title='bbox 2797 1829 2901 1894; x_wconf 75' lang='lat'><strong>27;</strong></span> <span class='ocrx_word' id='word_1_252' title='bbox 2935 1829 3157 1899; x_wconf 57' lang='lat' dir='ltr'><strong>Marini,</strong></span> <span class='ocrx_word' id='word_1_253' title='bbox 3179 1832 3245 1898; x_wconf 76' lang='lat'><strong>2;</strong></span> <span class='ocrx_word' id='word_1_254' title='bbox 3280 1833 3474 1889; x_wconf 72' lang='lat' dir='ltr'><strong>Matth.</strong></span> <span class='ocrx_word' id='word_1_255' title='bbox 3502 1836 3702 1906; x_wconf 58' lang='grc' dir='ltr'><strong>ΠΛΟ).</strong></span> 
     </span>
    </p>
   </div>
   <div class='ocr_carea' id='block_1_35' title="bbox 410 1921 2004 1993">
    <p class='ocr_par' dir='ltr' id='par_1_35' title="bbox 410 1921 2004 1993">
     <span class='ocr_line' id='line_1_35' title="bbox 410 1921 2004 1993; baseline -0.001 -16"><span class='ocrx_word' id='word_1_256' title='bbox 410 1932 583 1993; x_wconf 84' lang='lat' dir='ltr'><strong>ptnrae</strong></span> <span class='ocrx_word' id='word_1_257' title='bbox 615 1929 671 1976; x_wconf 91' lang='lat' dir='ltr'><strong>et</strong></span> <span class='ocrx_word' id='word_1_258' title='bbox 701 1932 922 1992; x_wconf 87' lang='lat' dir='ltr'><strong>propter</strong></span> <span class='ocrx_word' id='word_1_259' title='bbox 945 1921 1121 1993; x_wconf 83' lang='lat' dir='ltr'><strong>ipsum</strong></span> <span class='ocrx_word' id='word_1_260' title='bbox 1147 1930 1201 1976; x_wconf 88' lang='lat' dir='ltr'><strong>et</strong></span> <span class='ocrx_word' id='word_1_261' title='bbox 1239 1933 1517 1976; x_wconf 86' lang='lat' dir='ltr'><strong>auctorem</strong></span> <span class='ocrx_word' id='word_1_262' title='bbox 1547 1935 1645 1990; x_wconf 88' lang='lat' dir='ltr'><strong>per</strong></span> <span class='ocrx_word' id='word_1_263' title='bbox 1675 1922 1849 1990; x_wconf 87' lang='lat' dir='ltr'><strong>ipsum</strong></span> <span class='ocrx_word' id='word_1_264' title='bbox 1902 1922 2004 1975; x_wconf 57' lang='lat' dir='ltr'><strong>imo</strong></span> 
     </span>
    </p>
   </div>
   <div class='ocr_carea' id='block_1_36' title="bbox 412 2011 2008 2085">
    <p class='ocr_par' dir='ltr' id='par_1_36' title="bbox 412 2011 2008 2085">
     <span class='ocr_line' id='line_1_36' title="bbox 412 2011 2008 2085; baseline -0.003 -16"><span class='ocrx_word' id='word_1_265' title='bbox 412 2016 558 2085; x_wconf 88' lang='lat' dir='ltr'><strong>pleta</strong></span> <span class='ocrx_word' id='word_1_266' title='bbox 621 2026 722 2069; x_wconf 86' lang='lat' dir='ltr'><strong>est.</strong></span> <span class='ocrx_word' id='word_1_267' title='bbox 782 2014 1023 2084; x_wconf 86' lang='lat' dir='ltr'><strong>Denique</strong></span> <span class='ocrx_word' id='word_1_268' title='bbox 1073 2015 1151 2068; x_wconf 88' lang='lat' dir='ltr'><strong>sic</strong></span> <span class='ocrx_word' id='word_1_269' title='bbox 1198 2013 1266 2077; x_wconf 87' lang='lat' dir='ltr'><strong>ad</strong></span> <span class='ocrx_word' id='word_1_270' title='bbox 1314 2011 1611 2082; x_wconf 86' lang='lat' dir='ltr'><strong>discipulos</strong></span> <span class='ocrx_word' id='word_1_271' title='bbox 1656 2013 1776 2066; x_wconf 88' lang='lat' dir='ltr'><strong>ait:</strong></span> <span class='ocrx_word' id='word_1_272' title='bbox 1828 2011 2008 2067; x_wconf 89' lang='lat' dir='ltr'><strong>Omnis</strong></span> 
     </span>
    </p>
   </div>
   <div class='ocr_carea' id='block_1_37' title="bbox 413 2093 2006 2176">
    <p class='ocr_par' dir='ltr' id='par_1_37' title="bbox 413 2093 2006 2176">
     <span class='ocr_line' id='line_1_37' title="bbox 413 2093 2006 2176; baseline -0.003 -14"><span class='ocrx_word' id='word_1_273' title='bbox 413 2109 584 2162; x_wconf 87' lang='lat' dir='ltr'><strong>scriba</strong></span> <span class='ocrx_word' id='word_1_274' title='bbox 614 2109 792 2161; x_wconf 86' lang='lat' dir='ltr'><strong>doctus</strong></span> <span class='ocrx_word' id='word_1_275' title='bbox 823 2107 886 2160; x_wconf 89' lang='lat' dir='ltr'><strong>de</strong></span> <span class='ocrx_word' id='word_1_276' title='bbox 912 2123 1068 2176; x_wconf 87' lang='lat' dir='ltr'><strong>regno</strong></span> <span class='ocrx_word' id='word_1_277' title='bbox 1098 2093 1341 2160; x_wconf 76' lang='lat' dir='ltr'><strong>caelorum</strong></span> <span class='ocrx_word' id='word_1_278' title='bbox 1367 2106 1551 2160; x_wconf 83' lang='lat' dir='ltr'><strong>similis</strong></span> <span class='ocrx_word' id='word_1_279' title='bbox 1565 2105 2006 2176; x_wconf 82' lang='lat' dir='ltr'><strong>est(l6)patrifa-</strong></span> 
     </span>
    </p>
   </div>
   <div class='ocr_carea' id='block_1_38' title="bbox 413 2198 2011 2273">
    <p class='ocr_par' dir='ltr' id='par_1_38' title="bbox 413 2198 2011 2273">
     <span class='ocr_line' id='line_1_38' title="bbox 413 2198 2011 2273; baseline -0.001 -21"><span class='ocrx_word' id='word_1_280' title='bbox 413 2201 584 2254; x_wconf 78' lang='lat' dir='ltr'><strong>mitias</strong></span> <span class='ocrx_word' id='word_1_281' title='bbox 630 2201 910 2273; x_wconf 79' lang='lat' dir='ltr'><strong>proferenti</strong></span> <span class='ocrx_word' id='word_1_282' title='bbox 977 2199 1040 2252; x_wconf 87' lang='lat' dir='ltr'><strong>de</strong></span> <span class='ocrx_word' id='word_1_283' title='bbox 1091 2198 1343 2253; x_wconf 77' lang='lat' dir='ltr'><strong>thesauris</strong></span> <span class='ocrx_word' id='word_1_284' title='bbox 1397 2199 1505 2252; x_wconf 87' lang='lat' dir='ltr'><strong>suis</strong></span> <span class='ocrx_word' id='word_1_285' title='bbox 1551 2213 1682 2252; x_wconf 81' lang='lat' dir='ltr'><strong>noua</strong></span> <span class='ocrx_word' id='word_1_286' title='bbox 1743 2207 1790 2251; x_wconf 90' lang='lat' dir='ltr'><strong>et</strong></span> <span class='ocrx_word' id='word_1_287' title='bbox 1842 2206 2011 2251; x_wconf 80' lang='lat' dir='ltr'><strong>vetera</strong></span> 
     </span>
    </p>
   </div>
   <div class='ocr_carea' id='block_1_39' title="bbox 416 2276 2010 2367">
    <p class='ocr_par' dir='ltr' id='par_1_39' title="bbox 416 2276 2010 2367">
     <span class='ocr_line' id='line_1_39' title="bbox 416 2276 2010 2367; baseline -0.003 -21"><span class='ocrx_word' id='word_1_288' title='bbox 416 2292 654 2365; x_wconf 85' lang='lat' dir='ltr'><strong>(Matth.,</strong></span> <span class='ocrx_word' id='word_1_289' title='bbox 690 2308 806 2357; x_wconf 85' lang='lat' dir='ltr'><strong>xm,</strong></span> <span class='ocrx_word' id='word_1_290' title='bbox 840 2290 957 2361; x_wconf 75' lang='lat'><strong>52).</strong></span> <span class='ocrx_word' id='word_1_291' title='bbox 993 2276 1220 2356; x_wconf 79' lang='lat' dir='ltr'><strong>Scriba,</strong></span> <span class='ocrx_word' id='word_1_292' title='bbox 1263 2289 1500 2352; x_wconf 65' lang='lat' dir='ltr'><strong>fratres,~</strong></span> <span class='ocrx_word' id='word_1_293' title='bbox 1526 2299 1610 2344; x_wconf 91' lang='lat' dir='ltr'><strong>est</strong></span> <span class='ocrx_word' id='word_1_294' title='bbox 1641 2289 1963 2367; x_wconf 60' lang='lat' dir='ltr'><strong>praedicator</strong></span> <span class='ocrx_word' id='word_1_295' title='bbox 1997 2305 2010 2342; x_wconf 94' lang='lat'>:</span> 
     </span>
    </p>
   </div>
   <div class='ocr_carea' id='block_1_40' title="bbox 414 2380 2012 2454">
    <p class='ocr_par' dir='ltr' id='par_1_40' title="bbox 414 2380 2012 2454">
     <span class='ocr_line' id='line_1_40' title="bbox 414 2380 2012 2454; baseline -0.001 -17"><span class='ocrx_word' id='word_1_296' title='bbox 414 2381 804 2454; x_wconf 77' lang='lat' dir='ltr'><strong>paterfamilias</strong></span> <span class='ocrx_word' id='word_1_297' title='bbox 825 2384 1098 2439; x_wconf 85' lang='lat' dir='ltr'><strong>Christus:</strong></span> <span class='ocrx_word' id='word_1_298' title='bbox 1133 2382 1370 2437; x_wconf 80' lang='lat' dir='ltr'><strong>thesauri</strong></span> <span class='ocrx_word' id='word_1_299' title='bbox 1385 2382 1501 2452; x_wconf 88' lang='lat' dir='ltr'><strong>ejus</strong></span> <span class='ocrx_word' id='word_1_300' title='bbox 1525 2380 1639 2454; x_wconf 87' lang='lat' dir='ltr'><strong>(l7)</strong></span> <span class='ocrx_word' id='word_1_301' title='bbox 1661 2382 2012 2436; x_wconf 79' lang='lat' dir='ltr'><strong>indeminnta:</strong></span> 
     </span>
    </p>
   </div>
   <div class='ocr_carea' id='block_1_41' title="bbox 414 2476 2011 2546">
    <p class='ocr_par' dir='ltr' id='par_1_41' title="bbox 414 2476 2011 2546">
     <span class='ocr_line' id='line_1_41' title="bbox 414 2476 2011 2546; baseline -0.003 -15"><span class='ocrx_word' id='word_1_302' title='bbox 414 2476 633 2532; x_wconf 91' lang='lat' dir='ltr'><strong>deitatis</strong></span> <span class='ocrx_word' id='word_1_303' title='bbox 687 2488 911 2546; x_wconf 83' lang='lat' dir='ltr'><strong>paterna</strong></span> <span class='ocrx_word' id='word_1_304' title='bbox 968 2476 1269 2531; x_wconf 89' lang='lat' dir='ltr'><strong>substantia</strong></span> <span class='ocrx_word' id='word_1_305' title='bbox 1333 2484 1660 2545; x_wconf 88' lang='lat' dir='ltr'><strong>paternaquc</strong></span> <span class='ocrx_word' id='word_1_306' title='bbox 1715 2476 2011 2529; x_wconf 82' lang='lat' dir='ltr'><strong>voluntas:</strong></span> 
     </span>
    </p>
   </div>
   <div class='ocr_carea' id='block_1_42' title="bbox 419 2565 2016 2646">
    <p class='ocr_par' dir='ltr' id='par_1_42' title="bbox 419 2565 2016 2646">
     <span class='ocr_line' id='line_1_42' title="bbox 419 2565 2016 2646; baseline -0.003 -22"><span class='ocrx_word' id='word_1_307' title='bbox 419 2585 556 2625; x_wconf 88' lang='lat' dir='ltr'><strong>nova</strong></span> <span class='ocrx_word' id='word_1_308' title='bbox 600 2579 655 2624; x_wconf 90' lang='lat' dir='ltr'><strong>et</strong></span> <span class='ocrx_word' id='word_1_309' title='bbox 696 2578 877 2624; x_wconf 86' lang='lat' dir='ltr'><strong>vetera</strong></span> <span class='ocrx_word' id='word_1_310' title='bbox 909 2568 1016 2623; x_wconf 92' lang='lat' dir='ltr'><strong>duo</strong></span> <span class='ocrx_word' id='word_1_311' title='bbox 1047 2566 1414 2634; x_wconf 73' lang='lat' dir='ltr'><strong>Testamenta,</strong></span> <span class='ocrx_word' id='word_1_312' title='bbox 1448 2583 1570 2637; x_wconf 75' lang='lat' dir='ltr'><strong>qua:</strong></span> <span class='ocrx_word' id='word_1_313' title='bbox 1625 2565 1820 2646; x_wconf 79' lang='lat' dir='ltr'><strong>videtis</strong></span> <span class='ocrx_word' id='word_1_314' title='bbox 1867 2575 2016 2621; x_wconf 89' lang='lat' dir='ltr'><strong>recte</strong></span> 
     </span>
    </p>
   </div>
   <div class='ocr_carea' id='block_1_43' title="bbox 413 2660 2018 2736">
    <p class='ocr_par' dir='ltr' id='par_1_43' title="bbox 413 2660 2018 2736">
     <span class='ocr_line' id='line_1_43' title="bbox 413 2660 2018 2736; baseline -0.004 -16"><span class='ocrx_word' id='word_1_315' title='bbox 413 2662 602 2736; x_wconf 77' lang='lat' dir='ltr'><strong>eadem</strong></span> <span class='ocrx_word' id='word_1_316' title='bbox 634 2661 751 2716; x_wconf 85' lang='lat' dir='ltr'><strong>sine</strong></span> <span class='ocrx_word' id='word_1_317' title='bbox 775 2662 1124 2733; x_wconf 77' lang='lat' dir='ltr'><strong>ambiguitate</strong></span> <span class='ocrx_word' id='word_1_318' title='bbox 1151 2677 1181 2718; x_wconf 71' lang='grc' dir='ltr'><strong>ιι</strong></span> <span class='ocrx_word' id='word_1_319' title='bbox 1211 2661 1437 2714; x_wconf 91' lang='lat' dir='ltr'><strong>Domino</strong></span> <span class='ocrx_word' id='word_1_320' title='bbox 1468 2660 1591 2716; x_wconf 90' lang='lat' dir='ltr'><strong>heic</strong></span> <span class='ocrx_word' id='word_1_321' title='bbox 1625 2675 1844 2730; x_wconf 84' lang='lat' dir='ltr'><strong>quoque</strong></span> <span class='ocrx_word' id='word_1_322' title='bbox 1883 2660 2018 2714; x_wconf 91' lang='lat' dir='ltr'><strong>duo-</strong></span> 
     </span>
    </p>
   </div>
   <div class='ocr_carea' id='block_1_44' title="bbox 401 2754 2018 2825">
    <p class='ocr_par' dir='ltr' id='par_1_44' title="bbox 401 2754 2018 2825">
     <span class='ocr_line' id='line_1_44' title="bbox 401 2754 2018 2825; baseline -0.003 -14"><span class='ocrx_word' id='word_1_323' title='bbox 401 2757 536 2811; x_wconf 64' lang='lat' dir='ltr'><strong>‘rum</strong></span> <span class='ocrx_word' id='word_1_324' title='bbox 559 2755 908 2811; x_wconf 87' lang='lat' dir='ltr'><strong>denariorum</strong></span> <span class='ocrx_word' id='word_1_325' title='bbox 934 2770 1057 2811; x_wconf 91' lang='lat' dir='ltr'><strong>esse</strong></span> <span class='ocrx_word' id='word_1_326' title='bbox 1087 2755 1254 2825; x_wconf 80' lang='lat' dir='ltr'><strong>ﬁgura</strong></span> <span class='ocrx_word' id='word_1_327' title='bbox 1283 2755 1500 2819; x_wconf 89' lang='lat' dir='ltr'><strong>vestita,</strong></span> <span class='ocrx_word' id='word_1_328' title='bbox 1535 2754 1635 2809; x_wconf 88' lang='lat' dir='ltr'><strong>hac</strong></span> <span class='ocrx_word' id='word_1_329' title='bbox 1658 2754 1908 2809; x_wconf 80' lang='lat' dir='ltr'><strong>videlicet</strong></span> <span class='ocrx_word' id='word_1_330' title='bbox 1934 2769 2018 2808; x_wconf 86' lang='lat' dir='ltr'><strong>ra-</strong></span> 
     </span>
    </p>
   </div>
   <div class='ocr_carea' id='block_1_45' title="bbox 373 2848 2020 2919">
    <p class='ocr_par' dir='ltr' id='par_1_45' title="bbox 373 2848 2020 2919">
     <span class='ocr_line' id='line_1_45' title="bbox 373 2848 2020 2919; baseline -0.003 -14"><span class='ocrx_word' id='word_1_331' title='bbox 373 2910 375 2913; x_wconf 25' lang='lat'><strong><em>.</em></strong></span> <span class='ocrx_word' id='word_1_332' title='bbox 423 2851 606 2918; x_wconf 89' lang='lat' dir='ltr'><strong>tione,</strong></span> <span class='ocrx_word' id='word_1_333' title='bbox 661 2851 786 2919; x_wconf 88' lang='lat' dir='ltr'><strong>quia</strong></span> <span class='ocrx_word' id='word_1_334' title='bbox 840 2852 891 2905; x_wconf 94' lang='lat' dir='ltr'><strong>iu</strong></span> <span class='ocrx_word' id='word_1_335' title='bbox 950 2851 1221 2905; x_wconf 88' lang='lat' dir='ltr'><strong>thesauris</strong></span> <span class='ocrx_word' id='word_1_336' title='bbox 1275 2849 1386 2904; x_wconf 88' lang='lat' dir='ltr'><strong>suis</strong></span> <span class='ocrx_word' id='word_1_337' title='bbox 1438 2848 1574 2903; x_wconf 78' lang='lat' dir='ltr'><strong>ducs</strong></span> <span class='ocrx_word' id='word_1_338' title='bbox 1630 2849 1884 2904; x_wconf 89' lang='lat' dir='ltr'><strong>denarios</strong></span> <span class='ocrx_word' id='word_1_339' title='bbox 1939 2850 2020 2902; x_wconf 93' lang='lat' dir='ltr'><strong>iu-</strong></span> 
     </span>
    </p>
   </div>
   <div class='ocr_carea' id='block_1_46' title="bbox 425 2935 2020 3020">
    <p class='ocr_par' dir='ltr' id='par_1_46' title="bbox 425 2935 2020 3020">
     <span class='ocr_line' id='line_1_46' title="bbox 425 2935 2020 3020; baseline -0.004 -19"><span class='ocrx_word' id='word_1_340' title='bbox 425 2946 593 3018; x_wconf 84' lang='lat' dir='ltr'><strong>telligi</strong></span> <span class='ocrx_word' id='word_1_341' title='bbox 663 2946 844 3020; x_wconf 82' lang='lat' dir='ltr'><strong>voluit</strong></span> <span class='ocrx_word' id='word_1_342' title='bbox 904 2947 1141 3000; x_wconf 84' lang='lat' dir='ltr'><strong>novitate</strong></span> <span class='ocrx_word' id='word_1_343' title='bbox 1212 2953 1268 3000; x_wconf 91' lang='lat' dir='ltr'><strong>et</strong></span> <span class='ocrx_word' id='word_1_344' title='bbox 1339 2935 1607 3005; x_wconf 79' lang='lat' dir='ltr'><strong>vetustate</strong></span> <span class='ocrx_word' id='word_1_345' title='bbox 1674 2943 1782 2998; x_wconf 92' lang='lat' dir='ltr'><strong>duo</strong></span> <span class='ocrx_word' id='word_1_346' title='bbox 1835 2942 2020 3000; x_wconf 87' lang='lat' dir='ltr'><strong>Testa-</strong></span> 
     </span>
    </p>
   </div>
   <div class='ocr_carea' id='block_1_47' title="bbox 427 3036 2021 3100">
    <p class='ocr_par' dir='ltr' id='par_1_47' title="bbox 427 3036 2021 3100">
     <span class='ocr_line' id='line_1_47' title="bbox 427 3036 2021 3100; baseline -0.004 -6"><span class='ocrx_word' id='word_1_347' title='bbox 427 3045 631 3095; x_wconf 79' lang='lat' dir='ltr'><strong>menta;</strong></span> <span class='ocrx_word' id='word_1_348' title='bbox 702 3039 814 3094; x_wconf 81' lang='lat' dir='ltr'><strong>Hos</strong></span> <span class='ocrx_word' id='word_1_349' title='bbox 878 3039 1015 3093; x_wconf 90' lang='lat' dir='ltr'><strong>duos</strong></span> <span class='ocrx_word' id='word_1_350' title='bbox 1085 3036 1335 3094; x_wconf 87' lang='lat' dir='ltr'><strong>denarios</strong></span> <span class='ocrx_word' id='word_1_351' title='bbox 1408 3051 1439 3090; x_wconf 92' lang='lat' dir='ltr'><strong>a</strong></span> <span class='ocrx_word' id='word_1_352' title='bbox 1494 3036 1842 3100; x_wconf 73' lang='lat' dir='ltr'><strong>~Samaritano</strong></span> <span class='ocrx_word' id='word_1_353' title='bbox 1907 3044 2021 3090; x_wconf 89' lang='lat' dir='ltr'><strong>sta-</strong></span> 
     </span>
    </p>
   </div>
   <div class='ocr_carea' id='block_1_48' title="bbox 425 3112 2014 3204">
    <p class='ocr_par' dir='ltr' id='par_1_48' title="bbox 425 3112 2014 3204">
     <span class='ocr_line' id='line_1_48' title="bbox 425 3112 2014 3204; baseline -0.004 -14"><span class='ocrx_word' id='word_1_354' title='bbox 425 3134 637 3190; x_wconf 85' lang='lat' dir='ltr'><strong>bulario</strong></span> <span class='ocrx_word' id='word_1_355' title='bbox 666 3112 761 3204; x_wconf 68' lang='lat' dir='ltr'><strong>prd</strong></span> <span class='ocrx_word' id='word_1_356' title='bbox 789 3149 874 3201; x_wconf 90' lang='lat' dir='ltr'><strong>eo,</strong></span> <span class='ocrx_word' id='word_1_357' title='bbox 931 3133 1019 3204; x_wconf 90' lang='lat' dir='ltr'><strong>qui</strong></span> <span class='ocrx_word' id='word_1_358' title='bbox 1075 3147 1106 3186; x_wconf 91' lang='lat' dir='ltr'><strong>a</strong></span> <span class='ocrx_word' id='word_1_359' title='bbox 1147 3131 1458 3186; x_wconf 80' lang='lat' dir='ltr'><strong>latronibus</strong></span> <span class='ocrx_word' id='word_1_360' title='bbox 1496 3131 1611 3204; x_wconf 78' lang='grc'><strong>(18)</strong></span> <span class='ocrx_word' id='word_1_361' title='bbox 1638 3143 2014 3200; x_wconf 84' lang='lat' dir='ltr'><strong>aggressuram</strong></span> 
     </span>
    </p>
   </div>
   <div class='ocr_carea' id='block_1_49' title="bbox 2063 1915 3710 1996">
    <p class='ocr_par' dir='ltr' id='par_1_49' title="bbox 2063 1915 3710 1996">
     <span class='ocr_line' id='line_1_49' title="bbox 2063 1915 3710 1996; baseline 0.009 -29"><span class='ocrx_word' id='word_1_362' title='bbox 2063 1938 2073 1943; x_wconf 94' lang='lat'><strong><em>-</em></strong></span> <span class='ocrx_word' id='word_1_363' title='bbox 2111 1915 2256 1984; x_wconf 84' lang='lat' dir='ltr'><strong>Ergo</strong></span> <span class='ocrx_word' id='word_1_364' title='bbox 2283 1917 2626 1973; x_wconf 80' lang='lat' dir='ltr'><strong>manifestum</strong></span> <span class='ocrx_word' id='word_1_365' title='bbox 2658 1929 2764 1987; x_wconf 90' lang='lat' dir='ltr'><strong>est,</strong></span> <span class='ocrx_word' id='word_1_366' title='bbox 2789 1921 3084 1992; x_wconf 79' lang='lat' dir='ltr'><strong>prophetiae</strong></span> <span class='ocrx_word' id='word_1_367' title='bbox 3111 1939 3261 1980; x_wconf 89' lang='lat' dir='ltr'><strong>more</strong></span> <span class='ocrx_word' id='word_1_368' title='bbox 3285 1927 3512 1996; x_wconf 82' lang='lat' dir='ltr'><strong>angelos</strong></span> <span class='ocrx_word' id='word_1_369' title='bbox 3541 1927 3710 1981; x_wconf 85' lang='lat' dir='ltr'><strong>homi-</strong></span> 
     </span>
    </p>
   </div>
   <div class='ocr_carea' id='block_1_50' title="bbox 2112 2009 3709 2083">
    <p class='ocr_par' dir='ltr' id='par_1_50' title="bbox 2112 2009 3709 2083">
     <span class='ocr_line' id='line_1_50' title="bbox 2112 2009 3709 2083; baseline 0.008 -23"><span class='ocrx_word' id='word_1_370' title='bbox 2112 2022 2208 2063; x_wconf 85' lang='lat' dir='ltr'><strong>nes</strong></span> <span class='ocrx_word' id='word_1_371' title='bbox 2233 2009 2409 2077; x_wconf 88' lang='lat' dir='ltr'><strong>justos</strong></span> <span class='ocrx_word' id='word_1_372' title='bbox 2442 2023 2494 2065; x_wconf 85' lang='lat' dir='ltr'><strong>et</strong></span> <span class='ocrx_word' id='word_1_373' title='bbox 2520 2010 3109 2083; x_wconf 79' lang='lat' dir='ltr'><strong>injuswsgeneraliter</strong></span> <span class='ocrx_word' id='word_1_374' title='bbox 3129 2015 3328 2071; x_wconf 88' lang='lat' dir='ltr'><strong>dictos.</strong></span> <span class='ocrx_word' id='word_1_375' title='bbox 3364 2017 3471 2081; x_wconf 89' lang='lat' dir='ltr'><strong>Sed</strong></span> <span class='ocrx_word' id='word_1_376' title='bbox 3492 2018 3709 2072; x_wconf 77' lang='lat' dir='ltr'><strong>adscen-</strong></span> 
     </span>
    </p>
   </div>
   <div class='ocr_carea' id='block_1_51' title="bbox 2110 2088 3708 2182">
    <p class='ocr_par' dir='ltr' id='par_1_51' title="bbox 2110 2088 3708 2182">
     <span class='ocr_line' id='line_1_51' title="bbox 2110 2088 3708 2182; baseline 0.007 -30"><span class='ocrx_word' id='word_1_377' title='bbox 2110 2097 2304 2153; x_wconf 88' lang='lat' dir='ltr'><strong>dentcs</strong></span> <span class='ocrx_word' id='word_1_378' title='bbox 2333 2108 2388 2154; x_wconf 91' lang='lat' dir='ltr'><strong>et</strong></span> <span class='ocrx_word' id='word_1_379' title='bbox 2429 2100 2823 2158; x_wconf 78' lang='lat' dir='ltr'><strong>descendentes</strong></span> <span class='ocrx_word' id='word_1_380' title='bbox 2867 2107 2955 2174; x_wconf 91' lang='lat' dir='ltr'><strong>qui</strong></span> <span class='ocrx_word' id='word_1_381' title='bbox 2989 2088 3123 2174; x_wconf 82' lang='lat' dir='ltr'><strong>sint,</strong></span> <span class='ocrx_word' id='word_1_382' title='bbox 3154 2109 3208 2162; x_wconf 92' lang='lat' dir='ltr'><strong>iu</strong></span> <span class='ocrx_word' id='word_1_383' title='bbox 3241 2111 3509 2180; x_wconf 79' lang='lat' dir='ltr'><strong>exemplis</strong></span> <span class='ocrx_word' id='word_1_384' title='bbox 3543 2114 3708 2182; x_wconf 78' lang='lat' dir='ltr'><strong>agno-</strong></span> 
     </span>
    </p>
   </div>
   <div class='ocr_carea' id='block_1_52' title="bbox 2112 2192 3706 2270">
    <p class='ocr_par' dir='ltr' id='par_1_52' title="bbox 2112 2192 3706 2270">
     <span class='ocr_line' id='line_1_52' title="bbox 2112 2192 3706 2270; baseline 0.007 -24"><span class='ocrx_word' id='word_1_385' title='bbox 2112 2192 2333 2248; x_wconf 90' lang='lat' dir='ltr'><strong>scimus.</strong></span> <span class='ocrx_word' id='word_1_386' title='bbox 2362 2195 2763 2252; x_wconf 88' lang='lat' dir='ltr'><strong>Descendentes</strong></span> <span class='ocrx_word' id='word_1_387' title='bbox 2801 2212 2927 2253; x_wconf 89' lang='lat' dir='ltr'><strong>sunt</strong></span> <span class='ocrx_word' id='word_1_388' title='bbox 2955 2201 3046 2270; x_wconf 71' lang='lat' dir='ltr'><strong>Qui</strong></span> <span class='ocrx_word' id='word_1_389' title='bbox 3078 2201 3283 2256; x_wconf 66' lang='lat' dir='ltr'><strong>saeculo</strong></span> <span class='ocrx_word' id='word_1_390' title='bbox 3314 2202 3706 2270; x_wconf 83' lang='lat' dir='ltr'><strong>renuntiantes,</strong></span> 
     </span>
    </p>
   </div>
   <div class='ocr_carea' id='block_1_53' title="bbox 2114 2281 3706 2364">
    <p class='ocr_par' dir='ltr' id='par_1_53' title="bbox 2114 2281 3706 2364">
     <span class='ocr_line' id='line_1_53' title="bbox 2114 2281 3706 2364; baseline 0.006 -25"><span class='ocrx_word' id='word_1_391' title='bbox 2114 2300 2302 2340; x_wconf 89' lang='lat' dir='ltr'><strong>rursus</strong></span> <span class='ocrx_word' id='word_1_392' title='bbox 2327 2295 2671 2343; x_wconf 88' lang='lat' dir='ltr'><strong>revertuntur</strong></span> <span class='ocrx_word' id='word_1_393' title='bbox 2703 2290 2769 2343; x_wconf 86' lang='lat' dir='ltr'><strong>ad</strong></span> <span class='ocrx_word' id='word_1_394' title='bbox 2802 2293 3181 2356; x_wconf 62' lang='lat' dir='ltr'><strong>smculnm,‘de</strong></span> <span class='ocrx_word' id='word_1_395' title='bbox 3209 2281 3405 2364; x_wconf 80' lang='lat' dir='ltr'><strong>quibus</strong></span> <span class='ocrx_word' id='word_1_396' title='bbox 3448 2296 3706 2350; x_wconf 88' lang='lat' dir='ltr'><strong>Dominus</strong></span> 
     </span>
    </p>
   </div>
   <div class='ocr_carea' id='block_1_54' title="bbox 2115 2377 3716 2460">
    <p class='ocr_par' dir='ltr' id='par_1_54' title="bbox 2115 2377 3716 2460">
     <span class='ocr_line' id='line_1_54' title="bbox 2115 2377 3716 2460; baseline 0.007 -29"><span class='ocrx_word' id='word_1_397' title='bbox 2115 2378 2190 2432; x_wconf 92' lang='lat' dir='ltr'><strong>ait</strong></span> <span class='ocrx_word' id='word_1_398' title='bbox 2214 2395 2226 2432; x_wconf 91' lang='lat'>:</span> <span class='ocrx_word' id='word_1_399' title='bbox 2247 2377 2413 2434; x_wconf 83' lang='lat' dir='ltr'><strong>Nemo</strong></span> <span class='ocrx_word' id='word_1_400' title='bbox 2441 2390 2577 2434; x_wconf 87' lang='lat' dir='ltr'><strong>retro</strong></span> <span class='ocrx_word' id='word_1_401' title='bbox 2606 2383 2891 2446; x_wconf 84' lang='lat' dir='ltr'><strong>attendens,</strong></span> <span class='ocrx_word' id='word_1_402' title='bbox 2908 2396 2955 2438; x_wconf 90' lang='lat' dir='ltr'><strong>et</strong></span> <span class='ocrx_word' id='word_1_403' title='bbox 2983 2384 3100 2458; x_wconf 67' lang='grc' dir='ltr'><strong>(κῖ)</strong></span> <span class='ocrx_word' id='word_1_404' title='bbox 3118 2404 3488 2460; x_wconf 54' lang='grc' dir='ltr'><strong>ἐυυενροηεηδ</strong></span> <span class='ocrx_word' id='word_1_405' title='bbox 3509 2406 3716 2444; x_wconf 75' lang='lat' dir='ltr'><strong>manum</strong></span> 
     </span>
    </p>
   </div>
   <div class='ocr_carea' id='block_1_55' title="bbox 2116 2480 3710 2554">
    <p class='ocr_par' dir='ltr' id='par_1_55' title="bbox 2116 2480 3710 2554">
     <span class='ocr_line' id='line_1_55' title="bbox 2116 2480 3710 2554; baseline 0.006 -26"><span class='ocrx_word' id='word_1_406' title='bbox 2116 2490 2262 2528; x_wconf 86' lang='lat' dir='ltr'><strong>suam</strong></span> <span class='ocrx_word' id='word_1_407' title='bbox 2286 2491 2438 2545; x_wconf 85' lang='lat' dir='ltr'><strong>super</strong></span> <span class='ocrx_word' id='word_1_408' title='bbox 2463 2485 2716 2543; x_wconf 81' lang='lat' dir='ltr'><strong>aratrum,</strong></span> <span class='ocrx_word' id='word_1_409' title='bbox 2747 2488 2898 2548; x_wconf 87' lang='lat' dir='ltr'><strong>aptus</strong></span> <span class='ocrx_word' id='word_1_410' title='bbox 2920 2489 2991 2533; x_wconf 89' lang='lat' dir='ltr'><strong>est</strong></span> <span class='ocrx_word' id='word_1_411' title='bbox 3014 2496 3171 2553; x_wconf 82' lang='lat' dir='ltr'><strong>regno</strong></span> <span class='ocrx_word' id='word_1_412' title='bbox 3197 2480 3290 2535; x_wconf 88' lang='lat' dir='ltr'><strong>Dei</strong></span> <span class='ocrx_word' id='word_1_413' title='bbox 3317 2480 3473 2554; x_wconf 84' lang='lat' dir='ltr'><strong>(Luc.</strong></span> <span class='ocrx_word' id='word_1_414' title='bbox 3503 2500 3578 2547; x_wconf 74' lang='grc' dir='ltr'>ιχ,</span> <span class='ocrx_word' id='word_1_415' title='bbox 3601 2481 3710 2552; x_wconf 68' lang='lat'><strong>63),</strong></span> 
     </span>
    </p>
   </div>
   <div class='ocr_carea' id='block_1_56' title="bbox 2119 2561 3717 2647">
    <p class='ocr_par' dir='ltr' id='par_1_56' title="bbox 2119 2561 3717 2647">
     <span class='ocr_line' id='line_1_56' title="bbox 2119 2561 3717 2647; baseline 0.006 -26"><span class='ocrx_word' id='word_1_416' title='bbox 2119 2567 2188 2621; x_wconf 83' lang='lat' dir='ltr'><strong>Et</strong></span> <span class='ocrx_word' id='word_1_417' title='bbox 2234 2566 2429 2622; x_wconf 85' lang='lat' dir='ltr'><strong>iterum</strong></span> <span class='ocrx_word' id='word_1_418' title='bbox 2456 2581 2477 2621; x_wconf 77' lang='grc' dir='ltr'>ἐ</span> <span class='ocrx_word' id='word_1_419' title='bbox 2530 2566 2838 2625; x_wconf 81' lang='lat' dir='ltr'><strong>Mementote</strong></span> <span class='ocrx_word' id='word_1_420' title='bbox 2878 2573 3080 2626; x_wconf 78' lang='lat' dir='ltr'><strong>uxoris‘</strong></span> <span class='ocrx_word' id='word_1_421' title='bbox 3108 2571 3206 2627; x_wconf 88' lang='lat' dir='ltr'><strong>Lot</strong></span> <span class='ocrx_word' id='word_1_422' title='bbox 3250 2572 3404 2646; x_wconf 87' lang='lat' dir='ltr'><strong>(Luc.</strong></span> <span class='ocrx_word' id='word_1_423' title='bbox 3445 2561 3717 2647; x_wconf 58' lang='grc' dir='ltr'>ινιιξδεξ.</span> 
     </span>
    </p>
   </div>
   <div class='ocr_carea' id='block_1_57' title="bbox 2118 2659 3750 2730">
    <p class='ocr_par' dir='ltr' id='par_1_57' title="bbox 2118 2659 3750 2730">
     <span class='ocr_line' id='line_1_57' title="bbox 2118 2659 3750 2730; baseline 0.006 -16"><span class='ocrx_word' id='word_1_424' title='bbox 2118 2659 2224 2714; x_wconf 91' lang='lat' dir='ltr'><strong>Sed</strong></span> <span class='ocrx_word' id='word_1_425' title='bbox 2254 2670 2309 2716; x_wconf 88' lang='lat' dir='ltr'><strong>et</strong></span> <span class='ocrx_word' id='word_1_426' title='bbox 2330 2660 2620 2730; x_wconf 77' lang='lat' dir='ltr'><strong>Apostolus</strong></span> <span class='ocrx_word' id='word_1_427' title='bbox 2644 2663 2726 2718; x_wconf 88' lang='lat' dir='ltr'><strong>sic</strong></span> <span class='ocrx_word' id='word_1_428' title='bbox 2751 2681 2764 2716; x_wconf 85' lang='lat'>:</span> <span class='ocrx_word' id='word_1_429' title='bbox 2800 2664 3244 2728; x_wconf 80' lang='lat' dir='ltr'><strong>Quemadmodum</strong></span> <span class='ocrx_word' id='word_1_430' title='bbox 3271 2670 3584 2723; x_wconf 76' lang='lat' dir='ltr'><strong>revertimini</strong></span> <span class='ocrx_word' id='word_1_431' title='bbox 3607 2686 3750 2729; x_wconf 65' lang='grc' dir='ltr'><strong>ηιμ,</strong></span> 
     </span>
    </p>
   </div>
   <div class='ocr_carea' id='block_1_58' title="bbox 2119 2745 3716 2832">
    <p class='ocr_par' dir='ltr' id='par_1_58' title="bbox 2119 2745 3716 2832">
     <span class='ocr_line' id='line_1_58' title="bbox 2119 2745 3716 2832; baseline 0.006 -24"><span class='ocrx_word' id='word_1_432' title='bbox 2119 2771 2204 2809; x_wconf 90' lang='lat' dir='ltr'><strong>sus</strong></span> <span class='ocrx_word' id='word_1_433' title='bbox 2235 2757 2302 2808; x_wconf 88' lang='lat' dir='ltr'><strong>ad</strong></span> <span class='ocrx_word' id='word_1_434' title='bbox 2328 2745 2406 2821; x_wconf 71' lang='lat' dir='ltr'><strong>eti,</strong></span> <span class='ocrx_word' id='word_1_435' title='bbox 2437 2772 2550 2826; x_wconf 70' lang='lat' dir='ltr'><strong>qua:</strong></span> <span class='ocrx_word' id='word_1_436' title='bbox 2591 2756 2801 2827; x_wconf 76' lang='lat' dir='ltr'><strong>inﬁrma</strong></span> <span class='ocrx_word' id='word_1_437' title='bbox 2827 2767 2874 2812; x_wconf 87' lang='lat' dir='ltr'><strong>et</strong></span> <span class='ocrx_word' id='word_1_438' title='bbox 2918 2775 3080 2832; x_wconf 82' lang='lat' dir='ltr'><strong>egena</strong></span> <span class='ocrx_word' id='word_1_439' title='bbox 3133 2769 3251 2814; x_wconf 88' lang='lat' dir='ltr'><strong>sunt</strong></span> <span class='ocrx_word' id='word_1_440' title='bbox 3295 2759 3547 2816; x_wconf 85' lang='lat' dir='ltr'><strong>elementa</strong></span> <span class='ocrx_word' id='word_1_441' title='bbox 3573 2760 3716 2832; x_wconf 79' lang='lat' dir='ltr'><strong>(Gal.</strong></span> 
     </span>
    </p>
   </div>
   <div class='ocr_carea' id='block_1_59' title="bbox 2121 2849 3762 2927">
    <p class='ocr_par' dir='ltr' id='par_1_59' title="bbox 2121 2849 3762 2927">
     <span class='ocr_line' id='line_1_59' title="bbox 2121 2849 3762 2927; baseline 0.005 -25"><span class='ocrx_word' id='word_1_442' title='bbox 2121 2864 2194 2914; x_wconf 82' lang='lat' dir='ltr'><strong>tv,</strong></span> <span class='ocrx_word' id='word_1_443' title='bbox 2224 2849 2302 2920; x_wconf 89' lang='lat'><strong>9).</strong></span> <span class='ocrx_word' id='word_1_444' title='bbox 2334 2849 2901 2907; x_wconf 62' lang='lat' dir='ltr'><strong>Adscendentcs‘vcro</strong></span> <span class='ocrx_word' id='word_1_445' title='bbox 2928 2862 3053 2907; x_wconf 90' lang='lat' dir='ltr'><strong>sunt</strong></span> <span class='ocrx_word' id='word_1_446' title='bbox 3077 2854 3230 2922; x_wconf 85' lang='lat' dir='ltr'><strong>justi,</strong></span> <span class='ocrx_word' id='word_1_447' title='bbox 3263 2856 3352 2924; x_wconf 90' lang='lat' dir='ltr'><strong>qui</strong></span> <span class='ocrx_word' id='word_1_448' title='bbox 3386 2854 3573 2924; x_wconf 82' lang='lat' dir='ltr'><strong>probis</strong></span> <span class='ocrx_word' id='word_1_449' title='bbox 3605 2869 3720 2926; x_wconf 82' lang='lat' dir='ltr'><strong>mo-</strong></span> <span class='ocrx_word' id='word_1_450' title='bbox 3751 2911 3762 2927; x_wconf 67' lang='lat'><strong>,</strong></span> 
     </span>
    </p>
   </div>
   <div class='ocr_carea' id='block_1_60' title="bbox 2125 2929 3722 3018">
    <p class='ocr_par' dir='ltr' id='par_1_60' title="bbox 2125 2929 3722 3018">
     <span class='ocr_line' id='line_1_60' title="bbox 2125 2929 3722 3018; baseline 0.003 -20"><span class='ocrx_word' id='word_1_451' title='bbox 2125 2945 2278 2998; x_wconf 90' lang='lat' dir='ltr'><strong>ribus</strong></span> <span class='ocrx_word' id='word_1_452' title='bbox 2326 2959 2424 3013; x_wconf 89' lang='lat' dir='ltr'><strong>per</strong></span> <span class='ocrx_word' id='word_1_453' title='bbox 2449 2944 2652 3014; x_wconf 84' lang='lat' dir='ltr'><strong>gradus</strong></span> <span class='ocrx_word' id='word_1_454' title='bbox 2681 2944 2983 3008; x_wconf 78' lang='lat' dir='ltr'><strong>divinorum</strong></span> <span class='ocrx_word' id='word_1_455' title='bbox 3026 2947 3386 3002; x_wconf 76' lang='lat' dir='ltr'><strong>observantia:</strong></span> <span class='ocrx_word' id='word_1_456' title='bbox 3425 2929 3722 3018; x_wconf 54' lang='lat' dir='ltr'><strong>pra-cepto:</strong></span> 
     </span>
    </p>
   </div>
   <div class='ocr_carea' id='block_1_61' title="bbox 2121 3035 3722 3108">
    <p class='ocr_par' dir='ltr' id='par_1_61' title="bbox 2121 3035 3722 3108">
     <span class='ocr_line' id='line_1_61' title="bbox 2121 3035 3722 3108; baseline 0.004 -18"><span class='ocrx_word' id='word_1_457' title='bbox 2121 3051 2257 3090; x_wconf 67' lang='lat' dir='ltr'><strong>rum‘</strong></span> <span class='ocrx_word' id='word_1_458' title='bbox 2271 3035 2510 3106; x_wconf 89' lang='lat' dir='ltr'><strong>quotidie</strong></span> <span class='ocrx_word' id='word_1_459' title='bbox 2540 3036 2797 3105; x_wconf 86' lang='lat' dir='ltr'><strong>spiritalis</strong></span> <span class='ocrx_word' id='word_1_460' title='bbox 2821 3036 3034 3093; x_wconf 90' lang='lat' dir='ltr'><strong>itineris</strong></span> <span class='ocrx_word' id='word_1_461' title='bbox 3059 3039 3231 3108; x_wconf 81' lang='lat' dir='ltr'><strong>gloria</strong></span> <span class='ocrx_word' id='word_1_462' title='bbox 3262 3041 3510 3094; x_wconf 78' lang='lat' dir='ltr'><strong>feruntur</strong></span> <span class='ocrx_word' id='word_1_463' title='bbox 3537 3040 3589 3094; x_wconf 91' lang='lat' dir='ltr'><strong>in</strong></span> <span class='ocrx_word' id='word_1_464' title='bbox 3617 3053 3722 3096; x_wconf 66' lang='grc' dir='ltr'><strong>οων</strong></span> 
     </span>
    </p>
   </div>
   <div class='ocr_carea' id='block_1_62' title="bbox 2124 3127 3723 3215">
    <p class='ocr_par' dir='ltr' id='par_1_62' title="bbox 2124 3127 3723 3215">
     <span class='ocr_line' id='line_1_62' title="bbox 2124 3127 3723 3215; baseline 0.002 -34"><span class='ocrx_word' id='word_1_465' title='bbox 2124 3128 2255 3192; x_wconf 92' lang='lat' dir='ltr'><strong>lum,</strong></span> <span class='ocrx_word' id='word_1_466' title='bbox 2290 3143 2432 3197; x_wconf 72' lang='lat' dir='ltr'><strong>quos</strong></span> <span class='ocrx_word' id='word_1_467' title='bbox 2452 3127 2746 3198; x_wconf 79' lang='lat' dir='ltr'><strong>Apostolus</strong></span> <span class='ocrx_word' id='word_1_468' title='bbox 2775 3129 2979 3186; x_wconf 88' lang='lat' dir='ltr'><strong>Paulus</strong></span> <span class='ocrx_word' id='word_1_469' title='bbox 3007 3130 3330 3191; x_wconf 80' lang='lat' dir='ltr'><strong>exhortatur</strong></span> <span class='ocrx_word' id='word_1_470' title='bbox 3371 3142 3425 3186; x_wconf 91' lang='lat' dir='ltr'><strong>et</strong></span> <span class='ocrx_word' id='word_1_471' title='bbox 3461 3141 3723 3215; x_wconf 69' lang='lat' dir='ltr'><strong>monstrat</strong></span> 
     </span>
    </p>
   </div>
   <div class='ocr_carea' id='block_1_63' title="bbox 420 3220 3721 3301">
    <p class='ocr_par' dir='ltr' id='par_1_63' title="bbox 420 3220 3721 3301">
     <span class='ocr_line' id='line_1_63' title="bbox 420 3220 3721 3301; baseline 0 -22"><span class='ocrx_word' id='word_1_472' title='bbox 420 3241 614 3296; x_wconf 79' lang='lat' dir='ltr'><strong>passus</strong></span> <span class='ocrx_word' id='word_1_473' title='bbox 684 3225 857 3282; x_wconf 83' lang='lat' dir='ltr'><strong>fuerat</strong></span> <span class='ocrx_word' id='word_1_474' title='bbox 901 3268 915 3292; x_wconf 91' lang='lat'><strong>,</strong></span> <span class='ocrx_word' id='word_1_475' title='bbox 979 3226 1237 3280; x_wconf 88' lang='lat' dir='ltr'><strong>Dominus</strong></span> <span class='ocrx_word' id='word_1_476' title='bbox 1259 3222 1276 3259; x_wconf 65' lang='grc' dir='ltr'><em>ὐ</em></span> <span class='ocrx_word' id='word_1_477' title='bbox 1303 3223 1458 3279; x_wconf 91' lang='lat' dir='ltr'><strong>datos</strong></span> <span class='ocrx_word' id='word_1_478' title='bbox 1512 3239 1634 3279; x_wconf 83' lang='lat' dir='ltr'><strong>esse</strong></span> <span class='ocrx_word' id='word_1_479' title='bbox 1685 3234 2092 3301; x_wconf 75' lang='lat' dir='ltr'><strong>commemo-C</strong></span> <span class='ocrx_word' id='word_1_480' title='bbox 2125 3220 2312 3277; x_wconf 90' lang='lat' dir='ltr'><strong>dicens</strong></span> <span class='ocrx_word' id='word_1_481' title='bbox 2343 3239 2370 3275; x_wconf 83' lang='grc'><strong>;-</strong></span> <span class='ocrx_word' id='word_1_482' title='bbox 2402 3222 2461 3277; x_wconf 86' lang='lat' dir='ltr'><strong>Si</strong></span> <span class='ocrx_word' id='word_1_483' title='bbox 2505 3223 2897 3279; x_wconf 70' lang='lat' dir='ltr'><strong>consurrexistis</strong></span> <span class='ocrx_word' id='word_1_484' title='bbox 2936 3241 3051 3279; x_wconf 84' lang='lat' dir='ltr'><strong>cum</strong></span> <span class='ocrx_word' id='word_1_485' title='bbox 3094 3224 3318 3291; x_wconf 83' lang='lat' dir='ltr'><strong>Christo,</strong></span> <span class='ocrx_word' id='word_1_486' title='bbox 3356 3242 3472 3296; x_wconf 72' lang='lat' dir='ltr'><strong>qua:</strong></span> <span class='ocrx_word' id='word_1_487' title='bbox 3508 3244 3721 3282; x_wconf 63' lang='lat' dir='ltr'><strong>&quot;sursum</strong></span> 
     </span>
    </p>
   </div>
   <div class='ocr_carea' id='block_1_64' title="bbox 423 3314 2015 3391">
    <p class='ocr_par' dir='ltr' id='par_1_64' title="bbox 423 3314 2015 3391">
     <span class='ocr_line' id='line_1_64' title="bbox 423 3314 2015 3391; baseline -0.003 -18"><span class='ocrx_word' id='word_1_488' title='bbox 423 3328 506 3373; x_wconf 90' lang='lat' dir='ltr'><strong>rat</strong></span> <span class='ocrx_word' id='word_1_489' title='bbox 538 3318 688 3391; x_wconf 87' lang='lat' dir='ltr'><strong>(Luc.</strong></span> <span class='ocrx_word' id='word_1_490' title='bbox 740 3336 796 3387; x_wconf 74' lang='grc' dir='ltr'>ι,</span> <span class='ocrx_word' id='word_1_491' title='bbox 828 3319 946 3389; x_wconf 80' lang='lat'><strong>&#39;55),</strong></span> <span class='ocrx_word' id='word_1_492' title='bbox 974 3334 1095 3389; x_wconf 71' lang='lat' dir='ltr'><strong>quae</strong></span> <span class='ocrx_word' id='word_1_493' title='bbox 1129 3316 1381 3388; x_wconf 89' lang='lat' dir='ltr'><strong>parabola</strong></span> <span class='ocrx_word' id='word_1_494' title='bbox 1417 3316 1631 3372; x_wconf 87' lang='lat' dir='ltr'><strong>sublata</strong></span> <span class='ocrx_word' id='word_1_495' title='bbox 1677 3314 2015 3370; x_wconf 83' lang='lat' dir='ltr'><strong>dubitatione</strong></span> 
     </span>
    </p>
   </div>
   <div class='ocr_carea' id='block_1_65' title="bbox 420 3405 2039 3485">
    <p class='ocr_par' dir='ltr' id='par_1_65' title="bbox 420 3405 2039 3485">
     <span class='ocr_line' id='line_1_65' title="bbox 420 3405 2039 3485; baseline -0.004 -19"><span class='ocrx_word' id='word_1_496' title='bbox 420 3413 581 3467; x_wconf 70' lang='lat' dir='ltr'><strong>scala:</strong></span> <span class='ocrx_word' id='word_1_497' title='bbox 603 3419 998 3467; x_wconf 79' lang='lat' dir='ltr'><strong>sacramentum</strong></span> <span class='ocrx_word' id='word_1_498' title='bbox 1030 3408 1353 3480; x_wconf 83' lang='lat' dir='ltr'><strong>spiritaliter</strong></span> <span class='ocrx_word' id='word_1_499' title='bbox 1377 3405 1978 3485; x_wconf 78' lang='lat' dir='ltr'><strong>intuentibus&#39;patel&#39;ecit</strong></span> <span class='ocrx_word' id='word_1_500' title='bbox 1999 3425 2039 3459; x_wconf 87' lang='lat'><strong>:-</strong></span> 
     </span>
    </p>
   </div>
   <div class='ocr_carea' id='block_1_66' title="bbox 421 3499 2016 3574">
    <p class='ocr_par' dir='ltr' id='par_1_66' title="bbox 421 3499 2016 3574">
     <span class='ocr_line' id='line_1_66' title="bbox 421 3499 2016 3574; baseline -0.004 -16"><span class='ocrx_word' id='word_1_501' title='bbox 421 3507 587 3562; x_wconf 89' lang='lat' dir='ltr'><strong>homo</strong></span> <span class='ocrx_word' id='word_1_502' title='bbox 617 3505 760 3558; x_wconf 89' lang='lat' dir='ltr'><strong>enim</strong></span> <span class='ocrx_word' id='word_1_503' title='bbox 794 3517 1170 3574; x_wconf 69' lang='lat' dir='ltr'><strong>aggressuram</strong></span> <span class='ocrx_word' id='word_1_504' title='bbox 1201 3515 1411 3569; x_wconf 92' lang='lat' dir='ltr'><strong>passus,</strong></span> <span class='ocrx_word' id='word_1_505' title='bbox 1444 3499 1616 3555; x_wconf 80' lang='lat' dir='ltr'><strong>Adam</strong></span> <span class='ocrx_word' id='word_1_506' title='bbox 1647 3514 1770 3556; x_wconf 85' lang='lat' dir='ltr'><strong>esse</strong></span> <span class='ocrx_word' id='word_1_507' title='bbox 1813 3514 2016 3570; x_wconf 86' lang='lat' dir='ltr'><strong>cogno-</strong></span> 
     </span>
    </p>
   </div>
   <div class='ocr_carea' id='block_1_67' title="bbox 420 3590 2020 3663">
    <p class='ocr_par' dir='ltr' id='par_1_67' title="bbox 420 3590 2020 3663">
     <span class='ocr_line' id='line_1_67' title="bbox 420 3590 2020 3663; baseline -0.004 -12"><span class='ocrx_word' id='word_1_508' title='bbox 420 3597 611 3663; x_wconf 86' lang='lat' dir='ltr'><strong>scitur,</strong></span> <span class='ocrx_word' id='word_1_509' title='bbox 643 3597 882 3651; x_wconf 90' lang='lat' dir='ltr'><strong>latrones</strong></span> <span class='ocrx_word' id='word_1_510' title='bbox 903 3595 1173 3658; x_wconf 91' lang='lat' dir='ltr'><strong>diabolus,</strong></span> <span class='ocrx_word' id='word_1_511' title='bbox 1199 3593 1308 3647; x_wconf 82' lang='lat' dir='ltr'><strong>Eva</strong></span> <span class='ocrx_word' id='word_1_512' title='bbox 1338 3591 1800 3661; x_wconf 81' lang='lat' dir='ltr'><strong>concupiscentia,</strong></span> <span class='ocrx_word' id='word_1_513' title='bbox 1832 3590 2020 3646; x_wconf 84' lang='lat' dir='ltr'><strong>Sama-</strong></span> 
     </span>
    </p>
   </div>
   <div class='ocr_carea' id='block_1_68' title="bbox 420 3684 2020 3767">
    <p class='ocr_par' dir='ltr' id='par_1_68' title="bbox 420 3684 2020 3767">
     <span class='ocr_line' id='line_1_68' title="bbox 420 3684 2020 3767; baseline -0.004 -22"><span class='ocrx_word' id='word_1_514' title='bbox 420 3691 625 3746; x_wconf 85' lang='lat' dir='ltr'><strong>ritanus</strong></span> <span class='ocrx_word' id='word_1_515' title='bbox 649 3690 930 3755; x_wconf 88' lang='lat' dir='ltr'><strong>Dominus,</strong></span> <span class='ocrx_word' id='word_1_516' title='bbox 959 3688 1048 3743; x_wconf 91' lang='lat' dir='ltr'><strong>cui</strong></span> <span class='ocrx_word' id='word_1_517' title='bbox 1073 3686 1244 3742; x_wconf 64' lang='lat' dir='ltr'><strong>Judaei</strong></span> <span class='ocrx_word' id='word_1_518' title='bbox 1273 3686 1522 3763; x_wconf 82' lang='lat' dir='ltr'><strong>dicebant</strong></span> <span class='ocrx_word' id='word_1_519' title='bbox 1561 3703 1573 3738; x_wconf 86' lang='lat'>:</span> <span class='ocrx_word' id='word_1_520' title='bbox 1607 3684 1706 3739; x_wconf 78' lang='lat' dir='ltr'><strong>Hie</strong></span> <span class='ocrx_word' id='word_1_521' title='bbox 1733 3686 2020 3767; x_wconf 67' lang='lat' dir='ltr'><strong>Samarita-</strong></span> 
     </span>
    </p>
   </div>
   <div class='ocr_carea' id='block_1_69' title="bbox 422 3778 2021 3863">
    <p class='ocr_par' dir='ltr' id='par_1_69' title="bbox 422 3778 2021 3863">
     <span class='ocr_line' id='line_1_69' title="bbox 422 3778 2021 3863; baseline -0.001 -27"><span class='ocrx_word' id='word_1_522' title='bbox 422 3800 517 3863; x_wconf 79' lang='lat' dir='ltr'><strong>nus</strong></span> <span class='ocrx_word' id='word_1_523' title='bbox 543 3792 636 3851; x_wconf 90' lang='lat' dir='ltr'><strong>est,</strong></span> <span class='ocrx_word' id='word_1_524' title='bbox 662 3779 1044 3837; x_wconf 36' lang='lat' dir='ltr'><strong>et‘dtemonium</strong></span> <span class='ocrx_word' id='word_1_525' title='bbox 1065 3779 1212 3834; x_wconf 81' lang='lat' dir='ltr'><strong>habet</strong></span> <span class='ocrx_word' id='word_1_526' title='bbox 1235 3778 1442 3849; x_wconf 66' lang='lat' dir='ltr'><strong>(10am,</strong></span> <span class='ocrx_word' id='word_1_527' title='bbox 1471 3795 1584 3843; x_wconf 89' lang='lat' dir='ltr'><strong>vm,</strong></span> <span class='ocrx_word' id='word_1_528' title='bbox 1613 3778 1732 3851; x_wconf 77' lang='grc'><strong>48).</strong></span> <span class='ocrx_word' id='word_1_529' title='bbox 1769 3779 2021 3845; x_wconf 88' lang='lat' dir='ltr'><strong>Stabula-</strong></span> 
     </span>
    </p>
   </div>
   <div class='ocr_carea' id='block_1_70' title="bbox 425 3872 2018 3945">
    <p class='ocr_par' dir='ltr' id='par_1_70' title="bbox 425 3872 2018 3945">
     <span class='ocr_line' id='line_1_70' title="bbox 425 3872 2018 3945; baseline -0.002 -15"><span class='ocrx_word' id='word_1_530' title='bbox 425 3877 540 3931; x_wconf 90' lang='lat' dir='ltr'><strong>rius</strong></span> <span class='ocrx_word' id='word_1_531' title='bbox 568 3876 758 3931; x_wconf 86' lang='lat' dir='ltr'><strong>doctor</strong></span> <span class='ocrx_word' id='word_1_532' title='bbox 785 3883 869 3931; x_wconf 88' lang='lat' dir='ltr'><strong>est</strong></span> <span class='ocrx_word' id='word_1_533' title='bbox 896 3875 1069 3945; x_wconf 82' lang='lat' dir='ltr'><strong>‘legis,</strong></span> <span class='ocrx_word' id='word_1_534' title='bbox 1109 3874 1199 3944; x_wconf 88' lang='lat' dir='ltr'><strong>qui</strong></span> <span class='ocrx_word' id='word_1_535' title='bbox 1239 3874 1476 3943; x_wconf 88' lang='lat' dir='ltr'><strong>acceptis</strong></span> <span class='ocrx_word' id='word_1_536' title='bbox 1521 3872 1731 3927; x_wconf 88' lang='lat' dir='ltr'><strong>duobus</strong></span> <span class='ocrx_word' id='word_1_537' title='bbox 1761 3872 2018 3938; x_wconf 89' lang='lat' dir='ltr'><strong>denariis,</strong></span> 
     </span>
    </p>
   </div>
   <div class='ocr_carea' id='block_1_71' title="bbox 429 3961 2020 4042">
    <p class='ocr_par' dir='ltr' id='par_1_71' title="bbox 429 3961 2020 4042">
     <span class='ocr_line' id='line_1_71' title="bbox 429 3961 2020 4042; baseline -0.002 -18"><span class='ocrx_word' id='word_1_538' title='bbox 429 3969 483 4024; x_wconf 91' lang='lat' dir='ltr'><strong>id</strong></span> <span class='ocrx_word' id='word_1_539' title='bbox 508 3975 594 4024; x_wconf 87' lang='lat' dir='ltr'><strong>est</strong></span> <span class='ocrx_word' id='word_1_540' title='bbox 617 3968 848 4023; x_wconf 89' lang='lat' dir='ltr'><strong>duorum</strong></span> <span class='ocrx_word' id='word_1_541' title='bbox 881 3967 994 4039; x_wconf 83' lang='grc'><strong>(19)</strong></span> <span class='ocrx_word' id='word_1_542' title='bbox 1021 3968 1492 4022; x_wconf 86' lang='lat' dir='ltr'><strong>Testamentorum</strong></span> <span class='ocrx_word' id='word_1_543' title='bbox 1525 3961 1683 4039; x_wconf 78' lang='lat'><strong>190</strong></span> <span class='ocrx_word' id='word_1_544' title='bbox 1697 3966 2020 4042; x_wconf 83' lang='lat' dir='ltr'><strong>salutaribus</strong></span> 
     </span>
    </p>
   </div>
   <div class='ocr_carea' id='block_1_72' title="bbox 428 4051 2022 4136">
    <p class='ocr_par' dir='ltr' id='par_1_72' title="bbox 428 4051 2022 4136">
     <span class='ocr_line' id='line_1_72' title="bbox 428 4051 2022 4136; baseline 0 -21"><span class='ocrx_word' id='word_1_545' title='bbox 428 4063 671 4136; x_wconf 77' lang='lat' dir='ltr'><strong>monitis,</strong></span> <span class='ocrx_word' id='word_1_546' title='bbox 711 4075 1084 4132; x_wconf 86' lang='lat' dir='ltr'><strong>aggressuram</strong></span> <span class='ocrx_word' id='word_1_547' title='bbox 1138 4051 1426 4116; x_wconf 73' lang='lat' dir='ltr'><strong>hominem</strong></span> <span class='ocrx_word' id='word_1_548' title='bbox 1466 4075 1681 4128; x_wconf 85' lang='lat' dir='ltr'><strong>passum</strong></span> <span class='ocrx_word' id='word_1_549' title='bbox 1734 4059 2022 4115; x_wconf 90' lang='lat' dir='ltr'><strong>latrocinio</strong></span> 
     </span>
    </p>
   </div>
   <div class='ocr_carea' id='block_1_73' title="bbox 426 4151 2021 4223">
    <p class='ocr_par' dir='ltr' id='par_1_73' title="bbox 426 4151 2021 4223">
     <span class='ocr_line' id='line_1_73' title="bbox 426 4151 2021 4223; baseline 0 -17"><span class='ocrx_word' id='word_1_550' title='bbox 426 4152 631 4208; x_wconf 86' lang='lat' dir='ltr'><strong>diaboli</strong></span> <span class='ocrx_word' id='word_1_551' title='bbox 678 4151 1101 4223; x_wconf 82' lang='lat' dir='ltr'><strong>angelorumque</strong></span> <span class='ocrx_word' id='word_1_552' title='bbox 1134 4152 1252 4221; x_wconf 85' lang='lat' dir='ltr'><strong>ejus</strong></span> <span class='ocrx_word' id='word_1_553' title='bbox 1292 4162 1346 4206; x_wconf 89' lang='lat' dir='ltr'><strong>ct</strong></span> <span class='ocrx_word' id='word_1_554' title='bbox 1377 4151 1533 4222; x_wconf 84' lang='lat' dir='ltr'><strong>hujus</strong></span> <span class='ocrx_word' id='word_1_555' title='bbox 1565 4151 1774 4219; x_wconf 88' lang='lat' dir='ltr'><strong>mundi,</strong></span> <span class='ocrx_word' id='word_1_556' title='bbox 1807 4152 1860 4207; x_wconf 93' lang='lat' dir='ltr'><strong>in</strong></span> <span class='ocrx_word' id='word_1_557' title='bbox 1906 4157 2021 4206; x_wconf 87' lang='lat' dir='ltr'><strong>sta-</strong></span> 
     </span>
    </p>
   </div>
   <div class='ocr_carea' id='block_1_74' title="bbox 428 4241 2022 4312">
    <p class='ocr_par' dir='ltr' id='par_1_74' title="bbox 428 4241 2022 4312">
     <span class='ocr_line' id='line_1_74' title="bbox 428 4241 2022 4312; baseline 0.001 -15"><span class='ocrx_word' id='word_1_558' title='bbox 428 4243 578 4309; x_wconf 88' lang='lat' dir='ltr'><strong>bulo,</strong></span> <span class='ocrx_word' id='word_1_559' title='bbox 608 4243 659 4299; x_wconf 83' lang='lat' dir='ltr'><strong>id</strong></span> <span class='ocrx_word' id='word_1_560' title='bbox 701 4253 782 4297; x_wconf 87' lang='lat' dir='ltr'><strong>est</strong></span> <span class='ocrx_word' id='word_1_561' title='bbox 823 4247 876 4297; x_wconf 92' lang='lat' dir='ltr'><strong>in</strong></span> <span class='ocrx_word' id='word_1_562' title='bbox 925 4242 1193 4310; x_wconf 87' lang='lat' dir='ltr'><strong>Ecclesia,</strong></span> <span class='ocrx_word' id='word_1_563' title='bbox 1239 4256 1347 4312; x_wconf 91' lang='lat' dir='ltr'><strong>quo</strong></span> <span class='ocrx_word' id='word_1_564' title='bbox 1399 4257 1591 4311; x_wconf 87' lang='lat' dir='ltr'><strong>pecora</strong></span> <span class='ocrx_word' id='word_1_565' title='bbox 1622 4241 1800 4296; x_wconf 87' lang='lat' dir='ltr'><strong>divina</strong></span> <span class='ocrx_word' id='word_1_566' title='bbox 1831 4257 2022 4298; x_wconf 86' lang='lat' dir='ltr'><strong>succe-</strong></span> 
     </span>
    </p>
   </div>
   <div class='ocr_carea' id='block_1_75' title="bbox 429 4335 2024 4418">
    <p class='ocr_par' dir='ltr' id='par_1_75' title="bbox 429 4335 2024 4418">
     <span class='ocr_line' id='line_1_75' title="bbox 429 4335 2024 4418; baseline -0.001 -27"><span class='ocrx_word' id='word_1_567' title='bbox 429 4335 583 4402; x_wconf 90' lang='lat' dir='ltr'><strong>dunt,</strong></span> <span class='ocrx_word' id='word_1_568' title='bbox 616 4336 909 4390; x_wconf 85' lang='lat' dir='ltr'><strong>venerabili</strong></span> <span class='ocrx_word' id='word_1_569' title='bbox 954 4345 1295 4392; x_wconf 85' lang='lat' dir='ltr'><strong>sacramento</strong></span> <span class='ocrx_word' id='word_1_570' title='bbox 1329 4336 2024 4418; x_wconf 32' lang='lat' dir='ltr'><strong>susceptumnquotidianis</strong></span> 
     </span>
    </p>
   </div>
   <div class='ocr_carea' id='block_1_76' title="bbox 507 4449 2014 4529">
    <p class='ocr_par' dir='ltr' id='par_1_76' title="bbox 507 4449 2014 4529">
     <span class='ocr_line' id='line_1_76' title="bbox 507 4449 2014 4529; baseline -0.001 -21"><span class='ocrx_word' id='word_1_571' title='bbox 507 4458 624 4529; x_wconf 71' lang='lat'><strong>(13)</strong></span> <span class='ocrx_word' id='word_1_572' title='bbox 648 4455 865 4529; x_wconf 75' lang='lat' dir='ltr'><strong>Tingere</strong></span> <span class='ocrx_word' id='word_1_573' title='bbox 879 4469 971 4529; x_wconf 69' lang='lat' dir='ltr'><strong>pro</strong></span> <span class='ocrx_word' id='word_1_574' title='bbox 986 4452 1242 4523; x_wconf 75' lang='lat' dir='ltr'><strong>baptizare</strong></span> <span class='ocrx_word' id='word_1_575' title='bbox 1266 4460 1477 4506; x_wconf 83' lang='lat' dir='ltr'><strong>veteres</strong></span> <span class='ocrx_word' id='word_1_576' title='bbox 1499 4449 1690 4511; x_wconf 88' lang='lat' dir='ltr'><strong>Patres</strong></span> <span class='ocrx_word' id='word_1_577' title='bbox 1715 4452 2014 4520; x_wconf 59' lang='lat' dir='ltr'><strong>praesertim</strong></span> 
     </span>
    </p>
   </div>
   <div class='ocr_carea' id='block_1_77' title="bbox 435 4524 1745 4592">
    <p class='ocr_par' dir='ltr' id='par_1_77' title="bbox 435 4524 1745 4592">
     <span class='ocr_line' id='line_1_77' title="bbox 435 4524 1745 4592; baseline -0.019 -8"><span class='ocrx_word' id='word_1_578' title='bbox 435 4524 672 4584; x_wconf 76' lang='lat' dir='ltr'><strong>Africani</strong></span> <span class='ocrx_word' id='word_1_579' title='bbox 699 4524 897 4592; x_wconf 51' lang='lat' dir='ltr'><strong>saipius</strong></span> <span class='ocrx_word' id='word_1_580' title='bbox 919 4524 1193 4587; x_wconf 79' lang='lat' dir='ltr'><strong>dixerunt.</strong></span> <span class='ocrx_word' id='word_1_581' title='bbox 1357 4590 1365 4592; x_wconf 21' lang='grc' dir='ltr'><em>Α</em></span> <span class='ocrx_word' id='word_1_582' title='bbox 1430 4591 1436 4592; x_wconf 11' lang='lat'><em>7</em></span> <span class='ocrx_word' id='word_1_583' title='bbox 1740 4547 1745 4552; x_wconf 59' lang='grc' dir='ltr'><em>ρ</em></span> 
     </span>
    </p>
   </div>
   <div class='ocr_carea' id='block_1_78' title="bbox 507 4590 2017 4672">
    <p class='ocr_par' dir='ltr' id='par_1_78' title="bbox 507 4590 2017 4672">
     <span class='ocr_line' id='line_1_78' title="bbox 507 4590 2017 4672; baseline -0.004 -19"><span class='ocrx_word' id='word_1_584' title='bbox 507 4599 591 4672; x_wconf 68' lang='grc' dir='ltr'>(ιι</span> <span class='ocrx_word' id='word_1_585' title='bbox 605 4598 622 4668; x_wconf 93' lang='grc'><strong>)</strong></span> <span class='ocrx_word' id='word_1_586' title='bbox 635 4590 841 4672; x_wconf 56' lang='lat' dir='ltr'><strong>Lignea;</strong></span> <span class='ocrx_word' id='word_1_587' title='bbox 854 4598 1268 4672; x_wconf 72' lang='lat' dir='ltr'><strong>testamentorum</strong></span> <span class='ocrx_word' id='word_1_588' title='bbox 1281 4590 1483 4672; x_wconf 33' lang='lat' dir='ltr'><strong>tab-uiae</strong></span> <span class='ocrx_word' id='word_1_589' title='bbox 1503 4601 1870 4672; x_wconf 72' lang='lat' dir='ltr'><strong>memorantur</strong></span> <span class='ocrx_word' id='word_1_590' title='bbox 1891 4593 2017 4647; x_wconf 91' lang='lat' dir='ltr'><strong>item</strong></span> 
     </span>
    </p>
   </div>
   <div class='ocr_carea' id='block_1_79' title="bbox 430 4661 2013 4735">
    <p class='ocr_par' dir='ltr' id='par_1_79' title="bbox 430 4661 2013 4735">
     <span class='ocr_line' id='line_1_79' title="bbox 430 4661 2013 4735; baseline -0.005 -11"><span class='ocrx_word' id='word_1_591' title='bbox 430 4661 778 4735; x_wconf 44' lang='lat' dir='ltr'><strong>ab‘Ulpiauo,</strong></span> <span class='ocrx_word' id='word_1_592' title='bbox 813 4669 904 4720; x_wconf 88' lang='lat' dir='ltr'><strong>lib.</strong></span> <span class='ocrx_word' id='word_1_593' title='bbox 931 4680 1107 4719; x_wconf 75' lang='lat' dir='ltr'><strong>xxxvn</strong></span> <span class='ocrx_word' id='word_1_594' title='bbox 1134 4664 1223 4728; x_wconf 92' lang='lat' dir='ltr'><strong>D.,</strong></span> <span class='ocrx_word' id='word_1_595' title='bbox 1248 4663 1338 4735; x_wconf 79' lang='lat' dir='ltr'><strong>tit.</strong></span> <span class='ocrx_word' id='word_1_596' title='bbox 1374 4663 1460 4726; x_wconf 79' lang='lat' dir='ltr'><strong>H,</strong></span> <span class='ocrx_word' id='word_1_597' title='bbox 1493 4661 1555 4714; x_wconf 90' lang='lat' dir='ltr'><strong>de</strong></span> <span class='ocrx_word' id='word_1_598' title='bbox 1580 4661 1764 4735; x_wconf 77' lang='lat' dir='ltr'><strong>honor.</strong></span> <span class='ocrx_word' id='word_1_599' title='bbox 1796 4679 2013 4731; x_wconf 85' lang='lat' dir='ltr'><strong>possess.</strong></span> 
     </span>
    </p>
   </div>
   <div class='ocr_carea' id='block_1_80' title="bbox 433 4732 2028 4805">
    <p class='ocr_par' dir='ltr' id='par_1_80' title="bbox 433 4732 2028 4805">
     <span class='ocr_line' id='line_1_80' title="bbox 433 4732 2028 4805; baseline -0.008 -9"><span class='ocrx_word' id='word_1_600' title='bbox 433 4732 708 4798; x_wconf 84' lang='lat' dir='ltr'><strong>secundum</strong></span> <span class='ocrx_word' id='word_1_601' title='bbox 727 4739 926 4792; x_wconf 82' lang='lat' dir='ltr'><strong>tabulas</strong></span> <span class='ocrx_word' id='word_1_602' title='bbox 952 4737 1077 4805; x_wconf 81' lang='lat' dir='ltr'><strong>Leg.</strong></span> <span class='ocrx_word' id='word_1_603' title='bbox 1106 4737 1157 4798; x_wconf 74' lang='grc' dir='ltr'><strong>ί,</strong></span> <span class='ocrx_word' id='word_1_604' title='bbox 1174 4745 1228 4789; x_wconf 91' lang='lat' dir='ltr'><strong>et</strong></span> <span class='ocrx_word' id='word_1_605' title='bbox 1247 4733 1387 4805; x_wconf 88' lang='lat' dir='ltr'><strong>idem</strong></span> <span class='ocrx_word' id='word_1_606' title='bbox 1403 4746 1524 4805; x_wconf 83' lang='lat' dir='ltr'><strong>esse</strong></span> <span class='ocrx_word' id='word_1_607' title='bbox 1541 4732 1787 4786; x_wconf 89' lang='lat' dir='ltr'><strong>videntur</strong></span> <span class='ocrx_word' id='word_1_608' title='bbox 1811 4747 2028 4805; x_wconf 73' lang='lat' dir='ltr'><strong>aesern-</strong></span> 
     </span>
    </p>
   </div>
   <div class='ocr_carea' id='block_1_81' title="bbox 435 4802 2026 4868">
    <p class='ocr_par' dir='ltr' id='par_1_81' title="bbox 435 4802 2026 4868">
     <span class='ocr_line' id='line_1_81' title="bbox 435 4802 2026 4868; baseline -0.005 -2"><span class='ocrx_word' id='word_1_609' title='bbox 435 4825 499 4868; x_wconf 81' lang='lat' dir='ltr'><strong>tte</strong></span> <span class='ocrx_word' id='word_1_610' title='bbox 545 4812 731 4866; x_wconf 79' lang='lat' dir='ltr'><strong>tabula:</strong></span> <span class='ocrx_word' id='word_1_611' title='bbox 784 4810 906 4863; x_wconf 70' lang='lat' dir='ltr'><strong>alibi</strong></span> <span class='ocrx_word' id='word_1_612' title='bbox 947 4802 1188 4861; x_wconf 75' lang='lat' dir='ltr'><strong>celebres</strong></span> <span class='ocrx_word' id='word_1_613' title='bbox 1215 4802 1692 4857; x_wconf 84' lang='lat' dir='ltr'><strong>:_inscribebantur</strong></span> <span class='ocrx_word' id='word_1_614' title='bbox 1729 4802 1877 4857; x_wconf 84' lang='lat' dir='ltr'><strong>enim</strong></span> <span class='ocrx_word' id='word_1_615' title='bbox 1911 4802 2026 4859; x_wconf 81' lang='lat' dir='ltr'><strong>fere</strong></span> 
     </span>
    </p>
   </div>
   <div class='ocr_carea' id='block_1_82' title="bbox 433 4869 2026 4948">
    <p class='ocr_par' dir='ltr' id='par_1_82' title="bbox 433 4869 2026 4948">
     <span class='ocr_line' id='line_1_82' title="bbox 433 4869 2026 4948; baseline -0.006 -10"><span class='ocrx_word' id='word_1_616' title='bbox 433 4893 750 4940; x_wconf 86' lang='lat' dir='ltr'><strong>testamenta</strong></span> <span class='ocrx_word' id='word_1_617' title='bbox 780 4895 926 4943; x_wconf 89' lang='lat' dir='ltr'><strong>cera,</strong></span> <span class='ocrx_word' id='word_1_618' title='bbox 957 4893 1058 4948; x_wconf 86' lang='lat' dir='ltr'><strong>qua</strong></span> <span class='ocrx_word' id='word_1_619' title='bbox 1087 4876 1284 4948; x_wconf 66' lang='lat' dir='ltr'><strong>tabula:</strong></span> <span class='ocrx_word' id='word_1_620' title='bbox 1311 4869 1497 4948; x_wconf 64' lang='lat' dir='ltr'><strong>“gnem</strong></span> <span class='ocrx_word' id='word_1_621' title='bbox 1521 4874 2026 4948; x_wconf 58' lang='lat' dir='ltr'><strong>circumvenieban-</strong></span> 
     </span>
    </p>
   </div>
   <div class='ocr_carea' id='block_1_83' title="bbox 433 4944 2024 5022">
    <p class='ocr_par' dir='ltr' id='par_1_83' title="bbox 433 4944 2024 5022">
     <span class='ocr_line' id='line_1_83' title="bbox 433 4944 2024 5022; baseline -0.007 -14"><span class='ocrx_word' id='word_1_622' title='bbox 433 4967 539 5018; x_wconf 88' lang='lat' dir='ltr'><strong>tur,</strong></span> <span class='ocrx_word' id='word_1_623' title='bbox 584 4963 643 5007; x_wconf 89' lang='lat' dir='ltr'><strong>ut</strong></span> <span class='ocrx_word' id='word_1_624' title='bbox 692 4967 785 5022; x_wconf 87' lang='lat' dir='ltr'><strong>per</strong></span> <span class='ocrx_word' id='word_1_625' title='bbox 824 4944 1166 5017; x_wconf 39' lang='lat' dir='ltr'><strong>illam-stylus</strong></span> <span class='ocrx_word' id='word_1_626' title='bbox 1197 4947 1251 4999; x_wconf 92' lang='lat' dir='ltr'><strong>in</strong></span> <span class='ocrx_word' id='word_1_627' title='bbox 1293 4944 1579 5003; x_wconf 75' lang='lat' dir='ltr'><strong>scribendo</strong></span> <span class='ocrx_word' id='word_1_628' title='bbox 1623 4945 1806 5016; x_wconf 79' lang='lat' dir='ltr'><strong>laciles</strong></span> <span class='ocrx_word' id='word_1_629' title='bbox 1844 4945 2024 5000; x_wconf 84' lang='lat' dir='ltr'><strong>sulcos</strong></span> 
     </span>
    </p>
   </div>
   <div class='ocr_carea' id='block_1_84' title="bbox 433 5028 672 5079">
    <p class='ocr_par' dir='ltr' id='par_1_84' title="bbox 433 5028 672 5079">
     <span class='ocr_line' id='line_1_84' title="bbox 433 5028 672 5079; baseline -0.013 0"><span class='ocrx_word' id='word_1_630' title='bbox 433 5028 672 5079; x_wconf 78' lang='lat' dir='ltr'><strong>duceret.</strong></span> 
     </span>
    </p>
   </div>
   <div class='ocr_carea' id='block_1_85' title="bbox 509 5050 2122 5168">
    <p class='ocr_par' dir='ltr' id='par_1_85' title="bbox 509 5050 2122 5168">
     <span class='ocr_line' id='line_1_85' title="bbox 509 5050 2122 5168; baseline -0.007 -18"><span class='ocrx_word' id='word_1_631' title='bbox 509 5050 1244 5168; x_wconf 44' lang='lat' dir='ltr'><strong>figiegeremusdebuisse.</strong></span> <span class='ocrx_word' id='word_1_632' title='bbox 1259 5084 1394 5168; x_wconf 54' lang='lat' dir='ltr'><strong>nam</strong></span> <span class='ocrx_word' id='word_1_633' title='bbox 1416 5051 1654 5168; x_wconf 68' lang='lat' dir='ltr'><strong>habuisse</strong></span> <span class='ocrx_word' id='word_1_634' title='bbox 1674 5101 1772 5168; x_wconf 88' lang='lat' dir='ltr'><strong>pro</strong></span> <span class='ocrx_word' id='word_1_635' title='bbox 1793 5086 2025 5168; x_wconf 84' lang='lat' dir='ltr'><strong>debuisse</strong></span> <span class='ocrx_word' id='word_1_636' title='bbox 2119 5100 2122 5103; x_wconf 84' lang='lat'>&#39;</span> 
     </span>
    </p>
   </div>
   <div class='ocr_carea' id='block_1_86' title="bbox 439 5158 2019 5236">
    <p class='ocr_par' dir='ltr' id='par_1_86' title="bbox 439 5158 2019 5236">
     <span class='ocr_line' id='line_1_86' title="bbox 439 5158 2019 5236; baseline -0.006 -16"><span class='ocrx_word' id='word_1_637' title='bbox 439 5158 726 5236; x_wconf 70' lang='lat' dir='ltr'><strong>aliquando</strong></span> <span class='ocrx_word' id='word_1_638' title='bbox 748 5160 1110 5236; x_wconf 82' lang='lat' dir='ltr'><strong>dictumfuit?</strong></span> <span class='ocrx_word' id='word_1_639' title='bbox 1139 5158 1401 5236; x_wconf 70' lang='lat' dir='ltr'><strong>Similith</strong></span> <span class='ocrx_word' id='word_1_640' title='bbox 1426 5158 1641 5224; x_wconf 82' lang='lat' dir='ltr'><strong>quidem</strong></span> <span class='ocrx_word' id='word_1_641' title='bbox 1667 5165 1827 5236; x_wconf 61' lang='lat' dir='ltr'><strong>tract.</strong></span> <span class='ocrx_word' id='word_1_642' title='bbox 1878 5173 2019 5228; x_wconf 85' lang='lat' dir='ltr'><strong>seq.,</strong></span> 
     </span>
    </p>
   </div>
   <div class='ocr_carea' id='block_1_87' title="bbox 434 5227 2012 5297">
    <p class='ocr_par' dir='ltr' id='par_1_87' title="bbox 434 5227 2012 5297">
     <span class='ocr_line' id='line_1_87' title="bbox 434 5227 2012 5297; baseline -0.013 -3"><span class='ocrx_word' id='word_1_643' title='bbox 434 5253 489 5292; x_wconf 82' lang='grc' dir='ltr'>ιι.</span> <span class='ocrx_word' id='word_1_644' title='bbox 519 5227 605 5293; x_wconf 72' lang='lat' dir='ltr'><strong>i3.</strong></span> <span class='ocrx_word' id='word_1_645' title='bbox 639 5253 736 5292; x_wconf 91' lang='lat' dir='ltr'><strong>ms.</strong></span> <span class='ocrx_word' id='word_1_646' title='bbox 770 5237 922 5288; x_wconf 79' lang='lat' dir='ltr'><strong>Rem.</strong></span> <span class='ocrx_word' id='word_1_647' title='bbox 948 5232 1132 5285; x_wconf 86' lang='lat' dir='ltr'><strong>habere</strong></span> <span class='ocrx_word' id='word_1_648' title='bbox 1162 5244 1256 5297; x_wconf 89' lang='lat' dir='ltr'><strong>pro</strong></span> <span class='ocrx_word' id='word_1_649' title='bbox 1283 5227 1482 5291; x_wconf 80' lang='lat' dir='ltr'><strong>debere,</strong></span> <span class='ocrx_word' id='word_1_650' title='bbox 1512 5239 1564 5280; x_wconf 91' lang='lat' dir='ltr'><strong>at</strong></span> <span class='ocrx_word' id='word_1_651' title='bbox 1591 5227 1792 5280; x_wconf 88' lang='lat' dir='ltr'><strong>nullum</strong></span> <span class='ocrx_word' id='word_1_652' title='bbox 1829 5227 2012 5292; x_wconf 59' lang='lat' dir='ltr'><strong>prmio.</strong></span> 
     </span>
    </p>
   </div>
   <div class='ocr_carea' id='block_1_88' title="bbox 429 5300 2023 5376">
    <p class='ocr_par' dir='ltr' id='par_1_88' title="bbox 429 5300 2023 5376">
     <span class='ocr_line' id='line_1_88' title="bbox 429 5300 2023 5376; baseline -0.006 -13"><span class='ocrx_word' id='word_1_653' title='bbox 429 5324 521 5363; x_wconf 89' lang='lat' dir='ltr'><strong>rea</strong></span> <span class='ocrx_word' id='word_1_654' title='bbox 564 5304 701 5376; x_wconf 81' lang='lat' dir='ltr'><strong>apud</strong></span> <span class='ocrx_word' id='word_1_655' title='bbox 734 5317 942 5376; x_wconf 65' lang='lat' dir='ltr'><strong>veteres</strong></span> <span class='ocrx_word' id='word_1_656' title='bbox 988 5300 1252 5371; x_wconf 84' lang='lat' dir='ltr'><strong>ejusmodi</strong></span> <span class='ocrx_word' id='word_1_657' title='bbox 1293 5301 1596 5376; x_wconf 62' lang='lat' dir='ltr'><strong>exi-motum</strong></span> <span class='ocrx_word' id='word_1_658' title='bbox 1635 5301 1871 5376; x_wconf 68' lang='lat' dir='ltr'><strong>reperire</strong></span> <span class='ocrx_word' id='word_1_659' title='bbox 1901 5302 2023 5353; x_wconf 76' lang='lat' dir='ltr'><strong>liac-</strong></span> 
     </span>
    </p>
   </div>
   <div class='ocr_carea' id='block_1_89' title="bbox 436 5371 2019 5441">
    <p class='ocr_par' dir='ltr' id='par_1_89' title="bbox 436 5371 2019 5441">
     <span class='ocr_line' id='line_1_89' title="bbox 436 5371 2019 5441; baseline -0.006 -9"><span class='ocrx_word' id='word_1_660' title='bbox 436 5371 782 5434; x_wconf 48' lang='lat' dir='ltr'><strong>tenus&#39;licuit.</strong></span> <span class='ocrx_word' id='word_1_661' title='bbox 819 5374 1141 5430; x_wconf 82' lang='lat' dir='ltr'><strong>Nuntiabant</strong></span> <span class='ocrx_word' id='word_1_662' title='bbox 1175 5387 1268 5441; x_wconf 86' lang='lat' dir='ltr'><strong>pro</strong></span> <span class='ocrx_word' id='word_1_663' title='bbox 1297 5371 1560 5424; x_wconf 85' lang='lat' dir='ltr'><strong>nuntiabat</strong></span> <span class='ocrx_word' id='word_1_664' title='bbox 1590 5371 1924 5423; x_wconf 81' lang='lat' dir='ltr'><strong>correximus</strong></span> <span class='ocrx_word' id='word_1_665' title='bbox 1955 5385 2019 5424; x_wconf 80' lang='lat' dir='ltr'><strong>ex</strong></span> 
     </span>
    </p>
   </div>
   <div class='ocr_carea' id='block_1_90' title="bbox 438 5441 2021 5512">
    <p class='ocr_par' dir='ltr' id='par_1_90' title="bbox 438 5441 2021 5512">
     <span class='ocr_line' id='line_1_90' title="bbox 438 5441 2021 5512; baseline -0.006 -10"><span class='ocrx_word' id='word_1_666' title='bbox 438 5465 588 5504; x_wconf 87' lang='lat' dir='ltr'><strong>mss..</strong></span> <span class='ocrx_word' id='word_1_667' title='bbox 631 5450 840 5512; x_wconf 59' lang='lat' dir='ltr'><strong>Ponun,</strong></span> <span class='ocrx_word' id='word_1_668' title='bbox 884 5448 1026 5507; x_wconf 76' lang='lat' dir='ltr'><strong>Vat.,</strong></span> <span class='ocrx_word' id='word_1_669' title='bbox 1071 5445 1189 5512; x_wconf 88' lang='lat' dir='ltr'><strong>Sp.,</strong></span> <span class='ocrx_word' id='word_1_670' title='bbox 1233 5441 1553 5495; x_wconf 77' lang='lat' dir='ltr'><strong>Conﬁrmant</strong></span> <span class='ocrx_word' id='word_1_671' title='bbox 1601 5456 1699 5510; x_wconf 89' lang='lat' dir='ltr'><strong>pro</strong></span> <span class='ocrx_word' id='word_1_672' title='bbox 1751 5441 2021 5508; x_wconf 81' lang='lat' dir='ltr'><strong>conﬁrmat</strong></span> 
     </span>
    </p>
   </div>
   <div class='ocr_carea' id='block_1_91' title="bbox 437 5515 1211 5584">
    <p class='ocr_par' dir='ltr' id='par_1_91' title="bbox 437 5515 1211 5584">
     <span class='ocr_line' id='line_1_91' title="bbox 437 5515 1211 5584; baseline -0.008 -10"><span class='ocrx_word' id='word_1_673' title='bbox 437 5521 721 5574; x_wconf 76' lang='lat' dir='ltr'><strong>emendare</strong></span> <span class='ocrx_word' id='word_1_674' title='bbox 747 5517 1005 5572; x_wconf 80' lang='lat' dir='ltr'><strong>sententia</strong></span> <span class='ocrx_word' id='word_1_675' title='bbox 1033 5515 1211 5584; x_wconf 65' lang='lat' dir='ltr'><strong>jussit.</strong></span> 
     </span>
    </p>
   </div>
   <div class='ocr_carea' id='block_1_92' title="bbox 503 5584 1412 5660">
    <p class='ocr_par' dir='ltr' id='par_1_92' title="bbox 503 5584 1412 5660">
     <span class='ocr_line' id='line_1_92' title="bbox 503 5584 1412 5660; baseline -0.01 -16"><span class='ocrx_word' id='word_1_676' title='bbox 503 5586 619 5660; x_wconf 78' lang='lat' dir='ltr'><strong>(l6)</strong></span> <span class='ocrx_word' id='word_1_677' title='bbox 652 5590 742 5660; x_wconf 84' lang='lat' dir='ltr'><strong>Ms.</strong></span> <span class='ocrx_word' id='word_1_678' title='bbox 764 5589 984 5660; x_wconf 67' lang='lat' dir='ltr'><strong>Ponto,</strong></span> <span class='ocrx_word' id='word_1_679' title='bbox 1003 5584 1412 5660; x_wconf 66' lang='lat' dir='ltr'><strong>patristamilias.</strong></span> 
     </span>
    </p>
   </div>
   <div class='ocr_carea' id='block_1_93' title="bbox 506 5589 2018 5731">
    <p class='ocr_par' dir='ltr' id='par_1_93' title="bbox 506 5589 2018 5731">
     <span class='ocr_line' id='line_1_93' title="bbox 506 5589 1412 5660; baseline -0.01 -16"><span class='ocrx_word' id='word_1_680' title='bbox 506 5590 597 5660; x_wconf 86' lang='lat' dir='ltr'><strong>(l6</strong></span> <span class='ocrx_word' id='word_1_681' title='bbox 652 5590 742 5643; x_wconf 84' lang='lat' dir='ltr'><strong>Ms.</strong></span> <span class='ocrx_word' id='word_1_682' title='bbox 774 5589 1412 5657; x_wconf 67' lang='lat' dir='ltr'><strong>Pontp.,patristamilias.</strong></span> 
     </span>
     <span class='ocr_line' id='line_1_94' title="bbox 506 5589 2018 5731; baseline -0.004 -16"><span class='ocrx_word' id='word_1_683' title='bbox 506 5589 619 5731; x_wconf 61' lang='lat' dir='ltr'><strong>(l7)</strong></span> <span class='ocrx_word' id='word_1_684' title='bbox 654 5657 1177 5731; x_wconf 76' lang='lat' dir='ltr'><strong>Ms.Rem.,indeptte</strong></span> <span class='ocrx_word' id='word_1_685' title='bbox 1205 5655 1467 5731; x_wconf 80' lang='lat' dir='ltr'><strong>scribit_in</strong></span> <span class='ocrx_word' id='word_1_686' title='bbox 1493 5662 1668 5719; x_wconf 78' lang='lat' dir='ltr'><strong>textu;</strong></span> <span class='ocrx_word' id='word_1_687' title='bbox 1701 5652 1752 5707; x_wconf 93' lang='lat' dir='ltr'><strong>in</strong></span> <span class='ocrx_word' id='word_1_688' title='bbox 1777 5652 2018 5724; x_wconf 83' lang='lat' dir='ltr'><strong>margine</strong></span> 
     </span>
    </p>
   </div>
   <div class='ocr_carea' id='block_1_94' title="bbox 438 5724 2019 5799">
    <p class='ocr_par' dir='ltr' id='par_1_94' title="bbox 438 5724 2019 5799">
     <span class='ocr_line' id='line_1_95' title="bbox 438 5724 2019 5799; baseline 0 -19"><span class='ocrx_word' id='word_1_689' title='bbox 438 5724 613 5799; x_wconf 78' lang='lat' dir='ltr'><strong>autem</strong></span> <span class='ocrx_word' id='word_1_690' title='bbox 637 5731 846 5799; x_wconf 90' lang='lat' dir='ltr'><strong>antiqua</strong></span> <span class='ocrx_word' id='word_1_691' title='bbox 869 5743 1049 5799; x_wconf 85' lang='lat' dir='ltr'><strong>manu,</strong></span> <span class='ocrx_word' id='word_1_692' title='bbox 1078 5724 1297 5799; x_wconf 73' lang='lat' dir='ltr'><strong>indept.,</strong></span> <span class='ocrx_word' id='word_1_693' title='bbox 1327 5724 1536 5799; x_wconf 42' lang='lat' dir='ltr'><strong>edepl”</strong></span> <span class='ocrx_word' id='word_1_694' title='bbox 1585 5735 1866 5788; x_wconf 84' lang='lat' dir='ltr'><strong>consecut.,</strong></span> <span class='ocrx_word' id='word_1_695' title='bbox 1900 5739 2019 5799; x_wconf 64' lang='lat' dir='ltr'><strong>qua:</strong></span> 
     </span>
    </p>
   </div>
   <div class='ocr_carea' id='block_1_95' title="bbox 438 5797 2017 5870">
    <p class='ocr_par' dir='ltr' id='par_1_95' title="bbox 438 5797 2017 5870">
     <span class='ocr_line' id='line_1_96' title="bbox 438 5797 2017 5870; baseline -0.001 -17"><span class='ocrx_word' id='word_1_696' title='bbox 438 5797 984 5870; x_wconf 44' lang='lat' dir='ltr'><strong>imirginalis‘notalio</strong></span> <span class='ocrx_word' id='word_1_697' title='bbox 1031 5798 1083 5850; x_wconf 92' lang='lat' dir='ltr'><strong>in</strong></span> <span class='ocrx_word' id='word_1_698' title='bbox 1120 5797 1371 5851; x_wconf 86' lang='lat' dir='ltr'><strong>editionis</strong></span> <span class='ocrx_word' id='word_1_699' title='bbox 1399 5797 1616 5851; x_wconf 63' lang='lat' dir='ltr'><strong>Veneta:</strong></span> <span class='ocrx_word' id='word_1_700' title='bbox 1663 5804 1864 5851; x_wconf 82' lang='lat' dir='ltr'><strong>textum</strong></span> <span class='ocrx_word' id='word_1_701' title='bbox 1916 5797 2017 5851; x_wconf 82' lang='lat' dir='ltr'><strong>mi-</strong></span> 
     </span>
    </p>
   </div>
   <div class='ocr_carea' id='block_1_96' title="bbox 2045 4596 2286 4736">
    <p class='ocr_par' dir='ltr' id='par_1_96' title="bbox 2045 4596 2286 4736">
     <span class='ocr_line' id='line_1_97' title="bbox 2045 4596 2286 4736; baseline 0.017 -21"><span class='ocrx_word' id='word_1_702' title='bbox 2045 4656 2095 4715; x_wconf 78' lang='lat' dir='ltr'><strong>n</strong></span> <span class='ocrx_word' id='word_1_703' title='bbox 2132 4731 2168 4736; x_wconf 21' lang='lat' dir='ltr'><strong>ﬂ</strong></span> <span class='ocrx_word' id='word_1_704' title='bbox 2192 4596 2286 4736; x_wconf 55' lang='lat' dir='ltr'><strong>illi</strong></span> 
     </span>
    </p>
   </div>
   <div class='ocr_carea' id='block_1_97' title="bbox 2123 3302 3722 3385">
    <p class='ocr_par' dir='ltr' id='par_1_97' title="bbox 2123 3302 3722 3385">
     <span class='ocr_line' id='line_1_98' title="bbox 2123 3302 3722 3385; baseline 0.002 -16"><span class='ocrx_word' id='word_1_705' title='bbox 2123 3325 2244 3370; x_wconf 86' lang='lat' dir='ltr'><strong>sunt</strong></span> <span class='ocrx_word' id='word_1_706' title='bbox 2269 3317 2503 3385; x_wconf 68' lang='lat' dir='ltr'><strong>qttwrite,</strong></span> <span class='ocrx_word' id='word_1_707' title='bbox 2535 3316 2620 3370; x_wconf 85' lang='lat' dir='ltr'><strong>ubi</strong></span> <span class='ocrx_word' id='word_1_708' title='bbox 2659 3314 2892 3371; x_wconf 84' lang='lat' dir='ltr'><strong>Christus</strong></span> <span class='ocrx_word' id='word_1_709' title='bbox 2919 3329 2995 3374; x_wconf 89' lang='lat' dir='ltr'><strong>est</strong></span> <span class='ocrx_word' id='word_1_710' title='bbox 3023 3319 3092 3373; x_wconf 87' lang='lat' dir='ltr'><strong>ad</strong></span> <span class='ocrx_word' id='word_1_711' title='bbox 3134 3302 3400 3373; x_wconf 74' lang='lat' dir='ltr'><strong>dexteram</strong></span> <span class='ocrx_word' id='word_1_712' title='bbox 3424 3319 3519 3374; x_wconf 88' lang='lat' dir='ltr'><strong>Dei</strong></span> <span class='ocrx_word' id='word_1_713' title='bbox 3544 3320 3722 3374; x_wconf 81' lang='lat' dir='ltr'><strong>sedens</strong></span> 
     </span>
    </p>
   </div>
   <div class='ocr_carea' id='block_1_98' title="bbox 2123 3407 3722 3483">
    <p class='ocr_par' dir='ltr' id='par_1_98' title="bbox 2123 3407 3722 3483">
     <span class='ocr_line' id='line_1_99' title="bbox 2123 3407 3722 3483; baseline 0.001 -19"><span class='ocrx_word' id='word_1_714' title='bbox 2123 3408 2346 3483; x_wconf 85' lang='lat' dir='ltr'><strong>(Coloss.</strong></span> <span class='ocrx_word' id='word_1_715' title='bbox 2380 3426 2460 3476; x_wconf 86' lang='grc' dir='ltr'>ιιι,</span> <span class='ocrx_word' id='word_1_716' title='bbox 2492 3409 2568 3480; x_wconf 73' lang='lat' dir='ltr'><strong>t).</strong></span> <span class='ocrx_word' id='word_1_717' title='bbox 2595 3407 2888 3467; x_wconf 86' lang='lat' dir='ltr'><strong>Possumus</strong></span> <span class='ocrx_word' id='word_1_718' title='bbox 2917 3422 2969 3467; x_wconf 90' lang='lat' dir='ltr'><strong>et</strong></span> <span class='ocrx_word' id='word_1_719' title='bbox 2994 3413 3100 3476; x_wconf 86' lang='lat' dir='ltr'><strong>sic.</strong></span> <span class='ocrx_word' id='word_1_720' title='bbox 3152 3413 3368 3478; x_wconf 77' lang='lat' dir='ltr'><strong>fratres,</strong></span> <span class='ocrx_word' id='word_1_721' title='bbox 3421 3411 3722 3483; x_wconf 86' lang='lat' dir='ltr'><strong>intelligere</strong></span> 
     </span>
    </p>
   </div>
   <div class='ocr_carea' id='block_1_99' title="bbox 2124 3495 3719 3576">
    <p class='ocr_par' dir='ltr' id='par_1_99' title="bbox 2124 3495 3719 3576">
     <span class='ocr_line' id='line_1_100' title="bbox 2124 3495 3719 3576; baseline 0.002 -17"><span class='ocrx_word' id='word_1_722' title='bbox 2124 3503 2229 3560; x_wconf 87' lang='lat' dir='ltr'><strong>hoc</strong></span> <span class='ocrx_word' id='word_1_723' title='bbox 2257 3504 2326 3560; x_wconf 91' lang='lat' dir='ltr'><strong>de</strong></span> <span class='ocrx_word' id='word_1_724' title='bbox 2357 3503 2620 3570; x_wconf 85' lang='lat' dir='ltr'><strong>ministris</strong></span> <span class='ocrx_word' id='word_1_725' title='bbox 2651 3513 2705 3559; x_wconf 86' lang='lat' dir='ltr'><strong>et</strong></span> <span class='ocrx_word' id='word_1_726' title='bbox 2724 3505 2791 3561; x_wconf 91' lang='lat' dir='ltr'><strong>de</strong></span> <span class='ocrx_word' id='word_1_727' title='bbox 2820 3506 3025 3576; x_wconf 87' lang='lat' dir='ltr'><strong>angelis</strong></span> <span class='ocrx_word' id='word_1_728' title='bbox 3054 3495 3444 3576; x_wconf 39' lang='lat' dir='ltr'><strong>dictum,&#39;quos</strong></span> <span class='ocrx_word' id='word_1_729' title='bbox 3475 3508 3719 3570; x_wconf 82' lang='lat' dir='ltr'><strong>Domino,</strong></span> 
     </span>
    </p>
   </div>
   <div class='ocr_carea' id='block_1_100' title="bbox 2125 3596 3720 3670">
    <p class='ocr_par' dir='ltr' id='par_1_100' title="bbox 2125 3596 3720 3670">
     <span class='ocr_line' id='line_1_101' title="bbox 2125 3596 3720 3670; baseline 0.003 -20"><span class='ocrx_word' id='word_1_730' title='bbox 2125 3612 2247 3650; x_wconf 90' lang='lat' dir='ltr'><strong>cum</strong></span> <span class='ocrx_word' id='word_1_731' title='bbox 2273 3596 2497 3651; x_wconf 87' lang='lat' dir='ltr'><strong>essetin</strong></span> <span class='ocrx_word' id='word_1_732' title='bbox 2540 3598 2723 3663; x_wconf 87' lang='lat' dir='ltr'><strong>terris,</strong></span> <span class='ocrx_word' id='word_1_733' title='bbox 2756 3597 2948 3654; x_wconf 78' lang='lat' dir='ltr'><strong>iecisse</strong></span> <span class='ocrx_word' id='word_1_734' title='bbox 2976 3598 3287 3654; x_wconf 79' lang='lat' dir='ltr'><strong>invenirnus</strong></span> <span class='ocrx_word' id='word_1_735' title='bbox 3316 3598 3578 3664; x_wconf 80' lang='lat' dir='ltr'><strong>oﬂicium,</strong></span> <span class='ocrx_word' id='word_1_736' title='bbox 3606 3602 3720 3670; x_wconf 85' lang='lat' dir='ltr'><strong>ipso</strong></span> 
     </span>
    </p>
   </div>
   <div class='ocr_carea' id='block_1_101' title="bbox 2127 3671 3718 3759">
    <p class='ocr_par' dir='ltr' id='par_1_101' title="bbox 2127 3671 3718 3759">
     <span class='ocr_line' id='line_1_102' title="bbox 2127 3671 3718 3759; baseline -0.001 -16"><span class='ocrx_word' id='word_1_737' title='bbox 2127 3687 2340 3743; x_wconf 88' lang='lat' dir='ltr'><strong>dicente</strong></span> <span class='ocrx_word' id='word_1_738' title='bbox 2370 3705 2382 3741; x_wconf 91' lang='lat'><strong>:</strong></span> <span class='ocrx_word' id='word_1_739' title='bbox 2417 3688 2532 3759; x_wconf 74' lang='lat'><strong>(25)</strong></span> <span class='ocrx_word' id='word_1_740' title='bbox 2561 3687 2744 3757; x_wconf 80' lang='lat' dir='ltr'><strong>Amen,</strong></span> <span class='ocrx_word' id='word_1_741' title='bbox 2777 3671 2924 3743; x_wconf 80' lang='lat' dir='ltr'><strong>amen</strong></span> <span class='ocrx_word' id='word_1_742' title='bbox 2948 3689 3064 3743; x_wconf 83' lang='lat' dir='ltr'><strong>dico</strong></span> <span class='ocrx_word' id='word_1_743' title='bbox 3095 3689 3257 3754; x_wconf 83' lang='lat' dir='ltr'><strong>vobis,</strong></span> <span class='ocrx_word' id='word_1_744' title='bbox 3280 3690 3516 3756; x_wconf 74' lang='lat' dir='ltr'><strong>uidebitis</strong></span> <span class='ocrx_word' id='word_1_745' title='bbox 3536 3690 3718 3745; x_wconf 75' lang='lat' dir='ltr'><strong>caelum</strong></span> 
     </span>
    </p>
   </div>
   <div class='ocr_carea' id='block_1_102' title="bbox 2127 3770 3715 3857">
    <p class='ocr_par' dir='ltr' id='par_1_102' title="bbox 2127 3770 3715 3857">
     <span class='ocr_line' id='line_1_103' title="bbox 2127 3770 3715 3857; baseline -0.001 -19"><span class='ocrx_word' id='word_1_746' title='bbox 2127 3772 2380 3848; x_wconf 74' lang='lat' dir='ltr'><strong>apertum,</strong></span> <span class='ocrx_word' id='word_1_747' title='bbox 2416 3781 2568 3852; x_wconf 78' lang='lat'><strong>191</strong></span> <span class='ocrx_word' id='word_1_748' title='bbox 2596 3791 2644 3835; x_wconf 89' lang='lat' dir='ltr'><strong>et</strong></span> <span class='ocrx_word' id='word_1_749' title='bbox 2672 3781 2880 3854; x_wconf 77' lang='lat' dir='ltr'><strong>angelos</strong></span> <span class='ocrx_word' id='word_1_750' title='bbox 2905 3780 3394 3848; x_wconf 67' lang='lat' dir='ltr'><strong>Deiadscendentes</strong></span> <span class='ocrx_word' id='word_1_751' title='bbox 3429 3794 3478 3836; x_wconf 90' lang='lat' dir='ltr'><strong>et</strong></span> <span class='ocrx_word' id='word_1_752' title='bbox 3509 3770 3715 3857; x_wconf 64' lang='lat' dir='ltr'><strong>desceno</strong></span> 
     </span>
    </p>
   </div>
   <div class='ocr_carea' id='block_1_103' title="bbox 2126 3870 3718 3945">
    <p class='ocr_par' dir='ltr' id='par_1_103' title="bbox 2126 3870 3718 3945">
     <span class='ocr_line' id='line_1_104' title="bbox 2126 3870 3718 3945; baseline 0.003 -21"><span class='ocrx_word' id='word_1_753' title='bbox 2126 3870 2300 3925; x_wconf 85' lang='lat' dir='ltr'><strong>dentes</strong></span> <span class='ocrx_word' id='word_1_754' title='bbox 2338 3888 2490 3942; x_wconf 70' lang='lat' dir='ltr'><strong>super</strong></span> <span class='ocrx_word' id='word_1_755' title='bbox 2519 3873 2688 3942; x_wconf 76' lang='lat' dir='ltr'><strong>ﬁlium</strong></span> <span class='ocrx_word' id='word_1_756' title='bbox 2721 3872 2944 3929; x_wconf 83' lang='lat' dir='ltr'><strong>hominis</strong></span> <span class='ocrx_word' id='word_1_757' title='bbox 2979 3873 3162 3945; x_wconf 82' lang='lat' dir='ltr'><strong>(Joan.</strong></span> <span class='ocrx_word' id='word_1_758' title='bbox 3211 3891 3250 3940; x_wconf 79' lang='grc' dir='ltr'>ι,</span> <span class='ocrx_word' id='word_1_759' title='bbox 3299 3874 3433 3945; x_wconf 75' lang='grc'><strong>52);</strong></span> <span class='ocrx_word' id='word_1_760' title='bbox 3485 3876 3625 3931; x_wconf 85' lang='lat' dir='ltr'><strong>sicut</strong></span> <span class='ocrx_word' id='word_1_761' title='bbox 3666 3883 3718 3931; x_wconf 84' lang='lat' dir='ltr'><strong>et</strong></span> 
     </span>
    </p>
   </div>
   <div class='ocr_carea' id='block_1_104' title="bbox 2120 3957 3718 4036">
    <p class='ocr_par' dir='ltr' id='par_1_104' title="bbox 2120 3957 3718 4036">
     <span class='ocr_line' id='line_1_105' title="bbox 2120 3957 3718 4036; baseline 0.004 -22"><span class='ocrx_word' id='word_1_762' title='bbox 2120 3957 2320 4015; x_wconf 84' lang='lat' dir='ltr'><strong>factum</strong></span> <span class='ocrx_word' id='word_1_763' title='bbox 2360 3971 2465 4027; x_wconf 90' lang='lat' dir='ltr'><strong>est,</strong></span> <span class='ocrx_word' id='word_1_764' title='bbox 2499 3961 2844 4033; x_wconf 85' lang='lat' dir='ltr'><strong>Evangelista</strong></span> <span class='ocrx_word' id='word_1_765' title='bbox 2875 3964 3129 4020; x_wconf 86' lang='lat' dir='ltr'><strong>dicente:</strong></span> <span class='ocrx_word' id='word_1_766' title='bbox 3175 3964 3318 4019; x_wconf 81' lang='lat' dir='ltr'><strong>Tunc</strong></span> <span class='ocrx_word' id='word_1_767' title='bbox 3361 3967 3567 4036; x_wconf 82' lang='lat' dir='ltr'><strong>reliquit</strong></span> <span class='ocrx_word' id='word_1_768' title='bbox 3605 3983 3718 4020; x_wconf 83' lang='lat' dir='ltr'><strong>eum</strong></span> 
     </span>
    </p>
   </div>
   <div class='ocr_carea' id='block_1_105' title="bbox 2122 4057 3717 4137">
    <p class='ocr_par' dir='ltr' id='par_1_105' title="bbox 2122 4057 3717 4137">
     <span class='ocr_line' id='line_1_106' title="bbox 2122 4057 3717 4137; baseline 0.004 -25"><span class='ocrx_word' id='word_1_769' title='bbox 2122 4057 2382 4126; x_wconf 84' lang='lat' dir='ltr'><strong>diabolus,</strong></span> <span class='ocrx_word' id='word_1_770' title='bbox 2410 4070 2458 4113; x_wconf 91' lang='lat' dir='ltr'><strong>et</strong></span> <span class='ocrx_word' id='word_1_771' title='bbox 2487 4076 2600 4115; x_wconf 86' lang='lat' dir='ltr'><strong>ecce</strong></span> <span class='ocrx_word' id='word_1_772' title='bbox 2634 4061 2806 4137; x_wconf 82' lang='lat' dir='ltr'><strong>angeli</strong></span> <span class='ocrx_word' id='word_1_773' title='bbox 2830 4073 3168 4128; x_wconf 85' lang='lat' dir='ltr'><strong>accesserunt,</strong></span> <span class='ocrx_word' id='word_1_774' title='bbox 3200 4074 3248 4118; x_wconf 90' lang='lat' dir='ltr'><strong>et</strong></span> <span class='ocrx_word' id='word_1_775' title='bbox 3285 4064 3642 4118; x_wconf 85' lang='lat' dir='ltr'><strong>ministrabant</strong></span> <span class='ocrx_word' id='word_1_776' title='bbox 3674 4058 3717 4118; x_wconf 65' lang='lat' dir='ltr'><strong>ei</strong></span> 
     </span>
    </p>
   </div>
   <div class='ocr_carea' id='block_1_106' title="bbox 2123 4150 3716 4222">
    <p class='ocr_par' dir='ltr' id='par_1_106' title="bbox 2123 4150 3716 4222">
     <span class='ocr_line' id='line_1_107' title="bbox 2123 4150 3716 4222; baseline 0.006 -19"><span class='ocrx_word' id='word_1_777' title='bbox 2123 4150 2339 4221; x_wconf 78' lang='lat' dir='ltr'><strong>(Matth.</strong></span> <span class='ocrx_word' id='word_1_778' title='bbox 2390 4168 2464 4218; x_wconf 80' lang='lat' dir='ltr'><strong>tv,</strong></span> <span class='ocrx_word' id='word_1_779' title='bbox 2501 4153 2612 4222; x_wconf 75' lang='lat' dir='ltr'><strong>il).</strong></span> <span class='ocrx_word' id='word_1_780' title='bbox 2654 4153 2807 4209; x_wconf 90' lang='lat' dir='ltr'><strong>Unde</strong></span> <span class='ocrx_word' id='word_1_781' title='bbox 2836 4154 3060 4209; x_wconf 91' lang='lat' dir='ltr'><strong>dubium</strong></span> <span class='ocrx_word' id='word_1_782' title='bbox 3103 4169 3210 4210; x_wconf 91' lang='lat' dir='ltr'><strong>non</strong></span> <span class='ocrx_word' id='word_1_783' title='bbox 3255 4165 3341 4210; x_wconf 87' lang='lat' dir='ltr'><strong>est</strong></span> <span class='ocrx_word' id='word_1_784' title='bbox 3386 4171 3553 4210; x_wconf 90' lang='lat' dir='ltr'><strong>unum</strong></span> <span class='ocrx_word' id='word_1_785' title='bbox 3598 4171 3716 4212; x_wconf 83' lang='lat' dir='ltr'><strong>esse</strong></span> 
     </span>
    </p>
   </div>
   <div class='ocr_carea' id='block_1_107' title="bbox 2076 4235 3712 4319">
    <p class='ocr_par' dir='ltr' id='par_1_107' title="bbox 2076 4235 3712 4319">
     <span class='ocr_line' id='line_1_108' title="bbox 2076 4235 3712 4319; baseline 0.003 -23"><span class='ocrx_word' id='word_1_786' title='bbox 2076 4262 2078 4265; x_wconf 94' lang='grc'>·</span> <span class='ocrx_word' id='word_1_787' title='bbox 2126 4245 2230 4309; x_wconf 76' lang='lat' dir='ltr'><strong>iter</strong></span> <span class='ocrx_word' id='word_1_788' title='bbox 2258 4245 2401 4300; x_wconf 91' lang='lat' dir='ltr'><strong>aerei</strong></span> <span class='ocrx_word' id='word_1_789' title='bbox 2430 4245 2681 4301; x_wconf 82' lang='lat' dir='ltr'><strong>eulminis</strong></span> <span class='ocrx_word' id='word_1_790' title='bbox 2709 4235 2915 4317; x_wconf 82' lang='lat' dir='ltr'><strong>angelis</strong></span> <span class='ocrx_word' id='word_1_791' title='bbox 2942 4248 3076 4302; x_wconf 89' lang='lat' dir='ltr'><strong>lucis</strong></span> <span class='ocrx_word' id='word_1_792' title='bbox 3108 4254 3165 4302; x_wconf 85' lang='lat' dir='ltr'><strong>et</strong></span> <span class='ocrx_word' id='word_1_793' title='bbox 3209 4247 3520 4304; x_wconf 88' lang='lat' dir='ltr'><strong>hominibus</strong></span> <span class='ocrx_word' id='word_1_794' title='bbox 3540 4248 3712 4319; x_wconf 83' lang='lat' dir='ltr'><strong>justis.</strong></span> 
     </span>
    </p>
   </div>
   <div class='ocr_carea' id='block_1_108' title="bbox 2202 4330 3737 4421">
    <p class='ocr_par' dir='ltr' id='par_1_108' title="bbox 2202 4330 3737 4421">
     <span class='ocr_line' id='line_1_109' title="bbox 2202 4330 3737 4421; baseline 0.005 -30"><span class='ocrx_word' id='word_1_795' title='bbox 2202 4335 2266 4391; x_wconf 69' lang='grc' dir='ltr'><strong>ν.</strong></span> <span class='ocrx_word' id='word_1_796' title='bbox 2299 4337 2425 4403; x_wconf 55' lang='lat' dir='ltr'><strong>Haec</strong></span> <span class='ocrx_word' id='word_1_797' title='bbox 2446 4338 2611 4411; x_wconf 89' lang='lat' dir='ltr'><strong>igitur</strong></span> <span class='ocrx_word' id='word_1_798' title='bbox 2632 4336 2816 4421; x_wconf 83' lang='lat' dir='ltr'><strong>omnia</strong></span> <span class='ocrx_word' id='word_1_799' title='bbox 2847 4330 3285 4411; x_wconf 70' lang='lat' dir='ltr'><strong>(24)combinata</strong></span> <span class='ocrx_word' id='word_1_800' title='bbox 3314 4345 3476 4398; x_wconf 79' lang='lat' dir='ltr'><strong>unius</strong></span> <span class='ocrx_word' id='word_1_801' title='bbox 3519 4343 3737 4413; x_wconf 82' lang='lat' dir='ltr'><strong>fructus</strong></span> 
     </span>
    </p>
   </div>
   <div class='ocr_carea' id='block_1_109' title="bbox 2115 4452 3709 4532">
    <p class='ocr_par' dir='ltr' id='par_1_109' title="bbox 2115 4452 3709 4532">
     <span class='ocr_line' id='line_1_110' title="bbox 2115 4452 3709 4532; baseline 0.006 -27"><span class='ocrx_word' id='word_1_802' title='bbox 2115 4452 2290 4522; x_wconf 87' lang='lat' dir='ltr'><strong>gravit</strong></span> <span class='ocrx_word' id='word_1_803' title='bbox 2337 4453 2451 4509; x_wconf 89' lang='lat' dir='ltr'><strong>sic:</strong></span> <span class='ocrx_word' id='word_1_804' title='bbox 2506 4455 2840 4532; x_wconf 78' lang='lat' dir='ltr'><strong>indeminutte</strong></span> <span class='ocrx_word' id='word_1_805' title='bbox 2885 4457 3111 4532; x_wconf 83' lang='lat' dir='ltr'><strong>deitatis,</strong></span> <span class='ocrx_word' id='word_1_806' title='bbox 3167 4458 3428 4528; x_wconf 84' lang='lat' dir='ltr'><strong>indeptus,</strong></span> <span class='ocrx_word' id='word_1_807' title='bbox 3479 4459 3709 4532; x_wconf 81' lang='lat' dir='ltr'><strong>adeptus,</strong></span> 
     </span>
    </p>
   </div>
   <div class='ocr_carea' id='block_1_110' title="bbox 2098 4529 3132 4597">
    <p class='ocr_par' dir='ltr' id='par_1_110' title="bbox 2098 4529 3132 4597">
     <span class='ocr_line' id='line_1_111' title="bbox 2098 4529 3132 4597; baseline 0.005 -21"><span class='ocrx_word' id='word_1_808' title='bbox 2098 4534 2427 4597; x_wconf 75' lang='lat' dir='ltr'><strong>&#39;consecntus-</strong></span> <span class='ocrx_word' id='word_1_809' title='bbox 2448 4535 2665 4597; x_wconf 85' lang='lat' dir='ltr'><strong>paterna</strong></span> <span class='ocrx_word' id='word_1_810' title='bbox 2684 4529 2991 4594; x_wconf 85' lang='lat' dir='ltr'><strong>substantia,</strong></span> <span class='ocrx_word' id='word_1_811' title='bbox 3028 4540 3132 4584; x_wconf 88' lang='lat' dir='ltr'><strong>etc.</strong></span> 
     </span>
    </p>
   </div>
   <div class='ocr_carea' id='block_1_111' title="bbox 2225 4593 3712 4737">
    <p class='ocr_par' dir='ltr' id='par_1_111' title="bbox 2225 4593 3712 4737">
     <span class='ocr_line' id='line_1_112' title="bbox 2225 4593 3712 4737; baseline 0.006 -90"><span class='ocrx_word' id='word_1_812' title='bbox 2225 4593 2310 4737; x_wconf 80' lang='lat' dir='ltr'><strong>t8)</strong></span> <span class='ocrx_word' id='word_1_813' title='bbox 2329 4593 2695 4668; x_wconf 79' lang='lat' dir='ltr'><strong>Aggressuram</strong></span> <span class='ocrx_word' id='word_1_814' title='bbox 2718 4599 2930 4657; x_wconf 88' lang='lat' dir='ltr'><strong>iterum.</strong></span> <span class='ocrx_word' id='word_1_815' title='bbox 2973 4611 3040 4653; x_wconf 91' lang='lat' dir='ltr'><strong>tr.</strong></span> <span class='ocrx_word' id='word_1_816' title='bbox 3071 4601 3138 4655; x_wconf 79' lang='lat' dir='ltr'><strong>i6</strong></span> <span class='ocrx_word' id='word_1_817' title='bbox 3161 4596 3399 4656; x_wconf 85' lang='lat' dir='ltr'><strong>l.I.Vide</strong></span> <span class='ocrx_word' id='word_1_818' title='bbox 3421 4601 3608 4656; x_wconf 86' lang='lat' dir='ltr'><strong>adnot.</strong></span> <span class='ocrx_word' id='word_1_819' title='bbox 3630 4603 3712 4658; x_wconf 79' lang='lat' dir='ltr'><strong>l9.</strong></span> 
     </span>
     <span class='ocr_line' id='line_1_113' title="bbox 2225 4666 3712 4737; baseline 0.005 -18"><span class='ocrx_word' id='word_1_820' title='bbox 2225 4668 2286 4719; x_wconf 79' lang='lat' dir='ltr'><strong>l9</strong></span> <span class='ocrx_word' id='word_1_821' title='bbox 2339 4666 2463 4721; x_wconf 83' lang='lat' dir='ltr'><strong>Mss.</strong></span> <span class='ocrx_word' id='word_1_822' title='bbox 2515 4669 2701 4734; x_wconf 77' lang='lat' dir='ltr'><strong>Retn.,</strong></span> <span class='ocrx_word' id='word_1_823' title='bbox 2733 4669 2877 4737; x_wconf 86' lang='lat' dir='ltr'><strong>Tol.,</strong></span> <span class='ocrx_word' id='word_1_824' title='bbox 2927 4666 3057 4725; x_wconf 86' lang='lat' dir='ltr'><strong>Zen.</strong></span> <span class='ocrx_word' id='word_1_825' title='bbox 3089 4681 3143 4726; x_wconf 90' lang='lat' dir='ltr'><strong>et</strong></span> <span class='ocrx_word' id='word_1_826' title='bbox 3177 4671 3370 4737; x_wconf 86' lang='lat' dir='ltr'><strong>Pomp.</strong></span> <span class='ocrx_word' id='word_1_827' title='bbox 3422 4687 3542 4727; x_wconf 87' lang='lat' dir='ltr'><strong>cum</strong></span> <span class='ocrx_word' id='word_1_828' title='bbox 3585 4675 3712 4729; x_wconf 79' lang='lat' dir='ltr'><strong>edit.</strong></span> 
     </span>
    </p>
   </div>
   <div class='ocr_carea' id='block_1_112' title="bbox 2339 4666 3714 4742">
    <p class='ocr_par' dir='ltr' id='par_1_112' title="bbox 2339 4666 3714 4742">
     <span class='ocr_line' id='line_1_114' title="bbox 2339 4666 3714 4742; baseline 0.006 -23"><span class='ocrx_word' id='word_1_829' title='bbox 2339 4666 2463 4721; x_wconf 80' lang='lat' dir='ltr'><strong>Mss.</strong></span> <span class='ocrx_word' id='word_1_830' title='bbox 2515 4669 2701 4734; x_wconf 77' lang='lat' dir='ltr'><strong>Retn.,</strong></span> <span class='ocrx_word' id='word_1_831' title='bbox 2733 4669 2877 4737; x_wconf 86' lang='lat' dir='ltr'><strong>Tol.,</strong></span> <span class='ocrx_word' id='word_1_832' title='bbox 2927 4666 3057 4725; x_wconf 86' lang='lat' dir='ltr'><strong>Zen.</strong></span> <span class='ocrx_word' id='word_1_833' title='bbox 3089 4681 3143 4726; x_wconf 90' lang='lat' dir='ltr'><strong>et</strong></span> <span class='ocrx_word' id='word_1_834' title='bbox 3177 4671 3370 4742; x_wconf 86' lang='lat' dir='ltr'><strong>Pomp.</strong></span> <span class='ocrx_word' id='word_1_835' title='bbox 3422 4687 3542 4727; x_wconf 87' lang='lat' dir='ltr'><strong>cum</strong></span> <span class='ocrx_word' id='word_1_836' title='bbox 3585 4675 3714 4729; x_wconf 79' lang='lat' dir='ltr'><strong>edit.</strong></span> 
     </span>
    </p>
   </div>
   <div class='ocr_carea' id='block_1_113' title="bbox 2132 4731 3717 4812">
    <p class='ocr_par' dir='ltr' id='par_1_113' title="bbox 2132 4731 3717 4812">
     <span class='ocr_line' id='line_1_115' title="bbox 2132 4731 3717 4812; baseline 0.009 -26"><span class='ocrx_word' id='word_1_837' title='bbox 2132 4731 2785 4812; x_wconf 65' lang='lat' dir='ltr'><strong>Ve&#39;u.,&#39;_sacramentorum;</strong></span> <span class='ocrx_word' id='word_1_838' title='bbox 2810 4731 2903 4796; x_wconf 82' lang='lat' dir='ltr'><strong>sed</strong></span> <span class='ocrx_word' id='word_1_839' title='bbox 2938 4744 3075 4795; x_wconf 89' lang='lat' dir='ltr'><strong>male</strong></span> <span class='ocrx_word' id='word_1_840' title='bbox 3107 4760 3118 4794; x_wconf 91' lang='lat'>:</span> <span class='ocrx_word' id='word_1_841' title='bbox 3152 4758 3273 4795; x_wconf 87' lang='lat' dir='ltr'><strong>nam</strong></span> <span class='ocrx_word' id='word_1_842' title='bbox 3303 4731 3522 4812; x_wconf 65' lang='lat' dir='ltr'><strong>semper</strong></span> <span class='ocrx_word' id='word_1_843' title='bbox 3545 4745 3599 4798; x_wconf 88' lang='lat' dir='ltr'><strong>in</strong></span> <span class='ocrx_word' id='word_1_844' title='bbox 3627 4760 3717 4800; x_wconf 83' lang='lat' dir='ltr'><strong>sn-</strong></span> 
     </span>
    </p>
   </div>
   <div class='ocr_carea' id='block_1_114' title="bbox 2129 4806 3710 4885">
    <p class='ocr_par' dir='ltr' id='par_1_114' title="bbox 2129 4806 3710 4885">
     <span class='ocr_line' id='line_1_116' title="bbox 2129 4806 3710 4885; baseline 0.008 -28"><span class='ocrx_word' id='word_1_845' title='bbox 2129 4806 2428 4885; x_wconf 68' lang='lat' dir='ltr'><strong>perioribus</strong></span> <span class='ocrx_word' id='word_1_846' title='bbox 2449 4810 2706 4885; x_wconf 78' lang='lat' dir='ltr'><strong>symbolis</strong></span> <span class='ocrx_word' id='word_1_847' title='bbox 2721 4813 2962 4866; x_wconf 88' lang='lat' dir='ltr'><strong>binarius</strong></span> <span class='ocrx_word' id='word_1_848' title='bbox 2989 4828 3242 4866; x_wconf 89' lang='lat' dir='ltr'><strong>numerus</strong></span> <span class='ocrx_word' id='word_1_849' title='bbox 3264 4813 3369 4865; x_wconf 84' lang='lat' dir='ltr'><strong>duo</strong></span> <span class='ocrx_word' id='word_1_850' title='bbox 3392 4806 3710 4870; x_wconf 76' lang='lat' dir='ltr'><strong>Testamenta</strong></span> 
     </span>
    </p>
   </div>
   <div class='ocr_carea' id='block_1_115' title="bbox 2127 4877 3715 4949">
    <p class='ocr_par' dir='ltr' id='par_1_115' title="bbox 2127 4877 3715 4949">
     <span class='ocr_line' id='line_1_117' title="bbox 2127 4877 3715 4949; baseline 0.008 -21"><span class='ocrx_word' id='word_1_851' title='bbox 2127 4877 2451 4949; x_wconf 65' lang='lat' dir='ltr'><strong>signiﬁcasse</strong></span> <span class='ocrx_word' id='word_1_852' title='bbox 2482 4877 2735 4945; x_wconf 85' lang='lat' dir='ltr'><strong>traditur,</strong></span> <span class='ocrx_word' id='word_1_853' title='bbox 2759 4892 2813 4936; x_wconf 87' lang='lat' dir='ltr'><strong>et</strong></span> <span class='ocrx_word' id='word_1_854' title='bbox 2844 4885 3393 4949; x_wconf 62' lang='lat' dir='ltr'><strong>praeterea‘salutaria</strong></span> <span class='ocrx_word' id='word_1_855' title='bbox 3431 4887 3622 4939; x_wconf 74' lang='lat' dir='ltr'><strong>muttito</strong></span> <span class='ocrx_word' id='word_1_856' title='bbox 3661 4888 3715 4940; x_wconf 91' lang='lat' dir='ltr'><strong>in</strong></span> 
     </span>
    </p>
   </div>
   <div class='ocr_carea' id='block_1_116' title="bbox 2128 4944 3715 5070">
    <p class='ocr_par' dir='ltr' id='par_1_116' title="bbox 2128 4944 3715 5070">
     <span class='ocr_line' id='line_1_118' title="bbox 2128 4944 3715 5070; baseline 0.009 -73"><span class='ocrx_word' id='word_1_857' title='bbox 2128 4944 2338 5070; x_wconf 59' lang='lat' dir='ltr'><strong>:luoliitis</strong></span> <span class='ocrx_word' id='word_1_858' title='bbox 2364 4944 2727 5004; x_wconf 83' lang='lat' dir='ltr'><strong>Testamentis</strong></span> <span class='ocrx_word' id='word_1_859' title='bbox 2751 4944 2916 5008; x_wconf 84' lang='lat' dir='ltr'><strong>veteri</strong></span> <span class='ocrx_word' id='word_1_860' title='bbox 2946 4968 3009 5009; x_wconf 90' lang='lat' dir='ltr'><strong>ac</strong></span> <span class='ocrx_word' id='word_1_861' title='bbox 3040 4968 3180 5009; x_wconf 88' lang='lat' dir='ltr'><strong>novo</strong></span> <span class='ocrx_word' id='word_1_862' title='bbox 3210 4957 3550 5033; x_wconf 84' lang='lat' dir='ltr'><strong>apertissime</strong></span> <span class='ocrx_word' id='word_1_863' title='bbox 3590 4959 3715 5012; x_wconf 76' lang='lat' dir='ltr'><strong>eon-</strong></span> 
     </span>
     <span class='ocr_line' id='line_1_119' title="bbox 2151 5031 2382 5070; baseline 0.004 -1"><span class='ocrx_word' id='word_1_864' title='bbox 2151 5031 2270 5070; x_wconf 87' lang='lat' dir='ltr'><strong>tuen</strong></span> <span class='ocrx_word' id='word_1_865' title='bbox 2303 5035 2382 5070; x_wconf 78' lang='lat' dir='ltr'><strong>lll&#39;.</strong></span> 
     </span>
    </p>
   </div>
   <div class='ocr_carea' id='block_1_117' title="bbox 2129 5025 3439 5070">
    <p class='ocr_par' dir='ltr' id='par_1_117' title="bbox 2129 5025 3439 5070">
     <span class='ocr_line' id='line_1_120' title="bbox 2129 5025 3439 5070; baseline 0.002 -2"><span class='ocrx_word' id='word_1_866' title='bbox 2129 5025 2382 5070; x_wconf 82' lang='lat' dir='ltr'><strong>tinentur.</strong></span> <span class='ocrx_word' id='word_1_867' title='bbox 3437 5031 3439 5033; x_wconf 81' lang='grc'><strong>’</strong></span> 
     </span>
    </p>
   </div>
   <div class='ocr_carea' id='block_1_118' title="bbox 2199 5087 3714 5168">
    <p class='ocr_par' dir='ltr' id='par_1_118' title="bbox 2199 5087 3714 5168">
     <span class='ocr_line' id='line_1_121' title="bbox 2199 5087 3714 5168; baseline 0.011 -30"><span class='ocrx_word' id='word_1_868' title='bbox 2199 5087 2316 5168; x_wconf 73' lang='grc'><strong>(20)</strong></span> <span class='ocrx_word' id='word_1_869' title='bbox 2345 5089 2627 5168; x_wconf 81' lang='lat' dir='ltr'><strong>Singulare</strong></span> <span class='ocrx_word' id='word_1_870' title='bbox 2649 5091 2817 5168; x_wconf 83' lang='lat' dir='ltr'><strong>hocce</strong></span> <span class='ocrx_word' id='word_1_871' title='bbox 2841 5095 3203 5152; x_wconf 88' lang='lat' dir='ltr'><strong>testimonium</strong></span> <span class='ocrx_word' id='word_1_872' title='bbox 3228 5106 3331 5164; x_wconf 85' lang='lat' dir='ltr'><strong>est,</strong></span> <span class='ocrx_word' id='word_1_873' title='bbox 3367 5098 3508 5168; x_wconf 86' lang='lat' dir='ltr'><strong>quod</strong></span> <span class='ocrx_word' id='word_1_874' title='bbox 3549 5097 3714 5153; x_wconf 80' lang='lat' dir='ltr'><strong>inter-</strong></span> 
     </span>
    </p>
   </div>
   <div class='ocr_carea' id='block_1_119' title="bbox 2129 5161 3715 5238">
    <p class='ocr_par' dir='ltr' id='par_1_119' title="bbox 2129 5161 3715 5238">
     <span class='ocr_line' id='line_1_122' title="bbox 2129 5161 3715 5238; baseline 0.009 -30"><span class='ocrx_word' id='word_1_875' title='bbox 2129 5161 2478 5238; x_wconf 77' lang='lat' dir='ltr'><strong>pretationem</strong></span> <span class='ocrx_word' id='word_1_876' title='bbox 2507 5164 2709 5238; x_wconf 81' lang='lat' dir='ltr'><strong>antiqui</strong></span> <span class='ocrx_word' id='word_1_877' title='bbox 2740 5167 2904 5235; x_wconf 79' lang='lat' dir='ltr'><strong>iguod</strong></span> <span class='ocrx_word' id='word_1_878' title='bbox 2928 5169 3185 5233; x_wconf 89' lang='lat' dir='ltr'><strong>auctoris,</strong></span> <span class='ocrx_word' id='word_1_879' title='bbox 3207 5161 3552 5238; x_wconf 70' lang='lat' dir='ltr'><strong>cujus,&#39;quod</strong></span> <span class='ocrx_word' id='word_1_880' title='bbox 3579 5172 3715 5224; x_wconf 82' lang='lat' dir='ltr'><strong>scia-</strong></span> 
     </span>
    </p>
   </div>
   <div class='ocr_carea' id='block_1_120' title="bbox 2126 5233 3714 5307">
    <p class='ocr_par' dir='ltr' id='par_1_120' title="bbox 2126 5233 3714 5307">
     <span class='ocr_line' id='line_1_123' title="bbox 2126 5233 3714 5307; baseline 0.009 -26"><span class='ocrx_word' id='word_1_881' title='bbox 2126 5233 2498 5307; x_wconf 80' lang='lat' dir='ltr'><strong>mus,aliuude</strong></span> <span class='ocrx_word' id='word_1_882' title='bbox 2529 5250 2633 5307; x_wconf 84' lang='lat' dir='ltr'><strong>non</strong></span> <span class='ocrx_word' id='word_1_883' title='bbox 2658 5233 2844 5304; x_wconf 58' lang='lat' dir='ltr'><strong>liquist,</strong></span> <span class='ocrx_word' id='word_1_884' title='bbox 2871 5238 3058 5307; x_wconf 85' lang='lat' dir='ltr'><strong>adnos</strong></span> <span class='ocrx_word' id='word_1_885' title='bbox 3081 5233 3400 5306; x_wconf 75' lang='lat' dir='ltr'><strong>transmisit,</strong></span> <span class='ocrx_word' id='word_1_886' title='bbox 3420 5233 3488 5307; x_wconf 80' lang='lat' dir='ltr'><strong>ad</strong></span> <span class='ocrx_word' id='word_1_887' title='bbox 3513 5240 3714 5295; x_wconf 87' lang='lat' dir='ltr'><strong>idcirco</strong></span> 
     </span>
    </p>
   </div>
   <div class='ocr_carea' id='block_1_121' title="bbox 2130 5304 3432 5367">
    <p class='ocr_par' dir='ltr' id='par_1_121' title="bbox 2130 5304 3432 5367">
     <span class='ocr_line' id='line_1_124' title="bbox 2130 5304 3432 5367; baseline 0.009 -16"><span class='ocrx_word' id='word_1_888' title='bbox 2130 5304 2394 5367; x_wconf 72' lang='lat' dir='ltr'><strong>prtecipue</strong></span> <span class='ocrx_word' id='word_1_889' title='bbox 2423 5305 2710 5358; x_wconf 91' lang='lat' dir='ltr'><strong>notandum</strong></span> <span class='ocrx_word' id='word_1_890' title='bbox 2742 5313 2911 5360; x_wconf 89' lang='lat' dir='ltr'><strong>visum</strong></span> <span class='ocrx_word' id='word_1_891' title='bbox 2943 5305 3060 5359; x_wconf 79' lang='lat' dir='ltr'><strong>fuit.</strong></span> <span class='ocrx_word' id='word_1_892' title='bbox 3389 5304 3394 5306; x_wconf 13' lang='grc' dir='ltr'><strong>Ἴ</strong></span> <span class='ocrx_word' id='word_1_893' title='bbox 3426 5342 3432 5346; x_wconf 94' lang='grc'><strong>-</strong></span> 
     </span>
    </p>
   </div>
   <div class='ocr_carea' id='block_1_122' title="bbox 2197 5370 3714 5443">
    <p class='ocr_par' dir='ltr' id='par_1_122' title="bbox 2197 5370 3714 5443">
     <span class='ocr_line' id='line_1_125' title="bbox 2197 5370 3714 5443; baseline 0.007 -21"><span class='ocrx_word' id='word_1_894' title='bbox 2197 5370 2312 5441; x_wconf 73' lang='grc'><strong>(21)</strong></span> <span class='ocrx_word' id='word_1_895' title='bbox 2339 5373 2462 5428; x_wconf 79' lang='lat' dir='ltr'><strong>Mss.</strong></span> <span class='ocrx_word' id='word_1_896' title='bbox 2483 5375 2694 5439; x_wconf 79' lang='lat' dir='ltr'><strong>Pomp.,</strong></span> <span class='ocrx_word' id='word_1_897' title='bbox 2721 5375 2849 5428; x_wconf 85' lang='lat' dir='ltr'><strong>Zen.</strong></span> <span class='ocrx_word' id='word_1_898' title='bbox 2877 5389 2924 5430; x_wconf 91' lang='lat' dir='ltr'><strong>et</strong></span> <span class='ocrx_word' id='word_1_899' title='bbox 2940 5375 3061 5443; x_wconf 78' lang='lat' dir='ltr'><strong>Sp.,</strong></span> <span class='ocrx_word' id='word_1_900' title='bbox 3090 5377 3410 5432; x_wconf 80' lang='lat' dir='ltr'><strong>adscendunt</strong></span> <span class='ocrx_word' id='word_1_901' title='bbox 3435 5397 3448 5434; x_wconf 87' lang='lat'><strong>:</strong></span> <span class='ocrx_word' id='word_1_902' title='bbox 3482 5388 3540 5432; x_wconf 87' lang='lat' dir='ltr'><strong>et</strong></span> <span class='ocrx_word' id='word_1_903' title='bbox 3576 5379 3714 5433; x_wconf 78' lang='lat' dir='ltr'><strong>infe-</strong></span> 
     </span>
    </p>
   </div>
   <div class='ocr_carea' id='block_1_123' title="bbox 2122 5441 3714 5509">
    <p class='ocr_par' dir='ltr' id='par_1_123' title="bbox 2122 5441 3714 5509">
     <span class='ocr_line' id='line_1_126' title="bbox 2122 5441 3714 5509; baseline 0.006 -17"><span class='ocrx_word' id='word_1_904' title='bbox 2122 5441 2232 5493; x_wconf 92' lang='lat' dir='ltr'><strong>rius</strong></span> <span class='ocrx_word' id='word_1_905' title='bbox 2255 5459 2350 5509; x_wconf 85' lang='lat' dir='ltr'><strong>pro</strong></span> <span class='ocrx_word' id='word_1_906' title='bbox 2379 5445 2694 5497; x_wconf 87' lang='lat' dir='ltr'><strong>adscendunt</strong></span> <span class='ocrx_word' id='word_1_907' title='bbox 2724 5446 2880 5500; x_wconf 81' lang='lat' dir='ltr'><strong>iidem</strong></span> <span class='ocrx_word' id='word_1_908' title='bbox 2905 5441 3118 5502; x_wconf 86' lang='lat' dir='ltr'><strong>codices</strong></span> <span class='ocrx_word' id='word_1_909' title='bbox 3138 5449 3385 5503; x_wconf 89' lang='lat' dir='ltr'><strong>scribunt</strong></span> <span class='ocrx_word' id='word_1_910' title='bbox 3405 5450 3714 5503; x_wconf 69' lang='lat' dir='ltr'><strong>descendant</strong></span> 
     </span>
    </p>
   </div>
   <div class='ocr_carea' id='block_1_124' title="bbox 2121 5515 2785 5582">
    <p class='ocr_par' dir='ltr' id='par_1_124' title="bbox 2121 5515 2785 5582">
     <span class='ocr_line' id='line_1_127' title="bbox 2121 5515 2785 5582; baseline 0.008 -18"><span class='ocrx_word' id='word_1_911' title='bbox 2121 5517 2393 5567; x_wconf 87' lang='lat' dir='ltr'><strong>contrario</strong></span> <span class='ocrx_word' id='word_1_912' title='bbox 2423 5515 2579 5582; x_wconf 85' lang='lat' dir='ltr'><strong>plane</strong></span> <span class='ocrx_word' id='word_1_913' title='bbox 2603 5529 2785 5569; x_wconf 90' lang='lat' dir='ltr'><strong>sensu.</strong></span> 
     </span>
    </p>
   </div>
   <div class='ocr_carea' id='block_1_125' title="bbox 2125 5583 3712 5708">
    <p class='ocr_par' dir='ltr' id='par_1_125' title="bbox 2125 5583 3712 5708">
     <span class='ocr_line' id='line_1_128' title="bbox 2155 5583 3712 5708; baseline 0.006 -73"><span class='ocrx_word' id='word_1_914' title='bbox 2155 5583 2312 5708; x_wconf 69' lang='lat' dir='ltr'><strong>e(22)</strong></span> <span class='ocrx_word' id='word_1_915' title='bbox 2327 5584 2779 5656; x_wconf 81' lang='lat' dir='ltr'><strong>Edttisupponens</strong></span> <span class='ocrx_word' id='word_1_916' title='bbox 2809 5603 2827 5640; x_wconf 93' lang='lat'><strong><em>:</em></strong></span> <span class='ocrx_word' id='word_1_917' title='bbox 2857 5587 3286 5644; x_wconf 86' lang='lat' dir='ltr'><strong>emendationem</strong></span> <span class='ocrx_word' id='word_1_918' title='bbox 3325 5593 3456 5646; x_wconf 76' lang='lat' dir='ltr'><strong>is.</strong></span> <span class='ocrx_word' id='word_1_919' title='bbox 3496 5603 3712 5662; x_wconf 69' lang='lat' dir='ltr'><strong>sugges-</strong></span> 
     </span>
     <span class='ocr_line' id='line_1_129' title="bbox 2125 5669 2331 5708; baseline 0 0"><span class='ocrx_word' id='word_1_920' title='bbox 2125 5669 2151 5708; x_wconf 87' lang='lat' dir='ltr'><strong>S</strong></span> <span class='ocrx_word' id='word_1_921' title='bbox 2189 5671 2286 5708; x_wconf 91' lang='lat' dir='ltr'><strong>run</strong></span> <span class='ocrx_word' id='word_1_922' title='bbox 2320 5697 2331 5708; x_wconf 87' lang='lat'><strong>.</strong></span> 
     </span>
    </p>
   </div>
   <div class='ocr_carea' id='block_1_126' title="bbox 2189 5671 2331 5708">
    <p class='ocr_par' dir='ltr' id='par_1_126' title="bbox 2189 5671 2331 5708">
     <span class='ocr_line' id='line_1_130' title="bbox 2189 5671 2331 5708; baseline 0.014 -2"><span class='ocrx_word' id='word_1_923' title='bbox 2189 5671 2331 5708; x_wconf 77' lang='grc' dir='ltr'>ιιιηῑ.</span> 
     </span>
    </p>
   </div>
   <div class='ocr_carea' id='block_1_127' title="bbox 2195 5713 3707 5803">
    <p class='ocr_par' dir='ltr' id='par_1_127' title="bbox 2195 5713 3707 5803">
     <span class='ocr_line' id='line_1_131' title="bbox 2195 5713 3707 5803; baseline 0.002 -23"><span class='ocrx_word' id='word_1_924' title='bbox 2195 5725 2442 5803; x_wconf 53' lang='grc' dir='ltr'><strong>(Ξῖξμίεε.</strong></span> <span class='ocrx_word' id='word_1_925' title='bbox 2458 5727 2648 5803; x_wconf 74' lang='lat' dir='ltr'><strong>Potnp.</strong></span> <span class='ocrx_word' id='word_1_926' title='bbox 2659 5770 2673 5794; x_wconf 94' lang='lat'><strong>,</strong></span> <span class='ocrx_word' id='word_1_927' title='bbox 2696 5728 2827 5803; x_wconf 86' lang='lat' dir='ltr'><strong>Z_e_n_.</strong></span> <span class='ocrx_word' id='word_1_928' title='bbox 2839 5771 2852 5796; x_wconf 93' lang='lat'><strong>,</strong></span> <span class='ocrx_word' id='word_1_929' title='bbox 2865 5728 2959 5798; x_wconf 82' lang='lat' dir='ltr'><strong>Sp.</strong></span> <span class='ocrx_word' id='word_1_930' title='bbox 2970 5771 2984 5795; x_wconf 93' lang='lat'><strong>,</strong></span> <span class='ocrx_word' id='word_1_931' title='bbox 3002 5730 3215 5803; x_wconf 82' lang='lat' dir='ltr'><strong>unicum</strong></span> <span class='ocrx_word' id='word_1_932' title='bbox 3238 5747 3387 5785; x_wconf 86' lang='lat' dir='ltr'><strong>amen</strong></span> <span class='ocrx_word' id='word_1_933' title='bbox 3401 5713 3707 5803; x_wconf 71' lang='lat' dir='ltr'><strong>prmieruut.</strong></span> 
     </span>
    </p>
   </div>
   <div class='ocr_carea' id='block_1_128' title="bbox 2202 5797 3714 5878">
    <p class='ocr_par' dir='ltr' id='par_1_128' title="bbox 2202 5797 3714 5878">
     <span class='ocr_line' id='line_1_132' title="bbox 2202 5797 3714 5878; baseline 0.006 -29"><span class='ocrx_word' id='word_1_934' title='bbox 2202 5797 2320 5869; x_wconf 71' lang='grc'><strong>(24)</strong></span> <span class='ocrx_word' id='word_1_935' title='bbox 2367 5797 2690 5866; x_wconf 80' lang='lat' dir='ltr'><strong>Contbinata,</strong></span> <span class='ocrx_word' id='word_1_936' title='bbox 2723 5800 2774 5854; x_wconf 92' lang='lat' dir='ltr'><strong>id</strong></span> <span class='ocrx_word' id='word_1_937' title='bbox 2812 5797 3100 5878; x_wconf 77' lang='lat' dir='ltr'><strong>estsimul</strong></span> <span class='ocrx_word' id='word_1_938' title='bbox 3151 5797 3363 5870; x_wconf 81' lang='lat' dir='ltr'><strong>juncta,</strong></span> <span class='ocrx_word' id='word_1_939' title='bbox 3405 5797 3464 5859; x_wconf 80' lang='lat' dir='ltr'><strong>ut</strong></span> <span class='ocrx_word' id='word_1_940' title='bbox 3511 5802 3714 5860; x_wconf 62' lang='lat' dir='ltr'><strong>Gloss:</strong></span> 
     </span>
    </p>
   </div>
  </div>
