3818 6220
145 215 249 272 435

143 427 356 498 gemina
409 445 532 484 esse
580 438 894 490 noscantur,
928 436 1103 480 tamen
1154 440 1258 479 una
1295 423 1362 478 de
1411 422 1590 478 radice
1626 423 1746 478 fun-

142 520 367 576 duntur.
399 521 747 577 Testamenta
779 529 901 573 sunt
927 519 1056 583 duo,
1089 517 1184 572 sed
1222 526 1447 572 testator
1474 526 1556 572 est
1584 532 1742 571 unus.

143 613 208 670 Et
233 614 490 670 scribens
519 614 638 686 (2‘5)
669 628 839 669 canna
863 611 1032 666 divisa
1056 619 1159 673 est,
1184 609 1276 665 sed
1313 625 1450 663 unus
1479 608 1742 664 calamus.

143 706 204 761 Et
231 706 405 760 forfex
435 707 487 760 in
519 706 660 760 duos
684 704 1001 770 producitur
1022 702 1244 765 cultros,
1275 702 1368 755 sed
1393 717 1578 756 cormn
1607 693 1748 762 unus

141 811 220 855 est
261 815 505 855 morsus.
554 801 620 854 Et
659 799 869 871 gladius
919 799 1050 853 duas
1090 797 1232 851 acies
1275 796 1430 866 gerit,
1481 795 1574 850 sed
1622 802 1748 850 sunt

143 892 295 944 unius
343 892 597 960 corporis
646 891 834 946 latera.
894 889 962 943 Et
1018 887 1239 943 denarii.
1286 897 1411 942 sunt
1455 887 1590 951 duo,
1651 886 1745 941 sed

143 983 255 1054 (26)
287 999 394 1038 una
425 993 639 1040 moneta
654 985 870 1052 signati.
892 984 958 1038 Et
974 986 1115 1039 scala
1139 984 1275 1054 duos
1296 982 1414 1055 (27)
1435 998 1626 1052 scapos
1654 982 1748 1035 ha-

144 1076 248 1138 bet,
281 1088 332 1129 et
361 1077 565 1145 gradus
596 1078 890 1145 plurimos;
926 1077 1019 1130 sed
1048 1077 1164 1146 ejus
1195 1090 1455 1132 ascensus
1481 1086 1560 1130 est
1584 1090 1742 1129 unus.

145 1167 351 1227 Gradus
369 1177 556 1223 autem
582 1169 722 1238 ejus,
743 1168 936 1224 fratres
957 1169 1314 1234 dilectissimi,-
1335 1169 1377 1222 si
1399 1167 1559 1221 vultis
1585 1169 1743 1231 scire,

143 1260 265 1329 quid
295 1270 585 1327 vocentur,
615 1262 819 1316 audite.
842 1261 1164 1328 Conversio,
1187 1261 1483 1326 audientia,
1508 1259 1750 1316 intellec-

143 1361 245 1416 tus,
275 1347 600 1419 credulitas,
632 1354 816 1420 timor,
846 1354 1131 1424 sapientia,
1172 1357 1458 1420 sobrietas,
1493 1367 1746 1409 mansue-

145 1443 288 1508 tudo,
337 1449 726 1513 temperantia,
767 1448 1012 1512 castitas,
1044 1447 1250 1517 'pietas,
1297 1440 1553 1512 charitas,
1591 1444 1745 1510 fides,

141 1537 360 1603 veritas,
393 1538 698 1604 lmmilitas,
729 1539 927 1608 gratia,
961 1539 1233 1604 honestas,
1265 1539 1608 1602 verecundia,
1650 1552 1748 1607 pa-

144 1631 350 1694 tientia,
396 1629 832 1699 perseverantia,
871 1611 1286 1684 consummatio.
1313 1630 1610 1699 Scapornm
1647 1643 1744 1682 no-

1336 213 1539 270 Μυκη
1581 213 1641 268 ll.
1687 214 2102 269 TRACTA'I‘US
2147 214 2303 287 .\'|\'.‘

144 334 471 405 rediguntur
501 335 552 389 in
594 349 881 400 summam,
917 334 1167 402 quoniam
1210 331 1457 385 universa
1505 331 1749 400 quamvis
1779 335 1825 390 Α

2355 332 2763 392 TRACTATUS
2802 336 2941 392 XIV.

2461 428 2541 502 (1)
2566 427 2644 484 De
2668 430 2831 486 Inda.

1921 516 1958 571 Ι.
1990 517 2154 573 Judas
2188 529 2294 573 tres
2325 519 2522 574 liberos
2550 520 2756 588 habuit,
2799 521 2925 590 Her,
2970 521 3047 595 (ἓ)
3087 525 3298 588 Aunan,
3339 523 3441 579 Se-

1851 609 1939 663 lou
1985 609 2136 679 (Gen.
2174 613 2424 681 xxxvm).
2461 614 2555 668 llic
2593 615 2894 680 mulierem,
2940 617 3092 686 cujus
3125 631 3320 671 nomen
3363 627 3446 672 est

1851 700 2104 764 Thamar,
2160 695 2392 772 accepit
2431 715 2650 758 uxorem
2722 707 2912 776 majori
2981 695 3272 762 filio-suo.
3342 709 3444 776 Qui

1853 790 1996 845 filius
2037 807 2159 846 cum
2208 793 2438 864 maligne
2483 795 2691 850 Domini
2720 807 2844 853 ante
2888 797 3077 854 faciem
3113 780 3442 866 versaretur,

1851 884 2129 952 Scriptura
2163 894 2324 950 teste,
2350 902 2394 944 ,a
2429 887 2538 942 Deo
2568 890 2880 958 perhibetur
2909 892 3142 946 occisus.
3191 892 3445 949 Secundo

1852 977 2104 1047 imperat,
2152 989 2209 1032 ut
2240 979 2401 1033 intret
2437 979 2502 1034 ad
2550 979 2625 1051 (3)
2655 980 2836 1038 fratris
2864 999 3106 1052 uxorem,
3161 1002 3225 1041 ac
3254 1003 3441 1042 semen

1851 1070 2052 1122 excitet
2090 1067 2294 1134 fratris,
2341 1072 2430 1139 qni
2466 1070 2739 1140 ingressus
2785 1089 2970 1130 semen
3017 1093 3174 1132 suum
3219 1078 3357 1133 fudit
3388 1080 3441 1134 in

1853 1170 2070 1215 terram.
2105 1160 2259 1228 Quod
2287 1177 2409 1216 cum
2442 1161 2550 1216 Deo
2586 1163 2873 1234 malignum
2907 1182 3117 1238 quoque
3145 1171 3443 1237 videretur,

1853 1257 1965 1326 pari
2017 1273 2137 1310 cum
2185 1267 2361 1312 morte
2415 1257 2709 1312 damnavit.
2765 1257 3213 1329 Conjnnetionem
3262 1275 3439 1318 antem

1854 1349 1996 1407 tertii
2036 1349 2130 1432 filii
2159 1351 2298 1420 apud
2331 1366 2526 1405 nurum
2571 1365 2671 1421 per
2708 1359 2918 1406 :ctatem
2962 1363 3201 1418 excusat,
3237 1355 3317 1426 (4)
3347 1357 3444 1411 de-

1853 1447 2094 1510 territus,
2143 1461 2208 1500 ne
2239 1446 2404 1501 etiam
2433 1443 2550 1515 ipse
2593 1445 2844 1522 similiter
2885 1458 3210 1514 moreretur,
3244 1467 3443 1520 prtece-

1855 1537 2037 1607 pitque
2068 1536 2306 1603 mulieri,
2338 1547 2395 1590 ut
2427 1536 2479 1590 in
2507 1536 2670 1591 domo
2699 1538 2863 1605 patris
2891 1540 3002 1594 suis
3029 1541 3186 1593 vidua
3230 1556 3442 1610 perma-

1853 1647 2008 1696 nens,
2040 1632 2254 1700 nuptias
2278 1639 2518 1685 maturas
2560 1631 2714 1704 193
2745 1642 3045 1703 exspectet.
3076 1632 3207 1688 Cum
3235 1649 3324 1689 res
3368 1637 3446 1690 sic
3517 1624 3519 1627 ’

144 1725 284 1779 mina
316 1724 429 1778 duo
469 1723 842 1778 Testamenta.
874 1721 1026 1778 Scala
1056 1734 1236 1776 autem
1281 1725 1502 1791 proprio
1523 1720 1740 1775 nomine
1773 1730 1819 1790 Β
1846 1740 1906 1779 se
1935 1723 2179 1789 haberet,
2222 1723 2338 1792 ejus
2377 1738 2518 1777 uxor
2543 1725 2791 1777 moritur.
2839 1725 2937 1792 Qui
2971 1725 3280 1790 consolatus
3324 1742 3448 1782 cum

143 1831 269 1871 crux
303 1827 556 1880 Vocatur,
597 1815 721 1882 quia
768 1830 862 1883 per
894 1815 1061 1883 ipsam
1089 1813 1351 1866 Dominus
1389 1811 1544 1866 Jesus
1591 1811 1745 1866 Chri-
1775 1856 1777 1858 .

144 1919 256 1966 stus
291 1909 451 1982 192
484 1908 606 1981 (εδ)
633 1907 898 1978 mysteria
926 1908 1181 1962 universa
1219 1906 1513 1961 conficiens
1542 1914 1598 1960 et
1618 1919 1747 1959 con-

141 2004 381 2070 cludens,
417 2004 566 2059 Patri
595 2015 650 2059 et
679 2003 846 2057 Adam
879 2003 1190 2071 reportavit,
1219 2011 1274 2057 et
1316 2001 1419 2056 iter
1456 1999 1522 2055 ad
1550 2000 1745 2055 celum

149 2098 398 2154 omnibus
426 2113 487 2153 se
520 2095 875 2168 sequentibus
905 2093 1178 2166 patefecit.
1636 2077 1643 2090 ’

143 2283 534 2354 graeco-latinae
563 2279 852 2354 explicant.
879 2277 1006 2354 Haec
1034 2275 1296 2354 \'ox_apud
1323 2273 1658 2354 Diomedem,
1692 2281 1747 2326 et

145 2348 439 2408 Fombinans
467 2353 608 2423 apud
638 2348 933 2407 Sidonium
968 2348 1358 2418 Apollinarem,
1400 2348 1494 2402 lib.
1530 2362 1605 2411 Ix,
1654 2359 1742 2414 ep.

148 2441 254 2488 vui,
285 2427 532 2479 invenire
559 2425 706 2478 licet.

212 2492 328 2568 (25')
376 2493 684 2568 (Ialamiad
736 2491 1080 2568 scribendum
1132 2506 1196 2544 ex
1247 2488 1746 2568 arundinibusnseu

147 2558 324 2624 cannis
358 2568 594 2622 maxime
621 2564 889 2634 Egyptiis
919 2563 1139 2626 fiebant,
1167 2572 1224 2614 ut
1263 2577 1330 2616 ex
1374 2561 1550 2634 Plinio
1586 2558 1748 2634 disci-

148 2655 280 2703 mus,
317 2639 410 2694 lib.
449 2654 560 2701 xvi,
608 2652 657 2692 c.
687 2628 794 2691 ὅτε
829 2633 1032 2688 Chai-tis
1071 2633 1298 2687 serviunt
1333 2633 1541 2703 calami,
1575 2628 1745 2699 [Egy-

149 2712 234 2779 ptii
259 2702 482 2764 maxime
510 2710 808 2781 cognatione
843 2707 1081 2781 quadam~
1105 2707 1312 2781 papyri.
1343 2703 1408 2758 Et
1437 2702 1651 2758 Persius
1678 2707 1744 2756 de

146 2777 323 2836 cannis
351 2777 617 2852 apertius,
646 2780 759 2835 Sat.
784 2794 861 2845 ιιι,
893 2794 1035 2832 vers.
1062 2777 1122 2830 11
1155 2794 1167 2830 :

234 2875 388 2940 inque
411 2888 587 2924 manus
608 2876 811 2930 chartae,
839 2873 1120 2940 nodosaque
1144 2869 1496 2940 venitarundo,‘
1543 2924 1548 2928 _

231 2932 354 2988 'l'nin
377 2940 617 3002 quaeritur
641 2949 834 2986 crassus
854 2932 1050 2984 calamo
1061 2933 1189 2997 quod
1216 2933 1430 2996 pendeat
1454 2932 1644 2980 humor.

215 3042 331 3114 (26)
366 3042 580 3097 Moneta
597 3041 816 3112 proprie
842 3040 982 3109 apud
1000 3042 1269 3094 Romanos
1292 3038 1520 3114 iunonis
1547 3049 1743 3114 cognoo

149 3103 263 3170 men
293 3103 412 3169 erat
437 3130 470 3168 a
499 3103 772 3168 mouendo
805 3103 1054 3176 inditum,
1086 3121 1143 3164 ut
1170 3109 1465 3182 mythologi
1493 3103 1742 3182 probant.
1775 3103 1819 3165 C

149 3187 269 3242 lude
290 3186 615 3240 translatum
644 3186 710 3240 ad
745 3184 1087 3245 nomismata,
1118 3179 1242 3236 sive
1261 3180 1404 3251 quod
1437 3182 1490 3235 in
1513 3179 1743 3251 Junouis

151 3258 259 3312 aede
283 3258 590 3327 Capitolina
619 3255 971 3322 cuderentur,
1001 3263 1060 3307 ut
1086 3253 1254 3322 aliqui
1273 3250 1606 3327 existimant,
1631 3250 1744 3304 sive

151 3330 318 3398 potius
347 3323 492 3398 quod
521 3327 845 3381 numismata
877 3341 976 3379 nos
999 3334 1052 3398 et
1082 3325 1318 3378 auctoris
1344 3331 1399 3377 et
1429 3323 1584 3393 pretii
1628 3335 1743 3375 mo-

151 3396 302 3455 neant
331 3419 341 3452 :
368 3396 530 3452 notas
552 3399 694 3451 enim
723 3397 954 3451 nummis
998 3396 1297 3450 impressas
1327 3405 1596 3447 iniunctam
1624 3407 1743 3446 esse

150 3487 209 3526 ex
235 3471 334 3535 hoc
358 3471 600 3525 Zenonis
630 3469 751 3523 loco
783 3468 1012 3522 Basilius
1063 3466 1235 3520 Faber
1279 3465 1528 3534 collegit,
1565 3465 1634 3516 ita
1686 3470 1743 3515 ut

150 3546 244 3595 duo
271 3544 471 3596 denarii
509 3557 613 3594 una
643 3548 844 3594 moneta
873 3540 1060 3608 signati
1090 3537 1224 3592 nihil
1258 3537 1360 3590 siut
1415 3535 1557 3590 aliud
1577 3549 1740 3608 quam

150 3615 248 3667 duo
269 3613 479 3668 denarii
511 3611 718 3668 eisdem
749 3623 798 3666 et
829 3606 995 3680 signis
1025 3621 1078 3664 et
1107 3611 1250 3662 notis
1277 3609 1421 3671 ensi;
1445 3606 1591 3677 quod
1615 3619 1742 3680 con-

153 3683 340 3739 lirmari
376 3697 554 3754 potest
585 3699 648 3738 ex
704 3677 1030 3754 Prudentio,
1064 3680 1443 3754 quiis-lutiliter
1490 3677 1742 3732 nomisma

153 3771 244 3824 pro
273 3753 442 3828 ligura
473 3756 709 3808 nmumis
736 3753 996 3822 impressa
1030 3753 1226 3820 posuit.

511 3847 584 3898 Eu
609 3845 770 3898 Caesar
793 3846 1009 3909 agnoscit
1028 3857 1168 3909 suum

514 3909 761 3960 Numisma
779 3907 990 3957 nummis
1011 3907 1233 3956 inditum.

156 4017 342 4073 Verum
396 4019 682 4074 enimvero
725 4031 846 4070 cum
879 4030 1044 4068 unum
1088 4025 1356 4076 stam‘etn,
1403 4013 1557 4082 cujus
1599 4014 1737 4084 apud

158 4089 458 4144 Matthmnm
492 4098 576 4143 est
622 4089 854 4150 mentio,
905 4087 1022 4140 heic
1065 4086 1120 4140 S.
1167 4085 1312 4139 Zeno
1361 4085 1645 4152 res'piciat,
1682 4095 1739 4138 ut

155 4173 283 4222 patet
311 4178 374 4215 ex
424 4161 612 4214 adnot.
659 4160 756 4223 10,
789 4158 1029 4225 profecto
1075 4173 1236 4210 unum
1286 4173 1595 4222 ιιιιιιιιιιιιιιι,
1648 4158 1737 4225 qui

155 4232 350 4288 duobus
378 4232 620 4286 denariis
661 4231 1003 4300 penderetur,
1059 4227 1362 4297 significare
1414 4227 1739 4294 probabilius

155 4306 333 4370 voluit,
359 4305 411 4357 id
431 4315 517 4358 est
548 4304 654 4354 duo
679 4302 1065 4360 didrachmata.
1095 4301 1277 4370 quanti
1302 4300 1514 4364 quidem
1549 4302 1739 4353 unicus

154 4385 296 4428 stater
325 4375 713 4438 :estimabalur,
761 4374 902 4440 quod
935 4387 998 4424 ex
1027 4371 1212 4424 eadem
1241 4370 1588 4424 adnotatione
1618 4385 1734 4422 ma-

157 4444 390 4500 infestum
427 4447 539 4500 fiet.
571 4445 906 4512 Lampridius
947 4445 995 4495 in
1029 4442 1332 4496 Alexandro
1363 4443 1484 4495 Sev.
1523 4459 1574 4508 p.
1611 4440 1732 4506 127,

157 4519 334 4586 {annos
364 4519 590 4570 binarias
611 4557 626 4580 ,
660 4516 936 4573 ternarias.
985 4513 1376 4586 quaternarias,
1430 4521 1532 4586 etc.
1569 4527 1731 4586 com-

158 4584 437 4655 memorat,
469 4600 523 4643 ut
560 4589 816 4646 indicaret
849 4600 1093 4638 nummos
1113 4626 1128 4650 ,
1154 4587 1241 4651 qui
1270 4584 1534 4637 Salmasin
1566 4585 1732 4637 inter-

159 4672 328 4726 prete,
373 4677 500 4728 pag.
525 4660 656 4722 218,
708 4659 844 4711 binis
865 4699 880 4723 ,
913 4657 1082 4728 tribus
1105 4698 1118 4719 ,
1151 4655 1234 4710 vel
1280 4663 1508 4728 quatuor
1552 4656 1731 4709 aureis

159 4726 398 4785 valerem.
434 4731 560 4786 Hatc
588 4734 764 4792 igitur,
795 4729 861 4782 de
898 4745 998 4794 qua
1030 4726 1175 4781 Zeno
1224 4727 1480 4796 loquitur,
1515 4736 1726 4779 moneta

157 4802 374 4868 quodam
405 4803 569 4858 modo
595 4803 806 4855 binm-ite
834 4804 1014 4871 forma:
1047 4797 1172 4871 fuit,
1203 4814 1322 4867 qum
1357 4798 1564 4871 scilicet
1593 4798 1727 4851 duo-

160 4873 248 4926 bus
291 4876 530 4928 denariis
568 4890 661 4928 scu
708 4868 1096 4926 didrachmatis
1142 4868 1530 4934 mstnnabatur,
1565 4878 1621 4922 ut
1665 4885 1732 4924 ex

163 4943 329 4998 edunt.
364 4948 594 5015 allegata
622 4959 940 5012 Cognosces.
997 5014 1001 5015 γ
1115 5013 1123 5015 _
1179 5003 1194 5014 .
1235 5012 1296 5015 ___
1431 5013 1439 5015 _

222 5015 330 5089 (‘27)
371 5012 574 5090 Scopas
615 5018 870 5090 scalarum
897 5014 1030 5070 dixit
1055 5012 1512 5090 etiainNityuvins
1535 5013 1625 5068 lib.
1648 5031 1730 5090 ix,

161 5085 267 5156 cap.
295 5085 350 5156 οὲ,
377 5103 435 5145 et
461 5085 584 5144 sunt
607 5090 714 5140 duo
736 5089 808 5141 illi
837 5101 1067 5150 asseres,
1101 5087 1191 5155 qui
1221 5085 1486 5140 scalarum
1533 5086 1732 5153 gradus

161 5163 408 5228 susurrem
434 5204 450 5226 ,
481 5170 540 5216 ut
568 5175 634 5214 ex
664 5161 762 5213 hoc
805 5159 1117 5212 Zeuoniauo
1160 5159 1472 5212 testimonio
1518 5158 1734 5228 Collegit

163 5227 496 5287 Casaubonus
526 5234 578 5286 in
618 5230 946 5286 Trebellium
987 5229 1284 5284 Pollionem
1315 5244 1435 5299 pag.
1469 5229 1574 5284 210
1595 5271 1608 5291 ,
1642 5227 1730 5283 ubi

163 5303 318 5358 solum
341 5305 390 5358 in
421 5319 488 5358 eo
515 5311 695 5364 errat,
727 5304 871 5369 quod
900 5315 994 5369 pro
1023 5317 1272 5355 sermone
1295 5301 1362 5354 de
1393 5301 1614 5357 Somnio
1643 5303 1730 5356 Ja-

165 5373 254 5426 cob
274 5389 580 5428 senuntiem
609 5373 644 5426 5
694 5379 770 5426 de-
790 5372 1058 5426 Abraham
1093 5373 1368 5425 memoria:
1409 5373 1557 5438 lapsu
1599 5372 1730 5425 alle—

166 5451 262 5508 gat.
293 5443 528 5513 Scaphas
556 5442 808 5498 scribitur
835 5444 886 5495 in
927 5457 1056 5495 mss.
1089 5443 1280 5508 Pomp.
1323 5453 1376 5497 et
1407 5443 1540 5498 Zeu.
1572 5454 1625 5496 et
1653 5445 1728 5496 in-

170 5513 318 5569 ferius
339 5519 654 5586 scyphorum
680 5514 872 5586 legitur
916 5528 1039 5586 cum
1087 5513 1274 5586 iisdem
1311 5515 1380 5586 in
1416 5514 1690 5567 codicibus
1717 5556 1730 5572 .

171 5591 269 5637 tum
289 5581 598 5641 vero’eiiam
624 5585 676 5637 in
697 5582 850 5636 Rem.
879 5592 934 5636 et
958 5583 1087 5636 edit.
1107 5581 1268 5646 νειμ,
1293 5585 1384 5636 sed
1414 5600 1728 5654 perperam;

175 5669 279 5710 natu
303 5659 527 5726 scaphiis
557 5655 731 5719 vasis,
754 5668 840 5707 aut
872 5655 1092 5708 alterius
1123 5655 1200 5708 rei
1222 5655 1423 5708 cavitas
1446 5665 1528 5708 est
1552 5655 1733 5708 Vitrnn

173 5727 248 5780 "vin
271 5735 427 5795 teste,
459 5743 586 5798 quae
621 5729 672 5779 in
697 5726 1015 5781 sententiam
1061 5735 1381 5795 promentem
1425 5743 1528 5780 non
1566 5728 1727 5782 cadit.

1853 1818 1918 1873 ad
1948 1805 2077 1872 oves
2115 1816 2416 1878 tondendas
2440 1827 2689 1888 pergeret
2716 1833 2864 1883 suas,
2889 1827 3049 1888 atque
3079 1817 3158 1890 (5)
3179 1819 3278 1872 hoc
3305 1818 3447 1873 Tha-

1847 1912 1983 1965 mari
2006 1913 2365 1986 mmtiarelur,
2393 1923 2512 1981 quae
2541 1911 2620 1980 (6)
2649 1910 2809 1966 Selou
2841 1910 3053 1964 viderat
3074 1920 3365 1979 maturum,
3393 1910 3445 1965 ei

1850 2019 1948 2059 nec
1984 2013 2163 2058 tamen
2211 2014 2490 2080 impserat,
2519 2010 2723 2058 vestem
2757 2002 3030 2057 viduitatis
3069 1999 3145 2074 (7)
3201 2003 3442 2073 exponit,

1851 2101 1932 2173 (8)
1973 2098 2231 2156 ωειίινειιὶει
2272 2097 2465 2164 induit,
2509 2087 2693 2153 semet
2729 2096 2926 2152 decore
2951 2096 3248 2166 componit,
3291 2095 3444 2153 loco-

1923 2264 2038 2336 (ει)
2064 2262 2204 2336 Εὐίι.
2238 2259 2402 2322 Ven.,
2425 2258 2736 2336 ministeria;
2763 2266 2819 2310 et
2846 2255 2984 2336 infra
3015 2271 3110 2320 pro
3137 2258 3442 2336 concludens

1849 2327 2038 2391 scribit
2073 2332 2392 2394 conducens,
2445 2332 2603 2382 male.
2651 2327 2903 2397 Mysteria
2947 2339 3127 2382 autem
3175 2330 3352 2382 omnia
3385 2332 3440 2385 in

1849 2422 2009 2462 cruce
2039 2402 2276 2475 perfecta
2306 2412 2465 2470 atque
2490 2398 2742 2475 conclusa
2781 2408 3007 2475 eatenus
3049 2399 3437 2475 intelliguntur,

1849 2468 2116 2549 quatenus
2148 2475 2344 2549 ibidem
2374 2468 2554 2549 oin_uia
2580 2512 2592 2533 ,
2625 2484 2743 2538 quae
2769 2469 2838 2523 de
2865 2468 3084 2524 Christo
3125 2468 3438 2542 praesigniﬁ-

1847 2541 1964 2604 cata
1993 2558 2042 2601 et
2073 2541 2686 2616 pra-nuntiatafuerant,
2717 2551 3083 2616 consummata
3115 2555 3256 2616 sunt_.

1916 2613 2116 2676 Tasci“.
2133 2616 2246 2670 XIV
2259 2618 2351 2683 .—(
2363 2615 2409 2683 l)
2426 2614 2518 2667 llic
2531 2620 2788 2683 traCtatus
2799 2620 2992 2679 quater
3002 2615 3222 2667 citatura
3237 2613 3440 2669 Ruthe-

1854 2693 1956 2757 rio,
1975 2685 2562 2759 episcojioYeronensi,
2586 2687 2708 2738 etS.
2734 2682 2936 2759 Zenoni
2959 2685 3176 2759 quidem
3198 2697 3442 2741 anteces—

1853 2755 1964 2818 sori
1987 2755 2084 2814 suo
2095 2761 2377 2829 explorare
2393 2757 2663 2829 tribuitur,
2683 2764 2741 2809 ut
2757 2771 2823 2829 e_x
2848 2755 3130 2829 ςιιΙιιυιεόἓ
3150 2759 3436 2829 constabit.

1855 2835 1910 2888 In
1942 2834 2068 2888 edit.
2100 2826 2236 2885 vs...
2286 2829 2400 2882 hare
2447 2826 2634 2880 titulus
2664 2827 2996 2896 prmﬁgitur:
3031 2826 3106 2881 De
3144 2826 3286 2880 Juda
3335 2828 3440 2882 Pa-

1856 2905 2080 2959 triarcha
2106 2903 2214 2970 ﬁlio
2243 2900 2403 2954 Iacob
2426 2907 2470 2954 et
2497 2896 2831 2970 Thamar._ln
2879 2898 3229 2966 inser-iptione
3259 2911 3436 2956 autem

1855 2992 1956 3032 ms.
1983 2968 2253 3031 Urbi—natis
2278 2974 2391 3027 ιιωο
2417 2972 2665 3043 leguntur
2696 2968 3076 3043 :_Dominicattt
3107 2972 3160 3043 in
3199 2971 3436 3035 Quadra-

1853 3050 2046 3119 gesima
2091 3047 2247 3119 lectio
2288 3047 2352 3110 1,
2472 3038 2534 3096 et
2587 3045 2651 3107 '5,
2696 3038 2872 3095 Tract.
2930 3042 2992 3119 de
3021 3039 3160 3119 Joda
3195 3043 3264 3119 _C.
3305 3059 3433 3108 xm,

1851 3114 1936 3174 ést
1961 3120 2214 3173 nimirum
2238 3117 2291 3170 in
2324 3115 2515 3170 ordine
2542 3122 2874 3168 tractatuum
2892 3116 3009 3181 ejus
3035 3114 3237 3168 codicis
3277 3124 3433 3169 tract.

1848 3192 1914 3246 l5
1958 3190 2136 3243 libril.
2166 3186 2225 3242 C.
2269 3201 2428 3253 porro
2462 3187 2639 3242 littera
2689 3185 2971 3256 capitulum
3015 3185 3316 3254 signifiCat;
3364 3188 3436 3240 ita

1843 3263 1988 3316 enim
2022 3261 2143 3314 libri
2180 3269 2501 3312 tractatuum
2549 3256 2656 3309 duo
2691 3271 2788 3322 pro
2838 3271 3063 3310 numero
3111 3265 3437 3312 tractatuum

1846 3334 2047 3388 ibidem
2081 3333 2131 3385 iu
2166 3330 2399 3397 capitula
2449 3328 2670 3393 totidem
2702 3326 3032 3380 dividuntur.
3083 3327 3162 3381 Ex
3210 3330 3310 3382 hoc
3339 3345 3435 3382 au-

1847 3415 1953 3457 tem
1983 3411 2208 3458 tractatu
2234 3401 2301 3454 de
2328 3399 2462 3454 Juda
2491 3410 2600 3452 tres
2625 3398 2979 3451 sumebantur
3012 3398 3292 3456 lectiones.
3318 3416 3438 3466 qua:

1843 3475 2122 3529 Dominica
2149 3473 2302 3526 tertia
2334 3469 2772 3538 Qnadragesima:
2805 3469 2944 3523 inter
2971 3469 3346 3525 Eeelesiastica
3360 3473 3439 3526 ol-

1845 3546 1962 3601 licia
1994 3547 2044 3600 in
2071 3544 2370 3599 Veroneusi
2412 3542 2596 3610 utique
2623 3539 2862 3594 Ecclesia
2885 3540 3274 3596 recitabantur.

1913 3638 1992 3712 (ξ)
2023 3639 2340 3712 Lectionum
2362 3635 2604 3712 codicmn
2632 3643 2685 3686 et
2711 3633 2839 3712 edit.
2887 3633 3020 3712 V__en.
3068 3636 3397 3712 restituimus
3417 3678 3432 3702 ,

1841 3703 1938 3779 pro
1964 3703 2066 3777 qua
2089 3710 2346 3779 scriptum
2375 3714 2490 3760 erat
2515 3705 2664 3779 0min
2689 3704 2875 3779 ,βείω
2895 3703 3219 3779 _Zenouiana
3264 3708 3436 3779 scrip-

1844 3774 1917 3836 iio
1947 3774 2010 3836 ex
2042 3780 2179 3834 LXX
2205 3774 2606 3842 'lnterprctihus
2633 3774 2786 3842 fluit,
2818 3776 2907 3845 qui
2944 3777 3237 3830 secundum
3284 3774 3436 3833 Jnda:

1843 3853 2008 3906 ﬁliuni
2054 3850 2317 3906 Hebraice
2365 3849 2563 3901 dictum
2614 3851 2814 3910 Unam,
2865 3846 3051 3900 Graece
3099 3848 3436 3916 sei-ipsc-runt

1840 3926 2020 3986 Δυνάν,
2052 3925 2261 3985 Aunan;
2299 3935 2456 3988 quam
2490 3934 2676 3972 vocem
2717 3918 2928 3972 Philoni
2982 3921 3109 3971 item
3142 3922 3430 3976 restituen-

1840 3996 1963 4050 dam
1999 3997 2049 4047 in
2081 3994 2250 4052 libro,
2292 3995 2428 4055 quod
2463 3989 2597 4043 Deus
2622 3991 2686 4042 sit
2729 3990 3063 4046 immutabilis
3112 3992 3271 4058 paulo
3316 4005 3435 4060 post

1841 4068 2083 4131 initimn,
2115 4066 2201 4118 tibi
2246 4065 2417 4118 Ἄνναν
2459 4069 2713 4126 Corrupte
2741 4062 3074 4127 impressum
3119 4071 3237 4115 est.
3287 4073 3434 4120 recte

1842 4141 2042 4192 moouit
2075 4136 2398 4192 Cotellerius
2429 4149 2578 4187 num.
2622 4133 2687 4187 17
2730 4132 2782 4185 in
2837 4132 3125 4200 epistolam
3173 4132 3430 4190 Barnabas:

1841 4209 2107 4277 Apostoli.

1913 4280 1993 4415 (ὃ)
2024 4280 2119 4334 Ms.
2151 4271 2331 4344 Reum,
2365 4279 2547 4348 patris.
2576 4275 2751 4330 male.‘
2824 4329 2827 4334 ,

1939 4355 1992 4415 4)
2020 4351 2110 4406 Sic
2139 4368 2205 4406 ex
2238 4367 2367 4404 mss.
2403 4349 2522 4402 Vat.
2556 4358 2612 4403 et
2644 4347 2773 4401 Urb.
2806 4363 2827 4414 q

1939 4346 1992 4420 4)
2020 4351 2110 4406 Sic
2139 4368 2205 4406 ex
2238 4346 2372 4404 mss.
2403 4349 2522 4402 Vat.
2556 4358 2612 4403 et
2644 4347 2773 4401 Urb.
2806 4346 3166 4420 quibusAlavet
3189 4346 3306 4401 Tol.
3334 4363 3427 4402 co-

1839 4418 1982 4478 dicis
2004 4425 2165 4478 lectio
2204 4423 2498 4488 deterritur,
2528 4438 2552 4474 s
2581 4427 2788 4474 mutato
2818 4420 2867 4471 in
2900 4436 2945 4472 r.
2995 4418 3135 4472 Editi
3179 4435 3300 4482 cum
3333 4420 3432 4475 ali-

1760 4495 1815 4554 D
1839 4504 1968 4564 quot
1994 4511 2123 4548 ms~'.
2155 4495 2454 4548 deterretur.

1914 4567 1996 4637 (5)
2024 4565 2138 4620 Hoc
2165 4567 2318 4619 abest
2347 4581 2374 4616 a
2405 4582 2508 4637 ms.
2542 4563 2692 4637 Rem.

1914 4567 1973 4637 (5
2024 4567 2138 4620 Hoc
2165 4567 2318 4619 abest
2347 4581 2374 4616 a
2405 4582 2503 4616 ms.
2542 4567 2692 4616 Rem.
2974 4576 2983 4582 ν

1912 4567 1996 4710 (6)
2021 4639 2109 4691 Sic
2136 4653 2265 4690 mss.
2297 4650 2415 4710 cum
2448 4635 2576 4687 edit.
2610 4630 3042 4710 Ven_.-_pt_'o_Se_la.

1912 4701 1993 4782 (7)
2026 4710 2241 4777 Expone
2259 4721 2353 4774 pro
2379 4707 2572 4776 depono
2599 4715 2653 4782 et
2673 4703 2860 4782 abjicio
2890 4701 3004 4782 heic
3031 4705 3279 4782 sumitur,
3305 4719 3428 4761 cum

1839 4774 1984 4838 Gen.
2007 4774 2127 4850 cap.
2170 4793 2407 4841 xxxviii,
2442 4774 2579 4830 vers.
2627 4774 2692 4850 l_4
2712 4774 3003 4842 ,Vdeposita:
3031 4775 3294 4830 viduitatis
3321 4793 3432 4850 ues-

1839 4865 1913 4908 tes
1943 4845 2242 4907 tradantur.
2274 4851 2490 4902 Plautus
2516 4857 2584 4900 ‘et
2627 4845 2907 4899 Terentius
2937 4861 3198 4918 apponere
3237 4849 3427 4904 eodem

1837 4942 1998 4979 sensu
2030 4933 2318 4992 usurpant,
2350 4937 2573 4992 quorum
2627 4917 2716 4992 ille
2752 4919 2908 4992 l’ugn.
2958 4923 3024 4980 4,
3052 4918 3122 4980 ‘2,
3156 4920 3267 4984 ‘55,
3303 4937 3430 4977 onus

1836 5014 2074 5069 appone,
2109 4987 2197 5050 hic
2224 4987 2399 5069 autem
2431 4990 2620 5044 Heaut.
2659 4990 2707 5056 1,
2743 4991 2796 5053 1,
2825 4987 2896 5042 56
2917 5032 2930 5051 ,
2973 5004 3166 5069 rastros
3194 5009 3392 5069 appone
3412 5036 3428 5059 ,

1839 5064 1978 5123 idest
2000 5067 2198 5135 depone
2218 5064 2550 5135 scripserunt
2584 5085 2594 5112 :
2633 5076 2731 5130 pro
2758 5075 2863 5128 quo
2902 5064 3234 5118 recentiores
3260 5065 3431 5133 scrip—

1835 5149 1980 5193 tores
2009 5133 2255 5192 dixerunt
2278 5133 2612 5205 frequentius
2642 5149 2926 5205 exponere,
2955 5144 3010 5185 ut
3030 5150 3282 5205 exponere
3300 5151 3429 5205 pon-

1836 5211 1934 5264 dus
1978 5209 2280 5278 Cyprianus
2310 5204 2644 5278 deALapsis,
2675 5219 2825 5257 num.
2855 5204 2925 5278 28
2951 5245 2968 5268 ,
3014 5221 3132 5275 pag.
3182 5204 3251 5259 38
3299 5204 3428 5276 (col.

1837 5282 1946 5336 488
1979 5275 2163 5333 nostrte
2193 5275 2486 5344 editionis),
2523 5291 2777 5347 exponere
2800 5277 3067 5342 episcopos
3095 5280 3150 5347 riu
3172 5275 3432 5347 interpre-

1842 5354 2043 5406 tatione
2090 5347 2486 5418 pseudosynodi
2540 5346 2916 5403 sai-.licensis.
2968 5346 3123 5418 apud
3169 5346 3426 5418 Hilarium

1841 5434 1969 5475 tom.
2002 5437 2037 5475 tt
2065 5462 2078 5484 ,
2113 5417 2365 5492 exponere
2393 5422 2615 5489 vigorem
2661 5418 2966 5481 Arnobius,
2997 5425 3053 5470 et
3080 5417 3171 5470 alii
3201 5417 3269 5471 de
3306 5418 3427 5472 aliis

1835 5492 2098 5547 similiter.

1910 5584 2334 5655 (8)Tlteristrum
2360 5585 2606 5652 vulgatus
2652 5582 2920 5655 lntcrpres
2962 5582 3171 5647 posuit,
3218 5584 3359 5651 quod
3394 5599 3422 5635 a

1839 5654 1970 5732 voCe
1998 5655 2183 5732 Cra-ea
2212 5659 2390 5732 aOépo;
2421 5658 2656 5719 :esuivam
2703 5654 2982 5732 mulierum
3028 5662 3228 5732 vestem
3259 5655 3424 5729 signi,-

1840 5730 1993 5794 litat,
2030 5738 2079 5782 ul
2121 5730 2277 5783 docet
2303 5722 2657 5790 Hicrouvmus
2704 5724 2754 5777 iu
2785 5737 2904 5791 cap.
2929 5737 2983 5776 ιιι
3039 5722 3210 5788 Isaiae,
3268 5727 3328 5779 ac
3359 5739 3426 5780 es
