3818 6220
154 327 180 378 -ί
189 326 248 380 37

1320 316 1524 374 LIBER
1566 318 1629 374 Il.
1672 313 2089 374 τιιΑατΑτυς
2131 317 2270 374 XIV.

3338 322 3436 375 433

155 446 321 506 nuptm
347 448 453 489 non
479 441 585 497 est,
615 432 739 503 quia
762 429 979 486 Cltrism
1002 431 1254 487 veniente
1277 430 1612 501 baptismatis
1632 432 1742 500 Spi-
1767 432 1814 490 Λ
1844 428 1964 496 quin
1994 429 2256 500 publicani
2297 441 2343 483 et
2381 430 2667 484 meretrices
2698 429 2987 500 prweedent
3017 447 3099 484 cos-
3126 432 3177 484 in
3223 449 3433 503 regnum

153 527 286 584 ritali
337 525 482 580 unda
524 525 578 578 in
608 521 814 594 gremio
862 531 1103 588 renatus,
1139 522 1397 578 Ecclesia:
1441 523 1584 576 lilius
1619 522 1737 593 ejus

155 619 352 672 iuturus
391 614 591 681 fuerat,
641 629 751 669 non
798 614 1041 667 maritus.
1080 613 1248 669 Judas
1285 614 1483 668 amittit
1510 629 1735 668 uxorem

155 706 319 778 (Gen.
339 722 530 772 xmu,
555 704 625 760 12
643 705 685 776 ),
700 704 752 760 id
772 713 855 761 est
881 718 1170 776 synagoga:
1189 702 1305 778 (30)
1335 704 1468 759 lides
1485 703 1732 759 moritur.

151 801 292 868 Quod
315 809 496 856 autem
521 799 1046 870 inquit,-consolatus
1075 807 1178 863 est,
1208 800 1391 870 utique
1420 798 1736 869 intelligitur

157 893 260 965 (51)
289 906 383 961 Spe
410 889 614 946 Christi
637 889 928 954 venientis,
958 889 1052 961 qui
1086 905 1193 944 non
1225 899 1433 945 tantum
1457 889 1736 960 pr0phetis

155 998 426 1054 synagoga:
455 983 614 1052 lapsu
631 979 886 1036 desolatis
911 981 1158 1035 solatium
1182 982 1433 1051 priebuit,
1453 980 1547 1035 sed
1569 981 1733 1035 etiam

156 1091 244 1130 nos
278 1090 466 1129 omnes
508 1075 562 1128 in
609 1073 787 1143 aliqua
834 1074 1156 1128 constitutos
1198 1073 1442 1141 angustia
1483 1087 1736 1129 recreare

151 1166 433 1223 consuevit.
481 1164 568 1221 Ad
609 1179 740 1220 oves
769 1179 893 1218 suas
920 1164 1220 1218 tondcndas
1246 1164 1452 1234 pergit,
1481 1163 1532 1218 id
1556 1176 1638 1218 est
1667 1163 1735 1218 ab

154 1261 442 1316 hominibus
483 1259 647 1330 justis
674 1259 937 1314 bonorum
961 1273 1187 1327 operum
1229 1257 1437 1312 fructus
1463 1258 1727 1328 exposcit.

149 1351 256 1418 Quo
277 1350 480 1414 audito,
511 1348 747 1404 Thamar
773 1363 892 1403 cum
921 1357 1066 1402 esset
1102 1350 1152 1401 in
1205 1348 1366 1402 domo
1411 1349 1576 1418 patris
1607 1347 1728 1415 sui,

155 1444 202 1497 id
216 1450 296 1496 est
317 1443 368 1496 in
393 1440 614 1510 templis
627 1437 1022 1509 infamibusque
1039 1439 1471 1509 spectaculorum
1493 1441 1732 1495 omnium

154 1538 274 1594 locis
293 1535 406 1608 (δὲ)
425 1537 762 1607 (paterenim
777 1537 1016 1590 omnium
1039 1545 1295 1606 corrupte
1312 1538 1602 1592 viventium
1622 1538 1735 1594 dia-

153 1629 292 1683 bolus
337 1629 672 1697 designatur,
715 1627 939 1681 Domino
980 1627 1194 1683 Iudaeos
1245 1631 1324 1683 sic
1378 1629 1730 1698 increpante:

159 1721 252 1776 Vos
290 1721 355 1776 de
379 1721 591 1775 diabolo
636 1728 782 1791 patre
818 1721 961 1786 estis,
992 1731 1040 1776 et
1088 1723 1528 1793 concupiscentias
1571 1725 1734 1790 patris

1841 524 1937 579 Dei
1962 514 2186 595 (Matth.
2219 543 2328 595 ut,
2369 528 2497 600 51).
2530 529 2753 586 Haedum
2790 529 2944 601 197
2973 531 3021 584 ei
3053 531 3342 600 promittit,
3377 535 3426 587 id

1839 631 1942 684 est,
1966 637 2088 689 qua:
2113 621 2180 675 sit
2207 622 2478 690 peccaturi
2503 625 2705 693 peccati
2723 638 2956 690 merces,
2974 625 3234 680 ostendit.
3257 629 3428 694 Quam

1839 714 2084 783 accipere
2101 714 2378 778 devitavit,
2406 715 2532 785 quia
2564 716 2705 772 inter
2730 731 2898 786 agnos
2919 728 3149 772 venturo
3167 727 3430 788 tempore,

1839 805 1981 860 inter
1999 805 2183 860 hzedos
2207 806 2617 877 deputatur,qui
2649 808 2838 878 pignus
2850 807 3130 862 Trinitatis
3150 810 3432 880 (37)aeee-

1839 901 1997 968 perit.
2031 898 2270 970 Denique
2313 900 2584 970 expetisse
2607 909 2770 970 atque
2798 900 3070 970 accepisse
3108 900 3432 956 describitur

1838 991 2063 1057 monile,
2082 992 2363 1057 annulum,
2390 993 2615 1064 virgam.
2642 992 2844 1060 Quibus
2875 995 2971 1046 ista
2999 992 3316 1062 signiﬁcatio
3339 1009 3432 1047 co-

1836 1087 2091 1157 aptatur?
2131 1085 2347 1152 Monile,
2400 1086 2596 1142 fratres
2635 1086 2994 1151 dilectissimi,
3027 1085 3111 1140 lex
3153 1097 3254 1150 est,
3307 1102 3430 1155 quie

1838 1179 2167 1235 salutaribus
2214 1178 2437 1232 monitis
2493 1177 2722 1232 diversis
2769 1177 3057 1232 virtutibus
3103 1177 3429 1246 diversoque

1837 1268 2160 1323 charismate
2185 1269 2423 1322 omnium
2453 1267 2789 1323 credentium
2822 1283 2928 1321 non
2957 1267 3116 1327 colla.
3144 1266 3239 1322 sed
3266 1267 3432 1321 corda

1837 1358 2095 1415 decorare
2124 1361 2421 1414 consuevit.
2458 1359 2616 1430 Virga
2659 1373 2756 1429 per
2804 1359 3003 1429 lignum
3037 1366 3430 1414 sacrat'nentum

1837 1450 2105 1521 paSsionis
2135 1449 2349 1529 Domini
2372 1450 2748 1517 annuntiabat,
2781 1451 2922 1508 sicut
2949 1448 3169 1504 evidens
3197 1450 3434 1504 declarat

1837 1546 2168 1614 exemplum.
2217 1544 2359 1615 quod
2408 1545 2739 1613 psalmorum
2793 1545 2844 1598 in
2878 1543 3015 1597 libro
3043 1544 3122 1597 sic
3161 1541 3428 1597 habetur:

1850 1637 2004 1709 Virga
2059 1647 2148 1689 tua
2179 1646 2225 1691 et
2268 1636 2481 1690 baculus
2533 1646 2650 1689 tutis
2703 1637 2818 1704 ipsa
2871 1651 2949 1688 me
2986 1632 3248 1688 consulatu
3285 1645 3426 1686 sunt.

1840 1728 2048 1782 I’arasti
2076 1729 2129 1780 in
2172 1736 2447 1798 conspectu
2493 1743 2603 1780 meo
2657 1741 2882 1780 mensam
2933 1725 3176 1778 adversus
3221 1739 3304 1778 eos
3345 1725 3431 1793 qui

154 1813 296 1866 vestri
315 1812 490 1880 facere
533 1810 696 1882 ιω
719 1810 874 1868 vultis
915 1809 1115 1882 (lacn.
1147 1828 1225 1879 ιι,
1261 1811 1386 1886 19],
1417 1823 1621 1870 vestem
1650 1815 1727 1869 vi-
1755 1823 1804 1883 Β
1833 1821 2079 1874 tribulam
2111 1836 2208 1872 me.
2247 1817 2589 1890 lntpinguasti
2622 1819 2734 1872 oleo
2772 1825 2927 1886 caput
2972 1832 3165 1880 meum,
3195 1825 3243 1869 et
3272 1831 3430 1885 pocu-

150 1905 354 1961 duitatis
369 1906 644 1974 deposuit,
661 1903 713 1958 id
733 1913 820 1959 est
843 1903 1074 1959 sordidae
1099 1906 1376 1976 religionis
1391 1907 1641 1962 sordidos
1658 1907 1730 1962 ri-

155 2009 230 2053 tus
253 1997 472 2068 abjecit.
507 1994 792 2050 Estivslia
827 1995 1019 2050 induit.
1059 1996 1268 2052 [Estiva
1297 1999 1479 2066 vestis,
1509 1997 1726 2063 fratres,

151 2101 200 2145 et
224 2089 412 2144 munda
443 2097 534 2143 est
565 2097 622 2142 et
643 2095 858 2153 exacta,
888 2101 1011 2142 cum
1050 2102 1156 2158 qua
1189 2088 1348 2144 facile
1369 2098 1423 2143 et
1449 2103 1587 2158 opus
1615 2086 1730 2144 ﬁeri

153 2180 328 2249 possit,
358 2189 415 2234 et
463 2176 682 2233 tolerari
731 2178 895 2234 ardor
939 2181 1164 2246 :estatis,
1219 2179 1356 2235 idest
1401 2180 1732 2246 tentationis,

150 2286 296 2341 quam
317 2285 442 2326 esse
467 2267 655 2340 utique
683 2267 798 2343 (55)
828 2269 1204 2326 credulitatem
1239 2285 1342 2324 non
1372 2279 1549 2342 potest
1574 2272 1733 2326 dubi-

153 2365 278 2418 tari:
310 2363 433 2433 quia
467 2361 626 2427 hanc,
657 2363 750 2431 qui
783 2362 1055 2430 habuerit,
1090 2376 1315 2418 necesse
1339 2372 1445 2428 est,
1478 2371 1538 2416 ut
1566 2377 1732 2432 expe-

151 2458 253 2512 dite
280 2455 425 2510 vivat
447 2465 507 2512 et
546 2455 764 2510 munde.
799 2455 962 2526 Igitur
1004 2472 1072 2511 ne
1116 2466 1499 2527 cognoscatur,
1539 2456 1730 2512 facient

151 2553 403 2606 velamine
435 2551 694 2605 obscurat
721 2551 1054 2616 neceSsario,
1087 2551 1210 2620 quia
1241 2557 1481 2604 assertor
1511 2549 1731 2619 pudoris

149 2647 256 2715 ejus
289 2644 532 2700 nondum
581 2654 805 2698 venerat
850 2642 1120 2698 Chrisuts.
1165 2641 1282 2701 Non
1329 2645 1672 2714 cognoscitur
1699 2659 1731 2699 a

148 2751 326 2792 socero
356 2755 370 2790 :
413 2735 489 2791 ad
529 2735 751 2790 Iudaeos
775 2735 945 2800 enim,
987 2749 1094 2789 non
1122 2734 1188 2787 ad
1219 2733 1422 2790 Gentes
1452 2734 1726 2804 prepheta-

151 2829 350 2884 fuerant
379 2827 658 2884 destinati.
694 2825 808 2899 (54)
840 2825 1214 2882 Foruicariam
1241 2837 1388 2898 putat
1407 2835 1575 2892 recte,
1605 2829 1728 2896 quia

149 2921 254 2994 (55)
281 2921 506 2977 deorum
529 2919 728 2991 populo
745 2918 1035 2974 serviebat.
1065 2917 1200 2972 Cum
1232 2932 1294 2972 ea
1324 2908 1616 2985 convenire
1638 2933 1729 2974 cu-

87 3002 109 3013 r
149 3015 237 3082 Ρίιι
262 3013 387 3082 quia
420 3011 720 3082 prophetia:
750 3009 922 3081 magis
958 3009 1182 3076 Gentes,
1215 3023 1376 3078 quam
1407 3008 1578 3064 Judaai
1610 3012 1727 3065 luc-

149 3108 556 3173 rantcredituri,
578 3105 804 3160 Domino
824 3105 1067 3160 dicente:
1095 3103 1210 3177 (36)
1237 3105 1396 3162 Amen
1418 3106 1537 3160 dico
1565 3107 1724 3174 vobis,

1836 1911 1943 1966 lum
1962 1921 2109 1966 tuum
2137 1910 2392 1966 inebrians
2418 1927 2571 1980 quam
2600 1905 2947 1980 prtcclarum(
2973 1905 3065 1960 Ps.
3097 1921 3229 1970 uti,
3267 1907 3318 1971 4,
3342 1907 3427 1964 ὅ).

1839 2003 2051 2073 Utique,
2104 2002 2323 2066 fratres,
2373 2004 2512 2056 calix
2570 2002 2910 2073 sanguinem,
2968 2013 3155 2054 mensa
3207 2012 3426 2068 corpus,

1834 2096 2012 2150 oleum
2061 2093 2262 2148 donum
2297 2093 2529 2164 Spiritus
2581 2093 2753 2149 sancti
2799 2083 3086 2162 signiﬁcat,
3139 2091 3280 2161 vitga
3309 2105 3432 2144 cuni

1841 2188 2030 2242 baculo
2059 2202 2298 2243 crucem.
2331 2187 2383 2241 in
2419 2201 2522 2254 qua
2553 2186 2693 2240 Deus
2717 2199 2818 2255 pro
2849 2184 3068 2238 homine
3099 2183 3333 2252 pendere
3353 2185 3433 2238 di—

1838 2287 2030 2348 gnatus
2078 2289 2180 2340 est,
2208 2288 2260 2333 ut
2312 2280 2362 2334 in
2393 2278 2586 2345 Deum,
2642 2277 2917 2332 hominem
2957 2290 3122 2346 quem
3161 2275 3432 2341 induerat,

1839 2381 2215 2426 commutarel.
2254 2371 2504 2426 Auuulus
2534 2384 2747 2440 queque
2773 2368 3108 2444 signaculum
3156 2367 3279 2423 ﬁdei
3327 2378 3433 2431 est,

1840 2463 1981 2533 quod
2025 2474 2109 2517 est
2131 2462 2400 2527 Christus,
2433 2463 2588 2532 cujus
2617 2460 2978 2514 illustratione
3009 2459 3306 2528 majestatis
3335 2459 3434 2512 im-

1839 2557 2008 2622 pressi
2035 2560 2194 2619 atque
2242 2555 2457 2622 signati,
2491 2567 2594 2621 qua
2634 2551 2850 2606 sincere
2880 2552 3123 2605 viventes
3164 2549 3216 2603 in
3246 2559 3431 2603 custo-

1836 2644 1978 2700 diam
2007 2653 2206 2698 nostrze
2233 2644 2437 2708 salutis,
2463 2657 2558 2713 per
2585 2641 2847 2710 Spiritum
2872 2648 3118 2694 sanctum
3142 2639 3429 2709 imaginem

1838 2736 2136 2802 referimus;
2165 2749 2326 2804 quam
2346 2731 2743 2804 .euemus.'(58)
2768 2729 2922 2798 Quod
2935 2731 3192 2785 convenit
3207 2744 3328 2784 cum
3341 2743 3428 2796 ea,

1838 2826 2073 2882 ﬁdelium
2097 2827 2489 2882 communionis
2527 2817 2729 2878 sancta:
2759 2821 3094 2892 signiliCabat
3132 2836 3432 2876 sacramen-

1840 2927 1972 2971 tutn.
2002 2917 2238 2972 Thamar
2265 2916 2513 2986 concepit
2542 2915 2594 2970 iu
2621 2924 2799 2978 utero,
2827 2912 3070 2968 Ecclesia
3099 2911 3266 2966 corde
3295 2926 3428 2966 con-
3495 2940 3508 2951 -

1839 3011 2016 3081 cepit:
2040 3011 2125 3064 illa
2155 3009 2382 3073 semine,
2401 3009 2517 3062 haec
2538 3007 2724 3063 verbo.
2746 3005 2943 3060 llredus
2968 3005 3016 3060 ei
3041 3004 3291 3071 mittitur,
3317 3013 3433 3058 ten-

1841 3109 2057 3168 tationis
2086 3103 2340 3159 videlicet
2385 3102 2597 3172 signum
2643 3115 2656 3152 :
2690 3095 2892 3153 etenim
2921 3097 3184 3167 justitiam
3207 3097 3297 3166 qui
3344 3110 3433 3151 se-
3524 3136 3527 3138 -

147 3301 253 3347 erat
273 3289 642 3363 :equalistsed
671 3288 738 3363 ad
765 3288 1036 3363 novellum
1069 3291 1344 3359 populum,
1376 3293 1466 3362 qui
1505 3293 1617 3350 lere
1660 3309 1728 3350 ex
1754 3295 1800 3358 C
1833 3292 2068 3348 diabolus
2096 3297 2240 3363 pater
2265 3285 2350 3338 sit.
2386 3283 2470 3363 ΕΞ
2503 3281 2586 3334 his
2613 3277 2868 3363 omnibus
2887 3275 3243 3363 ‘iiquet‘ba'nc
3264 3289 3425 3363 uuam

146 3360 394 3419 Gentibus
421 3363 486 3416 ad
511 3360 872 3416 Christianam
905 3360 1063 3414 ﬁdem
1089 3363 1365 3417 transibat.

209 3437 324 3504 (30)
361 3435 463 3488 Ms.
497 3431 655 3496 Urb.,
688 3432 828 3498 [ilius
849 3433 1085 3485 moritur.

213 3506 324 3573 (51)
360 3505 459 3559 Ms.
487 3504 638 3558 Item.
652 3545 665 3565 ,
693 3517 853 3571 spem.

212 3598 322 3668 (ὃῖ)
347 3597 457 3652 Hoc
486 3595 853 3653 testimonium
881 3604 975 3668 est
985 3595 1138 3662 illud,
1165 3595 1308 3666 quod
1336 3606 1530 3666 quater
1559 3614 1587 3651 a
1621 3598 1726 3652 Ra-

150 3666 311 3725 therio
333 3673 612 3740 allegatur.
643 3667 934 3740 ΜτιιιιιωιιςΔ
954 3666 1227 3740 Larrogue
1258 3669 1310 3720 in
1345 3670 1578 3740 llistoria
1614 3672 1724 3724 Eu-

145 3741 427 3804 charistize,
449 3738 621 3810 quam
661 3738 1053 3810 Amstelodami
1077 3738 1564 3810 Gallicescriptam
1595 3741 1725 3792 edi—

145 3812 216 3882 dit
239 3828 323 3865 an.
354 3808 516 3877 16η,
551 3827 671 3882 pag.
705 3811 836 3868 393.
864 3826 928 3882 ex
957 3809 1150 3864 eodem
1182 3808 1442 3882 Itallierio
1483 3811 1582 3864 hoc
1616 3822 1723 3865 tes—

145 3881 415 3936 timonium
445 3879 638 3936 reci—tat
671 3883 839 3934 tnulto
867 3881 1099 3950 longius,
1126 3895 1284 3948 quam
1317 3879 1367 3931 in
1394 3879 1610 3934 Zenone
1638 3897 1722 3933 re-

144 3953 360 4020 peritur.
391 3967 452 4007 ac
480 3952 706 4022 proinde
733 3952 784 4004 in
818 3950 973 4004 editis
993 3950 1348 4022 aliquiddhoc
1377 3953 1502 4005 loco
1528 3951 1722 4006 deesse

145 4019 453 4077 subiudicat.
480 4019 550 4078 At
592 4021 941 4090 manuscripti
961 4035 1148 4075 omnes
1181 4019 1313 4072 nihil
1339 4024 1557 4086 habent,
1587 4038 1722 4090 pra:-

145 4103 220 4148 ter
242 4109 400 4164 quam
426 4095 569 4162 quod
601 4095 651 4146 in
675 4093 835 4164 editis
866 4091 1080 4162 legitur,
1116 4091 1436 4164 concinente
1468 4092 1584 4164 ipso
1616 4108 1716 4144 ms.

147 4161 412 4228 Reuiensi,
445 4161 550 4233 qui
586 4161 843 4218 ltatberio
893 4161 1008 4232 ipso
1037 4162 1307 4233 antiquior
1353 4163 1568 4229 quidem
1614 4173 1718 4233 est.

145 4235 336 4304 Lapsus
365 4231 528 4304 porro
556 4246 640 4291 est
666 4231 1050 4304 dleteroduxus
1095 4232 1185 4285 ille
1229 4232 1280 4284 in
1306 4233 1593 4304 recitando
1619 4231 1720 4287 Ze-

145 4302 294 4360 nonis
317 4302 644 4374 testimonio,
662 4302 862 4378 quippe
886 4307 978 4374 qui
1005 4314 1274 4372 tamquam
1304 4302 1544 4378 Zenonis
1553 4305 1718 4360 verba

143 4378 361 4445 accepit,
408 4393 528 4447 quae
576 4375 886 4432 llatlteriuui
933 4379 1132 4431 habent
1177 4383 1471 4428 auctorem.
1509 4375 1718 4429 Etenim

144 4449 420 4502 liatheritls
449 4463 567 4503 eam
599 4465 758 4504 unam
783 4450 857 4503 uti
888 4447 1118 4502 Zenonis
1145 4447 1469 4500 sententiam
1501 4449 1712 4508 recitat,

143 4535 238 4586 qua
269 4529 407 4588 pater
431 4523 662 4574 omnium
704 4531 936 4589 corrupte
965 4519 1236 4571 viventium
1283 4516 1530 4589 diabolus
1575 4519 1720 4570 desi-

144 4586 350 4658 gnatur,
381 4590 521 4659 quod
561 4609 626 4646 ex
655 4586 886 4661 quatuor
924 4590 1166 4661 ejusdem
1199 4586 1436 4642 Ilatlterii
1473 4589 1715 4642 locorum

144 4663 420 4717 collatione
446 4673 500 4717 et
527 4659 818 4717 concordia
854 4669 1034 4730 ιιτιῐριε
1082 4659 1132 4713 id
1158 4662 1302 4714 enim
1336 4674 1498 4712 unum
1527 4675 1716 4714 omqu

147 4746 207 4785 ex
239 4733 448 4788 Zenone
481 4738 773 4797 inculcant,
805 4734 943 4802 quod
973 4732 1024 4784 in
1051 4732 1298 4798 praesenti
1333 4733 1546 4800 quidem
1579 4741 1721 4785 trac-

149 4811 256 4858 tatu
286 4808 604 4859 continetur.
641 4805 819 4859 Primo
867 4815 1000 4870 part.
1033 4817 1046 4855 t
1078 4803 1145 4856 de
1193 4803 1516 4871 Conteniptu
1553 4818 1718 4856 cauo-

148 4889 270 4928 num
301 4892 414 4944 pag.
442 4877 571 4940 352,
601 4887 730 4930 tom.
764 4891 779 4928 ι
807 4873 1081 4944 Spicdcgii
1113 4873 1400 4928 Acheriani
1436 4875 1718 4927 novissim.

148 4947 253 4998 edit
277 4942 444 5000 {Utar
468 4958 521 5001 ut
548 4947 632 4999 hic
653 4947 954 4999 auctoritate
981 4942 1203 4998 Zenonis
1225 4945 1376 5007 beati,
1409 4944 1461 4996 in
1492 4961 1723 4998 sermone

148 5016 384 5080 videlicet,
414 5034 562 5084 quem
608 5019 672 5071 de
696 5015 841 5069 Iuda
890 5014 1196 5069 Patriarcha
1236 5024 1283 5068 et
1337 5015 1560 5068 That-nar
1591 5032 1723 5068 nuru

147 5086 300 5154 ipsius
317 5103 452 5140 more
475 5105 568 5140 suo
588 5087 987 5141 luculentissima
1010 5088 1148 5156 fecit,
1181 5087 1394 5140 dicentis
1427 5103 1444 5139 :
1481 5086 1726 5139 Omnium

149 5168 376 5225 corrupte
416 5159 686 5212 viventium
735 5159 970 5211 diabolus
1004 5168 1147 5224 pater
1196 5166 1287 5210 est.
1337 5157 1534 5218 lterum
1568 5159 1727 5226 paulo

151 5237 266 5299 post
292 5229 474 5299 eadem
507 5232 699 5299 pagina
723 5247 735 5282 :
775 5230 878 5294 Qui
902 5230 1044 5297 ﬁlius
1073 5237 1309 5294 corrupte
1339 5229 1546 5282 vivendo
1569 5237 1730 5280 exstat

152 5297 376 5364 diaboli,
423 5312 475 5352 ut
523 5297 664 5354 leno
711 5311 920 5354 sanctus
957 5300 1196 5370 afﬁrmat.
1250 5299 1480 5370 liursutu
1526 5299 1577 5350 iit
1631 5301 1737 5354 liuc

153 5383 314 5423 serui.
357 5371 468 5426 Ide
517 5371 944 5440 Quadragesiuia
991 5369 1117 5438 pag.
1154 5370 1250 5424 591
1296 5387 1327 5440 ξ
1356 5369 1464 5422 Sed
1509 5371 1739 5420 omnium

155 5452 385 5504 corrupte
413 5438 686 5496 virentium
715 5438 950 5494 diabolus
976 5449 1122 5509 pater
1149 5449 1244 5501 est,
1285 5438 1423 5492 Zeno
1451 5441 1624 5491 beatus
1655 5439 1742 5492 ille

156 5525 181 5560 e
210 5517 460 5581 contrario
486 5513 584 5565 ait.
621 5511 860 5581 'latrdem
895 5511 948 5562 in
981 5509 1251 5581 Synodica
1292 5510 1358 5562 ad
1389 5509 1740 5581 lfresbytetcs

162 5591 274 5642 pag.
306 5579 426 5645 ὅτι,
459 5585 562 5633 col.
596 5583 632 5634 2
665 5599 677 5633 :
717 5578 782 5633 Et
803 5596 915 5632 cum
937 5578 1169 5646 specialis
1195 5592 1365 5632 noster
1389 5579 1570 5630 doctor
1589 5591 1740 5646 atque

165 5649 392 5716 monitor.
419 5654 592 5703 beatus
640 5653 809 5719 utique
841 5647 980 5702 Zeno
1017 5651 1162 5719 dicat
1205 5651 1256 5701 in
1283 5663 1515 5702 sermone
1543 5658 1737 5719 utique,

170 5665 392 5716 premor.
419 5665 592 5703 acutus
640 5665 711 5702 ltlt
751 5666 809 5702 ue
841 5665 980 5702 ceno
1027 5665 1162 5700 atcat
1205 5666 1256 5701 ιη
1283 5665 1515 5702 sermone
1543 5665 1729 5719 imque.

170 5731 307 5789 quin
326 5719 385 5771 de
405 5720 542 5774 Juda
572 5720 684 5789 ﬁlio
714 5665 877 5775 Ἰασοῦ
914 5728 963 5773 et
1013 5716 1240 5772 Thamar
1280 5734 1412 5770 nuru
1440 5719 1603 5787 ipsius
1639 5721 1729 5772 ele-

183 5786 448 5858 acutissime
471 5786 778 5876 suntposuit,
803 5790 937 5867 quod
967 5790 1188 5846 omnium
1215 5798 1450 5859 corrupte
1465 5786 1738 5845 virentimn

1749 4699 1801 4760 D

1835 3346 1996 3419 toties
2026 3346 2314 3428 repetitam
2340 3370 2404 3410 ex
2435 3351 2659 3407 Zenone
2690 3348 3015 3428 sententiam
3038 3347 3112 3428 uti
3141 3346 3373 3428 Zenonis
3395 3361 3429 3400 a

1833 3418 2106 3490 ltatberio'
2140 3427 2376 3489 laudari;
2422 3440 2542 3490 qua:
2579 3420 2906 3490 autenripse
2933 3418 3223 3490 Ratherius
3252 3418 3427 3490 primo

1833 3486 2289 3561 luculentouiauis
2305 3486 2484 3549 verbis
2507 3486 2896 3560 subjecitdesu
2920 3511 2949 3551 ι,
2978 3488 3223 3561 inquiens
3242 3506 3252 3538 :
3270 3486 3338 3540 Et
3361 3487 3422 3561 ob

1829 3558 1980 3648 quam
2005 3590 2105 3627 non
2133 3569 2406 3648 manducet
2429 3558 2935 3648 verendam-carnem
2964 3558 3195 3648 meini,
3229 3575 3317 3610 nec
3330 3560 3421 3648 Ibi-

1916 3627 2036 3715 ejus
2065 3643 2366 3711 sanguinem
2393 3647 2525 3715 ete_.;
2563 3635 2678 3687 lnec
2706 3627 3286 3715 lllattlueuslsarrogue
3309 3628 3421 3708 dis-

1828 3697 2037 3773 éi-iiiicn
2061 3697 2397 3782 neqinaquam
2428 3707 2738 3782 advortetis.
2773 3699 2937 3782 quasi
2955 3709 3138 3777 essent
3166 3697 3419 3782 Zeuuuis,

1830 3768 2111 3844 animum
2148 3768 2426 3840 recitavit,
2472 3775 2614 3844 quod
2661 3768 2863 3844 legenti
2889 3779 2944 3822 et
2983 3769 3164 3821 omnia
3194 3768 3420 3837 dilige“.

1829 3840 1935 3915 iiii;
1962 3840 2418 3920 circumSpicienti
2453 3840 2769 3920 palauilie't:
2805 3840 3133 3920 ilincnporro
3161 3846 3308 3920 pater
3324 3853 3418 3920 φ.

2159 3906 2571 3994 deceptutu'lo:
2605 3911 2893 3994 lle‘nricutn
2935 3906 3322 3994 OttiutnLdmI-t
3367 3913 3422 3964 itt

1827 3979 2075 4056 enat—niue
2102 3979 2360 4046 adversus
2389 3985 2629 4041 Annales
2653 3979 2868 4036 Barunii
2893 3979 3134 4056 centuria
3163 3980 3222 4056 5_,
3247 3979 3314 4032 ad
3328 3996 3416 4036 an.

2143 4077 2262 4131 pag.
2295 4059 2366 4113 ‘20
2380 4061 2422 4138 i,
2455 4071 2517 4110 ea
2544 4057 2657 4134 Sola
2689 4060 2964 4138 tatlnq‘uatlu
2995 4047 3307 4138 Zentnriaua
3349 4068 3417 4106 ex

1827 4119 2273 4194 iutilia-io'verba
2307 4131 2514 4189 recitat,
2554 4126 2675 4194 qua:
2711 4122 2777 4194 ad
2815 4119 3056 4194 liatherii
3086 4119 3417 4194 additiouetu

1826 4191 2118 4282 essent.
2148 4204 2320 4282 ρρειιι
2352 4212 2492 4282 vet-.0.
2515 4191 2720 4282 ττιλεενέι.
2738 4191 3430 4282 ἓξὲξ¹¹ίῖῑί¹ἐηὶξὲἔὲῗέ¹ῂί¹¹ίξ

2059 4262 2384 4331 δίῡίἿὶινθτθ
2423 4269 2583 4322 iidetn
2637 4262 2953 4318 heleroduxi
2984 4263 3346 4334 contendant,
3376 4277 3436 4322 ut

1823 4351 2028 4408 Christi
2061 4347 2409 4417 priesmtiam
2457 4340 2524 4417 ab
2559 4335 2915 4417 Eucharistize
2956 4343 3298 4417 sacramento
3331 4359 3422 4398 ex-

1823 4407 2072 4481 cludant;
2093 4420 2225 4474 satis
2254 4412 2688 4483 convinciturex
2713 4408 2938 4474 cpistola
2971 4407 3213 4473 erSdem
3239 4425 3424 4468 aucto-

1825 4499 1900 4549 ris
1931 4495 1996 4548 ad
2045 4491 2333 4546 Patricium
2379 4495 2538 4541 tomt
2585 4483 2860 4555 Spictlegii
2906 4500 2958 4550 p.
3002 4486 3124 4543 576.
3153 4485 3240 4536 ubi
3289 4501 3427 4553 μην-

1824 4568 2054 4621 sentiam
2083 4559 2286 4618 ChriSti
2316 4559 2755 4627 exploratissimo
2800 4558 3110 4620 testimonio
3134 4558 3420 4608 continuat

1826 4637 1935 4693 Sed
1969 4637 2084 4689 haec
2106 4635 2159 4687 in
2181 4631 2424 4686 Ratherii
2445 4629 2682 4684 editione
2714 4627 3218 4697 l'usiusdisputauda
3239 4637 3416 4681 erunt.

1899 4732 2016 4802 (55)
2039 4729 2427 4802 Credulitatem,
2465 4727 2514 4787 id
2541 4736 2623 4802 est
2644 4727 2947 4802 simplicem
2976 4725 3154 4802 litleni,
3181 4737 3306 4802 qua;
3336 4736 3426 4802 ra—

1830 4790 2211 4856 nonasnonas
2231 4790 2445 4870 qua-rit,
2479 4811 2534 4851 ut
2563 4797 2709 4852 Zeno
2741 4790 3042 4866 saepissime
3064 4794 3334 4861 intelligit,
3358 4790 3427 4842 de.

1822 4889 1929 4943 quo
1959 4873 2079 4927 vide
2105 4869 2290 4926 auuol.
2320 4871 2353 4922 li
2385 4872 2434 4923 iu
2469 4879 2624 4923 tt'act.
2666 4869 2685 4921 l
2721 4870 2812 4920 lib.
2849 4883 2887 4921 l.

1903 4967 2013 5037 (δι)
2055 4967 2158 5019 Ms.
2194 4964 2376 5028 Rem.,
2411 4980 2500 5033 per
2530 4963 2890 5033 fornicarinm.

1906 5059 2020 5130 (55)
2063 5059 2218 5113 Idem
2253 5055 2460 5118 codex,
2486 5055 2793 5109 Judrvorum
2821 5053 3032 5122 papula.

1905 5153 2024 5221 (56)
2039 5153 2165 5206 Mss.
2182 5151 2333 5205 Pom.
2352 5160 2406 5205 et
2431 5150 2562 5204 'I.en.
2579 5148 2758 5221 Amen,
2784 5161 2928 5197 auten
2959 5143 3071 5194 diro
3089 5141 3438 5221 nobis.__litlem

1840 5214 2058 5280 codices
2089 5233 2140 5277 et
2172 5221 2457 5277 edit.ch.
2489 5219 2896 5286 prwrednntpro
2918 5215 3220 5286 pratcedent.
3243 5214 3283 5267 Ε
3307 5228 3436 5286 mss.

1843 5310 2007 5364 porro
2043 5293 2361 5359 scripsimus
2395 5292 2444 5341 in
2482 5301 2699 5356 regnum
2729 5300 2825 5354 pro
2875 5298 2974 5344 c0.
3006 5285 3148 5354 quod
3184 5286 3236 5338 in
3281 5285 3442 5340 editis

1844 5366 2121 5436 legebatur
2143 5405 2156 5427 ,
2192 5364 2242 5414 in
2261 5375 2438 5427 regno.

1913 5454 2025 5525 (57)
2056 5453 2150 5506 Ms.
2173 5451 2290 5504 Tol.
2313 5448 2527 5516 accepit.

1915 5547 2030 5616 (38)
2067 5545 2120 5596 lu
2149 5542 2278 5596 edit.
2305 5539 2621 5616 YerLQuod
2653 5557 2764 5595 cum
2797 5558 2855 5594 ea
2885 5542 3144 5616 convenit,
3168 5540 3441 5616 communi-

1847 5609 2020 5669 tio'nis'
2042 5625 2232 5666 sancta:
2279 5613 2539 5681 signiﬁcat
2591 5625 2986 5666 sacramentmn.
3013 5615 3050 5668 I".
3083 5626 3210 5664 mss.
3237 5623 3290 5664 et
3315 5609 3443 5681 edit.

1851 5696 1982 5740 Ven.
2033 5685 2299 5751 integrum
2326 5677 2516 5736 locum
2561 5685 2980 5737 l"t‘S|iltiltiillillS.
3005 5682 3188 5736 Solum
3219 5682 3270 5734 in
3318 5679 3446 5734 edit.
3472 5677 3486 5692 ⁹

1848 5756 2009 5818 Vett.,
2037 5753 2292 5824 signiﬁcat
2326 5771 2423 5830 pro
2465 5753 2801 5825 signiﬁcabat.
