3818 6220
262 266 370 320 465

1585 257 1830 314 SANCTI
1872 257 2163 317 ZENONIS

3459 263 3569 322 ιθι

253 379 319 433 tis
351 376 603 439 aftirmat,
629 376 707 430 sic
734 373 877 430 enim
892 374 973 427 ait
999 390 1011 426 :
1053 371 1117 427 Et
1153 372 1331 427 uidebo
1358 374 1525 427 actos
1547 390 1702 445 opera
1725 374 1860 444 digi-
1890 378 1934 433 A
1969 374 2143 434 De'um
2172 385 2375 465 patrem
2402 392 2508 432 non
2538 376 2829 449 dilexisse,
2859 392 2979 434 cum
3011 387 3292 450 peccatum
3321 378 3421 444 sit,
3469 380 3569 435 ιιη-

256 481 426 527 torum
458 480 659 525 tuorum
682 467 803 537 (Ps.
834 482 928 521 vut
947 509 959 530 ,
986 464 1063 537 5).
1099 466 1226 521 Heic
1273 467 1457 538 utique
1480 467 1677 522 nonde
1706 470 1857 523 caelis

260 562 383 620 istis
414 561 672 633 loquitur,
699 559 834 629 quos
863 573 1078 626 semper
1103 558 1344 623 viderat,
1375 559 1472 613 scd
1514 559 1581 615 de
1619 563 1852 629 Aposto-

259 658 331 715 lis
353 702 366 721 ,
396 668 531 728 quos
561 654 742 709 videre
768 653 1006 723 optabat.
1037 651 1105 706 Et
1128 652 1325 708 iterum
1358 674 1370 706 :
1400 652 1549 708 Texit
1581 654 1732 708 caelos
1756 656 1858 707 vir-

263 760 345 806 tus
370 753 479 821 ejus
507 747 758 820 (Habac.,
793 761 851 799 III
874 787 889 807 ,
914 746 1009 816 3);
1043 759 1112 800 co
1150 744 1292 814 quod
1324 732 1618 815 Apostolus
1645 746 1710 800 ad
1751 747 1857 801 mi-

263 842 456 898 rabilia
487 836 728 894 facienda
757 837 993 908 Spiritus
1012 846 1232 893 sanctus
1252 838 1603 893 obumbravit
1618 847 1673 893 et
1703 841 1854 894 texit.

152 996 155 997 ν
262 934 335 990 Et
361 934 538 988 denuo
567 948 579 984 :
611 929 737 985 Coeli
756 971 771 996 ,
827 930 1031 1000 inquit,
1062 927 1307 985 enarranl
1330 931 1552 1004 gloriam
1591 928 1691 985 Dei
1736 929 1855 1003 (Ps.

224 1040 229 1044 ’
263 1044 396 1084 xvut
419 1023 538 1096 ,2).
570 1024 639 1079 Et
668 1022 789 1078 heic
809 1024 998 1094 utique
1026 1037 1132 1078 non
1157 1023 1268 1093 jam
1294 1024 1463 1079 caelos
1491 1023 1641 1094 loqui
1688 1022 1854 1090 dicit,

262 1135 400 1191 quos
428 1118 712 1189 loquentes
743 1118 920 1171 nullus
942 1116 1177 1179 audivit,
1217 1116 1313 1172 sed
1360 1116 1651 1188 Apostolus
1693 1116 1855 1172 adse-

235 1195 443 1280 verat,
473 1228 704 1282 quorum
733 1209 1324 1294 prazdicatione'gloria
1339 1207 1555 1264 Domini
1578 1204 1744 1281 226
1765 1224 1859 1278 per

257 1317 373 1364 tota
400 1316 666 1363 terrarum
714 1306 888 1377 spatia
929 1304 1172 1360 nuntiata
1212 1311 1316 1359 est.
1349 1302 1573 1358 Terram
1607 1303 1858 1362 homines

253 1400 638 1472 intelligendos
659 1398 915 1469 frequens
937 1397 1321 1469 prophetarum
1347 1396 1585 1453 adsertio
1605 1396 1860 1451 demons-

254 1494 418 1551 travit
452 1512 464 1546 :
491 1493 719 1548 lubilat'e
738 1534 751 1559 ,
774 1492 981 1562 inquit,
1014 1491 1179 1545 omnis
1205 1498 1360 1544 terra.
1390 1489 1470 1545 Et—
1486 1488 1614 1544 alibi
1641 1507 1654 1543 :
1687 1488 1855 1553 Audi,

147 1645 154 1650 _
255 1587 463 1657 inquit,
495 1598 653 1652 terra,
678 1600 748 1639 ex
788 1600 874 1638 ore
916 1598 1025 1637 meo
1052 1576 1173 1656 (Ps.
1204 1563 1350 1647 va‘,
1401 1579 1495 1653 2);
1546 1595 1653 1651 quo
1698 1595 1857 1635 voca-

256 1679 388 1735 bule
417 1678 661 1735 Gentiles
690 1674 775 1748 (5)
810 1676 1061 1731 homines
1087 1675 1206 1730 sine
1230 1671 1394 1729 dubio
1424 1672 1856 1743 comprehendit,

1964 471 2165 527 minem
2211 486 2316 527 non
2350 488 2582 528 amasse.
2633 471 2784 529 Unde
2827 472 3068 530 infelices
3111 484 3168 530 et
3200 474 3385 530 miseri
3439 484 3570 529 sunt

1960 564 2166 631 Judaei,
2194 566 2283 636 qui
2314 566 2485 622 Deum
2545 576 2789 636 patrem,
2823 583 2850 621 a
2903 585 3012 638 quo
3055 577 3183 637 sunt
3230 568 3437 638 geniti,
3478 584 3566 624 re-

1962 666 2246 727 spuerunt,
2268 659 2399 712 tanti
2428 658 2775 715 immemores
2802 662 3027 716 honoris
3045 703 3061 729 ,
3093 669 3257 731 tanta:
3284 661 3567 732 dignitatis

1963 751 2155 820 ignari.
2186 750 2324 819 Quid
2357 751 2503 806 enim
2532 753 2781 819 beatius,
2832 768 2991 824 quam
3032 754 3081 810 si
3128 753 3380 810 homines
3423 753 3566 810 Deus

1924 900 1925 903 η
1964 851 2197 913 paterno
2220 842 2425 898 honore
2446 844 2699 915 dignetur
2725 847 3095 914 attendere,et
3118 848 3369 903 tantailla
3382 849 3564 904 subii-

1965 935 2126 990 mitas
2177 933 2468 989 humanam
2524 937 2953 994 mediocritatem
2985 949 3080 996 aut
3107 953 3287 997 caram
3313 918 3562 1008 'hsheat.

1962 1037 2055 1083 aut
2078 1026 2373 1084 dilectam?
2399 1026 2599 1094 Filios,
2635 1031 2837 1103 inquit,
2880 1035 3055 1105 genui.
3103 1034 3217 1091 Hoc
3265 1034 3562 1092 Dominum

1960 1119 2029 1176 de
2060 1120 2371 1177 hominibus
2407 1122 2612 1179 dixisse
2638 1126 2982 1193 quam‘dulce
3010 1129 3127 1184 est!
3160 1130 3323 1185 talem
3354 1127 3563 1199 patrem

1962 1216 2170 1271 laesisse
2195 1232 2355 1287 quam
2397 1219 2584 1289 turpe!
2626 1218 2796 1275 Filios
2822 1222 2975 1292 genui
3003 1216 3053 1277 et
3076 1223 3325 1280 muniti.
3359 1222 3584 1295 Utique.

1962 1309 2106 1365 filios
2148 1309 2316 1364 Israel
2360 1309 2626 1367 Dominus
2653 1314 2889 1383 genuit,
2939 1314 3032 1385 qui
3060 1316 3367 1385 Abraham,
3414 1317 3566 1376 unde

1961 1412 2338 1479 nascerentur,
2384 1404 2551 1475 elegit
2579 1405 2734 1479 (Gen.
2778 1423 2887 1473 xu,
2926 1406 3103 1464 Exod.
3150 1409 3308 1481 xvu).
3358 1411 3469 1468 Hos
3504 1386 3564 1466 in

1962 1495 2198 1569 Egypto
2218 1497 2438 1568 genuit,
2469 1488 2559 1553 ubi
2588 1498 2849 1569 ingressis
2886 1499 3070 1568 paucis
3116 1501 3428 1560 hominibus
3474 1506 3567 1559 iu-

1962 1589 2309 1645 nnmerabilis
2340 1590 2628 1647 multitudo
2658 1594 2920 1661 processit
2941 1637 2955 1657 ,
2991 1602 3047 1650 et
3068 1594 3137 1651 ad
3158 1610 3404 1653 eremum
3444 1597 3560 1653 Do-

1961 1681 2141 1737 minus
2168 1682 2423 1752 perduxit
2474 1698 2636 1739 manu
2669 1684 2792 1741 forti
2818 1685 2878 1743 et
2914 1686 3138 1744 brachio
3174 1690 3396 1746 excelso
3431 1688 3561 1762 (Ps.

254 1773 312 1830 in
342 1772 535 1844 quibus
562 1772 741 1826 adhuc
770 1777 926 1826 erant
944 1784 1110 1839 opera
1140 1778 1379 1823 terrena.
1429 1766 1543 1823 lloc
1568 1776 1651 1822 est
1677 1780 1809 1837 ergo
1830 1806 1847 1833 ,
1881 1779 1928 1839 Β
1952 1780 2130 1831 cxx"
2149 1817 2165 1842 ,
2214 1776 2328 1847 12).
2381 1777 2664 1834 Exaltalus
2704 1787 2792 1834 εει
2834 1779 2999 1835 [smel
3019 1820 3035 1843 ,
3091 1783 3309 1853 quando
3338 1785 3571 1854 ρει-ἰή-

256 1865 401 1939 quod
429 1866 504 1919 ait
535 1884 549 1920 :
579 1865 755 1929 Audi,
783 1863 983 1929 calum,
1027 1870 1075 1915 et
1120 1870 1289 1927 terra,
1330 1858 1473 1930 quod
1495 1857 1696 1914 Iudaeis
1746 1872 1854 1912 non

256 1958 598 2014 audientibus
617 1998 631 2023 ,
661 1955 909 2012 Christus
933 1953 1194 2009 Dominus
1221 1960 1367 2028 esset
1403 1952 1471 2006 ab
1500 1948 1774 2019 Apostolis
1800 1959 1856 2004 et

260 2049 522 2107 Gentibus
545 2046 869 2104 audiendus.

330 2142 418 2198 Ill.
461 2141 664 2206 Filios,
700 2142 906 2211 inquit,
934 2138 1089 2210 genui
1115 2147 1163 2193 et
1184 2137 1432 2192 exaltari.
1468 2137 1594 2199 Haec
1640 2134 1873 2195 Domini

254 2253 364 2295 vox
389 2247 505 2303 est,
534 2238 659 2308 quia
681 2236 793 2306 jam
839 2243 966 2290 tunc
998 2249 1096 2305 per
1138 2216 1460 2304 prophetam
1502 2230 1719 2287 Judaaos
1755 2230 1854 2285 oh-

252 2312 508 2405 jurgabat
534 2329 863 2395 incredulos,
886 2315 941 2384 et
959 2342 1080 2398 quis
1107 2335 1293 2382 essent
1314 2325 1510 2388 futura,
1538 2324 1851 2395 priusquam

168 2454 171 2457 -
256 2426 490 2493 ﬁerent,
522 2423 1197 2492 admonebat.-Proprium
1245 2432 1327 2476 est
1371 2422 1518 2475 enim
1573 2419 1665 2475 Dei
1714 2416 1857 2473 scire

208 2578 216 2585 ,
262 2526 533 2575 transacta
557 2559 571 2583 ,
603 2527 658 2573 et
686 2530 847 2572 nosse
878 2524 1122 2571 ventura.
1158 2512 1373 2580 Filios,
1395 2514 1601 2583 inquit,
1632 2512 1787 2582 genui
1809 2522 1856 2566 et

254 2614 498 2669 exaltari.
544 2610 754 2667 Inﬁnita
787 2608 958 2665 Iudaei
1001 2608 1319 2664 infidelitate
1358 2622 1455 2663 sua
1504 2606 1643 2677 apud
1670 2605 1856 2661 Domi~

257 2723 388 2763 num
429 2716 673 2761 nostrum
707 2704 829 2759 odia
860 2704 1195 2769 meruerunt,
1225 2695 1309 2774 (6)
1340 2682 1484 2787 quod
1512 2702 1621 2769 jam
1654 2709 1855 2770 quanta

253 2800 356 2856 fuit
382 2800 452 2855 de
476 2814 662 2853 amore
688 2798 891 2868 gratia,
927 2807 1071 2851 tanta
1102 2795 1172 2851 de
1211 2800 1403 2851 eorum
1442 2793 1742 2850 offensione
1772 2793 1857 2848 fu-

258 2903 381 2949 tura
404 2892 642 2947 vindicta
665 2901 750 2946 est
779 2908 792 2942 :
827 2900 1035 2945 certum
1064 2897 1150 2943 est
1196 2887 1338 2943 enim
1384 2887 1436 2941 in
1478 2902 1605 2942 eum
1651 2885 1854 2955 filium,

257 2995 612 3056 posteaquam
636 2983 895 3054 deliquit,
950 2982 1031 3053 (ἲ)
1060 2980 1336 3051 granditer
1367 2979 1627 3049 vindicari
1652 3021 1667 3047 ,
1696 2990 1857 3050 quem

256 3088 412 3148 pater
441 3078 677 3149 plurimo
702 3076 890 3131 dilexit
928 3073 1157 3139 allecto;
1200 3081 1257 3128 et
1300 3086 1556 3143 quantam
1602 3073 1852 3142 pietatem

1954 1867 2122 1924 duum
2148 1869 2387 1926 tenebrae
2413 1869 2634 1940 (Exod.,
2662 1888 2719 1939 x,
2746 1871 2868 1941 22),
2892 1884 2947 1928 et
2969 1873 3141 1945 caligo
3164 1884 3329 1931 totam
3360 1876 3570 1950 Egyp-

1957 1970 2067 2016 tum
2090 1962 2461 2018 circumdedit.
2501 1964 2783 2020 Exaltatus
2812 1973 2897 2021 est
2922 1964 3089 2022 Israel
3113 2006 3129 2033 ,
3155 1968 3372 2037 quando
3400 1978 3480 2025 tot
3506 1981 3569 2027 et

1958 2063 2106 2108 tanta
2136 2064 2407 2111 tormenta
2433 2054 2815 2128 Egyptiorum
2858 2059 3009 2113 solus
3050 2060 3169 2135 ipse
3209 2060 3341 2116 nihil
3372 2070 3468 2117 aut
3492 2063 3570 2117 ti-

1955 2148 2089 2204 muit
2109 2190 2124 2218 ,
2158 2160 2252 2204 aut
2283 2151 2475 2205 sensit.
2503 2150 2639 2218 Quid
2665 2151 2795 2206 illud
2818 2151 2962 2221 quod
2993 2167 3090 2223 per
3120 2150 3271 2209 mar'e
3299 2156 3573 2223 medium,

1961 2250 2239 2297 terrenum
2261 2227 2773 2322 duxitingrcssum'!
2802 2242 2939 2313 (1b.,
2970 2244 3081 2316 XIV)
3292 2247 3376 2317 (8)
3401 2246 3589 2315 Quid,

1956 2330 2152 2404 quibus
2177 2333 2244 2389 de
2272 2335 2412 2389 cmlo
2435 2334 2805 2405 quotidianum
2836 2351 3032 2392 manna
3060 2338 3111 2391 in
3140 2353 3325 2393 eremo
3338 2336 3567 2411 (Exod.,

1960 2422 2114 2494 xvn),
2162 2435 2326 2495 potus
2377 2441 2431 2480 e‘
2460 2442 2604 2480 saxo
2648 2425 2897 2495 (Exod.,
2947 2424 3094 2499 xvu)
3126 2469 3141 2495 ,
3194 2442 3291 2498 per
3359 2428 3571 2502 lignum

1928 2530 2141 2587 _amara
2223 2533 2362 2588 aqua
2414 2517 2587 2577 dulcis
2671 2518 2902 2592 enecta?
2965 2534 3127 2591 quam
3188 2535 3288 2591 per
3361 2520 3572 2592 lignum

1964 2611 2173 2676 crucis,
2233 2609 2595 2667 amaritudine
2654 2588 2994 2668 Gcntilitatis
3036 2588 3294 2677 exclusa,
3342 2588 3575 2671 bibituri

1960 2716 2210 2758 essemus
2267 2691 2516 2773 (Exod.,
2575 2720 2728 2783 xvr,_
2763 2703 2875 2777 l7).
2937 2694 3173 2760 Ex'altati
3216 2706 3311 2762 filii
3362 2705 3570 2774 Israel,

1960 2795 2180 2865 quando
2211 2794 2289 2870 (9)
2314 2798 2378 2852 ad
2407 2797 2702 2853 Iordanem
2742 2814 2965 2855 securus
3003 2799 3072 2853 ab
3102 2798 3284 2855 Horeb
3314 2799 3573 2857 accessit.

1960 2887 2143 2960 (Deut.
2189 2890 2261 2961 ι.)
2291 2888 2429 2958 Quid
2454 2890 2765 2960 quotidiana
2799 2891 2889 2946 Dei
2916 2890 3031 2961 (10)
3050 2890 3321 2963 colloquia
3344 2891 3575 2964 (Exul,

1959 2982 2105 3036 c..li
2126 2980 2191 3053 )?
2246 2980 2361 3051 Ipsi
2399 2977 2586 3036 autem
2612 2999 2693 3037 me
2721 2994 3018 3054 spreverunt
3049 3000 3064 3050 ;
3089 2984 3155 3038 ad
3179 2986 3579 3042 crucem-enim

1958 3073 2358 3145 perduxerunt,
2394 3091 2489 3145 per
2518 3092 2678 3146 quam
2710 3073 2929 3133 crucem
2998 3086 3287 3143 evaserunt
3324 3077 3575 3135 Pharao-

250 3170 453 3227 dilecto
499 3170 607 3224 lilio
646 3177 855 3223 amatus
902 3179 1060 3238 pater
1116 3166 1390 3231 exhibuit,
1441 3176 1643 3221 tantam
1693 3165 1856 3228 laesus
1884 3176 1930 3241 ο
1963 3184 2122 3234 nem;
2156 3168 2251 3224 sed
2280 3168 2474 3224 iterum
2505 3170 2882 3247 derelinquetur
2911 3170 3022 3240 ﬁlia
3046 3170 3175 3227 Sion
3196 3169 3301 3244 (ls.
3329 3185 3349 3225 ι
3375 3213 3390 3237 ,
3418 3157 3497 3243 8):

255 3264 424 3335 exigit
444 3263 705 3327 ultionem
730 3303 745 3329 ,
778 3260 903 3331 quia
930 3275 1050 3314 cum
1079 3259 1251 3314 vicem
1286 3273 1392 3313 non
1445 3258 1679 3313 reddidit
1715 3259 1856 3329 patri

255 3354 675 3421 dilectus’lilius,
702 3352 919 3424 dignam
944 3352 1267 3407 sententiam
1293 3349 1521 3418 percipit
1546 3349 1853 3405 abdicatus:

258 3449 415 3519 cuius
437 3448 583 3503 enim
615 3446 865 3515 impietas
904 3452 1130 3517 paterno
1156 3441 1369 3497 all’ectui
1400 3455 1584 3512 parem
1623 3442 1853 3513 gratiam

258 3560 367 3602 non
396 3541 592 3609 refert,
622 3550 881 3614 quantum
927 3539 998 3594 sit
1042 3538 1289 3594 criminis
1323 3535 1439 3593 .dici
1487 3551 1593 3591 non
1640 3544 1849 3607 potest,

355 3713 408 3780 5)
444 3711 554 3765 Vox
594 3709 823 3762 homines
848 3704 1185 3780 desideratur
1213 3704 1265 3756 in
1289 3716 1391 3755 ms.
1424 3700 1546 3780 Tgl.

355 3713 408 3780 5)
444 3713 554 3765 Vox
594 3713 823 3762 homines
848 3713 1185 3761 desideratur
1213 3713 1265 3756 in
1289 3716 1391 3755 ms.
1424 3713 1546 3755 'I'OI.

328 3713 412 3858 (6)
434 3782 762 3852 Scripsimus
789 3778 926 3858 quod
958 3791 1054 3858 pro
1078 3791 1178 3858 quo
1222 3788 1289 3828 ex
1319 3788 1424 3858 ms.
1474 3772 1664 3858 Pomp.
1694 3772 1856 3856 Forte

261 3845 423 3912 etiam
468 3845 685 3924 pro-quo
706 3893 721 3916 ,
749 3850 833 3904 vel
861 3848 996 3918 quod
1015 3850 1130 3924 jam
1161 3845 1445 3914 legendum
1470 3854 1552 3898 εει
1592 3846 1855 3912 quoniam.

269 3930 369 3985 Ms.
397 3926 551 3990 Urb.,
580 3927 640 3977 de
666 3924 846 3976 timore
868 3936 964 3989 pro
991 3924 1055 3972 de
1074 3932 1267 3990 amore.
1545 3938 1549 3947 ,

338 3998 418 4071 (7)
441 3986 694 4071 Sidonius
736 3993 838 4071 hoc
865 3986 1120 4046 adverbio
1150 3988 1316 4071 utitur
1343 3987 1448 4071 Iib._
1468 4002 1561 4048 vn.
1593 3986 1753 4056 epist.
1782 4002 1850 4071 Διι,

263 4082 318 4127 et
346 4063 465 4124 aliis
494 4070 552 4122 iir
576 4066 728 4120 locis.
758 4063 885 4117 Post
928 4077 1093 4130 pauca
1135 4067 1333 4112 amator
1362 4068 1507 4130 pater
1527 4072 1626 4127 pro
1655 4067 1855 4123 amatus

254 4152 407 4215 pater
435 4141 486 4194 in
512 4154 612 4190 ins.
639 4134 831 4191 Urbin.
879 4127 942 4186 et'
970 4131 1246 4185 Dominum
1292 4144 1391 4199 pro
1432 4127 1598 4182 Deum
1644 4130 1696 4183 in
1748 4144 1849 4183 ms.

312 4225 583 4268 onioetan.
775 4238 780 4245 ·

268 4215 602 4356 Poiiii’izlii‘u
632 4287 685 4332 et
709 4282 960 4356 corrupta
983 4274 1229 4356 _heicrest
1258 4287 1377 4356 cum
1408 4272 1851 4356 editorumb‘tnni

265 4341 756 4418 manuscriptorum
781 4348 956 4401 lectio.
983 4347 1039 4399 In
1070 4344 1227 4397 editis
1256 4343 1629 4418 siclegebatur
1655 4359 1666 4395 :
1692 4341 1849 4406 Quid,

266 4428 451 4496 quibus
478 4416 557 4476 dei
577 4422 703 4475 caelo
729 4418 1080 4496 quotidianum
1111 4431 1297 4467 manna
1326 4416 1377 4466 in
1407 4430 1593 4496 eremo.
1630 4425 1675 4465 et
1684 4428 1853 4496 "aqua?

2390 3265 2637 3321 Videntur
2661 3265 2837 3321 deesse
2855 3266 3132 3346 nonnulla.-

2348 3359 2512 3430 323
2535 3356 2949 3433 sessurus
2989 3336 3175 3414 xxiii.
3205 3334 3210 3339 ”
3246 3383 3254 3388 -

2497 3448 2564 3502 In
2600 3449 2679 3521 (I)
2724 3449 2921 3503 Isaiam
2961 3447 3025 3504 ll.
3118 3463 3122 3465 ’

2032 3539 2186 3596 Sicut
2223 3539 2373 3595 lsaite
2428 3517 2729 3597 beatissimi
2801 3541 3004 3598 indicat
3053 3557 3297 3611 carmen,
3343 3517 3576 3604 Iudaico

1961 3705 2159 3779 nuntia
2188 3717 2355 3779 eremo
2382 3712 2616 3779 potusfx
2643 3716 2769 3754 saxo
2804 3718 2841 3771 q
2865 3716 2957 3779 per
2984 3701 3178 3779 lignum
3209 3716 3401 3779 amara
3435 3720 3575 3779 aqua

1964 3774 2130 3828 dulcis
2170 3764 2501 3839 e/fectafque
2528 3774 2724 3845 lignum
2739 3764 3307 3845 .cruéisggamaritudine
3349 3764 3574 3829 Gentili-

1963 3854 2067 3898 tale
2109 3846 2321 3899 exclusa
2369 3843 2579 3899 bibituri
2628 3843 2872 3898 essemus.
2921 3843 3045 3900 Haec
3094 3843 3254 3898 lectio
3292 3856 3571 3913 quatenus

1962 3916 2286 3985 praecipuam
2313 3914 2687 3985 difﬁcultatem
2719 3930 2749 3967 a
2780 3914 3036 3969 miraculo
3062 3929 3215 3985 aquae
3238 3928 3440 3970 amara:
3462 3916 3568 3970 de-

1961 3984 2178 4042 ductam
2210 3986 2468 4055 dispellit,
2506 3984 2836 4051 pracferenda
2882 3987 2990 4039 visa
3036 3984 3127 4039 est
3152 4002 3168 4046 ;
3196 3995 3253 4041 et
3275 3986 3467 4041 addito
3496 4003 3567 4042 ex

1963 4057 2123 4112 editis
2148 4073 2211 4112 ac
2243 4057 2623 4126 manuscriptis
2645 4057 2849 4126 aliquot
2869 4059 2928 4112 τὸ
2951 4057 3496 4126 manna,scriptoque
3514 4067 3569 4110 et

1962 4143 2062 4198 pro
2080 4144 2112 4201 q
2140 4128 2224 4182 vel
2257 4145 2375 4201 que,
2407 4143 2508 4201 nec
2533 4142 2639 4197 non
2680 4125 2995 4181 Gentilitatis
3023 4142 3120 4201 pro
3148 4125 3469 4201 Gentilitaie,
3496 4144 3567 4184 ac

1962 4200 2178 4269 tandem
2207 4215 2275 4254 ex
2299 4200 2459 4255 editis
2489 4207 2703 4253 retento
2742 4214 2895 4267 quam
2921 4215 3010 4268 per
3041 4198 3259 4269 lignum,
3287 4214 3409 4269 eam
3444 4209 3568 4255 tex-

1961 4271 2034 4324 tui
2092 4268 2436 4337 inseruimus,
2489 4277 2545 4322 et
2588 4269 2858 4323 sententia
2910 4278 2994 4323 est
3026 4285 3038 4320 :
3071 4268 3232 4335 Quid,
3263 4268 3452 4338 quibus
3493 4272 3563 4325 de

1958 4340 2084 4395 caelo
2110 4340 2464 4411 quotidianum
2484 4356 2672 4393 manna
2695 4340 2749 4411 in
2776 4355 2942 4393 eremo
2968 4339 3220 4411 (subaudi
3246 4340 3426 4410 pluit),
3458 4358 3557 4411 po-

1959 4420 2038 4466 tus
2069 4428 2095 4465 e
2123 4407 2253 4483 saxo
2277 4411 2527 4483 (subaudi
2554 4407 2730 4479 ﬂuxit)
2757 4420 2804 4463 et
2842 4426 2932 4481 per
2958 4407 3155 4480 lignum
3198 4407 3392 4464 amara
3420 4407 3562 4480 allisa

268 4481 414 4568 potus
455 4492 481 4549 e
507 4510 657 4552 saxo,
690 4481 804 4561 qua:
842 4504 930 4567 per
974 4488 1164 4567 lignum
1208 4499 1385 4568 (ἕρπω-α
1430 4485 1617 4568 (μιαρᾶς.
1641 4482 1846 4568 effecta,
1876 4504 1928 4563 Β
1959 4481 2378 4568 dulgis‘eﬂeciq‘?
2405 4491 2510 4537 εις,

268 4554 416 4637 quam
447 4584 533 4637 per
564 4554 761 4637 liguu'ut
787 4554 963 4637 crucis.
976 4554 1319 4637 amaritudine
1345 4554 1549 4608 exclusa
1576 4554 1849 4637 Gentililas

270 4626 475 4693 bibituri
503 4626 763 4689 essemus?
797 4632 849 4685 in
881 4631 1072 4696 quibus
1115 4633 1466 4694 praeterquam
1498 4626 1639 4693 quod
1668 4642 1760 4678 nos
1788 4641 1850 4679 ex

270 4728 448 4764 amara
489 4708 656 4760 dulcis
703 4700 884 4767 eﬂ'ecta
929 4698 1208 4768 legendum
1254 4711 1393 4757 esse,
1425 4705 1471 4750 et
1492 4699 1550 4768 τὸ
1580 4696 1851 4768 Genlilitas

272 4795 549 4851 perperam
578 4766 1171 4851 positnunrvidetunpru
1203 4783 1265 4820 ex
1288 4767 1482 4851 origine
1508 4767 1755 4851 Gentiles,
1786 4766 1851 4819 il-

254 4836 628 4907 lud'maxiuie
654 4843 898 4908 offendit,
931 4836 1416 4907 qund'mirnculuni
1462 4836 1612 4906 aqdu:
1651 4852 1849 4895 amara:

270 4926 322 4978 in
352 4924 561 4977 dulcem
591 4929 887 4977 conversas,
916 4911 1083 4965 Exodi
1111 4924 1227 4970 xvi,
1248 4925 1349 4961 non
1365 4908 1431 4962 de
1454 4924 1588 4978 aqua
1614 4908 1850 4961 affirma-

162 4984 167 4988 "
238 4991 376 5057 ‘tur,
406 5008 563 5063 quam
598 5005 649 5063 e7
673 5002 803 5063 s:t_x_o
827 5000 921 5063 per
953 4987 1150 5063 virgam
1179 4981 1395 5063 Moyses
1424 4980 1628 5063 eduxit,
1662 4979 1754 5063 sed
1782 4978 1851 5034 de

270 5050 611 5136 aqiia,'quain
644 5062 695 5113 in
728 5050 871 5112 Marsi
904 5054 1193 5136 inventam,
1221 5064 1341 5136 cum
1373 5050 1851 5136 Jt‘lllalfiipriﬂlflllili-

268 5119 500 5191 τῖῖυιιῖηξε
542 5134 723 5187 bibere
759 5142 867 5181 non
910 5130 1151 5191 possent,
1185 5120 1381 5191 injecto
1417 5122 1465 5173 in
1505 5120 1648 5172 illam
1680 5119 1847 5191 ligno,

268 5190 360 5261 Sen
394 5210 539 5275 virga
581 5203 789 5275 Moyses
821 5190 1270 5275 dulciaiti_ellet‘it.
1315 5190 1723 5275 PICI'IQII'QMIPK'SI.
1769 5190 1849 5275 ni-

271 5260 344 5330 hil
391 5260 608 5329 reiiiedii
646 5260 916 5328 a'dferunt,
964 5263 1056 5318 sed
1095 5264 1270 5329 potius
1298 5276 1461 5312 novas
1505 5260 1847 5330 difﬁcultates

269 5329 535 5419 ingerunt.
564 5341 759 5419 lu_Tol.
789 5340 995 5419 desnnt_
1025 5344 1076 5414 et,
1095 5346 1243 5419 aqua:
1275 5347 1299 5419 ί
1322 5331 1386 5419 in.
1409 5330 1593 5419 Po'urp.

268 5400 671 5484 ctucniijnnctin
717 5421 920 5484 tantum
965 5405 1320 5484 desideratur.
1369 5401 1425 5454 In
1470 5400 1624 5484 Bent.
1656 5418 1667 5453 :
1705 5401 1841 5465 Quid

267 5490 446 5555 quibus
465 5476 536 5539 'de
574 5487 698 5538 caelo
726 5480 1076 5555 quotidianum
1112 5476 1165 5555 in
1196 5488 1363 5555 eremo
1394 5481 1541 5555 polus
1569 5487 1594 5523 e
1619 5487 1841 5539 saxoque

267 5542 355 5627 per
401 5558 591 5629 lignum
642 5542 816 5606 amara
868 5550 1033 5603 dulcis
1073 5544 1435 5629 eﬂectanuw
1481 5542 1841 5629 ligituiithI‘u-

267 5611 361 5686 iis.
391 5611 491 5683 etc.
526 5627 579 5680 In
606 5626 724 5678 Vat.
762 5641 775 5675 :
805 5641 830 5675 e
864 5636 1011 5683 saxo,
1033 5620 1119 5686 qui
1141 5633 1228 5684 per
1252 5611 1445 5683 lignum
1470 5628 1646 5686 antarii
1676 5611 1839 5686 dulcis

268 5680 468 5763 (IIem-ii,-
490 5713 601 5761 (μηδ’
627 5696 817 5762 lignum
845 5680 1012 5763 crucis
1031 5680 1444 5763 aiitai'itudiiteiit,
1469 5692 1571 5763 etc.
1599 5680 1836 5763 Tandem

265 5751 623 5827 codcx'b'usil.
666 5751 842 5818 "Vatic.
878 5760 1071 5828 :Quitl,
1118 5758 1295 5829 quibus
1334 5757 1396 5813 de
1428 5754 1554 5809 cwlo
1583 5751 1837 5828 qnqtidiu~

2026 4551 2105 4623 (9)
2134 4542 2262 4607 M'ss.
2314 4553 2501 4619 Pomp.
2554 4561 2608 4606 et
2653 4550 2785 4623 Zen.
2822 4568 2911 4622 per
2937 4551 3220 4605 Jordanem
3248 4545 3459 4606 securus
3485 4554 3561 4606 ad
3592 4542 3595 4543 ν

1954 4622 2129 4677 Horeb
2159 4627 2369 4677 accessit
2398 4624 2487 4693 (lu
2508 4637 2609 4676 ms.
2644 4622 2799 4693 Rem.
2833 4623 3139 4690 praepositio
3170 4639 3261 4688 per
3286 4624 3464 4693 deest.
3496 4623 3557 4678 et
3634 4626 3641 4633 ”

1954 4696 2022 4749 ad
2054 4693 2221 4748 Horeli
2253 4691 2452 4762 pariter
2481 4691 2725 4762 legitur),
2752 4694 2847 4747 sed
2889 4693 3065 4759 male;
3108 4707 3230 4746 nam
3270 4692 3341 4747 ab
3372 4693 3559 4749 ﬂoreb

1953 4767 2018 4819 ad
2064 4765 2350 4820 Jordancm
2396 4766 2553 4817 Israel
2587 4762 2855 4831 profectus
2900 4770 3002 4825 est,
3037 4772 3093 4814 ut
3132 4778 3196 4816 ex
3246 4764 3422 4817 sacris
3461 4763 3558 4818 lit-
3650 4782 3653 4787 λ

1955 4839 2083 4890 teris
2113 4844 2343 4890 constat.
2387 4833 2485 4887 Ms.
2521 4833 2638 4887 Vat.
2668 4833 2736 4886 ad
2764 4831 2960 4888 Choreb

1955 4905 2150 4960 Chareb
2167 4915 2219 4959 et
2250 4905 2296 4958 Η
2304 4906 2420 4961 oreb
2441 4904 2689 4959 eumdem
2711 4913 2944 4959 montem
2963 4904 3289 4972 signiﬁcant,
3312 4904 3556 4960 cuidem-

1954 4992 2058 5045 qne
2087 4985 2211 5030 sunt
2255 4990 2414 5031 voces
2453 4976 2564 5028 sola
2614 4974 2979 5043 adspiratione
3025 4973 3277 5045 diversae.
3310 4974 3368 5027 In
3410 4976 3549 5030 edit.

1958 5044 2088 5102 Ven.
2116 5055 2434 5100 accesserunt
2466 5061 2560 5112 pro
2585 5047 2819 5108 accessit,
2852 5046 2974 5100 cum
3000 5046 3067 5097 ad
3089 5044 3226 5114 ﬁlios
3252 5044 3425 5099 Israel
3457 5061 3553 5101 re-

1952 5117 2233 5172 ferendum
2274 5117 2564 5187 rideretur.
2590 5120 2657 5169 At
2701 5122 3053 5187 praetequmn
3082 5115 3225 5185 quod
3248 5117 3418 5187 securi
3445 5132 3553 5187 pro

1949 5204 2157 5241 securus
2185 5185 2526 5246 scribendum
2553 5200 2763 5256 quoque
2796 5186 3006 5251 fuisset,
3038 5190 3249 5241 accessit
3270 5187 3342 5251 ad
3370 5185 3552 5242 Israel
3634 5193 3646 5202 ‘

1950 5258 2233 5312 commode
2263 5257 2513 5312 refertur.

2020 5328 2139 5399 (tu)
2168 5328 2262 5381 Ms.
2289 5328 2505 5396 Pomp.,
2522 5324 2621 5380 Dei
2645 5328 2918 5383 collocatio
2945 5344 3041 5398 pro
3067 5327 3164 5399 Dei
3182 5327 3441 5399 colloquia
3456 5338 3551 5384 :et

1952 5398 2086 5451 infra
2114 5398 2373 5452 evaserant
2396 5410 2492 5469 pro
2514 5411 2785 5453 evaserunt
2820 5401 2871 5454 in
2913 5414 3043 5454 mss.
3068 5398 3309 5465 Tolent.,
3341 5398 3544 5455 Urbin.

1950 5480 2109 5538 atque
2145 5470 2312 5524 Vatic.
2348 5470 2556 5538 legitur.

2021 5540 2222 5595 Tascr.
2258 5538 2611 5612 XXIll.-—(l)
2641 5539 2967 5611 Suhjicimus
2991 5540 3109 5595 heic
3129 5538 3326 5612 alios_4
3351 5549 3547 5604 tract..

1951 5610 2077 5664 licet
2123 5611 2396 5665 breviores
2428 5653 2442 5679 ,
2487 5610 2684 5681 quippe
2733 5610 2823 5682 qui
2863 5613 2928 5666 ad
2977 5612 3222 5666 eumdem
3258 5610 3416 5666 Isaia:
3466 5612 3553 5667 lu.

1949 5697 2068 5751 cum
2102 5681 2424 5745 referuntur,
2456 5683 2523 5736 de
2554 5698 2662 5751 quo
2706 5681 2759 5735 in
2800 5683 3064 5751 superiuri
3098 5690 3324 5735 tractatu
3353 5698 3553 5737 seruio

1948 5750 2079 5807 fuit:
2109 5752 2267 5821 Audi,
2298 5752 2499 5821 malum,
2544 5750 2589 5807 ct
2614 5754 2824 5809 auribus
2856 5750 3077 5824 percipe,
3104 5763 3261 5820 terra,
3291 5763 3403 5808 etc.
3438 5752 3553 5809 lla-

2992 4848 3088 4902 pro
3113 4833 3175 4886 ab
3207 4831 3424 4898 Iloreb;
3453 4834 3554 4889 sed
