3818 6220
173 247 277 302 ΠἿ
1068 245 1262 300 LIBER
1309 244 1368 297 ll.
1416 243 1764 297 MlllthlTll

1876 244 1902 295 ι
1945 243 2193 298 ῚῚῐΜὶΤ.
2238 243 2378 298 xxx
2428 237 2511 298 ΕΤ
2551 240 2701 307 suo.
3030 288 3032 292 ,
3369 200 3472 296 ιέι

175 380 323 435 pons
351 363 608 417 diabolus
640 362 928 417 videretur.
956 361 1054 428 Qui
1087 362 1313 413 consilio
1355 359 1625 412 hominem
1674 359 1767 409 de—
1801 368 1844 420 Λ
1878 361 1976 413 sibi
2019 371 2292 430 ltitl'utt‘ltl,
2341 363 2534 432 quibus
2579 377 2674 431 pro
2721 371 3022 432 temporum
3069 358 3472 427 opportunitate

170 466 410 526 ceperat,
439 459 670 512 consilio
712 457 962 521 .vincitur,
1000 465 1056 508 ttt
1093 455 1368 524 quomodo
1419 454 1579 504 homo
1613 454 1688 522 (ὃ)
1727 451 1776 505 in

175 552 430 621 paradiso
459 568 565 604 non
592 546 1234 619 cognoveratdiabtilum,
1269 547 1346 599 sic
1372 554 1426 599 ct
1452 544 1699 599 diabolus
1723 543 1774 599 in

173 646 374 700 suculo
401 661 510 700 non
546 644 705 700 facile
732 649 1087 714 cognosceret
1112 640 1410 696 Christum.

758 735 957 790 Desunt
989 724 1219 805 reliqua.

690 875 851 947 23s
884 861 1260 930 Aniionmo

592 1010 642 1050 IN
669 1009 980 1052 τιιΑοτΑτυε
1010 1007 1330 1057 εερυειιτεε.

243 1107 459 1175 Reliqui
475 1118 601 1162 sunt
624 1109 863 1163 nonnulli
881 1108 1069 1163 breves
1082 1116 1362 1172 tractatus,
1380 1106 1468 1176 qui
1483 1106 1584 1160 etsi
1605 1104 1772 1159 variis

175 1201 342 1258 titulis
369 1213 776 1272 praenotantur,
810 1217 1001 1257 omnes
1033 1211 1210 1256 tamen
1241 1202 1308 1256 ad
1351 1201 1489 1255 idem
1519 1200 1771 1271 paschale
1799 1267 1804 1272 ἡ

177 1303 388 1362 tempus
422 1295 720 1363 pertinent.
761 1303 816 1349 et
842 1294 1178 1364 baptismatis
1207 1308 1306 1364 per
1353 1292 1518 1348 hocce
1559 1302 1772 1360 tempus

173 1384 489 1440 conferendi
544 1387 624 1439 vel
653 1386 832 1440 collati
879 1387 1204 1440 mentionem
1236 1384 1348 1439 fere
1376 1386 1679 1446 continent,
1702 1399 1782 1437 ex

174 1466 466 1548 qtioetiam
493 1479 653 1532 simul
683 1493 875 1533 omnes
897 1475 1221 1531 adfer-nudos
1243 1475 1594 1530 credidimus.
1615 1474 1768 1540 Quod

174 1572 216 1626 si
238 1572 326 1640 qni
362 1580 629 1625 tractatus
657 1573 907 1641 superius
944 1571 1200 1639 descripti
1229 1570 1293 1623 ad
1323 1571 1511 1623 eadem
1546 1570 1772 1638 pascha-

176 1663 241 1718 lia
269 1662 453 1718 oflicia
498 1660 752 1733 spectare
793 1663 1061 1728 videntur,
1104 1649 1225 1717 cum
1269 1662 1321 1716 in
1355 1662 1465 1715 illis
1496 1661 1670 1730 aliqua
1704 1660 1768 1714 ad

1886 463 2201 516 uterentur,
2277 454 2477 507 notavit
2540 453 2690 509 Plato
2767 456 2816 507 in
2881 453 3219 507 Menexeino.
3282 450 3474 504 Cicero

1883 548 2040 616 epist.
2093 546 2127 600 '5
2157 587 2173 611 ,
2228 546 2318 600 lib.
2365 561 2450 599 xvi
2505 545 2570 600 ad
2614 547 2846 600 Atticum
2897 551 3165 600 memorat
3219 541 3470 596 volumen

1829 659 1832 663 '
1882 642 2289 712 prooemiorum,
2334 655 2396 694 ex
2436 655 2541 710 quo
2589 640 2789 710 eligere
2833 639 3063 704 solebat,
3091 653 3210 694 cum
3257 633 3472 706 aliquod

1883 735 2201 813 σύγγραμμα
2260 734 2585 793 institueret.
2650 734 2780 788 Vide
2827 733 2991 790 etiam
3064 733 3156 787 lib.
3210 749 3260 787 is
3315 730 3468 785 Fam.

1879 845 1966 902 cp.
2001 830 2053 898 8,
2087 830 2151 884 ad
2181 829 2411 884 Pu-tum.
2445 828 2603 882 Plura
2634 842 2697 880 ex
2734 826 2816 898 bis
2851 840 3078 880 numero
3105 827 3343 895 quinque
3372 838 3462 878 su-

1879 939 1972 995 pra
2012 923 2296 993 sexaginta
2336 915 2630 991 suppetunl
2675 920 2816 974 inter
2850 905 3226 973 Demosthenis
3264 931 3427 988 opera
3451 959 3466 980 ,

1875 1026 1993 1089 qtue
2032 1018 2348 1074 brevissima
2392 1028 2548 1077 sunt;
2594 1026 2648 1071 et
2684 1015 2768 1070 bis
2797 1030 2920 1070 cum
2965 1023 3236 1068 oratorem
3275 1027 3464 1081 nsum,

1876 1124 2035 1184 prout
2080 1115 2293 1168 occasio
2337 1111 2622 1176 incideret,
2681 1109 3064 1164 animadvertit
3111 1106 3470 1177 Hieronymus

1877 1207 2106 1262 Wolfius
2166 1205 2231 1261 ad
2302 1206 2580 1260 Lectorem
2651 1218 2769 1273 pag.
2842 1203 2964 1258 150.
3035 1198 3255 1268 Quidni
3295 1197 3470 1252 simile

1873 1299 2145 1369 quidpiam
2179 1299 2237 1355 S.
2287 1298 2434 1351 Zeno
2483 1296 2781 1350 rhetorices
2808 1303 2858 1350 et
2885 1291 3137 1347 oratoria:
3167 1289 3468 1360 disciplina:

1875 1391 2041 1461 239
2077 1388 2506 1443 studiosissimus
2561 1387 2751 1440 fecisse
2809 1384 2958 1439 credi
3025 1389 3235 1465 potest,
3307 1390 3358 1432 ιιι
3413 1379 3463 1433 ἰιι

1876 1481 2149 1551 paschalia
2178 1479 2314 1533 festa
2345 1481 2527 1548 plures
2554 1476 2816 1546 ejusmodi
2862 1473 3206 1544 praefationes
3236 1470 3461 1541 pararit,

1876 1574 2110 1643 quibus,
2148 1583 2309 1640 prout
2362 1586 2448 1626 res
2501 1570 2885 1640 negotiumque
2932 1568 3250 1636 postularet,
3287 1573 3464 1616 utere-

1882 1670 2001 1722 tur?
2050 1667 2197 1720 Hanc
2225 1666 2471 1719 lortassis
2502 1665 2554 1718 itt
2593 1661 2916 1717 sententiam
2949 1657 3289 1728 Prwfationes
3332 1668 3466 1735 tton-

180 1772 369 1812 recens
413 1758 716 1826 baptizatos
751 1755 1258 1820 habeaturoratio;
1295 1769 1396 1808 nou
1450 1764 1627 1807 tamen
1675 1769 1769 1807 eos
1802 1747 1848 1806 B
1877 1757 2006 1826 nntli
2038 1759 2303 1826 ejusmodi
2350 1765 2607 1811 tractatus
2641 1757 2690 1808 itt
2739 1751 3122 1821 manuscriptis
3169 1755 3464 1813 vocantur;

175 1846 276 1901 buc
305 1847 566 1902 duximus
600 1846 1034 1912 transferendos,
1075 1863 1194 1899 cum
1229 1846 1308 1898 vel
1343 1845 1616 1914 longiores
1664 1848 1773 1902 sint

176 1939 371 2006 multo,
396 1948 452 1994 et
481 1939 552 1994 de
583 1940 900 2008 baptismate
929 1954 1034 1993 nou
1065 1940 1168 1993 nisi
1199 1938 1375 1992 obiter
1393 1923 1771 2000 nictninerint,

175 2031 260 2086 vel
289 2045 319 2084 a
347 2032 576 2102 proprio
621 2032 782 2085 titulo
811 2046 901 2086 ex.
930 2047 1012 2100 gr.
1057 2032 1109 2084 in
1140 2030 1333 2085 Isaiam
1356 2073 1370 2095 ,
1419 2032 1518 2084 sub
1545 2046 1656 2102 quo
1686 2032 1774 2086 alii
1801 2023 1804 2026 ’

178 2133 438 2179 tractatus
468 2141 576 2179 non
603 2123 885 2194 paschales
909 2125 1197 2188 habentur,
1227 2126 1367 2179 haud
1391 2124 1777 2194 disjungendos

178 2217 498 2288 putarimus.
526 2217 852 2287 Brevitatem
880 2220 1275 2287 istorum,quos
1303 2217 1640 2287 subiicimus,
1663 2220 1775 2287 pri-

179 2326 263 2366 mo
291 2311 582 2366 miraberis
604 2310 859 2375 fcrtasse,
895 2311 1109 2376 Lector,
1143 2321 1252 2364 tum
1283 2327 1410 2364 vero
1436 2314 1598 2365 etiam
1626 2312 1779 2364 sitni-

180 2403 461 2458 Iitudinetn
489 2403 870 2458 nonnullorum
897 2422 910 2458 :
961 2421 1078 2472 qua:
1103 2403 1221 2456 dua:
1250 2403 1595 2456 difﬁcultates
1619 2417 1779 2471 quos—

178 2497 299 2552 dam
331 2499 404 2552 ita
420 2506 733 2562 moverunt,
758 2505 818 2552 ut
844 2496 928 2551 vel
951 2513 1016 2552 ex
1040 2498 1404 2567 hocquidnam
1436 2497 1530 2561 illi,
1551 2507 1604 2552 et
1625 2497 1781 2565 cujus

108 2576 112 2578 ’
180 2592 415 2644 auctoris
459 2591 591 2655 sint,
633 2593 976 2660 ignorantes,
1020 2591 1088 2646 de
1138 2589 1780 2646 universis'Zenonianis

182 2683 521 2751 tractatibus,
568 2683 760 2754 quibus
794 2683 872 2738 illi
921 2686 1344 2753 perinisCentnr,
1394 2685 1803 2755 ambigendum

181 2780 538 2834 crediderint.
582 2783 646 2834 At
693 2779 791 2834 bos
837 2779 1160 2850 praesertim,
1198 2781 1242 2836 si
1286 2783 1567 2850 quisquam
1618 2781 1773 2847 alius,

181 2870 698 2945 Zenonem'cerltyn
732 2884 1012 2928 auctorem
1048 2873 1267 2938 habere,
1298 2890 1362 2929 ex
1402 2875 1780 2943 antiquissimo

180 2962 437 3018 Remensi
497 2965 691 3021 codice
761 2965 1061 3027 luculenter
1118 2967 1403 3021 statuimus
1453 2967 1672 3021 dissert.
1726 2984 1776 3034 ι,

179 3068 295 3123 cap.
327 3057 381 3109 5.
417 3056 585 3110 Iidem
637 3071 764 3109 vero
793 3058 862 3111 ita
909 3058 1093 3112 multis
1140 3069 1192 3112 et
1235 3058 1567 3125 antiquitatis
1614 3059 1776 3112 etiam

181 3146 440 3214 profanae,
475 3155 532 3201 et
549 3161 824 3202 sacrorum
850 3150 1072 3223 rituum,
1093 3160 1145 3204 et
1174 3154 1440 3204 variorum
1465 3151 1772 3220 dogmatnm

181 3238 518 3292 testimoniis
569 3239 882 3310 plerumque
916 3241 1096 3296 referti
1155 3243 1311 3307 sunt,
1355 3252 1412 3296 ut
1465 3243 1647 3305 nullis,
1694 3245 1796 3297 vel.

180 3332 360 3398 paucis
419 3347 485 3384 ex
541 3332 855 3386 tractatibus
907 3333 1276 3403 longioribus,
1329 3337 1420 3405 qui
1447 3336 1584 3404 apud
1641 3336 1774 3390 alios

179 3439 391 3493 quoque
434 3425 625 3479 Patres
654 3429 930 3495 teguntur,
966 3428 1288 3496 concedant,
1322 3408 1772 3496 quemadmodum

181 3533 242 3572 ex
274 3519 389 3589 ipsa
444 3519 675 3574 lectione
725 3534 787 3574 ac
838 3521 1095 3586 subjectis
1126 3520 1565 3575 adnotationibus
1599 3521 1771 3591 palam

184 3609 290 3662 ﬁet.
324 3611 650 3665 Brevitatem
681 3595 840 3678 porro
866 3621 972 3664 tres
994 3613 1397 3667 observationes
1421 3611 1554 3667 satis
1579 3628 1774 3683 purga;

181 3700 332 3758 bunt.
367 3701 420 3756 In
453 3703 643 3774 primis
675 3704 945 3772 paschalia
979 3701 1267 3769 olllcia,'atl
1300 3721 1422 3776 quae
1444 3706 1478 3760 ii
1509 3688 1775 3763 tracmtud

181 3803 448 3862 spectant,
480 3796 774 3865 longiorem
807 3790 1123 3851 sermonem
1147 3813 1252 3851 non
1283 3798 1684 3872 permittebant,
1717 3809 1774 3853 ut

182 3886 322 3942 Zeno
352 3890 467 3958 ip'se
487 3889 693 3942 monuit
721 3897 875 3942 tract.
906 3885 977 3942 28
1008 3907 1018 3936 :
1051 3889 1349 3955 Memorato:
1362 3892 1519 3944 vincte
1537 3891 1773 3962 disputa-

185 3979 272 4041 tio,
303 3981 500 4049 inquit,
533 3983 719 4049 fratres
761 3980 1100 4045 dilectissimi,
1130 3983 1278 4051 longe
1319 3981 1516 4052 later/ue
1555 3982 1772 4049 (li/fusos

182 4071 364 4124 limites
393 4071 566 4136 habet,
605 4087 732 4139 quos
773 4087 1040 4141 peragrare
1078 4059 1382 4146 competenti
1414 4091 1641 4128 sermone
1686 4092 1772 4127 ur-

183 4163 403 4230 gentium
430 4176 870 4218 sacramentorum
894 4181 993 4219 non
1017 4167 1136 4230 sinit
1157 4168 1377 4239 pondus.
1414 4167 1770 4224 Verumtamen

191 4270 249 4308 ne
278 4255 329 4309 in
356 4268 463 4312 toto
493 4258 792 4313 solemnitas
815 4271 992 4326 cesset,
1024 4263 1203 4328 paucis
1230 4265 1338 4334 ejus
1379 4264 1642 4330 degustato
1667 4278 1775 4335 ser-

190 4365 386 4404 monem
417 4367 436 4405 :
460 4360 513 4406 ct
548 4353 795 4406 similiter
843 4361 1051 4407 tractat.
1084 4353 1148 4410 56
1188 4364 1238 4408 ct
1265 4354 1335 4408 58
1370 4373 1381 4407 :
1415 4355 1638 4426 Tempus
1669 4372 1769 4409 non

183 4444 330 4506 sinit,
373 4448 599 4513 fratres,
645 4444 854 4517 imagini
899 4445 1109 4525 reddere
1153 4447 1430 4518 ueritatem,
1485 4447 1685 4502 Deinde
1717 4446 1768 4500 lii

185 4537 397 4603 proprie
432 4544 695 4589 tractatus
729 4536 956 4590 habendi
990 4552 1094 4589 non
1128 4541 1271 4600 sunt,
1299 4531 1389 4592 sed
1409 4541 1653 4609 quanlam
1677 4555 1765 4594 ve-

183 4625 271 4678 luti
316 4626 710 4682 Eizclesiasticie
743 4627 1116 4696 przefationes,
1164 4645 1260 4684 seu
1304 4630 1660 4685 allocutiones
1700 4630 1764 4686 ad

184 4720 568 4789 baptizandos,
602 4722 685 4775 vel
720 4722 1026 4793 NeOpbytos
1068 4723 1259 4778 habitat
1287 4723 1305 4796 (
1332 4741 1436 4777 non
1486 4725 1614 4778 nulli
1644 4726 1766 4793 qui—

180 4813 298 4865 dem
333 4816 466 4882 ipsis
507 4815 563 4872 in
603 4815 879 4870 codicibus
909 4813 1268 4886 Prwfaliones,
1300 4831 1394 4870 seu
1428 4815 1766 4872 lnvilationes

182 4906 637 4976 inscribuntur)et
659 4918 927 4977 tamquam
951 4908 1220 4964 solemnes
1238 4908 1480 4977 quiedatn
1495 4907 1758 4974 formnlte,

180 4998 366 5062 quales
399 4999 562 5052 hodie
593 5001 1008 5062 intersolemnia
1038 5018 1188 5072 sacra
1219 5007 1287 5061 ab
1312 5005 1578 5074 episconis
1607 5005 1763 5058 adbi-

183 5089 366 5142 bt‘ndu:
417 5092 467 5142 in
506 5089 805 5145 Petitilicali
846 5097 931 5148 vel
981 5093 1178 5150 Rituali
1217 5105 1488 5150 notantur.
1518 5095 1671 5152 Unde
1700 5113 1766 5152 ex

181 5179 503 5236 Zemnianis
559 5183 741 5250 plures
793 5187 1123 5241 transierunt
1169 5191 1220 5246 in
1259 5198 1435 5244 certas
1483 5189 1761 5262 formulas,
1801 5186 1803 5189 ’

180 5287 308 5338 quas
337 5290 365 5327 a
415 5274 617 5328 nostris
650 5274 990 5330 Antistitibus
1031 5281 1185 5333 statis
1217 5281 1532 5348 quibusdam
1577 5283 1766 5337 diebus

185 5377 465 5434 usurpatas
514 5381 580 5420 ex
637 5370 1000 5436 manuscripto
1041 5368 1293 5426 Retnensi
1348 5375 1398 5427 in
1449 5375 1765 5445 praefatione

182 5454 479 5512 docuimus.
515 5458 752 5512 Tandem
782 5460 990 5528 magnis
1025 5463 1328 5517 oratoribus
1365 5466 1492 5519 illud
1536 5470 1586 5520 in
1615 5482 1764 5524 more

182 5546 379 5608 fuisse.
407 5558 463 5603 ut
499 5550 648 5618 plura
702 5551 985 5619 prooemia,
1034 5553 1146 5606 sive
1188 5555 1409 5610 exordia
1456 5561 1759 5616 orationum

1877 1856 1947 1907 uti
1978 1863 2030 1906 ct
2071 1853 2108 1907 S
2173 1851 2365 1910 Petrus
2394 1848 2764 1922 Clirysulogns
2790 1860 3096 1901 sermonem
3127 1859 3195 1898 χι,
3219 1841 3284 1895 de
3334 1840 3463 1893 bona

1877 1945 2097 1999 Pastore
2128 1945 2343 2012 llLipSO
2376 1942 2638 1997 orationis
2675 1954 2835 1994 cursu
2878 1941 3231 2009 prwfationem
3270 1941 3462 1996 vocat,

1874 2050 1926 2093 et
1953 2039 2202 2092 similiter
2227 2037 2461 2107 appellat
2487 2049 2792 2113 sermonem
2818 2045 3040 2086 Lxxxvu
3069 2045 3134 2083 eo
3164 2041 3322 2082 sensu
3343 2068 3357 2089 ,
3409 2031 3467 2099 ut

1879 2135 2230 2206 prtefationem
2270 2148 2367 2202 pro
2389 2132 2618 2186 exordio
2649 2129 2851 2182 dixisse
2878 2127 3142 2180 videatur.
3175 2120 3462 2177 Exordiutn

1877 2245 2005 2284 sane
2034 2231 2174 2284 inter
2198 2239 2427 2282 caeteros
2441 2240 2562 2280 esse
2585 2223 2951 2278 Zenonianum
2977 2228 3134 2272 tract.
3167 2218 3254 2280 '77,
3291 2215 3379 2267 lib.
3405 2229 3460 2274 ιι,

1879 2323 2158 2378 evidenter
2186 2319 2384 2375 ibidem
2427 2317 2764 2372 ostendimus
2795 2313 2980 2367 adnot.
3012 2313 3065 2365 1.
3109 2308 3214 2364 Sed
3252 2309 3319 2361 de
3348 2305 3467 2360 bre-

1880 2419 2064 2478 vitate,
2089 2430 2246 2484 quam
2282 2414 2331 2466 in
2356 2411 2560 2479 aliquot
2589 2408 2711 2462 aliis
2733 2406 2959 2460 aliorum
2990 2404 3204 2457 Patrum
3229 2397 3467 2454 tractati-

1879 2510 1997 2571 bus,
2034 2523 2128 2560 ex.
2176 2521 2262 2575 gr.
2292 2504 2435 2558 Petri
2471 2500 2790 2573 Cbi‘ysologi
2814 2539 2828 2564 ,
2860 2496 2918 2552 S.
2951 2495 3170 2562 Leonis,
3210 2504 3315 2549 etc.
3365 2491 3455 2547 des

1884 2603 2221 2681 prehendere
2269 2613 2374 2652 non
2419 2597 2572 2650 valde
2614 2591 2935 2647 absimiliter
2987 2591 3146 2650 licet".
3205 2586 3463 2641 hactenus

1880 2697 2036 2749 satis.
2075 2693 2379 2748 Similitndo
2408 2701 2608 2752 autem,
2656 2702 2777 2757 qua:
2800 2688 2941 2741 inter
2974 2682 3264 2739 nonnullos
3293 2681 3464 2736 inter-

1881 2788 2061 2848 cedit,
2104 2788 2240 2840 adeo
2281 2796 2338 2839 ut
2377 2783 2594 2838 easdem
2640 2778 2937 2836 sententias
2964 2819 2979 2840 ,
3033 2778 3196 2831 immo
3246 2773 3466 2828 totidem

1881 2879 2205 2949 quandoque
2252 2878 2412 2932 verba
2455 2876 2600 2937 duo,
2649 2874 2734 2927 vel
2769 2883 2877 2926 tres
2907 2879 3166 2924 ttat-tatus
3206 2884 3268 2923 ett
3304 2865 3469 2933 subji-

1881 2970 2091 3025 ciendis
2122 2968 2380 3030 referant,
2408 2971 2449 3020 si
2481 2964 2785 3037 quempiam
2817 2970 3054 3027 moveat,
3077 2961 3128 3014 id
3154 2965 3470 3028 argumento

1882 3077 2003 3118 esse
2033 3061 2228 3126 debet,
2261 3060 2318 3116 S.
2353 3058 2626 3113 Zenonem
2674 3056 2857 3125 plures
2889 3055 3047 3108 unius
3097 3050 3356 3109 tractatus
3388 3050 3466 3104 vel

1881 3155 2230 3211 allocutionis
2275 3149 2536 3207 formulas
2560 3142 2882 3218 scripsisse,
2929 3148 3014 3200 vel
3065 3147 3202 3216 quod
3257 3146 3424 3215 prima
3452 3184 3467 3210 ,

1879 3259 1970 3302 aut
1996 3249 2157 3303 etiam
2189 3246 2432 3308 secunda,
2455 3261 2560 3299 non
2601 3241 2972 3306 satisfaceret,
3005 3241 3085 3292 vel
3110 3236 3249 3308 qttod
3278 3235 3466 3290 eadem

1879 3357 2043 3412 super
2070 3357 2131 3411 re
2163 3340 2320 3393 annis
2351 3337 2586 3406 singulis
2613 3336 2983 3405 disputaturos
3013 3330 3200 3385 iisdem
3233 3327 3385 3383 festis
3416 3337 3470 3382 et

1879 3433 2200 3488 lectionibus
2239 3429 2647 3487 recurrentibus
2664 3429 2726 3482 de
2755 3425 2960 3491 Exodo,
2993 3427 3054 3477 de
3092 3420 3324 3482 Daniele.
3357 3428 3464 3474 etc.

1877 3530 1926 3599 (a
1953 3530 2152 3598 quibus
2192 3545 2257 3583 ex
2310 3525 2695 3582 Ecelesiastica
2735 3522 3022 3591 disciplina
3046 3564 3058 3584 ,
3088 3534 3207 3589 qua:
3239 3535 3330 3572 cas
3360 3517 3464 3571 lec-

1879 3622 2051 3674 tiones
2075 3622 2125 3673 in
2160 3620 2432 3689 baptismi,
2460 3617 2914 3689 etc.,symbolnm
2943 3615 3265 3676 instituerat,
3290 3609 3462 3664 uisce-

1875 3713 2002 3768 dcrc
2019 3691 2696 3786 bandquaqiram‘licebat),
2721 3711 2908 3766 eadem
2931 3709 3109 3765 dicere
3136 3722 3196 3763 cx
3222 3717 3462 3774 tempore

1877 3792 1956 3862 vel
1998 3808 2159 3862 etiam
2189 3808 2429 3862 scribere
2467 3819 2791 3878 cegcrelnr,
2843 3807 3113 3875 aliquibus
3143 3803 3337 3858 additis
3376 3803 3458 3855 vel

1877 3903 2113 3965 mutatis,
2137 3911 2191 3955 ttt
2216 3917 2282 3956 ne
2309 3901 2498 3955 eadem
2523 3891 2743 3955 omnino
2768 3911 3161 3970 repeterentur.
3188 3898 3460 3954 Atldemtls

1875 3995 2035 4047 etiam
2060 3993 2365 4068 Sparaverii
2394 3985 2918 4048 animadversionem
2952 4009 3015 4047 ex
3055 3990 3460 4047 adnotationed

1875 4088 1926 4140 in
1959 4097 2115 4140 tract.
2141 4087 2210 4140 ‘26
2236 4104 2248 4138 :
2271 4086 2589 4161 Totims'ista
2633 4070 2918 4159 repetit-put
2946 4085 3101 4139 videri
3125 4086 3308 4153 possit,
3333 4085 3460 4136 tanti

1875 4180 2063 4248 ingenii
2092 4181 2254 4232 virum
2285 4189 2701 4249 argumentorum
2737 4179 2950 4250 penuria
2979 4177 3257 4231 laborasse.
3291 4178 3355 4230 At
3383 4176 3461 4228 vir

1875 4274 2108 4326 doctrina
2129 4282 2176 4325 et
2200 4277 2382 4340 pietate
2409 4272 2626 4344 insignis
2649 4272 2941 4343 pt'wutnlttil
2968 4271 3356 4324 mstimationem
3370 4261 3460 4321 'sni

1875 4366 2142 4426 vilescere,
2172 4379 2324 4433 quam
2369 4364 2420 4415 in
2464 4362 2693 4416 Ecclesia
2743 4378 2912 4416 semen
2945 4362 3209 4421 verborum
3248 4375 3458 4414 suorum

1875 4456 2218 4528 supprimere.
2273 4455 2391 4509 Non
2440 4457 2663 4525 quotidie
2700 4456 2798 4507 ista
2835 4455 3195 4525 exprometmt,
3241 4437 3335 4507 sed.
3370 4462 3458 4505 aut

1874 4544 2173 4619 quotannis,
2220 4559 2306 4602 aut
2331 4550 2476 4602 stl'tis
2499 4550 2620 4602 anni
2653 4547 2988 4613 temporibus,
3019 4557 3109 4600 aut
3140 4548 3315 4616 forsan
3336 4549 3455 4599 lon-

1870 4642 2132 4713 gioribus,
2181 4653 2231 4695 ut
2260 4642 2585 4696 audientibus
2631 4658 2732 4694 non
2765 4645 2940 4712 futura
2986 4641 3138 4710 fuerit
3169 4641 3372 4714 ingrata
3399 4656 3457 4692 ea

1871 4737 2123 4808 repetitio,
2158 4739 2304 4808 cujus
2322 4738 2432 4807 jam
2461 4715 2589 4789 alios
2622 4741 2772 4804 facta:
2799 4751 2896 4789 non
2922 4743 3160 4804 pote-rant
3187 4743 3275 4786 aut
3305 4734 3454 4795 scire,

1868 4841 1956 4884 aut
1988 4821 2282 4883 meminisse
2309 4845 2328 4883 :
2355 4846 2453 4898 qua
2503 4829 2695 4898 ﬁducia
2740 4837 2933 4899 tempus
2961 4828 3014 4879 in
3063 4824 3455 4896 fructuosiorcm

1870 4923 1969 4976 Dei
1995 4922 2189 4975 cultum
2217 4923 2637 4992 impendentium,
2676 4938 2918 4974 nouorum
2936 4910 3347 4991 argumentorum
3377 4919 3455 4970 in-

1869 5015 2093 5068 ventioni
2118 5025 2267 5084 atque
2294 5015 2560 5085 exquisitis
2587 5011 2847 5067 verborum
2874 5013 3175 5076 lenociniis,
3211 5026 3451 5083 quorum,

1868 5107 1910 5160 si
1935 5122 2061 5178 apus
2092 5109 2245 5175 foret,
2276 5121 2376 5158 non
2408 5106 2648 5177 indignus
2701 5117 2806 5158 erat
2829 5153 2841 5168 ,
2878 5104 3187 5158 subtraxisse
3215 5100 3456 5171 credibile

1851 5209 1963 5268 Vest.
1992 5197 2259 5251 Prazterea
2283 5197 2423 5264 apud
2451 5199 2508 5252 ὃ.
2543 5196 2775 5251 Leonem
2808 5185 3011 5264 aliquot
3049 5195 3286 5263 reperire
3340 5194 3453 5261 epi-

1875 5290 2044 5344 stolas
2077 5289 2222 5355 lit-et,
2257 5306 2378 5360 qua:
2410 5292 2595 5359 paucis
2627 5291 2824 5343 additis
2849 5290 2928 5344 vel
2961 5279 3176 5343 mutatis
3211 5304 3314 5341 non
3346 5296 3453 5341 tam

1871 5380 2083 5435 e‘asdent
2116 5381 2414 5435 sententias
2440 5423 2453 5443 ,
2485 5383 2578 5436 sed
2609 5383 2796 5436 eadem
2825 5397 3034 5451 quoque
3061 5379 3219 5436 verba
3266 5380 3451 5434 simili-

1872 5480 1958 5540 ter.
1980 5470 2268 5535 referunt,
2310 5488 2407 5526 nec
2451 5488 2554 5526 non
2584 5490 2646 5526 ex
2679 5474 3020 5527 sermonibus
3047 5471 3353 5530 nonnullos.
3385 5488 3450 5527 ex

1869 5564 2061 5635 quibus
2102 5568 2264 5620 multa
2314 5567 2366 5619 in
2397 5567 2650 5636 epistolas
2679 5567 2743 5617 ad
2779 5568 2998 5620 vet-bum
3037 5569 3278 5621 traducta
3309 5567 3454 5621 inve-
3538 5597 3547 5607 κ

249 5663 1410 5753 (ξλῌξειίΚριθειᾷξέφιιιιξνὶημρανᾳάίδιιιη
1437 5711 1452 5736 ,
1487 5688 1603 5742 qua:
1650 5675 1809 5733 lectio
1836 5677 1881 5732 si
1921 5677 2172 5747 germina,
2220 5688 2368 5734 esset
2391 5678 2630 5752 ejusdem
2659 5681 2873 5749 generis
2900 5695 2961 5734 ac
3003 5681 3108 5735 illa:
3141 5682 3210 5737 de
3260 5681 3453 5753 quibus

179 5747 380 5802 agrinus
406 5737 584 5790 adnot.
619 5735 653 5787 5
683 5737 734 5790 in
759 5743 920 5792 tract.
954 5736 1040 5800 15,
1069 5735 1169 5803 lib.
1201 5752 1257 5791 tt.
