3818 6220
101 257 186 310 tsi
1202 253 1407 310 LIBER
1453 253 1511 310 ιι.
1560 228 1981 312 TRACTATUS
2015 254 2280 313 xxxvn.

3273 269 3374 326 48!

101 384 276 424 uca'or
307 371 630 440 praecinctus
654 378 950 442 exspectat,
985 368 1125 438 quod
1157 371 1363 447 unctui,
1394 369 1532 439 quod
1569 381 1678 424 ter-
1708 374 1758 431 Α
1786 370 2013 424 lacteum
2045 371 2295 442 genitalis
2337 371 2497 426 fontis
2524 375 2588 427 ad
2622 373 2832 429 laticem
2874 375 3156 431 convolate
3188 376 3266 448 (2)
3295 379 3380 433 in-

100 464 173 519 sui
194 479 326 535 opus
346 473 450 532 est,
481 465 824 536 prtebiturus,
854 464 947 520 sed
972 473 1027 519 et
1053 464 1132 534 (5)
1163 464 1442 519 denarium
1469 479 1689 518 aureum

101 557 309 627 triplicis
352 560 693 614 numismatis
740 558 936 612 unione
979 557 1267 623 signatum.
1314 555 1556 610 Gaudete
1586 555 1688 609 ita-

102 665 212 719 que.
247 649 303 705 ln
335 650 537 706 lontem
566 650 783 721 quidem
817 647 982 720 248
1011 648 1136 703 nudi
1167 646 1247 721 (6)
1277 647 1685 718 denter-gemini,

100 740 186 795 sed
228 739 306 814 (7)
360 742 594 797 aetherca
640 750 792 795 veste
833 739 1045 804 vestiti,
1089 756 1210 796 mox
1253 739 1522 795 candidati
1563 741 1686 796 inde

104 835 358 902 surgetis;
405 849 565 904 quam
613 833 702 900 qui
747 847 852 887 non
903 832 1188 900 polluerit,
1233 847 1396 903 regna
1441 832 1681 889 cmlestia

105 925 386 995 possidebit
412 944 424 978 :
457 941 552 997 per
579 925 863 987 Dominum
894 924 1076 980 Jesum
1105 925 1400 981 Christum.

537 1058 954 1114 TRACTATUS
986 1058 1231 1116 XXXVI.
1320 1080 1322 1083 ·

477 1172 578 1243 ’(1)
607 1172 851 1227 limitatio
875 1173 945 1226 ad
966 1175 1157 1246 fontem
1188 1174 1294 1230 VII.

170 1291 277 1356 Eia,
296 1289 514 1355 fratres,
534 1306 665 1361 quas
686 1293 856 1348 beata:
878 1293 994 1346 sitis
1017 1303 1302 1364 exoptatus
1320 1295 1480 1348 ardor
1500 1297 1684 1350 incen-

103 1383 202 1449 dit,
249 1397 386 1455 quos
443 1382 681 1437 nectarei
735 1382 918 1438 fluenti
970 1383 1125 1439 dulce
1181 1402 1424 1442 murmur
1472 1388 1682 1454 invitat,

106 1549 346 1620 Pignorio
371 1548 426 1602 in
454 1549 842 1604 commentario
869 1549 936 1604 de
967 1548 1149 1606 Servis
1183 1565 1300 1619 pag.
1337 1551 1406 1604 38
1432 1550 1686 1604 Secundae

105 1622 346 1675 editionis
396 1621 667 1675 Patavine
692 1662 705 1688 ,
738 1633 794 1675 ut
835 1622 1031 1675 exinde
1076 1621 1404 1676 balneatoris
1447 1621 1687 1675 ollicium

106 1694 342 1760 explicet.
369 1690 648 1746 Balneator
677 1702 795 1746 erat
823 1709 1034 1758 servus,
1065 1693 1156 1762 qui
1203 1693 1408 1748 balneis
1436 1704 1687 1760 prteerat,

1795 472 2130 527 cunctanter,
2161 478 2222 516 ac
2241 461 2450 519 fortiter
2478 465 2664 529 bibite,
2711 467 2834 522 dum
2867 468 3014 532 licet,
3047 470 3384 539 superfluen-

1797 557 1863 625 tis
1896 559 2066 611 amnis
2103 558 2259 613 unda:
2289 560 2537 629 subjecti,
2573 571 2684 616 toto
2713 562 2932 632 impetu,
2967 574 3190 634 totaque
3216 564 3386 619 devo-

1794 650 1938 704 tione
1964 651 2128 723 249
2157 666 2332 707 veStra
2357 670 2480 708 vasa
2512 656 2738 724 replete,
2761 665 3047 726 utscmper
3071 657 3222 712 vobis
3252 673 3386 727 aqua

1791 743 2043 809 Sulficiat,
2074 747 2174 799 hoc
2200 756 2322 801 ante
2362 748 2542 801 omnia
2572 749 3147 820 scientes,.quialtanc
3185 765 3284 805 nec
3312 751 3387 804 ef-

1790 835 2015 891 fundere
2045 837 2192 903 licet,
2227 854 2325 894 nec
2357 839 2435 909 (5)
2464 854 2648 895 rursus
2679 839 2914 896 haurire.
3105 833 3108 836 ’

2229 970 2644 1029 TRACTATUS
2685 972 2949 1028 XXXVII.

2142 1090 2220 1162 (1)
2266 1089 2506 1172 Invitatio
2544 1092 2612 1144 ad
2649 1095 2841 1162 fontem
2877 1092 3014 1160 VIII.

1867 1204 1922 1260 ln
1952 1221 2055 1276 qua
2104 1206 2387 1276 perpaucis
2413 1206 2610 1260 additis
2644 1249 2658 1273 ,
2703 1209 3020 1278 quibusdam
3073 1214 3308 1280 mutatis,

2067 1299 2414 1373 continentur
2442 1315 2503 1354 ea
2534 1316 2652 1370 qua:
2683 1302 2734 1354 in
2774 1306 3132 1360 antecedenti.

1868 1389 1988 1455 Eia,
2016 1389 2233 1456 fratres,
2261 1406 2400 1461 quos
2435 1391 2606 1446 beatae
2637 1394 2754 1447 sitis
2791 1404 3076 1464 exaptatus
3113 1400 3274 1454 ardor
3297 1400 3383 1456 in-

1799 1536 2098 1630 frequentia
2131 1550 2816 1630 abrepiscopoliberaliter
2861 1555 3063 1630 datum,
3105 1575 3169 1612 ex
3214 1577 3381 1630 penn-

1799 1623 1877 1696 ria
1899 1632 1968 1696 et
2000 1629 2316 1696 paupertate
2356 1623 2718 1690 ejusdetn,.de
2747 1642 2845 1696 qua
2876 1628 3002 1681 alibi
3032 1631 3181 1690 satis,
3216 1623 3387 1688 incre-

1799 1693 1966 1748 dibile
2007 1695 2166 1770 plane
2201 1692 2302 1757 sit;
2335 1707 2553 1770 sanctus
2583 1692 2776 1770 anteui'
2804 1697 2949 1751 Zeno
2985 1701 3257 1770 allegoriis
3285 1703 3390 1759 frc-

106 1765 420 1836 illnrumque
467 1765 652 1819 usibus
690 1763 1068 1836 deserviebat;
1115 1765 1180 1818 de
1207 1780 1315 1836 quo
1343 1764 1490 1832 plura
1540 1764 1691 1820 Ursi-
1724 1763 1772 1822 B
1798 1781 1970 1834 quens
2005 1765 2251 1829 insistat;
2295 1781 2398 1820 non
2430 1765 2528 1819 nisi
2561 1767 2846 1836 allegorice
2874 1763 3120 1826 denarqu
3143 1773 3241 1826 hoc
3271 1776 3388 1829 loro

105 1851 200 1890 nus
227 1836 276 1888 in
304 1835 619 1904 Appendice
639 1835 704 1890 ad
726 1834 1070 1890 Ciacconium
1096 1836 1162 1890 de
1179 1835 1399 1890 Tricliu.
1421 1851 1540 1905 pag.
1565 1836 1690 1903 159,

106 1906 403 1977 Gronovius
431 1917 561 1960 tom.
596 1924 649 1962 ix
671 1950 684 1967 ,
713 1922 831 1977 pag.
860 1907 990 1967 641.
1024 1907 1322 1962 Salmasius
1363 1909 1414 1961 in
1445 1907 1690 1974 Lampri-

106 1979 173 2032 dii
198 1976 554 2032 Commodum
587 1994 705 2046 cap.
733 1976 798 2045 7,
819 1990 874 2034 et
895 1979 1115 2049 alii,qui
1151 1979 1261 2033 fere
1294 1980 1394 2033 hoc
1417 1979 1556 2032 idem
1589 1979 1684 2033 Ze-

108 2049 252 2104 nonis
289 2050 672 2104 ‘testimonium
727 2051 966 2104 omnium
1018 2049 1375 2105 clarissimum
1430 2053 1684 2104 recitant.

108 2119 248 2176 lIunc
293 2120 544 2176 eumdem
587 2123 748 2176 ritum
795 2121 847 2175 in
890 2122 1093 2175 balneis
1125 2121 1313 2176 iisdem
1357 2120 1468 2176 fere
1509 2122 1690 2175 verbis

108 2202 362 2246 memorat
407 2192 706 2260 Appuleius
748 2193 842 2246 lib.
875 2208 892 2245 ι
922 2192 1277 2260 Metamorpb.
1313 2207 1434 2262 pag.
1464 2191 1554 2258 49,
1588 2194 1686 2246 etsi

107 2263 426 2318 balneatoris
455 2280 651 2319 nomen
684 2266 987 2319 reticescat.
1035 2264 1208 2326 Illico,
1259 2265 1460 2332 inquit,
1485 2267 1689 2317 lavacro

107 2336 265 2406 trado,
295 2336 436 2405 quod
471 2337 668 2398 unctui,
693 2337 829 2403 quod
855 2338 1010 2390 tersui
1036 2337 1141 2406 ipse
1175 2337 1537 2404 pra’ministro,
1571 2352 1686 2387 sor-

109 2399 235 2458 dium
266 2399 524 2460 enormem
552 2399 762 2460 eluviem
787 2423 995 2474 operose
1033 2399 1226 2472 effrico.
1261 2407 1565 2460 ludicantur
1589 2421 1686 2459 au-

108 2488 205 2530 tem
248 2478 566 2532 balneorum
595 2479 869 2539 utensilia,
921 2477 1170 2531 vidi-licet
1196 2477 1426 2545 ampulla
1462 2478 1684 2542 olearia,

107 2560 154 2602 et
183 2550 393 2605 dentata
421 2549 668 2618 strigilis,
701 2564 763 2602 ac
792 2548 1125 2609 linteamina,
1157 2550 1348 2616 quibus
1371 2548 1435 2600 ad
1471 2559 1686 2615 tergen-

107 2620 223 2673 dum
255 2632 480 2676 veteres-
510 2620 818 2674 utebantur.
869 2619 1040 2673 Porro
1082 2620 1181 2674 boc
1214 2622 1263 2672 in
1305 2629 1530 2673 tractatu
1572 2618 1687 2672 bal~

108 2693 334 2746 ueatoris
380 2692 599 2745 nomine
643 2691 1012 2758 metapliorice
1061 2691 1356 2760 Episcopus
1397 2688 1688 2760 significari

107 2764 331 2829 videtur,
374 2763 467 2833 qui
495 2763 645 2817 solus
672 2763 1005 2830 baptizabat;
1055 2759 1300 2830 baptismi
1346 2759 1689 2833 enimlotio-

108 2851 220 2887 netn
249 2836 350 2889 sub
377 2831 554 2891 balnei
591 2835 820 2901 imagine
861 2833 978 2887 lieic
1019 2835 1210 2902 respici
1240 2831 1686 2886 verisimilliinuin

105 2916 200 2960 est.
233 2906 504 2975 Baptisma
528 2905 744 2975 quidem
774 2907 954 2968 unctio
980 2920 1164 2973 sacra,
1184 2910 1337 2970 cujus
1367 2916 1554 2957 auctor
1579 2919 1688 2975 me-

105 2979 271 3044 minit,
312 2973 514 3044 partim
548 2973 799 3045 praeibat,
851 2977 1040 3042 partim
1085 2977 1424 3044 sequebatur.
1461 2973 1688 3027 Prmibat

107 3048 210 3114 illa,
241 3064 343 3118 qua
386 3062 576 3116 pectus
604 3057 660 3102 et
710 3049 850 3101 inter
885 3047 1131 3116 scapulas
1161 3047 1358 3110 Latini,
1392 3045 1564 3100 Grrcci
1594 3061 1690 3097 an-

108 3129 205 3172 tem
238 3131 406 3174 totum
451 3134 649 3188 corpus
699 3119 999 3186 ungebam;
1045 3119 1164 3172 vide
1196 3119 1436 3172 Marteue
1479 3127 1614 3182 part.
1649 3133 1684 3177 I,

110 3192 196 3245 lib.
228 3206 266 3252 ι,
291 3206 414 3262 cap.
454 3191 501 3262 l‘,
528 3199 646 3262 art.
669 3191 752 3250 15.
786 3206 934 3243 num.
971 3190 1057 3243 10.
1091 3190 1427 3262 Sequebatur
1453 3203 1580 3241 vero
1602 3188 1685 3262 gal-

108 3272 234 3325 tera,
266 3253 385 3330 qui:
417 3253 546 3316 ante
580 3261 754 3315 albam
797 3270 1001 3314 vestem
1041 3253 1384 3332 repet'ebatur
1415 3261 1464 3311 in
1496 3260 1721 3326 capitis-

109 3333 340 3397 vertice,
390 3341 588 3402 praeter
634 3333 810 3397 illam,
864 3347 982 3401 qua:
1028 3331 1148 3383 mox
1192 3331 1505 3402 addebatur,
1566 3346 1698 3383 cum.

107 3401 402 3469 baptisatus
448 3404 630 3468 statim
679 3419 833 3456 sacro
879 3404 1172 3456 chrismate
1230 3401 1683 3465 Cottlit'tnabalttr;

111 3475 227 3529 \‘ide
269 3486 520 3529 auCtores
565 3474 706 3543 apud
738 3474 984 3528 eumdem
1032 3473 1274 3527 Martene
1323 3473 1439 3526 loco
1475 3473 1687 3526 laudato

108 3556 199 3599 art.
231 3545 316 3610 15,
353 3562 499 3600 num.
527 3546 561 3599 2
590 3556 644 3600 et
666 3547 752 3598 11.
786 3545 854 3599 At
882 3543 1018 3598 forte
1049 3544 1150 3597 alia
1179 3545 1308 3598 lotio
1339 3543 1560 3612 intelligi
1591 3559 1681 3610 po-

110 3626 227 3679 test,
251 3633 354 3686 qua
379 3616 578 3670 alicubi
611 3627 732 3668 ante
755 3617 1042 3685 baptisma,
1086 3616 1279 3668 alicubi
1304 3630 1431 3668 vero
1462 3615 1658 3686 postila

111 3685 366 3742 vaban’tur
435 3687 878 3757 baptizandorum
924 3702 1018 3740 seu
1065 3686 1460 3756 necphytorum
1503 3685 1685 3752 pedes,

108 3770 156 3811 et
187 3775 588 3829 nonnumquam
621 3767 808 3825 caput,
842 3759 908 3811 de
933 3773 1038 3825 quo
1068 3758 1169 3810 ritu
1198 3757 1455 3829 legendus
1487 3771 1689 3829 inemo:

110 3839 252 3898 ratus
279 3825 468 3885 auctor
495 3825 597 3883 art.
625 3830 712 3893 15,
749 3845 893 3882 num.
928 3830 979 3891 1,
1004 3839 1052 3882 et
1077 3837 1178 3880 art.
1209 3825 1294 3889 15,
1329 3843 1474 3879 num.
1503 3826 1561 3898 8.
1579 3825 1686 3880 Sed

109 3897 376 3966 rum’illa,
419 3917 538 3969 qua:
581 3900 1028 3968 praemittebatur,
1078 3898 1267 3952 diebus
1309 3898 1511 3966 aliquot
1554 3897 1684 3965 bap-

110 3973 301 4025 tismati
346 3971 696 4040 prmcedcret,
730 3983 783 4024 et
821 3969 960 4022 forte
989 3971 1148 4023 etiam
1183 3970 1234 4040 in
1265 3984 1360 4021 usu
1391 3978 1558 4034 esset,
1599 3969 1684 4040 ubi

114 4059 209 4094 non
236 4045 451 4112 vigebat
486 4044 655 4096 altera
701 4052 816 4110 post
849 4041 1144 4109 baptisma;
1180 4039 1297 4112 lteic
1334 4052 1514 4112 autem
1546 4039 1685 4112 apud

109 4109 378 4170 Zenonem
418 4129 602 4168 sermo
627 4109 786 4166 sit'de
821 4111 1039 4173 Iotione,
1084 4126 1202 4178 qua:
1242 4111 1283 4163 si
1313 4109 1522 4163 diversa
1562 4111 1628 4164 sit
1659 4125 1686 4162 a

113 4186 450 4252 baptismate,
481 4184 672 4238 eodem
706 4193 881 4236 tamen
912 4182 999 4236 die
1027 4181 1430 4249 perﬁciebatur;
1459 4181 1568 4248 jam
1599 4181 1685 4234 illa

112 4251 288 4320 procul
338 4256 504 4310 dubio
540 4254 755 4308 videtur
792 4253 895 4307 hoc
935 4254 1053 4306 loco
1084 4251 1327 4316 indicari,
1379 4267 1535 4319 quam
1573 4262 1690 4320 post

113 4328 365 4396 baptisma
401 4335 528 4381 ante
570 4327 737 4381 vestis
775 4326 920 4378 albat‘
955 4323 1292 4396 traditionem
1330 4323 1397 4375 ab
1437 4321 1689 4396 episcopo

111 4394 362 4452 succincta
390 4409 676 4467 peractam
707 4396 907 4467 diserte
939 4394 1099 4448 tradit
1127 4405 1311 4467 auctor
1340 4394 1590 4467 antiquus
1623 4394 1686 4446 li-

110 4469 321 4523 broruin
355 4464 420 4520 de
460 4466 822 4522 Sacramentis
855 4468 994 4520 inter
1024 4465 1290 4519 Ambrosii
1322 4479 1484 4533 opera
1526 4464 1564 4516 l.
1602 4481 1684 4524 ttt,

111 4555 154 4590 c.
187 4541 208 4593 1
244 4559 256 4592 :
285 4538 616 4594 Adscendisti
644 4539 706 4591 de
736 4541 893 4608 fonte,
926 4537 1050 4605 quid
1086 4546 1414 4608 secutuingest
1567 4555 1597 4607 ει

112 4613 320 4674 cinctus,
351 4613 577 4677 inquam,
596 4605 825 4662 summus
843 4609 1080 4660 sacerdos
1101 4607 1248 4677 pedes
1272 4605 1358 4658 tibi
1385 4605 1538 4669 lavit;
1561 4605 1681 4659 cum

110 4683 298 4749 quibus
347 4681 584 4736 concinit
642 4681 956 4734 Ambrosius
1004 4679 1056 4749 in
1111 4677 1249 4730 libro
1290 4677 1368 4749 de
1401 4677 1686 4749 illysteriis

110 4747 155 4804 ὁ.
200 4752 253 4805 6.
298 4753 450 4818 Quod
481 4753 524 4806 si
560 4751 702 4805 hunc
732 4766 934 4803 morem
959 4768 986 4800 a
1010 4747 1255 4801 Romana
1289 4747 1524 4801 Ecclesia
1556 4749 1685 4800 alie-

113 4838 228 4874 num
273 4825 389 4890 ipse
427 4830 618 4876 auctor
645 4821 1101 4877 desacramcntis
1145 4827 1408 4882 testatur,
1455 4819 1505 4871 id
1553 4818 1685 4872 nihil

111 4894 384 4959 prohibet,
445 4895 736 4960 quominus
759 4891 984 4945 Verona:
1014 4907 1042 4942 a
1071 4890 1285 4943 Zenone
1309 4890 1552 4956 usurpari
1588 4906 1686 4956 po-

112 4965 299 5026 tuerit;
343 4972 399 5018 et
438 4964 580 5016 hunc
608 4964 823 5031 quidem
852 4961 1098 5015 eumdem
1145 4962 1302 5013 ritum
1341 4961 1459 5012 alize
1491 4971 1686 5027 printer

111 5033 557 5088 Mediolanensem
597 5043 794 5086 secuta:
824 5042 949 5085 sunt
987 5031 1269 5094 Ecclesia},
1304 5039 1360 5083 ut
1389 5046 1450 5084 ex
1487 5031 1682 5091 Missali

111 5103 336 5157 Gothico
361 5116 411 5157 et
441 5103 720 5157 Gallicana
749 5103 917 5157 veteri
950 5104 1287 5156 manifestum
1320 5109 1421 5160 est,
1458 5101 1542 5154 ubi
1593 5116 1687 5154 ex-

111 5182 248 5296 stba'nt
293 5172 541 5228 formula:
581 5173 852 5238 dicendas,
907 5188 1028 5227 cum
1079 5177 1468 5244 ueOpbytoi-um
1526 5171 1686 5240 pedes

111 5258 136 5295 τι
197 5253 412 5296 nuntur.
480 5249 515 5264 ν
800 5292 804 5295 .

111 5249 412 5298 abluuntur.
480 5249 515 5264 ν

178 5292 563 5393 ibi-Benlmjus
603 5292 815 5390 generis
865 5321 1077 5393 denario
1123 5323 1281 5376 multa
1335 5321 1724 5389 disseruimus,

112 5392 449 5448 adnotatione
485 5392 578 5456 21,
625 5393 676 5444 in
709 5397 863 5443 tract.
903 5392 989 5453 14,
1023 5393 1057 5444 Ι.
1092 5408 1130 5456 ι,
1182 5395 1268 5446 ubi
1303 5409 1484 5445 verum
1519 5394 1686 5446 dena-

115 5466 331 5534 riumgin
353 5463 672 5532 baptismate
696 5461 944 5534 traditum
977 5477 1081 5534 u_on
1112 5464 1536 5531 improbabiliter
1561 5478 1688 5517 con-

111 5530 340 5600 jeciuius
363 5530 436 5589 es
472 5534 594 5586 aliis
636 5530 1334 5602 testimoniisZeuonianis,
1385 5549 1502 5602 quae
1537 5549 1688 5587 eum-

115 5599 230 5658 den.
278 5606 580 5666 denarium,
622 5617 718 5656 seu
757 5599 1067 5667 stipendium
1116 5599 1528 5669 appellanti—At
1571 5605 1688 5657 lteic

117 5677 306 5730 denarii
331 5676 473 5729 aurei
518 5671 723 5727 tnt'nlit)
766 5671 1210 5740 pcrlttrbat.Cttm
1235 5675 1375 5726 cnim
1407 5675 1684 5726 denarium

118 5762 332 5805 aureum
379 5746 604 5818 singulis
657 5739 932 5814 baptizatis
990 5739 1042 5795 in
1097 5749 1243 5797 tanta
1297 5745 1686 5813 baptizatortun

1799 1836 2176 1914 intelligendus
2208 1845 2450 1914 apparet.
2482 1843 2539 1889 ut
2564 1838 2653 1891 illa
2685 1841 3148 1914 pariterindicant
3168 1845 3384 1914 tripliris

1794 1908 2114 1961 uumismatis
2159 1909 2346 1960 unione
2382 1908 2638 1978 signatum
2663 1950 2675 1972 ,
2718 1912 2950 1979 qu;e.de
2999 1929 3126 1967 vero
3161 1908 3385 1972 dein-rio

1793 1995 1959 2052 aureo
1988 1979 2137 2052 baud
2172 1980 2340 2052 accipi
2382 1994 2540 2052 posse
2571 1981 2840 2036 videntur.
2885 1982 3070 2052 Itaque
3105 1986 3389 2044 euchariso

1794 2050 1920 2103 tiam
1947 2051 2036 2104 alii
2069 2050 2296 2104 fortasse
2324 2049 2643 2122 intelligent,
2673 2068 2832 2122 quam
2861 2055 2912 2106 in
2934 2049 3154 2122 formam
3183 2063 3382 2115 munmi

1792 2122 2042 2198 traditam
2090 2132 2352 2198 memorat
2399 2121 2651 2175 Ernulfus
2686 2121 2951 2198 ltofl‘eusis
2998 2127 3280 2198 episcopus-
3329 2135 3380 2188 in

1792 2192 2018 2264 epistola
2059 2192 2124 2245 ad
2172 2192 2513 2264 Lainbcrtum
2547 2203 2679 2247 tom.
2710 2210 2765 2248 ut
2796 2192 3065 2264 Spicilegii
3095 2192 3383 2257 Acl'ieriaui

1793 2277 1919 2339 pag._-
2092 2263 2397 2339 novissima:
2418 2263 2695 2339 editionis,
2729 2281 2822 2320 seu
2841 2263 2906 2319 iu
2931 2263 3134 2321 modum
3163 2270 3384 2339 denarii,

1793 2340 1849 2411 ut
1874 2335 1946 2386 ait
1979 2333 2420 2411 lionoriuslibat
2447 2334 2514 2389 de
2541 2334 2764 2411 _Ge_m_ma
2811 2340 3018 2392 Animae
3052 2356 3171 2411 cap.
3199 2343 3288 2407 66,
3331 2333 3389 2400 et

1792 2403 2039 2458 fortassis
2069 2413 2180 2458 tres
2223 2404 2451 2458 circulos
2489 2407 2712 2475 triplicis
2758 2411 3098 2465 numisutatis
3121 2403 3383 2472 unionem

1793 2475 2088 2554 referentes
2129 2476 2450 2554 eucltaristia
2493 2478 2806 2554 exhibebat.
2851 2480 2959 2534 Sed
2990 2495 3179 2548 praeter
3223 2501 3380 2554 quam

1791 2547 1931 2620 quod
1959 2552 2072 2601 haec
2100 2548 2366 2620 sequioris
2397 2549 2572 2620 tntilto
2595 2550 2769 2603 mtatis
2794 2558 2918 2605 sunt
2964 2547 3290 2620 testimonia,
3319 2559 3378 2614 S.

1792 2617 1937 2672 Zeno
1985 2627 2138 2672 tract.
2186 2616 2276 2682 14,
2329 2618 2526 2671 denarii
2557 2618 2628 2672 ita
2673 2623 2937 2687 meminit,
2985 2631 3041 2676 ut
3081 2626 3148 2677 ab
3186 2616 3383 2683 eucltao

1793 2690 1976 2743 ristico
2015 2704 2155 2760 pane
2181 2689 2490 2742 illumsatis
2531 2691 2852 2760 distinguat;
2899 2695 3020 2748 vide
3055 2696 3250 2752 ibidem
3288 2701 3382 2753 ad-

1794 2761 2002 2838 not.__l_8
2028 2770 2081 2814 et
2106 2759 2190 2820 19.
2223 2761 2410 2814 Melius
2441 2760 2661 2838 forsitan
2696 2759 3010 2838 intelligitur
3029 2770 3225 2836 gratia,
3258 2787 3377 2838 quin

1792 2831 1988 2899 triplici
2063 2842 2399 2884 sacramento
2441 2833 2812 2902 baptismatis,
2863 2831 3287 2894 catilirniatituds
3329 2852 3384 2897 et

1793 2902 2131 2956 eucharistiar
2185 2903 2338 2955 simul
2385 2901 2582 2961 collato
2630 2905 2817 2958 eodem
2867 2907 2955 2961 die
3008 2910 3381 2968 liberalissime

1793 2970 2190 3052 conferebatur.
2230 2973 2334 3026 Sed
2379 2974 2635 3052 quidquid
2681 2977 2748 3052 de
2787 2983 3020 3052 mystica
3053 2982 3379 3052 interpreta-

1794 3045 1938 3118 tione
1988 3046 2293 3118 intelligas,
2337 3044 2527 3118 adhuc
2563 3047 2816 3102 denarius
2848 3044 3054 3118 aliquis
3107 3044 3211 3105 una‘
3258 3071 3380 3110 cum

1794 3115 2112 3184 baptismate
2160 3116 2385 3168 traditus
2429 3116 2531 3170 diei
2567 3129 2762 3185 potest,
2810 3115 2922 3185 qui
2948 3115 3126 3176 iamen
3168 3139 3231 3178 ex
3264 3128 3382 3180 solo

1793 3190 2019 3257 mystico
2064 3201 2224 3239 sensu
2263 3203 2450 3238 aureus
2487 3198 2537 3242 et
2575 3190 2794 3257 triplicis
2836 3193 3159 3248 numismatis
3195 3198 3383 3251 unione

1789 3259 2020 3329 signatus
2079 3258 2255 3310 fuerit.
2309 3257 2434 3311 lla-c
2497 3273 2590 3333 per
2646 3275 2850 3314 meram
2911 3265 3378 3333 conjecmlionem,

1791 3344 1946 3398 quam
1978 3343 2297 3395 proponere,
2323 3343 2426 3381 mm
2460 3329 2729 3384 affirmare
2753 3329 3101 3389 intendimus.
3135 3337 3239 3392 Alii
3266 3329 3381 3394 me;

1792 3399 1922 3473 liora
1950 3400 2279 3473 excogitcut,
2307 3411 2358 3473 et
2386 3401 2429 3452 si
2464 3403 2587 3464 quid
2611 3402 2942 3471 probabilius
2961 3405 3217 3473 afferant,
3265 3426 3381 3464 am-

1792 3470 1963 3524 babus
1998 3470 2139 3522 ulnis
2169 3471 2520 3537 excipieuius.

1865 3541 1941 3610 (6)
1971 3542 2064 3594 Ms.
2097 3540 2250 3594 Rem.
2275 3541 2607 3612 demergetis;
2642 3545 2820 3599 caeteri
2846 3561 2964 3598 cum
2998 3547 3156 3602 editis
3185 3551 3380 3605 demer-

1790 3613 1946 3682 gitis;
1987 3620 2272 3684 utrumque
2317 3628 2617 3684 perperam,
2659 3624 2817 3684 atque
2858 3617 3138 3684 legendum
3179 3623 3379 3676 demer-

1790 3684 2130 3756 ρειιιὶηὲριμιί
2176 3683 2319 3736 enim
2364 3701 2456 3756 per
2492 3683 3239 3756 immersioncmbaptizabat
3280 3695 3378 3748 ali~

1791 3769 1970 3822 quem,
2022 3754 2389 3824 isiimmergere
2415 3755 2790 3819 baptizandum
2824 3754 3052 3824 dicitur,
3085 3761 3171 3814 hic
3195 3775 3373 3819 autem

1791 3825 2032 3902 rlemergi.
2057 3822 2113 3902 ΔΝ
2122 3825 2250 3877 udos
2277 3822 2442 3902 ροητο
2473 3825 2657 3887 fuisse,
2681 3829 2767 3894 qui
2787 3822 3052 3902 baptisma
3077 3837 3375 3902 suscepturi

1793 3895 2250 3966 immergebantur
2277 3899 2328 3948 in
2364 3895 2585 3960 fontem,
2616 3899 2979 3966 pervulgatum
3010 3911 3112 3954 est.

1863 3964 2356 4043 (7‘).lnnocentia~.et
2382 3968 2562 4034 gratim.
2591 3964 2943 4043 vestem—lteic
2973 3971 3193 4026 indicari
3225 3985 3371 4043 patet

1791 4053 1856 4092 ex
1913 4039 1993 4089 bis
2030 4053 2148 4105 qua;
2188 4051 2504 4105 sequuntur,
2539 4055 2688 4106 quam
2715 4041 2800 4106 qui
2828 4058 2927 4093 non
2958 4039 3238 4109 polluerit;
3266 4060 3371 4101 etc.

1793 4120 1848 4161 ut
1880 4123 1945 4160 ne
1987 4117 2163 4161 tamen
2198 4109 2514 4162 excludatur
2551 4111 2668 4162 alba
2712 4112 2898 4175 vestis,
2932 4127 3049 4180 qum
3095 4117 3377 4180 baptizatis

1794 4180 2062 4248 imposita,
2105 4179 2422 4232 innocentia:
2460 4190 2513 4231 et
2535 4181 2722 4248 gratia:
2754 4179 3039 4249 imaginem
3082 4179 3376 4244 referebat,

1793 4249 2088 4318 Utrumque
2141 4250 2391 4302 nimirum
2443 4249 2590 4305 Zeno
2641 4262 2887 4319 spectare
2930 4254 3086 4307 simul
3143 4258 3280 4313 Solet
3324 4269 3379 4314 ct

1793 4337 1905 4375 rem
1934 4331 1987 4374 et
2018 4320 2300 4388 mysticqu
2332 4321 2405 4374 rei
2447 4336 2686 4383 sensum,
2733 4332 2790 4375 ut
2829 4323 3075 4392 qumdam
3118 4344 3221 4382 una
3266 4331 3379 4384 elo-

1792 4401 2004 4460 quatur,
2034 4407 2159 4463 qua;
2186 4400 2295 4445 tum
2334 4393 2432 4458 rei,
2476 4402 2584 4446 tum
2629 4395 2868 4463 mystica:
2901 4395 3154 4463 locutioni
3182 4416 3379 4454 conve-

1795 4464 1975 4543 niunt“;
2010 4461 2251 4543 qua-dam
2287 4478 2440 4543 vero,
2472 4479 2590 4531 qua:
2620 4461 2723 4543 non
2759 4465 2859 4519 nisi
2881 4465 2959 4543 'ad
2989 4461 3266 4537 mysticam
3297 4473 3374 4526 rei

1567 4553 1686 4607 suc-
1712 4528 1766 4586 D
1790 4528 2230 4609 significa—tionem
2270 4528 2502 4609 referre'
2524 4537 2720 4602 possis,
2769 4536 2910 4604 quod
2959 4540 3010 4590 in
3043 4528 3124 4593 liis
3147 4555 3378 4609 prmser-

1791 4604 1883 4657 tim
1911 4603 2226 4658 tractatibus
2266 4603 2517 4672 frequens
2542 4617 2642 4658 est.

1862 4675 2066 4751 Inscr.
2093 4673 2502 4751 XXXVl.-_-—(l)
2528 4677 2602 4751 De
2625 4677 2724 4732 liae
2751 4679 3096 4748 inscriptione
3127 4680 3245 4736 vide
3260 4699 3378 4751 qua:

1791 4746 2270 4800 animadvertimus
2291 4747 2488 4819 adnot,
2520 4749 2539 4801 1
2568 4749 2617 4801 in
2648 4746 2932 4817 tractatum
2963 4746 3372 4819 prarcedentem.

1793 4819 1923 4871 Iluic
1945 4832 2157 4885 quoque
2187 4817 2508 4892 tractatuiin
2549 4835 2662 4892 ius.
2686 4817 2974 4875 Remensis‘
2993 4824 3230 4892 margine
3260 4826 3374 4877 ltzuc

1789 4899 2130 4955 apponuntur
2164 4907 2176 4942 :
2206 4886 2486 4942 Recitanda
2519 4891 2688 4959 pueris
2725 4901 2843 4945 ante
2873 4886 3182 4960 baptisma'a
3209 4895 3376 4962 'porui-

1790 4962 1906 5024 ﬁcv.
3198 5016 3202 5022 .

1865 5028 1941 5098 (at)
1958 5029 2013 5082 In
2028 5030 2184 5083 editis
2197 5038 2251 5083 et
2271 5029 2466 5098 aliquot
2494 5046 2651 5096 mss.,
2678 5031 2937 5093 convolate
2961 5050 2979 5086 :
3005 5044 3050 5085 et
3074 5034 3375 5089 incunctan-

1793 5111 1886 5153 ter.
1912 5106 1976 5152 At
2016 5101 2103 5152 alii
2133 5099 2344 5153 codices
2378 5099 2704 5169 conjunctim
2733 5104 2971 5156 scribunt
3003 5108 3264 5159 convolate
3293 5108 3374 5159 iu-

1769 5176 2087 5223 cunctanter
2115 5169 2230 5222 sine
2258 5171 2632 5238 conjunctione
2661 5182 2730 5236 et,
2755 5187 2916 5241 quam
2955 5172 3205 5228 libentius
3239 5179 3374 5231 inse-

1795 5244 2231 5314 ruissemusante
2254 5254 2410 5314 mices
2427 5241 2548 5292 dum
2577 5243 2711 5314 licet,
2737 5244 2820 5296 vel
2839 5253 2960 5314 ante
2988 5247 3370 5314 superﬂuentis,

1797 5311 1842 5366 si
1874 5311 1961 5379 qui
1985 5309 2197 5363 codices
2227 5309 2534 5378 suffragium
2569 5312 2835 5366 tulissent.
2947 5312 2953 5325 '

1844 5391 1947 5462 .(5)
1970 5389 2120 5462 Quod
2146 5391 2262 5462 lteic
2283 5399 2334 5462 et
2362 5391 2416 5442 in
2447 5393 2793 5460 sequentibus
2822 5394 3068 5459 traditur,
3096 5416 3195 5453 non
3223 5403 3376 5454 licere

1801 5460 2137 5533 baptismatis
2168 5460 2335 5533 fontis
2353 5477 2543 5529 aquam
2587 5477 2793 5533 rursum
2835 5467 3079 5530 haurire,
3123 5473 3254 5524 satis
3297 5474 3378 5526 iu-

1793 5543 1904 5586 nuu
1943 5531 2264 5603 catholicum
2306 5531 2517 5600 dogma,
2569 5531 2820 5588 nimirmn
2868 5537 3125 5603 baptisma
3181 5544 3373 5596 iterum

1795 5619 1898 5656 ιιυιι
1934 5615 2088 5669 posse
2116 5602 2346 5654 conferri
2371 5617 2385 5664 ;
2414 5603 2552 5670 quod
2585 5606 2757 5670 ipsum
2787 5607 2876 5661 alii
2907 5602 3093 5661 Patet-5
3118 5612 3237 5664 aliis
3271 5613 3380 5665 for-

1794 5673 1950 5727 mulis
1975 5670 2262 5742 tradidere.
2301 5673 2354 5723 In
2390 5673 2493 5726 line
2525 5670 2693 5728 codex
2742 5676 2927 5742 Pomp.
2956 5680 3099 5732 addit
3136 5681 3311 5735 Ann-ir.

1865 5743 2061 5797 'l'nac'r.
2095 5740 2355 5799 XXXVII.
2384 5774 2447 5782 ——
2478 5745 2553 5814 (ι)
2596 5745 2720 5800 Mss.
2771 5740 2969 5817 duplic.
3024 5752 3104 5804 tit.
3153 5753 3374 5811 ferunt:
