3818 6220
341 217 446 272 487

1704 206 1923 266 SANCT
1931 207 1950 262 ι
1985 202 2272 260 ZENUNIS

3520 217 3634 272 £83

337 349 528 403 magna
563 334 733 403 pictas
763 331 956 403 judicis
992 331 1162 385 nostri
1244 345 1276 384 a
1311 345 1418 399 quo
1446 330 1679 384 universi
1707 327 1920 398 generis
1949 347 2000 401 Α
2025 334 2152 377 eunt
2176 365 2191 389 ,
2247 337 2352 377 non
2385 322 2650 389 adimunt,
2680 326 2774 381 sed
2805 326 2886 399 (3)
2932 327 3250 392 includunt;
3277 343 3394 398 qua:
3431 347 3581 386 reum
3612 376 3630 396 ,

335 427 502 501 254
531 438 858 498 peccatores,
889 433 945 478 ut
974 425 1178 493 possint
1207 423 1361 494 beate
1391 427 1594 510 vivere,
1636 423 1715 494 (5)
1749 420 1922 490 puniri

340 521 631 583 festinant;
663 515 941 572 descendit
983 515 1184 585 quippe
1231 515 1443 586 gladius
1476 517 1593 584 pius
1637 517 1686 569 in
1717 516 1919 566 viscera

341 611 654 682 peccatoris,
682 617 735 662 et
764 621 869 661 uno
896 606 1197 677 eodemque
1227 608 1356 674 ictu,
1401 607 1654 662 ineulumi
1680 605 1922 675 corporis

341 712 589 756 manente
612 699 858 763 materia,
907 697 1163 752 interficit
1189 699 1461 753 hominem
1490 707 1751 760 veterem,
1777 703 1926 750 creat

340 805 557 853 novum,
588 797 643 843 et
681 789 817 842 sacri
861 788 1086 859 gurgitis
1117 789 1388 845 elemento
1434 791 1646 858 sepelit.
1696 789 1763 843 Et
1803 802 1920 841 cum

336 886 575 941 omnium
605 897 865 952 aquarum
891 890 1080 936 natura
1109 883 1179 935 sit
1226 883 1365 948 talis,
1398 891 1457 936 ut
1485 897 1606 937 cum
1635 882 1686 936 in
1710 879 1926 950 profun-

336 975 462 1031 dum
494 974 744 1029 homines
774 972 856 1045 (6)
890 972 1194 1043 susceperit
1218 974 1391 1040 vivos,
1419 981 1632 1027 evomat
1661 979 1921 1034 mortuos;

335 1087 471 1143 aqua
503 1079 686 1125 nostra
729 1068 959 1140 suscipit
990 1075 1252 1134 mortuos,
1305 1076 1360 1124 ct
1400 1067 1603 1122 evomit
1647 1067 1814 1128 vivos,
1858 1079 1924 1126 ex

343 1163 664 1218 animalibus
695 1177 853 1217 veros
895 1161 1141 1216 homines
1190 1159 1385 1228 factos,
1428 1177 1489 1215 ex
1524 1159 1828 1213 hominibus
1874 1157 1924 1210 in

333 1258 555 1327 angelos
605 1255 946 1318 transituros.
993 1257 1040 1310 si
1085 1249 1368 1323 provectus
1411 1255 1582 1309 attatis
1624 1267 1809 1308 corum
1848 1249 1928 1323 (7)

334 1350 613 1405 infantiattt
646 1364 756 1404 non
788 1349 1104 1433 mutaverit._

545 1548 550 1553 .
755 1456 925 1558 '255
949 1483 1362 1540 raacrsrus
1388 1454 1501 1536 ιιι.

584 1591 664 1675 (ι’)
693 1603 776 1657 Ad
804 1601 1102 1674 Neapltytos
1131 1613 1242 1672 post
1279 1601 1528 1672 baptisma
1557 1594 1649 1664 ΠΙ,

2024 415 2235 483 qualem
2263 414 2602 481 invenerint,
2634 417 2792 472 talem
2822 433 3036 488 quoque
3077 419 3386 483 dimittunt;
3415 436 3533 488 qua:
3569 424 3633 476 in

2025 505 2140 573 pari
2171 518 2330 558 causa
2362 504 2464 573 ipsi
2494 510 2793 573 prmstatori
2828 499 2960 563 nihil
2992 508 3253 579 prodesse
3276 523 3522 579 possunt.
3555 515 3639 567 At

2024 613 2157 653 vero
2197 608 2399 652 nostra:
2439 602 2733 654 acervatim
2762 602 3077 668 absolvunt,
3111 604 3371 673 quidquid
3401 604 3637 660 invene-

2025 696 2165 758 rint,
2195 707 2295 748 nec
2336 693 2536 762 aliquid
2567 694 2649 766 (4)
2687 697 2954 753 subsecivi
3003 714 3122 755 esse
3166 702 3440 768 patiuntur
3472 718 3486 754 :
3530 700 3638 757 sed

2028 795 2303 854 pectorum
2333 786 2580 854 aperiunt
2622 799 2812 843 cuncta
2843 793 3135 859 penetralia
3157 833 3173 857 ,
3197 792 3484 862 diligenter
3507 796 3634 849 uni-

2028 890 2181 956 versa
2211 876 2434 930 crimina
2463 876 2740 944 expellunt
2761 895 2863 942 ,ρο
2898 897 3086 937 rursus
3135 882 3419 954 diligenter
3445 886 3641 940 occlu-

2028 967 2162 1022 dunt
2191 1010 2205 1032 ,
2240 981 2308 1021 ne
2345 966 2471 1036 quid
2510 967 2602 1022 illo
2632 970 2715 1024 vel
2746 972 2994 1026 frivolum
3021 1014 3036 1038 ,
3067 974 3192 1030 inde
3220 974 3364 1044 quod
3388 977 3640 1031 excludi-

2032 1072 2136 1124 tur,
2169 1068 2489 1114 revertatur.
2537 1060 2666 1114 Mira
2717 1064 2895 1131 ratio,
2942 1066 3074 1120 mira
3127 1069 3430 1123 beatitudo!
3467 1069 3641 1125 Salvo

2029 1169 2124 1209 reo
2151 1155 2367 1224 punitur
2400 1163 2579 1208 reatus
2611 1155 2662 1209 in
2694 1156 2774 1226 (5)
2802 1173 2917 1224 reu,
2947 1161 3264 1233 integreque
3291 1175 3431 1219 statu
3461 1167 3642 1221 mori-

2040 1258 2126 1302 tur
2151 1249 2202 1302 in
2231 1247 2481 1327 homine,
2516 1260 2735 1318 prapter
2754 1253 2896 1319 quod
2927 1255 3089 1309 homo
3119 1257 3292 1312 fuerat
3313 1260 3639 1315 moriturus.

2031 1339 2160 1395 lude
2181 1330 2295 1407 est,
2327 1341 2493 1412 256
2540 1342 2683 1409 quod
2728 1354 2908 1398 nostra
2957 1361 3063 1400 non
3113 1349 3273 1404 habet
3327 1353 3640 1406 necessaria

2032 1441 2300 1488 tormenta
2352 1432 2433 1504 (6)
2479 1433 2786 1499 confessio;
2815 1419 2975 1504 quod
3007 1437 3124 1493 sine
3170 1441 3372 1497 sudore
3415 1444 3645 1497 tortoris

2032 1524 2269 1580 facinora
2297 1539 2391 1579 sua
2435 1538 2628 1594 sponte
2663 1541 2793 1582 reus
2815 1568 2829 1590 ,
2863 1536 2921 1582 ut
2960 1530 3052 1583 fiat
3082 1531 3373 1600 innocens,
3411 1537 3648 1592 confite-

2033 1625 2136 1670 tur.
2174 1617 2410 1673 Pretiosa
2444 1617 2908 1688 indulgentia-e51,
2942 1621 3166 1684 fratres,
3199 1639 3320 1693 qua:
3342 1636 3405 1682 et.
3421 1629 3646 1682 veniam

409 1701 754 1774 Exsultemus
777 1759 791 1781 ,
821 1716 1044 1780 fratres,
1077 1718 1128 1770 in
1159 1714 1374 1770 Christo
1404 1731 1416 1766 :
1452 1709 1929 1780 triumphatorique
1960 1725 2006 1785 Β
2035 1716 2255 1778 ρτιεειθι
2298 1720 2355 1763 et
2407 1701 2750 1764 medicinam.
2774 1707 3042 1778 Caeterum
3064 1713 3349 1783 quiparcit
3372 1717 3643 1782 venefico,

338 1821 602 1880 perpetuo
667 1809 880 1880 hymnis
912 1851 926 1875 ,
979 1808 1201 1879 citharis
1236 1849 1251 1873 ,
1309 1803 1575 1877 tympanis
1616 1844 1630 1867 ,
1711 1800 1932 1858 canticis

334 1903 564 1974 gratiam
603 1903 924 1966 referamus,
957 1901 1048 1971 qni
1106 1900 1260 1954 nobis
1297 1897 1556 1967 promiss’a
1603 1905 1931 1966 perpetuans

337 1999 420 2065 pia
454 1994 531 2065 (2)
555 1997 832 2050 sanctione
862 1992 941 2065 (ut
965 1990 1132 2062 aiunt)
1159 1992 1338 2047 claves
1367 2004 1494 2045 vere
1529 1987 1720 2043 aureas
1749 1987 1927 2042 misit:
1958 2048 1964 2053 ,

334 2097 389 2141 et
413 2085 628 2156 quidem
672 2102 776 2140 non
819 2086 932 2139 illas
954 2126 968 2149 ,
992 2099 1111 2154 qua:
1152 2083 1386 2152 maligno
1420 2079 1677 2135 beneficio
1705 2080 1927 2134 crimina

339 2179 648 2248 excipiunt,
698 2194 814 2248 qua:
859 2175 1068 2247 corpori
1117 2187 1375 2246 parcunt,
1429 2174 1659 2228 animam
1699 2172 1932 2228 liberare

342 2286 449 2324 non
471 2281 693 2340 possunt
716 2285 874 2342 aqua:
889 2279 1128 2339 peccata,
1152 2282 1273 2322 cum
1297 2265 1687 2321 dissimulando
1710 2272 1930 2333 praeter—

339 2437 480 2487 rent.
509 2426 602 2482 sed
630 2436 683 2479 ut
706 2425 979 2493 antiquam
1011 2423 1174 2477 vitam
1205 2421 1542 2493 inscrutiniis
1573 2419 1930 2490 exponentes,

337 2505 636 2568 quwrerent,
662 2496 786 2566 quid
817 2497 1090 2554 deserere.
1133 2492 1260 2562 quid
1292 2494 1463 2568 sequi,
1506 2500 1562 2568 et
1592 2507 1758 2568 quam
1807 2494 1932 2547 vitae

338 2561 597 2623 rationem
625 2561 924 2622 instituere
962 2561 1262 2634 oporteret,
1313 2561 1382 2618 uti
1404 2561 1769 2617 Christianum
1801 2580 1930 2620 vere

337 2641 608 2694 hominem
659 2639 960 2693 induerent.
1013 2635 1136 2702 Ejus
1180 2637 1314 2689 ritus
1361 2635 1674 2688 meminisse
1719 2635 1931 2690 videtur

336 2727 534 2780 suppar
563 2707 767 2765 tenoni
810 2718 998 2762 auctor
1038 2707 1097 2780 S_.
1139 2706 1800 2780 Ambrosiusplilnvriu
1827 2707 1929 2760 Lu-

336 2775 453 2835 cani
481 2798 600 2850 cap.
644 2785 678 2838 5
698 2824 710 2847 ,
742 2795 862 2836 cum
889 2780 962 2833 ait
996 2798 1009 2831 :
1062 2775 1129 2831 In
1168 2779 1418 2848 baptismo
1441 2778 1598 2845 igitur
1612 2777 1930 2850 justi/icatur
1957 2801 1967 2809 ~

337 2852 474 2906 Deus
493 2895 507 2914 ,
531 2849 584 2906 in
607 2869 707 2921 quo
728 2861 800 2905 est
842 2850 1094 2918 confessio
1125 2859 1171 2902 et
1209 2850 1354 2902 venia
1386 2859 1751 2917 peccatorum;
1791 2859 1844 2904 et
1868 2849 1926 2904 S.

336 2925 629 2992 Gregorius
675 2922 1044 2977 Nazianzenus
1093 2935 1345 2974 sermone
1390 2922 1443 2974 in
1494 2930 1738 2992 sanctum
1783 2921 1932 2975 lava-

336 2991 507 3058 crum,
542 3009 664 3049 cum
689 2992 1064 3059 baptizandutn
1089 2993 1391 3059 alloquens,
1417 3008 1478 3044 ne
1505 2991 1819 3062 dedigneris,
1852 2995 1926 3044 in-

336 3068 492 3133 quit,
534 3077 678 3120 tuum
719 3067 933 3137 prodere
958 3075 1257 3137 peccatum,
1284 3079 1406 3137 curn
1428 3065 1558 3116 scias
1599 3065 1932 3137 quemadmo-

336 3139 458 3190 dum
486 3134 729 3190 Joannes
749 3134 1033 3205 baptizabat
1055 3176 1068 3195 ,
1113 3145 1164 3186 ut
1188 3135 1504 3200 confessione
1524 3134 1762 3204 praesenti
1793 3139 1935 3204 futu-
1967 3187 1990 3199 ,

337 3225 451 3261 ram
479 3212 688 3262 euadere
719 3209 877 3272 possis
907 3248 920 3271 ,
943 3206 1136 3275 quibus
1163 3205 1341 3260 verbis
1365 3221 1498 3258 nova
1530 3206 1822 3259 conhtendi
1850 3221 1929 3259 ra-

340 3251 1935 3348 ἱἶῖρῖἷρἱῖξιῖιέὲῗέἷιςὶῦἷίὶξἧῖιίῖἷέῑιέὶῖζἶπεῖιιὶζἹῆξῖοὲΞ.
1961 3251 2006 3312 C

337 3347 493 3405 sione
544 3347 771 3420 quadam
822 3348 1122 3420 multos_ad
1188 3347 1550 3420 Christianam
1618 3348 1932 3415 religionem

337 3417 631 3477 conversos
662 3435 902 3481 narrans,
935 3420 1001 3473 de
1029 3417 1113 3473 his
1141 3420 1315 3487 inquit
1341 3419 1611 3473 :‘Peccata
1642 3435 1736 3471 sua
1771 3421 1936 3489 conﬁ-

338 3503 496 3547 tentes
526 3492 774 3580 baptisma
802 3491 992 3547 Christi
1030 3502 1383 3580 susceperpnt.
1436 3492 1576 3571 Alia.
1601 3491 1650 3544 id
1697 3496 1930 3580 generis,

338 3579 455 3632 qua:
485 3560 682 3619 adferri
712 3574 950 3632 possent,
995 3570 1050 3617 et
1074 3560 1320 3632 exempla
1359 3572 1414 3617 et
1457 3562 1763 3619 testimonia
1793 3560 1932 3632 prati

340 3635 703 3690 termittimus.
1672 3659 1678 3665 -

412 3716 494 3788 (5)
535 3714 776 3770 lunuitur
801 3715 1135 3788 poenitentia,
1195 3729 1312 3783 qua:
1355 3713 1558 3768 adultis
1600 3715 1934 3784 baptizandis

339 3787 731 3855 imponebatur,
783 3799 1067 3856 antequam
1097 3787 1360 3853 baptisma
1385 3788 1753 3854 susciperent,
1783 3797 1838 3840 ut
1865 3803 1933 3841 ex

338 3859 648 3912 memoratis
691 3857 954 3928 superiori
985 3858 1330 3911 adnotatione
1381 3858 1701 3912 testimoniis
1745 3858 1929 3927 liquet.

337 3930 441 3983 Alii
467 3940 634 3984 testes
661 3929 776 3983 fuse
808 3929 861 3983 in
891 3931 1026 3983 hanc
1060 3945 1171 3982 rem
1199 3928 1504 3994 allegantur
1544 3945 1570 3979 a
1603 3929 1661 3983 P.
1695 3930 1934 3985 Martene

339 4002 429 4055 lib.
466 4019 516 4063 ι.
564 4018 681 4070 cap.
711 4001 761 4067 l,
793 4009 896 4054 -rt.
928 4001 1018 4062 it),
1067 4015 1218 4053 num.
1254 3999 1340 4052 10.
1379 3999 1506 4067 Ejus
1551 4007 1731 4055 autem
1761 4002 1933 4069 paeni-

338 4075 518 4126 tentia:
546 4073 884 4143 imponendte
909 4071 1193 4143 Consilium
1224 4070 1351 4123 illud
1390 4072 1553 4124 fuisse
1581 4072 1928 4143 arbitramur,

338 4159 444 4197 nun
487 4141 659 4198 solum
699 4155 750 4195 ut
782 4141 1089 4210 baptizandi
1133 4151 1476 4209 peccatorum
1507 4143 1738 4209 aliquam
1771 4142 1932 4196 satis-

337 4215 624 4269 faminnem
675 4214 887 4278 darent,
933 4213 1202 4280 simulque
1254 4212 1640 4278 ostenderent,
1703 4229 1826 4267 num
1867 4230 1930 4268 ex

335 4287 518 4345 animo
557 4287 878 4354 praeteritam
915 4286 1072 4337 vitam
1113 4283 1537 4348 detestareutur,
1577 4299 1638 4338 ac
1670 4284 1930 4352 baptisma

339 4369 618 4423 peterent;
653 4356 748 4410 sed
792 4356 954 4408 etiam
1000 4365 1054 4407 ut
1095 4367 1223 4417 caro
1274 4354 1324 4405 in
1356 4354 1500 4407 vitiis
1545 4356 1799 4420 enutrita,
1833 4355 1933 4409 hac

335 4429 699 4482 maceratimie
747 4427 978 4486 edomita
1020 4423 1234 4495 spiritui
1278 4425 1544 4480 in~ervire
1574 4436 1929 4482 assuesceret.

338 4499 508 4568 llujus
537 4508 717 4568 autem
750 4497 1077 4567 poenitentie
1108 4496 1499 4549 institutionem
1533 4499 1749 4565 quidam
1786 4499 1928 4552 Petri

337 4581 609 4638 prsrcepto
658 4568 923 4635 referunt,
969 4577 1027 4623 ut
1071 4569 1326 4622 discimus
1351 4585 1414 4620 ex
1447 4569 1669 4634 epistula
1700 4569 1940 4632 Herivazi,

2041 1799 2360 1864 homicidae,
2420 1802 2701 1869 adultero,
2760 1805 3069 1859 incestatori
3099 1847 3115 1873 ,
3163 1809 3431 1879 sacrilego
3463 1853 3478 1875 ,
3536 1814 3647 1866 nisi

2039 1893 2157 1963 ejus
2195 1895 2464 1949 curaverit
2489 1907 2756 1960 mentem,
2789 1911 2893 1950 non
2931 1896 3086 1951 video
3132 1899 3258 1967 quid
3303 1900 3374 1952 illi
3428 1903 3646 1970 praesti-

2041 1989 2184 2042 terit.
2231 1987 2276 2043 0
2318 1988 2621 2043 liberatoris
2662 1973 2846 2044 nostri.
2874 1991 3134 2058 profunda
3182 1993 3566 2059 providentia!
3601 1994 3650 2051 0

2042 2082 2350 2150 przestantia
2379 2081 2698 2151 singularis!
2729 2082 2773 2140 0.
2801 2082 2976 2139 dulcis
3015 2085 3277 2138 sententia
3314 2083 3396 2140 ιο
3417 2085 3652 2140 damna-

2041 2176 2114 2228 tio
2142 2176 2473 2231 necessaria!
2506 2176 2678 2232 Homo
2704 2161 2995 2247 iugulatur,
3017 2185 3078 2232 ut
3107 2178 3288 2232 vivat:
3314 2177 3392 2250 (7)
3413 2193 3652 2249 percus-

2039 2285 2165 2336 sor,
2201 2270 2642 2341 percussorisque
2671 2285 2775 2326 non
2821 2271 3060 2327 cernitur
3085 2271 3297 2342 gladius
3325 2288 3338 2324 :
3370 2273 3651 2342 percussi-

2035 2429 2290 2503 gratjam,
2323 2445 2428 2503 qua
2456 2429 2608 2483 modo
2635 2430 3039 2503 genitiginlantes
3057 2431 3309 2487 dicuntur
3341 2449 3368 2486 ιι
3402 2435 3569 2490 Petro
3597 2454 3648 2502 ι,

2038 2512 2107 2570 ιι,
2139 2499 2193 2558 2.
2229 2501 2281 2553 in
2325 2501 2586 2554 malitiam
2637 2499 2687 2553 et
2729 2501 2938 2570 culpam
2981 2519 3085 2556 non
3135 2507 3479 2560 mutaverint.
3542 2499 3648 2563 Ms.

2036 2567 2226 2644 Pontp.
2254 2573 2306 2624 in
2337 2572 2442 2644 fine
2470 2574 2616 2644 addit
2659 2567 2833 2644 Anien.

2107 2640 2318 2717 Tum.
2354 2642 2465 2717 X_L.
2500 2673 2570 2717 έ
2599 2642 2676 2714 (1)
2700 2642 2799 2717 §ie
2828 2644 2934 2717 ped.
2963 2644 3088 2700 Ver.
3120 2662 3133 2698 :
3173 2645 3656 2717 inscriptiocodi-

2034 2727 2154 2792 eum
2182 2715 2347 2792 estde
2375 2715 2636 2792 Baptismo
2660 2713 2876 2792 :“Editio
2897 2714 3095 2792 Veneta
3114 2732 3238 2771 eum
3263 2713 3646 2792 manuscripto

2033 2783 2348 2839 Zenoniano
2379 2804 2390 2839 :
2418 2784 2544 2838 Post
2575 2787 2819 2839 traditum
2842 2787 3112 2853 baptisma.

2109 2854 2185 2932 (Ξ)
2217 2856 2419 2932 saneto
2445 2857 2772 2932 prOprielex
2799 2868 2904 2932 est,
2934 2874 3053 2932 qua:
3085 2874 3298 2932 poenam
3327 2862 3652 2932 adjunt-tam

2040 2927 2220 2980 habet.
2270 2927 2606 3004 Justiniattns
2656 2929 2746 2984 lib.
2800 2944 2835 2982 ll
2877 2928 3157 3004 lustil._i:
3204 2930 3333 2986 Ideo
3371 2927 3417 2986 et
3467 2935 3655 3004 legum

2036 3015 2126 3074 eas
2162 3008 2348 3065 partes,
2387 2999 2571 3074 quibus
2602 3015 2776 3068 pmnas
2819 3000 3174 3074 constituimus
3220 3003 3467 3058 adversus
3515 2999 3610 3062 Eos
3635 3050 3653 3074 ,

2035 3070 2123 3136 qui
2152 3081 2331 3125 contra
2377 3072 2509 3141 leges
2539 3075 2777 3139 fecerint,
2803 3071 3086 3127 sanctiones
3121 3088 3382 3128 vocamus.
3435 3070 3655 3134 Eodem

2038 3155 2198 3212 sensu
2244 3158 2272 3195 a
2301 3143 2686 3198 vetustioribus
2732 3145 2946 3212 proprie
2976 3146 3272 3211 appellatas
3305 3147 3387 3200 ve‘l
3432 3163 3496 3201 ex
3550 3151 3658 3205 hoc

2039 3211 2273 3288 Zenonis
2318 3215 2437 3288 loco
2466 3214 2645 3288 colligi
2679 3211 2856 3283 potest
2879 3255 2895 3280 ,
2918 3214 3123 3288 quippe
3158 3220 3248 3284 qui
3289 3217 3658 3288 interponens

2041 3285 2390 3351 parenthesin
2420 3326 2434 3349 ,
2465 3297 2517 3338 ut
2542 3287 2710 3350 aiunt,
2741 3301 2861 3358 eum
2896 3287 3127 3340 clavium
3157 3285 3476 3342 sanctionem
3505 3295 3658 3358 pium

2039 3370 2102 3408 ex
2137 3373 2288 3411 inure
2319 3357 2567 3427 loquendi
2599 3357 2866 3428 appellat,
2897 3359 3031 3410 satis
3057 3358 3328 3419 vulgatam
3359 3364 3479 3428 ejus
3509 3372 3659 3416 tern-

2041 3429 2186 3492 poris
2220 3430 2500 3482 l'urmulam
2546 3439 2714 3483 notat.
2761 3427 2910 3482 Licet
2947 3440 3123 3482 autem
3154 3427 3401 3484 clavium,
3433 3435 3659 3486 sanctio

2039 3511 2212 3564 poenae
2251 3500 2451 3568 aliquid
2495 3503 2837 3568 conjunctum
2882 3500 3133 3562 haberet,
3177 3517 3279 3568 qua
3329 3505 3655 3569 paenitentia

2037 3569 2411 3644 alliciebantur
2438 3586 2544 3625 non
2568 3573 2609 3644 ii
2633 3572 2840 3644 solum,
2867 3572 2955 3644 qui
2986 3582 3103 3638 post
3132 3573 3393 3640 baptisma
3420 3582 3660 3644 peccas-

2042 3650 2183 3713 sent,
2217 3641 2310 3696 sed
2340 3646 2500 3697 etiam
2526 3643 2614 3710 qui
2645 3643 2709 3695 ad
2741 3641 3005 3709 baptisma
3030 3646 3259 3712 propriis
3286 3641 3656 3713 cum—pecea-

2039 3711 2107 3763 tis
2133 3716 2491 3776 accederent,
2528 3724 2583 3766 ut
2609 3714 2944 3768 Ostendimus
2985 3711 3168 3767 adnot.
3212 3714 3246 3767 5
3276 3716 3326 3768 in
3362 3711 3518 3769 tract.
3557 3734 3659 3772 su-

1989 3829 1994 3834 .
2040 3784 2337 3856 periorem;
2371 3796 2545 3840 tamen
2577 3802 2697 3838 cum
2733 3800 2842 3854 prae
2877 3788 3160 3840 criminum
3192 3787 3460 3856 gravitate
3484 3790 3659 3844 levis-

2037 3853 2170 3927 sima
2204 3857 2317 3912 haec
2345 3873 2496 3924 ptena
2527 3857 2718 3922 fuerit,
2740 3853 2799 3910 et
2847 3857 2960 3912 hzec
2993 3858 3101 3926 ips:i
3141 3853 3243 3909 non
3301 3860 3354 3912 in
3403 3874 3654 3927 pamam,

2038 3923 2132 3999 sed
2178 3927 2228 3981 in
2261 3923 2354 3982 rei
2379 3928 2553 3997 potius
2579 3928 2899 3983 beneficium
2943 3923 3291 3995 exigeretur,
3323 3923 3473 3983 recte
3501 3923 3658 3999 μὶσηὶ

2037 3995 2263 4069 clavium
2298 3995 2610 4054 sanctionem
2636 4000 2791 4068 vulgo
2841 4001 3163 4069 appellatalii
3194 3999 3340 4054 Zeno
3368 3995 3610 4056 vocavit.

2223 4070 2319 4124 Ms.
2353 4071 2507 4125 Rem.
2538 4067 2833 4123 occludunt.

2133 4071 2188 4142 5)
2223 4071 2319 4124 Ms.
2353 4071 2507 4125 Rem.
2538 4072 2833 4123 occludunt.

2109 4071 2188 4212 (4)
2209 4142 2393 4211 Aliqui
2421 4155 2549 4222 mss:
2576 4142 2754 4222 legunt
2774 4142 3034 4222 subsicivi,
3056 4141 3174 4222 (Sed.
3194 4152 3316 4197 sunt
3341 4147 3430 4212 qui
3462 4145 3660 4222 lugen-

2037 4212 2161 4266 dum
2194 4224 2383 4281 putent
2407 4214 2639 4266 succisivi
2661 4255 2673 4273 ,
2705 4213 2788 4265 vel
2826 4213 3087 4267 subcisivi.
3135 4213 3264 4268 Nata
3309 4212 3661 4273 autem'hoc

2037 4285 2156 4339 loco
2180 4288 2284 4338 Vim
2307 4285 2533 4338 clavium
2574 4287 2624 4337 in
2650 4285 2988 4350 baptismate,
3019 4286 3211 4354 quibus
3237 4288 3471 4338 absoluto
3497 4305 3660 4341 acer-

2036 4359 2192 4409 vatim
2234 4356 2485 4427 quidquid
2511 4355 2811 4418 inuenerint,
2844 4355 2978 4409 nihil
3019 4355 3293 4420 s‘ubcisivi,
3333 4361 3413 4408 vel
3448 4361 3659 4427 reliqui

2037 4428 2150 4482 sive
2168 4427 2346 4498 Quoad
2373 4428 2607 4494 culpam,
2636 4428 2747 4480 sive
2761 4427 2935 4495 quoad
2953 4442 3166 4495 poenam
3199 4429 3521 4496 relinquitur
3552 4448 3568 4490 ς
3601 4441 3667 4484 et

2040 4505 2299 4563 pra-terea
2332 4498 2524 4553 deletis
2561 4499 2727 4551 semel
2767 4501 2978 4552 cunctis
3017 4499 3333 4552 criminibus
3356 4540 3371 4562 ,
3403 4501 3546 4554 nihil
3583 4520 3664 4556 ex

2037 4571 2225 4624 iisdem
2284 4571 2608 4625 reviviscere
2645 4571 2869 4635 sinunt;
2902 4570 3044 4638 quod
3075 4585 3203 4625 sane
3234 4570 3472 4623 indicant
3503 4573 3607 4625 illa
3644 4592 3658 4624 :

334 4641 619 4713 [leniensis
659 4641 724 4694 ad
746 4639 1050 4713 _Wittonem
1080 4639 1566 4713 liothomaeensetn
1599 4655 1718 4709 cap.
1754 4643 1806 4702 6,
1841 4642 1930 4694 ubi
1959 4643 2013 4702 D
2044 4641 2322 4713 Diligenter
2351 4643 2582 4694 uniuersa
2621 4642 2834 4694 crimina
2879 4639 3178 4713 expellunt,
3209 4658 3272 4695 ac
3312 4658 3494 4695 rursus
3523 4646 3664 4697 diti-

333 4711 678 4767 Clodovaium
712 4711 998 4781 aliquantis
1045 4725 1165 4764 cum
1220 4709 1276 4764 S.
1314 4710 1558 4779 Remigio
1597 4713 1784 4766 diebus
1817 4727 1931 4763 mo-

332 4795 508 4838 ratum
549 4785 726 4854 prodit
752 4793 874 4837 ante
901 4782 1185 4850 baptisma,
1220 4782 1612 4854 utpwnitentiw
1654 4783 1932 4836 secundum

330 4851 668 4923 apostolicum
711 4867 1022 4922 prmeeptum
1075 4855 1214 4918 prius
1241 4851 1527 4924 ablueretur
1558 4855 1820 4924 lticrymis,
1855 4855 1932 4905 di-

331 4938 472 4979 cente
500 4925 657 4979 Beato
699 4925 853 4978 Petro
880 4925 1110 4995 principe
1139 4923 1485 4990 apostolorum
1514 4940 1529 4976 :
1573 4923 1931 4995 Paenitentiam

334 5000 495 5070 agite,
527 5007 584 5070 et,
602 4999 886 5068 baptizatur
916 4993 1260 5070 unusquisque
1288 5004 1544 5070 ‘oestrum.
1573 4993 1730 5050 Certe
1765 4998 1933 5070 poeni-

337 5065 498 5123 téutia
539 5065 802 5138 ejusmodi
840 5071 888 5121 in
918 5065 1423 5138 Constitutionilms,
1457 5082 1578 5134 qum
1624 5069 1932 5134 apostolicm

333 5137 600 5206 dicuntur,
648 5140 740 5194 lib.
778 5155 889 5204 vn,
945 5154 1064 5208 cap.
1112 5139 1200 5196 52,
1237 5137 1461 5202 altisque
1505 5139 1742 5205 pluribus
1772 5154 1936 5191 cano-

330 5228 455 5266 num
488 5212 720 5266 decretis
771 5222 896 5264 ante
938 5211 1261 5279 baptismum
1292 5210 1635 5275 'impunenda
1682 5223 1733 5263 et
1766 5211 1937 5263 susci-

331 5282 518 5352 pienda
555 5285 896 5352 prmcipitur;
926 5299 1044 5351 qua:
1069 5281 1350 5352 disciplina
1377 5279 1512 5333 adeo
1541 5281 1592 5334 in
1631 5281 1796 5334 multa
1827 5295 1929 5334 sce-

327 5350 446 5407 cula
477 5350 662 5424 viguit,
694 5350 749 5407 ut
790 5350 976 5408 auctor
1023 5353 1305 5424 Sermonis
1337 5350 1388 5424 in
1423 5353 1762 5407 dedicatione
1795 5361 1927 5404 tem-

332 5425 424 5494 pli,
457 5423 546 5494 qui
579 5441 606 5478 a
654 5426 925 5480 nonnullis
963 5426 1201 5478 creditur
1257 5423 1317 5476 ὃ.
1345 5423 1636 5488 Cassarins,
1684 5439 1833 5478 num.
1870 5424 1925 5485 5,

331 5497 654 5564 paenitentiae
683 5495 946 5565 ejusmodi
977 5506 1404 5563 contemptorem
1434 5511 1533 5548 non
1577 5497 1700 5549 leuis
1731 5499 1927 5565 peccati

330 5583 478 5621 reum
513 5583 767 5637 peragere
797 5583 904 5621 non
933 5568 1276 5620 dubitaverit.

401 5639 478 5706 (6)
518 5638 642 5691 Mss.
684 5639 966 5692 Renicnsis
998 5652 1048 5692 ct
1080 5639 1218 5698 Vat,
1254 5639 1528 5708 receperit.

411 5710 494 5780 (7)
555 5713 609 5765 δι
667 5711 917 5766 nimirum
978 5709 1348 5784 baptismalcm
1402 5711 1762 5767 innocentiam
1830 5725 1924 5764 seu

2038 4711 2211 4782 genter
2241 4713 2518 4766 occludunt
2541 4753 2554 4772 ,
2583 4730 2643 4765 ne
2671 4714 2791 4780 quid
2825 4711 2917 4765 illo
2948 4713 3024 4766 vel
3053 4714 3313 4783 frivolum,
3348 4715 3470 4765 inde
3497 4718 3658 4782 quod

2036 4785 2346 4847 excluditur,
2376 4793 2670 4837 reuertatur.
2709 4785 2873 4836 l’aulo
2901 4794 3020 4851 post
3052 4799 3182 4836 mss.
3215 4784 3429 4838 Tulent.
3454 4796 3507 4837 et
3546 4785 3660 4839 Va-

2039 4856 2155 4918 tic.,
2184 4866 2504 4921 peccatorum
2534 4869 2628 4922 pro
2658 4865 2936 4925 pectorum,
2968 4862 3024 4908 et
3053 4870 3152 4907 ms.
3183 4854 3300 4909 Tol.
3337 4871 3459 4910 cum
3501 4857 3653 4911 edit.

2039 4925 2172 4980 Ven.
2205 4925 2486 4980 occludunt
2517 4942 2610 4993 pro
2636 4925 2934 4979 occludunt.

2113 4996 2192 5068 (5)
2224 4997 2598 5071 Legebaturjn
2620 5015 2698 5061 eo,
2722 4997 2815 5052 sed
2842 4996 3056 5071 codices
3080 4997 3225 5064 Tol.,
3251 4997 3398 5071 Vat”
3418 5000 3651 5065 Urbim.

2041 5069 2257 5140 P0mp.,
2290 5071 2384 5133 Sp.
2413 5081 2466 5123 et
2508 5067 2635 5122 Zen.
2668 5071 2720 5121 in
2753 5085 2837 5121 reo
2876 5070 3153 5135 seribnnt,
3186 5080 3242 5124 et
3271 5067 3501 5140 idipsum
3545 5075 3656 5128 lia-

2045 5139 2380 5212 bentomnes
2410 5155 2530 5193 cum
2564 5156 2692 5192 mss.
2731 5151 2838 5194 tum
2867 5141 2996 5195 editi
3024 5148 3251 5196 tractatu
3272 5144 3553 5212 sequenti,
3594 5150 3652 5200 in

2039 5226 2149 5286 quo
2176 5210 2316 5264 idetn
2360 5211 2445 5277 hic
2468 5225 2657 5265 sensus
2689 5212 2907 5266 totidem
2939 5213 3117 5267 verbis
3155 5210 3451 5284 expressus
3485 5232 3656 5286 repe—

2041 5292 2196 5334 l'lllﬂ‘.

2112 5352 2190 5423 (6)
2222 5355 2294 5407 De
2319 5354 2658 5409 confessione
2681 5371 2707 5406 a
2731 5355 3128 5410 catechumenis
3154 5365 3278 5409 ante
3307 5357 3655 5420 baptismum

2037 5422 2214 5478 habita
2248 5424 2335 5498 hic
2363 5439 2541 5480 sermo
2569 5436 2672 5492 est,
2700 5441 2818 5480 cum
2842 5427 2926 5480 hic
2951 5435 3208 5481 tractatus
3233 5425 3301 5480 ad
3331 5430 3656 5498 neophytns

2035 5510 2224 5550 recens
2259 5496 2557 5566 baptizatos
2605 5498 2814 5552 habitus
2846 5498 3029 5563 fuerit,
3071 5507 3128 5551 ut
3171 5513 3235 5552 ex
3281 5496 3656 5566 inscriptione

2033 5574 2086 5620 et
2118 5570 2220 5621 line
2245 5569 2427 5637 liquet.
2457 5571 2528 5624 Ue
2556 5570 2653 5624 hac
2689 5584 2847 5637 porro
2876 5568 3215 5622 confessione
3240 5572 3375 5622 satis
3397 5571 3658 5628 diximus

2034 5639 2212 5690 atlnot.
2253 5638 2284 5691 .i
2316 5642 2363 5691 in
2399 5651 2682 5694 tractalmn
2718 5644 3124 5706 percellentem.
3320 5688 3325 5692 .
3535 5655 3554 5678 τ

2105 5712 2184 5782 (7)
2207 5711 2449 5783 lntclligc
2481 5729 2578 5768 non
2613 5712 2832 5766 cernitur
2863 5727 3166 5782 percussor,
3198 5726 3289 5766 nec
3319 5717 3656 5784 percussoris
