3818 6220
382 220 488 276 495

1745 213 1992 272 SANCTI
2028 214 2322 278 ZENONIS

3569 229 3653 284 496

379 335 596 391 infudit.
617 335 762 390 ldem
789 347 894 388 non
916 331 1152 388 tumidus
1166 331 1397 396 cervice,
1427 345 1536 386 non
1562 338 1745 385 torvus
1773 330 1971 396 fronte,
2003 329 2057 391 Α
2082 350 2174 403 per
2203 336 2342 405 quod
2370 339 2604 408 poteritis
2635 353 2810 393 omnes
2838 340 3052 410 sagittas
3068 337 3213 392 illius
3238 338 3388 400 muti,
3421 354 3532 407 qua:
3558 353 3655 394 mg

384 444 490 485 ιιοιι
527 430 705 483 minax
731 443 897 482 cornu
920 424 1152 490 Taurus,
1182 424 1276 479 sed
1308 425 1567 495 optinms,
1600 423 1797 489 dulcis,
1825 423 1982 478 blan-

385 521 488 576 dus
529 536 592 576 ac
622 520 768 575 mitis
798 534 893 574 vos
922 519 1180 573 admouet
1206 516 1287 588 (9)
1332 517 1574 584 Vitulus,
1607 529 1666 571 ut
1697 516 1841 571 nulla
1871 516 1980 573 ullo

383 613 438 669 in
467 628 630 683 opere
657 619 935 682 captantes
960 612 1204 681 auguria,
1238 610 1357 681 ejus
1396 611 1514 665 sine
1550 611 1752 664 malitia
1791 623 1982 666 succc-

385 712 574 768 dentes
606 712 754 782 jugo.
792 723 1102 780 terramque
1143 719 1341 765 vestra:
1376 709 1557 764 carnis
1597 708 1869 764 domando
1899 708 1980 764 fe-

383 804 705 868 cundantes,
739 803 914 858 laetam
957 803 1264 858 divinorum
1296 805 1565 858 seminum
1610 818 1840 858 messem
1868 817 1978 858 caa-

384 898 606 953 lestibus
630 897 841 952 horreis
859 896 1128 952 inferatis.
1161 898 1223 952 Et
1245 897 1500 953 admonet
1527 897 1982 968 prosequentibus

381 989 654 1054 Geminis,
687 990 736 1043 id
767 999 848 1045 est
897 989 1112 1045 duobus
1159 991 1397 1046 salutare
1444 991 1767 1047 canentibus
1815 999 1983 1044 testa-

379 1087 597 1146 mentis,
631 1091 689 1137 ut
717 1083 1088 1159 principaliter
1116 1083 1504 1150 idololatriam,
1553 1084 1978 1153 impudicitiam,

380 1177 774 1246 avaritiamque
819 1177 1074 1248 fugiatis,
1117 1192 1240 1248 quae
1270 1186 1353 1232 est
1400 1177 1717 1232 incurabilis
1759 1192 1976 1232 cancer.

378 1271 491 1327 Leo
533 1278 710 1326 autem
762 1279 969 1336 noster,
1011 1274 1154 1326 sicut
1183 1269 1414 1327 Genesis
1465 1254 1977 1340 protestatur(Gen.

378 1381 522 1428 χιιι.
557 1363 639 1435 9),
661 1365 834 1420 leonis
851 1373 935 1420 est
964 1365 1198 1430 catulus,
1230 1365 1384 1435 cujus
1407 1365 1507 1420 ista
1531 1365 1613 1434 pia
1641 1376 1981 1421 sacramenta

377 1459 742 1522 celebramus,
796 1458 888 1528 qui
938 1457 1005 1512 ad
1063 1457 1166 1514 hoc
1209 1459 1476 1514 recubans
1516 1457 1874 1521 obdormivit,
1925 1468 1979 1514 ut

375 1555 622 1608 vinceret
651 1560 911 1617 mortem;
939 1550 1006 1606 ad
1038 1552 1142 1607 hoc
1181 1551 1475 1622 evigilavit,
1504 1560 1564 1606 ut
1591 1552 1768 1630 beata:
1796 1567 1981 1607 resur-

376 1647 639 1704 rectionis
669 1662 780 1701 sua:
812 1647 864 1700 in
887 1659 986 1700 nos
1009 1661 1205 1700 munus
1231 1630 1655 1701 immortalitatis
1685 1644 1978 1700 conferret.

378 1740 550 1809 Quem
581 1747 958 1810 competenter
985 1739 1251 1808 sequitur
1279 1737 1440 1807 Virgo
1471 1740 1846 1806 prmnuntians
1892 1737 1983 1792 Li-
2012 1756 2060 1816 Β

374 1833 553 1898 bram,
573 1841 631 1886 ut
661 1845 1013 1886 nosceremus
1042 1829 1159 1902 (10)
1181 1831 1272 1884 Dei
1301 1845 1397 1900 per
1423 1829 1646 1896 Filium,
1681 1832 1771 1902 qui
1800 1832 1975 1885 incar-

375 1936 539 1983 natus
566 1925 836 1996 processit
864 1939 928 1979 ex
976 1923 1222 1993 virgine,
1267 1923 1577 1992 aequitatem
1607 1923 1985 1992 justitiamque

273 2009 282 2015 ’
354 2016 545 2076 terris
572 2019 773 2074 illatam
800 2035 812 2070 :
845 2032 1002 2088 quam
1033 2016 1126 2087 qui
1156 2023 1468 2070 constanter
1497 2018 1737 2071 tenuerit
1760 2030 1823 2070 ac
1852 2015 1986 2071 ﬁde-

379 2113 504 2168 liter
550 2109 964 2176 ministraverit,
1017 2105 1124 2163 non
1167 2108 1344 2164 dicam
1407 2107 1798 2178 Scorpionem,
1853 2107 1983 2173 sed,

379 2207 521 2264 sicut
576 2205 835 2259 Dominus
888 2204 965 2257 ait
1027 2203 1081 2256 in
1132 2202 1457 2272 Evangelio,
1510 2218 1702 2257 omnes
1759 2203 1986 2258 omnino

379 2307 668 2371 serpentes
693 2299 859 2352 illzesa
883 2297 1060 2368 planta
1086 2296 1339 2352 calcabit.
1373 2296 1479 2376 Sed
1505 2294 1669 2368 264
1689 2310 1787 2352 nec
1809 2296 1984 2365 ipsum

377 2406 596 2463 quoque
625 2391 900 2446 diabolum
923 2432 936 2456 ,
966 2391 1057 2460 qui
1087 2405 1219 2465 vere.
1257 2399 1343 2444 est
1390 2391 1690 2446 acerrimus
1752 2391 1989 2462 Sagitta-

377 2487 514 2548 rius,
549 2482 858 2538 formidabit
885 2497 1176 2551 umquam,
1209 2483 1376 2537 variis
1415 2492 1578 2553 atque
1607 2483 1777 2553 igneis
1818 2483 1988 2554 sagit-

381 2579 453 2634 tis
469 2578 583 2652 (11)
606 2587 865 2642 armatus,
891 2576 1059 2631 totius
1074 2576 1294 2631 humani
1315 2576 1530 2647 generis
1544 2579 1694 2632 omni
1711 2587 1987 2632 momento

380 2670 546 2726 corda
575 2668 904 2739 distringens
940 2687 952 2721 :
988 2677 1210 2738 prepter
1240 2667 1380 2738 quod
1412 2667 1492 2722 sic
1524 2668 1723 2723 Paulus
1756 2671 1988 2738 Aposto-

381 2763 467 2818 lus
497 2762 574 2816 ait
606 2779 620 2815 :
653 2759 864 2815 lnduite
900 2776 988 2814 vos
1016 2769 1338 2814 armaturam
1383 2758 1510 2826 Dei,
1558 2770 1612 2813 ut
1649 2763 1859 2830 possitis
1899 2779 1986 2815 eos

381 2863 618 2909 constare
643 2853 887 2907 adversm
909 2855 1164 2922 nequitias
1185 2853 1400 2917 diaboli,
1427 2864 1635 2924 accepto
1664 2866 1810 2910 scuto
1838 2855 1983 2924 fidei,

384 3003 496 3060 cari
521 3003 756 3066 videtur,
785 3001 1029 3056 diximus
1052 3000 1236 3055 aduot.
1267 3001 1297 3052 7
1330 3001 1380 3055 in
1413 3010 1566 3055 tract.
1599 2990 1690 3064 δὲ,
1719 3009 1774 3056 et
1799 3001 1985 3056 aduot.

388 3076 448 3136 δέ
476 3073 531 3130 in
561 3086 720 3129 tract.
750 3071 842 3127 42.
881 3071 1011 3127 lleic
1039 3084 1218 3127 autem
1264 3073 1342 3126 lac
1385 3078 1586 3128 beatum
1627 3073 1732 3127 dici
1777 3073 1993 3129 videtur

388 3145 588 3202 Christi
632 3146 875 3212 sanguis,
907 3143 998 3214 qui
1030 3144 1364 3213 baptizandis
1393 3151 1666 3212 tamquam
1698 3144 1991 3200 infantibus

2084 430 2202 500 igne
2227 430 2414 500 plenae,
2449 431 2748 503 extinguere
2785 432 2983 504 (Ep/les
3023 447 3096 495 vt,
3148 431 3258 501 ll).
3297 431 3416 502 (1'2)
3447 430 3494 485 ls
3534 435 3653 488 enim

2085 521 2394 578 infelicibus
2453 537 2561 578 non
2630 539 2922 594 numquam
2991 522 3234 577 immittit
3289 522 3654 592 CapriCornum

2085 615 2235 669 vultu
2265 614 2588 682 deformem,
2612 625 2668 670 et
2696 632 2791 685 per
2812 631 2981 670 cornu
3014 614 3257 670 exilioris
3284 613 3438 669 labra
3465 613 3654 671 liventia

2085 709 2459 781 spumantibus
2483 711 2633 763 venis
2660 708 2947 775 ebulliens,
2974 707 3272 779 palpitante
3299 708 3454 762 ruina
3483 709 3656 778 captivi

2085 812 2196 858 tota
2235 802 2624 857 miserabiliter
2654 817 2751 872 per
2780 803 3023 856 membra
3047 800 3289 856 desaevit.
3325 799 3472 855 Alios
3500 815 3660 878 amen-

2087 907 2190 963 tes,
2222 897 2361 951 alios
2392 895 2644 954 furiosos.
2679 895 2815 949 alios
2844 893 3170 961 homicidas,
3205 892 3348 949 alios
3385 892 3656 962 adulteros,

2085 990 2221 1044 alios
2244 989 2559 1058 sacrilegos,
2599 989 2740 1043 alios
2769 988 2997 1042 avaritia
3025 987 3188 1043 efllcit
3213 1001 3414 1042 caseos.
3441 986 3655 1059 Longum

2085 1093 2169 1138 est
2197 1084 2274 1138 ire
2319 1098 2415 1151 per
2441 1082 2674 1152 singula.
2706 1079 2900 1135 Varias
2929 1091 3091 1150 atque
3138 1079 3555 1134 innumerabiles
3581 1093 3662 1135 no-

2085 1178 2240 1234 cendi
2267 1188 2415 1232 artes
2455 1176 2655 1231 habet:
2686 1175 2781 1230 sed
2811 1175 2910 1229 has
2933 1189 3123 1229 omnes
3149 1172 3384 1229 salutari
3413 1172 3660 1243 proﬂuens

2087 1269 2203 1344 (15)
2231 1285 2390 1324 amne
2438 1284 2545 1324 non
2590 1282 2920 1339 magnopere
2957 1275 3143 1322 noster
3187 1265 3462 1335 Aquarius
3503 1264 3661 1322 delere

2085 1363 2368 1422 consuevit
2387 1379 2401 1428 ;
2427 1377 2586 1434 quem
2605 1360 2916 1416 necessario
2933 1375 3041 1415 uno
3054 1369 3359 1430 sequuntur
3374 1358 3482 1412 dno
3499 1357 3663 1414 Pisces

2086 1459 2142 1513 in
2175 1457 2348 1528 signo,
2383 1455 2434 1510 id
2477 1462 2561 1510 est
2600 1453 2710 1508 duo
2734 1469 2804 1508 ex
2831 1451 3031 1508 Judaeis
3076 1460 3134 1508 et
3176 1449 3448 1506 Gentibus
3470 1451 3661 1522 populi,

2087 1553 2424 1625 baptismatis
2452 1566 2589 1621 aqua
2614 1550 2879 1616 viventes,
2909 1549 2962 1603 in
2993 1563 3159 1603 unum
3191 1548 3459 1620 populum
3481 1546 3662 1604 Christi

2090 1664 2196 1704 uno
2227 1647 2384 1719 signo
2414 1644 2632 1718 signati.
3303 1691 3311 1698 ,

2573 1734 2992 1793 TRACTATUS
3017 1733 3204 1804 XLIV.

2369 1835 2448 1907 (l)
2479 1831 2559 1886 Ad
2601 1828 2906 1899 Neaphgtos
2934 1837 3047 1900 post
3078 1829 3336 1898 baptisma
3361 1825 3473 1882 VII.

2161 1986 2164 1990 ,
2331 1928 2424 1982 Die
2455 1925 2728 1980 dominico
2754 1922 2823 1978 de
2852 1921 3261 1992 comparatione
3288 1920 3476 1976 tritici.

2161 2023 2199 2078 l.
2256 2020 2595 2083 Exultemus,
2629 2015 2846 2079 fratres,
2898 2015 2952 2068 in
2995 2012 3238 2078 Christo,
3285 2012 3526 2083 tantique
3563 2027 3671 2084 pro-

2093 2127 2289 2173 ventus
2319 2111 2535 2176 reddilu
2567 2110 2752 2175 ditati,
2785 2108 2900 2162 Deo
2933 2108 3067 2175 patri
3111 2106 3477 2175 omnipotenti
3512 2105 3673 2160 laudes

2089 2219 2145 2265 et
2166 2207 2367 2279 gratias
2408 2204 2747 2268 referamus;
2772 2204 2860 2272 qui
2893 2199 3055 2273 265
3092 2197 3321 2267 zizania,
3351 2199 3553 2266 lolium,
3575 2199 3676 2268 lap-

2090 2299 2464 2374 pas,.tribulos
2495 2301 2545 2352 in
2571 2298 2691 2351 lzeta
2723 2294 2989 2350 frumenta
3015 2294 3281 2361 mutavit,
3309 2309 3430 2364 quae
3453 2293 3672 2364 diligenti

2093 2397 2242 2452 cultu
2281 2402 2528 2463 purgata,
2569 2390 2898 2459 molarisque
2927 2387 3121 2457 lapidis
3160 2389 3249 2458 pio
3299 2387 3535 2458 pondere
3573 2386 3676 2442 feli-

2092 2489 2232 2545 citer
2277 2487 2469 2552 fracta,
2522 2482 2899 2539 ordinabiliter
2950 2482 3034 2556 (2)
3081 2491 3252 2549 creta,
3305 2484 3452 2538 omni
3495 2477 3675 2538 furfure

2097 2583 2335 2649 abiectu,
2367 2577 2596 2634 mirifico
2627 2578 2917 2647 splendore
2939 2578 2994 2631 in
3021 2578 3251 2632 farinam
3277 2576 3556 2632 candidam
3582 2577 3674 2631 mi.

2091 2686 2356 2740 cuerunt;
2411 2674 2540 2741 quae"
2582 2672 2734 2726 nullo
2783 2671 3084 2726 adulterata
3140 2670 3410 2727 fermento
3454 2680 3554 2738 est,
3598 2669 3672 2742 (5)

2098 2782 2386 2839 conspersa
2428 2782 2492 2823 ac
2517 2767 2738 2822 subacta
2765 2767 3074 2838 diligenter.
3105 2765 3194 2822 Sal
3227 2767 3457 2824 inditum
3482 2777 3556 2823 est.
3575 2765 3674 2829 illi;

2096 2862 2328 2932 levigata
2370 2868 2454 2914 est
2492 2859 2615 2915 oleo
2648 2858 2728 2932 (4)
2758 2859 3021 2926 cremiali,
3049 2858 3243 2916 officiis
3269 2858 3680 2934 competentibus

2098 3005 2260 3059 lectio
2299 3003 2381 3058 vel
2413 3017 2554 3056 nunc
2580 3001 2822 3071 paschali
2854 3011 3097 3070 tempore
3139 3001 3357 3073 legitur.
3378 3000 3497 3073 illac
3539 2998 3676 3069 panis

2098 3076 2318 3145 quidem
2346 3073 2754 3144 comparatione
2785 3073 2876 3130 alii
2906 3088 3119 3145 quoque
3147 3071 3338 3128 Patres
3358 3072 3428 3127 de
3451 3071 3677 3140 Nenphy-

2099 3144 2169 3202 tis
2215 3148 2502 3215 loquentes
2541 3155 2787 3209 utuntur,
2814 3160 2934 3198 cum
2968 3144 3090 3198 illos
3120 3159 3199 3208 ex,
3221 3145 3392 3199 Paulo
3417 3159 3570 3213 panes
3592 3155 3677 3210 ap-

387 3217 788 3288 porrigebatur.
819 3217 919 3270 Ms.
965 3215 1119 3269 Rem.
1137 3229 1434 3336 \perperam
1465 3215 1595 3270 lacte
1622 3216 1822 3269 beatum
1849 3218 1992 3287 vagi-
2015 3215 2062 3278 C
2098 3217 2474 3288 pellant.Vide
2503 3218 2642 3270 iiiter
2659 3227 2888 3270 creteros
2915 3215 3272 3286 Augustinum
3292 3230 3460 3271 serui.
3485 3226 3675 3270 ccum

390 3291 521 3336 turis
553 3289 833 3336 hiantibus.
861 3297 969 3336 etc.
999 3285 1097 3336 Ms.
1185 3295 1259 3336 at.
1293 3287 1424 3336 lacte
1455 3287 1581 3336 item
1627 3288 1833 3336 scrihit.
1866 3287 1990 3336 Pus.
2095 3299 2152 3336 at
2177 3305 2391 3336 unum-
2425 3289 2514 3336 ubi
2554 3289 2804 3336 eamdem
2837 3287 3146 3336 alleaoriam
3178 3289 3298 3336 fuse
3330 3286 3671 3336 nroseauitttr.

390 3285 521 3344 iuris
548 3285 833 3350 hiantibus,
861 3297 969 3342 etc.
999 3285 1097 3340 Ms.
1137 3285 1259 3338 Vat.
1293 3287 1424 3340 lacte
1455 3287 1581 3339 item
1627 3288 1833 3342 scrihit.
1865 3285 1990 3342 Pos-

391 3370 479 3415 tea
521 3375 650 3414 mss.
701 3359 884 3422 Bene,
930 3358 1142 3426 Pump.,
1181 3356 1326 3422 Vat.,
1376 3355 1534 3424 Urb.,
1569 3356 1702 3412 Zen.
1750 3367 1808 3413 et
1857 3359 1992 3414 edit.

394 3431 559 3495 Ἴδη..
591 3430 822 3500 infundit
844 3445 942 3499 pro
968 3429 1180 3500 infudit.
1246 3439 1255 3445 '
1562 3440 1574 3453 ‘

465 3501 548 3575 (9)
596 3499 959 3575 Christumin
993 3499 1290 3575 Scripturis
1320 3516 1512 3570 agnum
1540 3515 1685 3568 ssepe
1730 3502 1996 3575 appellari

396 3572 574 3647 palam
619 3580 704 3628 est
739 3574 1024 3647 omnibus;
1058 3572 1307 3647 eumdem
1337 3580 1530 3647 autem
1561 3573 1740 3647 vocari
1781 3589 1996 3642 quoque

397 3642 636 3700 vitulum
654 3654 879 3698 testatur
901 3643 959 3698 S.
982 3643 1241 3696 Barnaba:
1266 3642 1493 3711 epistola
1520 3659 1669 3698 nmn.
1687 3643 1741 3707 8,
1767 3660 1927 3714 quam
1944 3649 1993 3696 in

397 3716 538 3772 hanc
567 3733 677 3771 rem
710 3715 1165 3787 Sailieronymns
1197 3715 1444 3767 laudatin
1460 3729 1577 3783 cap.
1604 3716 1996 3776 xutt,vers.-l9

400 3789 724 3844 Ezechielis.
775 3785 1021 3841 Inferius
1050 3787 1349 3840 idolatriam
1392 3801 1488 3854 pro
1533 3787 1887 3842 idololatriam
1945 3788 1995 3840 in

402 3877 538 3916 mss.
573 3859 814 3932 Rem._et
838 3857 1193 3932 Poinp._qu_od
1217 3859 1469 3932 frequen/5
1492 3873 1613 3913 esse
1640 3859 1693 3912 in
1719 3858 1998 3914 codicibus

399 3932 513 4002 jam
542 3928 925 4002 animadvertit
950 3929 1218 4002 Baluzius.

480 4001 591 4072 (10)
624 4001 749 4072 Mss.
775 4000 928 4055 Rem.
959 4011 1012 4056 et
1041 4000 1198 4065 Zen.,
1227 4017 1320 4070 per
1342 3997 1538 4072 Filium
1568 3999 1680 4054 Dei.
1712 4000 1846 4056 Nola
1878 4017 2001 4071 pro-

409 4073 556 4128 cessit
583 4089 671 4144 exi
692 4071 898 4144 Virgine
925 4087 1025 4144 pro
1057 4083 1207 4126 natus
1225 4080 1319 4129 .est
1349 4088 1410 4125 ea:
1445 4071 1677 4144 Virgine.

486 4143 602 4215 (ll)
636 4143 730 4198 llic
763 4142 1062 4215 adjectivns
1098 4158 1221 4198 cum
1244 4143 1502 4215 (sequenti
1530 4159 1673 4207 rara,
1715 4143 1811 4215 sed
1839 4160 1866 4194 a
1901 4144 2003 4199 Ze-

412 4213 556 4270 none
583 4213 703 4269 'nnn
750 4214 924 4268 aliena
948 4215 1157 4284 syniaxi
1189 4214 1254 4265 ad
1285 4213 1625 4284 Sagittarium
1656 4214 1908 4269 refertur.

485 4285 764 4357 (12)7Mss.
793 4284 992 4357 Pomp._
1014 4299 1134 4340 cum
1158 4284 1277 4337 aliis
1307 4293 1362 4337 et
1399 4300 1519 4357 cum
1543 4284 1701 4339 editis
1731 4286 1801 4338 ita
1832 4287 2004 4356 prima

415 4354 578 4410 manu
612 4356 866 4416 habebat,
900 4354 997 4410 sed
1028 4365 1327 4410 correctum
1362 4366 1446 4409 est
1487 4354 1600 4419 lis;
1640 4371 1745 4410 ιιοιι
1793 4354 2002 4425 placet:

414 4429 461 4481 is
493 4439 671 4482 autem
697 4439 779 4482 εει
806 4426 1071 4498 diabolus.
1091 4427 1221 4498 Dein
1239 4440 1345 4498 pro
1372 4425 1649 4495 deformem
1669 4438 1716 4498 et
1742 4445 1831 4498 per
1849 4445 2008 4481 cornu

415 4500 664 4565 exilioris,
701 4497 1050 4567 manuscripti
1084 4497 1200 4551 libri
1237 4495 1656 4567 Tolettt.“atmte
1685 4495 2005 4565 lenoniam,

2095 3286 2152 3344 ct
2177 3305 2391 3352 ccxxxx,
2425 3289 2514 3341 ubi
2554 3289 2804 3342 eamdem
2837 3287 3146 3357 allegoriam
3178 3289 3298 3341 fuse
3330 3286 3671 3356 prosequitur,

2098 3375 2154 3416 et
2185 3361 2350 3430 simul
2381 3359 2637 3430 explicat.

2171 3433 2253 3505 (‘2)
2285 3427 2469 3486 Cretui
2497 3431 2598 3484 hoc
2625 3430 2744 3484 loco
2775 3445 2881 3505 non
2908 3444 2937 3482 a
2965 3443 3157 3505 cresco,
3190 3428 3334 3484 unde
3359 3439 3526 3505 cretus
3553 3427 3675 3505 idem
3710 3452 3722 3464 ο

2099 3498 2190 3558 εει
2209 3498 2270 3557 ac
2299 3512 2535 3561 creatus.
2565 3501 2900 3571 progenitus,
2933 3499 3027 3553 Sed
3065 3516 3091 3551 a
3121 3516 3274 3554 cerno
3301 3500 3566 3570 originem
3593 3498 3677 3552 du-

2097 3576 2194 3640 cit,
2224 3574 2366 3643 quod
2389 3573 2656 3642 significitt
2680 3576 2923 3625 cribrare.
2967 3572 3168 3626 Plinius
3195 3571 3294 3625 lib.
3325 3585 3514 3632 xum,
3541 3584 3671 3643 num.

2097 3646 2189 3706 26.
2226 3640 2344 3719 pag.
2377 3640 2674 3719 261),}om.
2723 3643 2999 3719 tt,_Cribro
3045 3643 3180 3719 tenui
3215 3644 3468 3719 cernitur,
3506 3640 3672 3719 et-lib.

2101 3713 2257 3778 xviii,
2285 3713 2432 3770 num.
2470 3717 2557 3781 19,
2593 3730 2711 3784 pag.
2744 3715 2828 3779 is,
2863 3714 3115 3786 farinario
3152 3713 3319 3767 cribro
3359 3713 3674 3786 subita-nitur.

2103 3789 2238 3860 llinc
2264 3803 2392 3858 ergo
2421 3783 2776 3860 ordinabiliter
2801 3783 2942 3841 creta
2964 3786 3240 3860 dicuntur,
3265 3801 3391 3860 quae
3414 3783 3675 3860 ex__ordine

2101 3854 2350 3915 'cribrata'
2367 3868 2513 3914 sunt.
2551 3857 2722 3913 Simili
2751 3872 2913 3911 sensu
2950 3857 3090 3927 apud
3122 3854 3422 3911 Palladium
3467 3854 3559 3909 lib.
3591 3867 3673 3916 ιιι,

2101 3947 2218 3999 cap.
2253 3931 2324 3984 εξ
2343 3973 2356 3995 ,
2392 3931 2516 3984 bene
2544 3930 2668 3983 creti
2698 3929 2906 3984 cineris.
3597 3965 3605 3972 -

2199 4001 2254 4074 5)
2283 3993 2380 4056 llis.
2415 4003 2567 4074 Item.
2596 4010 2652 4057 et
2683 4001 2814 4074 edit.
2845 3999 3001 4074 Ven.,
3032 4014 3316 4074 consparsa
3350 4015 3362 4051 :
3391 4007 3446 4053 et
3472 4011 3594 4074 sane
3610 3993 3678 4074 si:

2104 4067 2305 4129 militer
2347 4074 2489 4140 apud
2517 4072 2910 4127 Tertulliannm
2952 4072 3044 4125 lib.
3090 4087 3138 4124 tv
3161 4067 3428 4125 adversus
3474 4067 3674 4124 Marcio;

2107 4160 2230 4200 nem
2259 4160 2379 4213 cap.
2411 4159 2567 4207 ntv,
2608 4143 2700 4197 alii
2730 4142 2914 4211 legunt
2953 4143 3385 4208 eonsparsionum
3423 4156 3517 4210 pro
3549 4153 3673 4213 cons-

2107 4209 2533 4287 persionumaet
2577 4209 2851 4283 conspersa
2893 4229 2962 4268 ex
3005 4209 3674 4287 communioriscriptiune

2109 4279 2412 4357 praefertur.
2444 4279 2804 4357 lluncauicm
2847 4294 3065 4357 textum
3092 4286 3309 4357 egr;egie
3347 4279 3573 4357 illustrat
3606 4279 3673 4332 lo-

2110 4351 2206 4413 cus
2231 4357 2452 4413 Catonis
2483 4356 2552 4411 de
2579 4356 2658 4410 Re
2687 4363 2820 4410 rust.
2852 4370 2968 4422 cap.
3006 4355 3074 4410 ἠ
3110 4351 3410 4408 {Farinam
3438 4354 3489 4406 in
3508 4359 3675 4422 morte-

2111 4431 2245 4482 rium
2294 4429 2461 4482 indito
2486 4444 2503 4480 :
2532 4443 2718 4495 gquam
2749 4419 3002 4494 paulatim
3022 4427 3225 4490 addito,
3250 4424 3562 4495 subigitoque
3578 4419 3675 4492 pul-

2112 4502 2234 4554 chre
2263 4517 2281 4554 :
2330 4499 2419 4554 ubi
2463 4494 2698 4570 subigere
2737 4512 2833 4567 pro
2878 4508 3179 4564 attrectare,
3223 4494 3454 4568 agitare,
3497 4494 3675 4548 miscere

417 4572 645 4652 deforme
687 4565 989 4664 perﬂeomu'
1016 4568 1264 4622 exilioris.
1300 4567 1397 4622 Ms.
1447 4565 1664 4648 Urbin.,
1705 4570 2005 4639 deformem,
2036 4605 2090 4664 Ι)
2113 4573 2328 4645 όὶεἰιιιιξ.

417 4643 505 4713 qui
528 4640 695 4696 cornu
717 4640 949 4713 exiliens.
1035 4693 1039 4697 _

491 4713 606 4783 (15)
639 4713 778 4766 Edit.
812 4710 936 4765 Ver.
969 4726 1090 4764 cum
1119 4709 1326 4779 aliquot
1357 4723 1485 4764 mss.
1516 4725 2004 4782 omne,perperam.

419 4771 545 4838 Non
574 4771 880 4855 magnopere
907 4798 1002 4855 pro
1030 4798 1130 4835 non
1171 4771 1568 4855 niagno__opere,
1599 4771 1909 4846 seu-facile,
1945 4783 2012 4836 de.

419 4871 527 4926 quo
554 4853 676 4909 vide
700 4855 886 4910 aduot.
921 4858 953 4909 9
995 4854 1046 4907 in
1081 4860 1239 4908 tract.
1274 4854 1327 4914 6,
1363 4853 1458 4907 lib.
1491 4867 1529 4906 ι.

493 4949 696 5003 Tnscr.
714 4944 1057 5016 ΧΙιΙνρέ-(Ι)
1074 4944 1247 4998 Prima
1265 4943 1482 5011 inscrip.
1502 4941 1554 5016 in
1571 4943 1656 4996 ed.
1675 4941 1796 4996 Ver.
1811 4941 1866 4996 In
1879 4942 2012 4998 Zen.

423 5030 478 5075 et
498 5022 586 5075 ed.
613 5022 770 5085 νεα..
794 5017 862 5072 ad
890 5014 1194 5087 Neophgtos
1217 5032 1234 5067 :
1269 5018 1319 5068 in
1345 5014 1555 5087 exteris
1578 5029 1708 5087 mss.
1733 5025 1910 5087 autem
1933 5028 2018 5068 se-

424 5092 617 5146 cunda.
633 5083 786 5146 Sicut
811 5100 992 5143 autem
1009 5083 1179 5141 vinea:
1202 5086 1658 5154 compar-atimicm
1684 5083 1900 5138 S.Zeno
1926 5101 2012 5138 ex-

427 5163 634 5233 plicans
660 5173 727 5216 tr.
761 5161 829 5216 27
864 5161 1126 5233 rationem
1152 5159 1254 5211 vini
1281 5156 1449 5233 apud
1469 5157 1717 5233 antiquos
1747 5155 2014 5233 condendi

425 5227 558 5289 satis
571 5235 852 5288 enucleate
875 5232 1222 5298 breviterque
1243 5228 1312 5282 ob
1328 5229 1517 5282 oculos
1543 5227 1751 5296 pesuit;
1778 5228 1849 5280 ita
1873 5243 2014 5281 nunc

427 5305 884 5372 comparationem
917 5302 1076 5356 tritici
1108 5299 1406 5369 Neophytis
1438 5298 2006 5372 propositurus,_anti-

426 5368 584 5443 quam
624 5378 773 5443 panis
800 5373 1119 5428 conficiendi
1153 5368 1414 5428 rationem
1445 5385 1550 5424 non
1583 5371 1760 5443 mitius
1784 5368 2011 5443 diligen-

429 5440 511 5500 t—er
559 5440 739 5516 paucis
785 5445 1051 5501 exhibet:
1083 5447 1300 5516 “th1?
1348 5443 1568 5516 allegari
1619 5442 1756 5516 s_olet
1804 5440 2010 5495 Seneca

428 5512 588 5581 epist.
637 5518 728 5581 90,
775 5517 869 5572 sed
916 5531 981 5570 eo
1029 5512 1352 5569 luculentius
1399 5513 1570 5568 multo
1626 5512 1774 5567 Zeno
1830 5520 2013 5565 noster

425 5589 571 5642 illam
612 5589 853 5655 esponit.
885 5587 1052 5656 Hujus
1093 5595 1272 5640 autem
1302 5584 1722 5652 comparationis
1766 5583 2011 5656 occasio-

432 5675 554 5713 nem
579 5659 729 5713 dedit
772 5655 999 5712 fortasse
1027 5657 1221 5710 Paulus
1251 5656 1532 5723 apostolus
1573 5672 1668 5726 per
1695 5655 2011 5726 allegoriam

429 5730 494 5787 de
540 5731 744 5800 azymis
789 5729 1127 5798 paschalibus
1152 5727 1196 5792 (l
1242 5726 1366 5783 Cor.
1417 5745 1470 5794 v,
1497 5726 1582 5798 7);
1634 5742 1754 5798 qua:
1789 5725 2009 5798 quidem

2188 4662 2269 4735 (4)
2295 4661 2584 4735 Germinali
2605 4660 2879 4735 habebant
2906 4662 3121 4735 editi__et
3151 4661 3397 4735 nonnulli
3424 4674 3578 4735 mss.,_
3595 4653 3672 4711 sed

2119 4735 2171 4788 in
2198 4731 2324 4788 aliis
2354 4735 2528 4787 tribus
2557 4732 2737 4792 Rem.,
2772 4732 2892 4787 Tol.
2940 4743 2996 4787 et
3039 4732 3167 4788 Urb.
3217 4733 3451 4805 gremiali
3488 4731 3674 4805 legitur.

2122 4806 2270 4860 llanc
2315 4805 2600 4859 lectionem
2635 4812 2688 4856 ιιι
2724 4806 3084 4874 retineremus
3114 4801 3254 4874 pene
3288 4809 3564 4874 suaserant
3587 4801 3674 4874 duo

2121 4877 2364 4944 ejusdem
2397 4874 2578 4929 smcnli
2621 4882 2890 4938 auctores,
2923 4873 3016 4942 qui
3041 4868 3284 4944 gremiale
3312 4875 3479 4928 oleum
3506 4868 3672 4944 simili-

2125 4942 2204 5002 ter
2236 4947 2454 5010 habent,
2487 4946 2749 5010 Quinctus
2773 4946 3024 4999 Octavius
3045 4942 3376 4998 Horatianus
3406 4959 3522 5012 cap.
3551 4942 3600 5006 9,
3628 4945 3673 4989 el

2125 5017 2444 5072 Theodorus
2475 5016 2781 5072 Priseianus
2812 5016 2906 5088 lib.
2937 5031 2977 5078 ι,
3004 5031 3123 5081 cap.
3149 5016 3208 5088 gi,
3241 5029 3378 5088 quos
3405 5026 3572 5068 tamen
3595 5021 3674 5088 pro

2124 5105 2229 5142 uno
2259 5091 2557 5157 eodemque
2586 5097 2809 5141 aut-tore
2839 5079 3117 5140 habendos
3147 5079 3425 5140 Fabiicius
3471 5079 3674 5157 ostendit

2125 5163 2173 5213 in
2209 5153 2532 5214 bibliothei'a
2584 5159 2767 5211 latina.
2799 5158 2904 5212 Sed
2933 5159 3126 5212 melius
3152 5157 3395 5211 eremiale
3419 5153 3672 5226 legendum

2121 5243 2231 5292 cst;
2265 5249 2296 5302 g
2323 5234 2466 5302 enim
2492 5245 2587 5297 pro
2610 5247 2636 5281 c
2660 5229 2712 5282 in
2744 5244 2890 5302 mis.
2908 5229 3168 5302 scriptum
3193 5243 3336 5302 saepe
3366 5228 3670 5302 observatur.

2119 5311 2172 5355 et
2220 5289 2318 5356 hac
2368 5289 2574 5355 ratione
2617 5301 2759 5368 apud
2799 5289 3157 5355 Columellam
3192 5289 3286 5352 lib:
3321 5312 3431 5371 xu,
3460 5289 3668 5371 capilli.

2117 5372 2308 5444 gremia
2333 5371 2533 5444 legitur
2579 5372 2631 5423 in
2657 5365 2792 5444 mss.
2813 5373 2918 5444 (ubi
2946 5372 3134 5426 eremia
3153 5381 3323 5444 (recte
3347 5368 3551 5444 editum
3565 5365 3669 5444 fuit;

2118 5437 2170 5496 ct
2189 5437 2438 5497 similiter
2459 5443 2724 5497 cremiales
2741 5443 2947 5496 ιιι-θωνα
2976 5442 3260 5506 legendum
3288 5439 3490 5494 notarit
3511 5437 3672 5506 Nerius

2120 5516 2502 5569 Analectorum
2547 5529 2692 5568 num.
2731 5515 2817 5578 Η,
2848 5513 2986 5582 apud
3020 5501 3308 5577 Ulpiamlm
3337 5510 3430 5566 Ιίδο
3463 5522 3594 5582 ξίινι
3621 5501 3668 5554 θ’

2123 5587 2199 5639 tit.
2225 5588 2282 5645 ‘5.
2319 5586 2377 5639 li.
2409 5588 2472 5639 de
2509 5587 2676 5640 soluto
2703 5577 3051 5650 matrimonio,
3083 5583 3111 5655 §
3141 5584 3228 5643 10,
3261 5582 3347 5655 ubi
3378 5583 3431 5635 in
3463 5577 3671 5655 gandet-

2123 5659 2189 5709 tis
2235 5656 2561 5712 Florentinis
2605 5659 2871 5724 gremiates
2909 5647 3120 5709 arbore}
3147 5647 3672 5724 scribitur,_Crsmiuut

2120 5735 2297 5784 autem
2327 5739 2380 5783 et
2407 5721 2650 5782 cremiaic
2676 5742 2704 5781 a
2733 5726 3010 5781 cremando
3037 5733 3280 5790 vocatur,
3313 5721 3455 5793 quod
3476 5727 3671 5777 crctnan
