3818 6220
172 313 268 370 497

171 525 369 596 egregia
414 534 630 580 coctura
676 539 840 576 suave
871 521 1208 587 redolentes,
1237 520 1329 592 qui
1373 522 1578 576 excocti
1619 533 1746 577 sunt

174 633 267 672 non
295 616 471 681 furno,
500 616 594 671 sed
627 616 800 678 fante;
835 628 941 668 non
972 612 1231 676 humano,
1258 613 1354 668 sed
1377 614 1498 684 igne
1524 613 1704 667 divino
1729 633 1740 668 :

173 725 267 765 non
295 711 415 765 illos
443 725 572 765 aura
603 709 844 774 corrupit
871 725 884 760 :
925 722 1032 760 non
1059 706 1234 762 fumus
1263 722 1478 760 amarus
1514 708 1694 763 iniecit
1729 728 1740 761 :

173 817 269 856 non
300 801 466 872 frigus
489 801 670 856 elisit:
699 799 862 872 πω
887 798 1052 868 (quod
1079 799 1194 867 plus
1230 799 1335 871 est)
1369 798 1446 872 (ἲὶ)
1479 801 1595 853 sine
1633 799 1763 856 fer-'

173 904 339 948 mento
378 894 536 948 levati
567 902 713 946 sunt.
736 890 896 946 Certe
920 891 997 962 (6)
1024 892 1294 947 cacabacii
1327 909 1434 947 non
1462 903 1605 958 sunt,
1637 909 1742 949 non

170 987 368 1051 vetusti,
417 1000 522 1040 non
556 985 682 1049 usti,
744 999 851 1037 non
903 984 1081 1074 crpdi,
1112 999 1219 1040 non
1260 986 1480 1040 mucidi.
1517 987 1746 1042 Lacteus

172 1078 270 1131 illis
298 1079 447 1132 color
466 1088 582 1134 est:
615 1076 822 1130 lacteus
847 1081 1011 1146 sapor
1033 1088 1135 1131 est.

173 1265 310 1320 facile
337 1273 535 1332 potest.
572 1263 776 1336 Cremia
801 1264 1018 1336 quidem
1059 1265 1199 1334 apud
1234 1264 1591 1322 Columellam
1630 1268 1748 1322 loco

170 1338 370 1391 laudato
413 1347 540 1389 sunt
555 1335 720 1407 Aligna
762 1335 939 1391 tenuia
968 1347 1019 1390 et
1049 1337 1212 1401 sicca,
1237 1352 1358 1406 qua:
1387 1340 1559 1407 ignem
1591 1338 1748 1394 facile

169 1407 488 1475 concipiunt.
543 1405 665 1462 Levi
703 1409 911 1475 quidem
950 1409 1068 1479 igne
1115 1421 1160 1461 et
1209 1405 1444 1463 tenuibus
1471 1411 1747 1463 admodum

171 1479 331 1550 lignis,
358 1493 474 1548 qua
502 1480 694 1551 gremia
720 1481 898 1551 rustici
936 1480 1224 1550 appellant,
1278 1482 1536 1551 fornacem
1570 1482 1746 1534 incen-

169 1549 331 1603 dimus
363 1568 378 1602 :
405 1558 460 1605 et
507 1549 634 1605 hinc
660 1549 977 1620 intelligitur
1010 1549 1165 1604 locus
1207 1549 1405 1617 vulgati
1441 1553 1751 1618 interpretis

171 1638 243 1690 ps.
269 1637 339 1687 CI,
388 1621 461 1676 ιε
516 1620 647 1674 Ossa
698 1637 809 1674 mea
846 1624 975 1693 sicut
1015 1623 1255 1693 rremium
1281 1633 1567 1693 aruerunt;
1597 1625 1753 1693 cujus

171 1693 305 1748 vocis
332 1693 784 1765 signiﬁcationem
815 1692 1062 1747 eamdem
1107 1691 1266 1765 affert
1310 1691 1675 1765 Hieronymus
1699 1695 1751 1749 in

169 1779 279 1832 cap.
329 1779 364 1818 ι
407 1764 587 1819 Osca.
637 1762 917 1820 Cremiales
959 1765 1083 1818 item
1113 1764 1339 1818 arbores
1371 1766 1423 1818 in
1469 1762 1752 1820 Pandecus

168 1845 309 1897 sunt,
338 1852 457 1902 qum
501 1834 660 1890 facile
687 1836 1078 1891 accenduntur.
1117 1835 1193 1889 Ex
1231 1834 1318 1889 his
1348 1851 1478 1905 ergo
1513 1837 1752 1891 eremiale

169 1908 327 1962 oleum
355 1907 644 1976 legendum
669 1910 872 1974 pariter
891 1920 971 1960 est
995 1907 1132 1974 apud
1159 1917 1486 1962 memoratos
1513 1907 1753 1973 Scripto-

172 1995 284 2040 res;
313 1989 364 2031 et
392 1978 752 2047 significatur,
787 1979 861 2032 uti
891 1987 944 2032 et
965 1978 1103 2046 apud
1132 1977 1435 2044 Zenonem,
1463 1994 1752 2034 commune

173 2050 362 2112 oleum,
391 2051 537 2115 quod
570 2052 624 2106 iu
655 2049 894 2104 lucernis
922 2048 1162 2104 adhiberi
1193 2051 1421 2103 solebat.
1449 2049 1750 2104 Notandum

171 2121 393 2190 denique
423 2133 543 2186 est,
576 2121 762 2176 farina:
794 2137 1024 2175 maSsam
1053 2121 1163 2188 jam
1196 2135 1544 2189 conspersum
1589 2133 1753 2190 atque

171 2194 457 2257 subactam,
503 2204 699 2262 praiter
739 2195 819 2247 sal
867 2192 1111 2251 inditum.
1165 2194 1286 2245 oleo
1333 2207 1548 2261 quoque
1588 2207 1749 2247 eous-

174 2265 311 2334 pergi
340 2267 720 2326 consuevisse.
769 2275 827 2318 ut
868 2267 1020 2333 panis
1053 2263 1239 2327 fieret;
1270 2264 1411 2333 quod
1437 2275 1612 2318 tamen
1647 2280 1751 2317 non

172 2335 235 2388 de
255 2337 396 2388 omni
431 2351 572 2402 pane
599 2337 1000 2406 intelligendum
1033 2346 1303 2402 putamus,
1337 2335 1428 2387 sed
1455 2335 1522 2389 de
1547 2335 1751 2405 aliquo,

174 2422 321 2474 quem
369 2408 490 2462 huic
517 2408 584 2460 ad
611 2407 924 2478 Neophytos
958 2410 1152 2460 Auctor
1195 2407 1477 2478 transfert,
1506 2417 1562 2459 ut
1591 2408 1756 2474 signi-

175 2479 287 2532 licet
303 2479 508 2544 oleum,
532 2495 636 2546 quo
663 2477 740 2531 illi
769 2477 889 2544 ungi
913 2478 1159 2530 Sl)l='llanl
1187 2478 1301 2530 sive
1322 2488 1448 2530 ante
1465 2477 1752 2545 baptisma,

173 2550 279 2603 sive
301 2560 449 2618 post,
483 2549 786 2620 prtesertim
819 2550 870 2602 in
918 2548 1232 2620 chrismate,
1268 2564 1363 2616 pro
1393 2565 1500 2616 quo
1546 2551 1758 2618 Augus-

176 2621 307 2672 tinus
333 2635 503 2675 serm.
528 2620 655 2681 227,
683 2623 851 2673 oleum
877 2619 1128 2688 appellat.

239 2690 318 2763 (5)
341 2691 608 2760 Spectare
633 2705 823 2746 auctor
851 2691 1060 2744 videtur
1089 2689 1180 2743 illa
1201 2689 1347 2744 Pauli
1377 2689 1444 2760 (l,
1469 2688 1588 2744 Cor.
1616 2691 1754 2762 νῆ),

174 2763 253 2816 ιιιιί
282 2765 494 2832 primos
525 2764 644 2818 illos
665 2765 992 2817 cluiStiauos
1020 2777 1236 2833 azymos
1269 2776 1433 2830 panes
1467 2772 1644 2826 vocat,
1666 2763 1758 2833 qui

173 2835 367 2888 scilicet
392 2845 717 2906 expurgato,
759 2846 814 2887 ut
842 2836 936 2906 ait,
971 2835 1136 2906 veteri
1168 2832 1433 2906 fermento
1460 2832 1760 2888 malitite’ct

173 2907 440 2972 nequitiac,
471 2905 610 2960 nova
635 2905 1023 2974 conSpersione
1064 2905 1181 2958 sine
1210 2905 1316 2956 ullo
1343 2907 1628 2968 fermento,
1652 2920 1759 2975 quo

174 2992 342 3032 massa
366 2988 476 3033 tota
507 2979 892 3046 corrumpitur,
921 2976 1093 3048 azymi
1122 2976 1304 3030 mundi
1332 2976 1398 3031 de
1429 2979 1574 3031 fonte
1601 2978 1759 3033 levati

173 3057 289 3101 sunt

237 3120 317 3190 t6)
365 3118 652 3176 Cacabacei
701 3120 985 3190 legendum
1031 3117 1198 3173 videri
1246 3127 1444 3190 patcst,
1491 3118 1756 3188 siquidem

172 3189 489 3247 Tertulliani
537 3189 1050 3247 codices’adverrus
1097 3189 1486 3257 Hermogenem
1513 3206 1631 3257 cap.
1665 3189 1757 3257 41,

1309 314 1510 370 LIBER
1555 315 1614 370 ll.
1659 316 2074 375 TRACTATUS
2118 320 2299 373 XLIV.

175 441 477 501 temperata,
497 431 549 486 in
570 444 735 502 panes
760 423 977 501 azymos
996 428 1224 483 reddita.
1258 429 1341 494 Ili,
1370 444 1505 497 quos
1528 429 1742 495 videtis,
1776 434 1822 492 Α

3332 325 3434 378 493

1924 431 1983 484 ιι.
2017 431 2121 485 Sed
2143 434 2408 498 fortassis,
2455 433 2596 501 quod
2623 433 2864 489 nonnulli
2894 435 2971 506 (7)
3002 434 3169 488 forma
3191 436 3439 491 videntur

1852 523 2111 588 minores,
2134 526 2178 579 si
2207 540 2362 580 secus
2385 526 2540 598 267
2571 527 2770 598 aliquid
2809 528 2876 583 de
2904 529 3107 598 pistore
3131 531 3394 585 sentiatur
3421 575 3434 596 ,

1852 631 1967 670 mea
2015 617 2147 671 nihil
2183 619 2436 682 interest,
2487 620 2678 674 fratres
2711 638 2722 673 :
2751 622 2873 691 quia
2923 621 3027 676 etsi
3057 635 3256 691 pauper
3283 637 3398 677 sum
3425 665 3439 684 ,

1853 716 2031 763 tamen
2066 708 2294 764 frontem
2326 725 2497 764 meum
2548 723 2722 775 tueor,
2772 720 2828 767 et
2878 712 3033 766 [idem
3091 729 3260 767 meam
3295 716 3440 766 novi.

1852 800 2013 856 Certe
2041 803 2084 855 si
2116 802 2242 867 quid
2269 803 2463 878 sciunt,
2505 804 2684 858 dicant
2717 804 2794 874 (8)
2822 805 3080 873 operarii,
3107 806 3195 874 qui
3230 821 3439 861 mecum

1853 903 1996 947 sunt.
2031 893 2204 949 Lucro
2229 895 2462 965 gaudeo,
2495 898 2588 952 sed
2617 897 2734 950 sine
2779 896 2903 950 furti
2932 899 3282 964 conscientia,
3312 914 3442 954 sane

1852 988 2133 1044 confiteor.
2186 991 2425 1060 Denique
2454 999 2510 1046 et
2547 1005 2644 1046 vos
2666 989 2908 1045 retinetis
2937 991 3016 1062 (9)
3063 992 3272 1060 pondus
3301 993 3444 1046 anti—

1853 1099 2014 1152 quum
2053 1102 2065 1138 :
2111 1084 2320 1139 habetis
2361 1085 2571 1156 aginam
2605 1103 2616 1138 :
2665 1084 2912 1155 exagium
2949 1083 3128 1150 facite,
3181 1084 3444 1155 quemad-

1857 1276 1972 1346 voci
2003 1274 2362 1345 intelligenda:
2395 1276 2560 1330 facem
2590 1276 2860 1346 przeferet.
2899 1277 2988 1332 Sic
3009 1286 3188 1331 autem
3212 1277 3302 1330 ille
3328 1279 3402 1332 ait
3429 1297 3441 1330 :

1858 1341 1983 1419 Cum
2010 1341 2257 1413 redi/irin,
2290 1365 2400 1416 qua!
2424 1341 2770 1409 iiirittaéttlatn,
2801 1349 2969 1401 adhuc
2987 1351 3154 1416 aperis
3180 1351 3254 1401 tui
3279 1351 3446 1419 gratia

1855 1415 2156 1490 splendent,
2203 1415 2475 1490 obscurata
2524 1421 2703 1473 muniis
2732 1415 3039 1490 insipientite
3067 1437 3216 1476 inea).
3264 1415 3343 1479 et,
3391 1428 3447 1472 ut

1895 1489 2011 1556 igno
2058 1489 2284 1541 versibus
2338 1491 2460 1542 meis
2501 1500 2617 1542 utar
2655 1489 2843 1553 verba,
2887 1493 3127 1543 caenbata
3168 1491 3448 1544 ridentibus

1858 1559 2122 1630 multis...
2155 1560 2428 1628 adspicies,
2461 1570 2564 1614 etc.
2600 1562 2686 1613 ubi
2736 1561 2978 1614 carabuta
3019 1561 3237 1627 vulgare
3277 1562 3447 1630 quod-

1855 1627 1978 1681 dam
2003 1627 2326 1698 adjectivbm
2350 1631 2601 1684 Paulinus
2628 1641 2865 1695 usurpat,
2892 1641 2945 1684 ut
2970 1631 3167 1700 aliquid
3195 1627 3442 1698 amplius,

1855 1715 2012 1773 quam
2031 1701 2365 1773 obscuratum
2407 1702 2691 1770 signiticet.
2732 1701 3012 1773 Denigrata
3054 1703 3269 1773 exponit
3309 1703 3446 1757 llos-

1857 1771 2064 1824 wcidus
2095 1771 2144 1824 ili
2177 1773 2609 1826 annotationibus
2641 1789 2692 1841 p.
2726 1771 3016 1828 906.‘lline
3052 1771 3168 1826 ollie
3199 1773 3451 1827 cacabatte

1858 1841 1996 1912 apud
2043 1842 2312 1912 Pelagium
2343 1845 2394 1897 in
2430 1843 2566 1898 Vitis
2592 1844 2805 1898 Patrum
2849 1845 3030 1898 libello
3057 1860 3141 1906 xv,
3175 1856 3298 1898 sunt
3323 1845 3444 1899 ollae

1858 1910 2082 1980 fuligine
2122 1910 2436 1984 denigratrr.
2487 1914 2668 1985 Itaque
2714 1933 2868 1981 panes
2893 1916 3147 1969 meabaeii
3179 1926 3300 1969 sunt
3333 1916 3448 1969 vul-

1855 1997 2011 2052 gares
2041 1995 2090 2037 et
2123 1986 2258 2038 viles
2303 2002 2490 2054 panes,
2525 2002 2591 2040 ex
2641 1986 2812 2040 farina
2859 2003 2963 2041 non
3009 1987 3297 2042 lectissima
3349 2002 3448 2041 nec

1859 2057 1996 2107 bene
2028 2056 2258 2109 cribrata
2305 2059 2507 2112 eonditi
2529 2099 2541 2118 ,
2574 2068 2628 2112 et
2655 2058 2854 2112 idcirco
2884 2057 3048 2122 fusci,
3096 2058 3288 2126 quibus
3317 2072 3448 2113 sane

1857 2141 2013 2195 panes
2042 2128 2189 2197 lactei
2215 2129 2401 2181 coloris
2431 2129 2579 2182 Zeno
2609 2131 2981 2197 opponitsnec
3011 2145 3113 2181 non
3158 2129 3281 2182 illos
3301 2172 3314 2186 .
3356 2131 3447 2196 qtti

1858 2208 2007 2249 certa
2039 2196 2207 2250 forma
2231 2212 2487 2270 certoque
2518 2196 2670 2270 signo
2689 2203 2854 2252 u0tati
2884 2216 2911 2251 a
2941 2200 3230 2270 pistoribus
3253 2214 3448 2254 venum

1859 2279 2218 2340 eXprmuulur.
2253 2269 2492 2324 Tandem
2533 2269 2583 2323 hi
2616 2272 2874 2324 cambucii
2907 2287 3073 2340 panes
3106 2269 3180 2322 illi
3223 2284 3343 2324 esse
3371 2270 3450 2323 vi-

1859 2337 2078 2401 dentur,
2118 2355 2252 2406 quos
2282 2342 2517 2395 sordidos
2543 2351 2593 2396 et
2629 2337 2987 2395 Sardinienses
3027 2351 3179 2393 vocat
3229 2341 3311 2394 lex
3343 2341 3448 2394 Va-

1861 2407 2138 2483 lentiniani
2179 2411 2244 2463 de
2284 2414 2488 2465 Annon.
2538 2413 2676 2466 civil.
2722 2422 2766 2465 et
2811 2429 2932 2483 pan.
2980 2413 3132 2482 grad.
3162 2413 3353 2480 quibus
3383 2428 3449 2466 ex

1860 2479 2091 2534 adverso
2121 2483 2259 2535 locat
2289 2497 2454 2550 panes
2482 2483 2730 2548 mundos;
2758 2479 2820 2539 et
2845 2479 3160 2536 forte'etiam
3183 2479 3334 2537 fidem
3366 2493 3450 2536 est

1862 2550 2085 2617 plebeius
2107 2551 2196 2605 ille
2221 2555 2392 2621 panis,
2427 2557 2509 2607 cui
2533 2555 2824 2624 siligineum
2853 2570 2915 2608 ex
2950 2555 3239 2609 lectissima
3273 2553 3443 2608 farina

1860 2633 2196 2694 eompactum
2229 2626 2450 2694 opponit
2481 2625 2688 2680 Seneca
2718 2626 2875 2693 epist.
2907 2640 3052 2679 cxtx.

1933 2691 2021 2763 (7)
2047 2691 2423 2765 Diflicultzitem
2459 2697 2574 2750 haec
2603 2691 2763 2750 verba
2805 2697 3093 2751 maximam
3129 2698 3302 2765 primo
3328 2699 3451 2751 ads-

1863 2774 2019 2833 pectu
2069 2764 2429 2838 ingesserunt,
2484 2782 2606 2822 cum
2649 2783 2752 2821 non
2802 2771 2984 2822 statim
3037 2764 3447 2838 intelligeretur,

1861 2836 2130 2903 quonme
2157 2850 2222 2891 ex
2263 2837 2552 2908 Neopliylis
2582 2838 2798 2906 quidam
2844 2840 3012 2908 {arma
3038 2836 3258 2892 minores
3281 2839 3450 2894 videri

1864 2915 2104 2980 possent,
2136 2919 2190 2961 ut
2223 2909 2414 2962 exinde
2445 2909 2701 2964 adversus
2733 2911 3017 2978 pistorem,
3051 2909 3100 2963 id
3134 2921 3215 2962 est
3240 2910 3453 2980 episco-

1867 2975 2336 3052 pmn_Zenonern,
2382 2982 2470 3048 qui
2517 2995 2577 3035 se
2628 2975 2915 3052 pauperem
2967 2975 3290 3049 profitetur,-
3325 2981 3452 3036 fnrti
3529 2989 3536 2998 '

1864 3049 2100 3121 suspicio
2140 3049 2405 3116 rediret,a
2439 3066 2544 3121 qua
2566 3049 3033 3117 sta—vindicandum
3067 3051 3170 3106 hoc
3211 3053 3328 3107 loco
3359 3069 3456 3121 pu-

1865 3117 2016 3192 tavit.
2062 3120 2132 3174 At
2166 3136 2287 3176 cum
2317 3139 2381 3177 ex
2415 3117 2533 3176 aliis
2574 3124 2887 3177 tractatibus
2931 3131 3170 3187 censtet,
3225 3117 3450 3192 pueros,

1865 3189 2258 3256 adolescentes,
2281 3194 2508 3263 juvenes
2553 3208 2607 3249 et
2638 3210 2796 3249 senes
2825 3189 3246 3263 quamplurimos
3266 3189 3450 3260 cuius;

173 3264 473 3339 caecitatem
513 3263 942 3339 scribunt.__Sed
992 3261 1291 3339 cacabacius
1347 3262 1486 3339 apud
1509 3332 1518 3339 _
1542 3260 1760 3339 Papiam
1791 3275 1836 3339 ρ
1867 3272 2161 3339 que_sexus
2190 3273 2246 3317 et
2270 3260 2598 3339 conditionis
2634 3260 2934 3339 baptizatos
2973 3260 3163 3328 fuisse,
3190 3266 3302 3336 ’qui
3344 3265 3453 3320 fere

175 3333 359 3402 legitur
391 3350 514 3391 voc.
553 3334 734 3389 Panis.
769 3335 1043 3398 Similiter,
1079 3337 1173 3398 ait,
1207 3345 1253 3387 et
1282 3332 1580 3387 coetibucius
1611 3336 1758 3403 panis

172 3406 364 3460 calidus
407 3411 621 3460 siccat:
669 3407 890 3479 frigidus
932 3422 1049 3459 vero
1081 3407 1248 3479 minus
1279 3405 1446 3479 multo
1489 3406 1654 3479 siccus
1698 3422 1760 3479 ea:

172 3488 311 3544 parte
357 3487 624 3532 extenuat.
663 3476 954 3532 Cacaliacei
1004 3476 1325 3545 significatio
1355 3490 1520 3544 penes
1548 3476 1759 3530 'l‘ertul-

173 3547 364 3601 lianum
398 3551 698 3618 perturbati
719 3561 774 3604 et
799 3549 1094 3603 turbulenti
1124 3559 1324 3606 motus.
1352 3549 1440 3614 qui
1472 3548 1521 3599 iu
1548 3549 1760 3618 carabis

173 3617 554 3674 ebulliert’tibus
601 3621 1050 3690 deprehenditur,
1105 3621 1208 3671 vim
1263 3619 1536 3690 extirimit.
1588 3617 1761 3671 Motus

174 3706 268 3743 non
310 3689 796 3756 turbulentuspnec
839 3692 1149 3745 cambuceus
1186 3689 1434 3758 (scilicet
1471 3689 1536 3743 ad
1576 3691 1760 3743 cacahi

173 3777 262 3815 seu
306 3765 427 3817 οιιω
480 3763 707 3833 undique
749 3763 1038 3818 ebulliemis
1068 3763 1488 3823 similitudinem,
1533 3771 1583 3814 ut
1618 3761 1760 3815 idem

175 3833 286 3900 ipse
314 3835 478 3904 paulo
491 3846 617 3889 ante
643 3835 1002 3904 dixerat),sed
1026 3835 1334 3901 compositus
1361 3845 1403 3885 et
1433 3841 1758 3904 temperatus.

173 3905 292 3960 lltec
319 3903 664 3974 significatio
693 3909 782 3976 qui
817 3907 1039 3974 panibus
1066 3905 1362 3976 convenire
1402 3915 1585 3972 queat,
1621 3903 1761 3958 haud

175 3977 388 4041 intelligi
426 3987 626 4047 potest.
658 3975 772 4032 Alia
803 3979 964 4045 igitur
995 3975 1365 4043 interpretatio
1395 3975 1725 4047 exquirenda
1745 4016 1759 4040 ,

171 4063 286 4113 qua:
325 4045 754 4104 Zenonisa-tate
797 4048 922 4102 huic
965 4050 1080 4100 voci
1133 4048 1489 4115 responderit.
1528 4045 1764 4099 Joannes

174 4118 446 4174 Filesacus
469 4120 564 4175 lib.
606 4118 1133 4188 tSelectorum'rap.
1164 4119 1199 4174 '5
1224 4125 1279 4172 et
1303 4116 1368 4171 M
1411 4131 1441 4169 a
1479 4118 1765 4182 κακαϐἰζειν

174 4192 446 4257 perdicutn
477 4207 613 4244 Voce
656 4192 905 4256 deducit,
956 4202 1011 4242 ut
1060 4192 1307 4258 garrulus
1335 4199 1388 4241 et
1421 4204 1655 4258 nngaer-s
1693 4190 1766 4242 si-

171 4263 408 4329 gniticet.
465 4263 573 4318 Sed
621 4264 723 4317 etsi
768 4263 817 4315 id
871 4261 1182 4316 hominibus
1227 4260 1518 4313 Convenire
1560 4270 1762 4326 queat,

174 4343 346 4386 tamen
371 4351 498 4388 cum
525 4343 714 4387 auctor
740 4349 844 4388 non
873 4335 1137 4396 l:omim:s,
1165 4332 1258 4386 sed
1287 4345 1450 4401 panes
1471 4331 1767 4385 cacabacios

173 4406 438 4472 appellet;
483 4405 616 4458 nihil
661 4413 746 4460 est
800 4406 940 4474 quod
984 4405 1035 4457 in
1087 4403 1226 4457 hanc
1270 4409 1403 4474 seut
1431 4403 1593 4455 utinm
1639 4419 1764 4456 eum

171 4476 404 4532 locutum
451 4476 761 4532 credamus.
809 4473 979 4528 Porro
1026 4491 1088 4528 ex
1137 4473 1351 4528 cacabis
1396 4473 1534 4526 hanc
1578 4489 1764 4528 vocem

171 4548 417 4603 derivare
469 4549 646 4616 palam
694 4557 799 4602 est.
846 4546 1044 4600 Car-abi
1091 4558 1268 4599 autem
1314 4554 1469 4598 erant
1518 4547 1764 4616 coquinae

173 4633 290 4673 vasa
323 4637 393 4675 cx
423 4615 670 4674 \'arroue
702 4620 770 4672 de
811 4618 1014 4686 Lingua
1045 4616 1229 4687 Latina
1276 4616 1367 4669 lib.
1401 4632 1476 4680 tv,
1504 4630 1624 4687 cap.
1669 4615 1761 4681 27,

169 4707 395 4758 quorum
445 4691 583 4745 duas
634 4692 842 4757 species
872 4690 1167 4743 Columella
1211 4686 1489 4756 distinguit
1538 4686 1629 4740 lib.
1666 4702 1762 4753 xu,

170 4777 286 4832 cap.
315 4765 381 4819 Η
417 4774 470 4818 et
518 4761 609 4824 46,
650 4761 894 4832 [tgulinos
940 4769 986 4813 et
1026 4776 1213 4814 teneas.
1252 4758 1440 4832 Fuisse
1487 4765 1663 4811 autem
1711 4769 1764 4813 et

171 4830 427 4901 pistorios
450 4830 705 4894 eacahds,
731 4834 820 4886 ubi
849 4847 1014 4901 panes
1053 4847 1083 4884 a
1133 4830 1438 4901 pistoribus,
1466 4845 1766 4897 coqueren-

171 4900 274 4966 tur,
303 4922 373 4962 ex
399 4906 504 4962 hoc
527 4907 686 4959 unico
715 4900 951 4959 Zenonis
982 4903 1098 4957 loco
1126 4903 1385 4971 colligunt
1408 4900 1764 4956 Casaubonus

171 4977 218 5028 in
247 4979 658 5038 "alioaabalutn
687 4974 981 5045 Latupridii
1029 4989 1147 5044 pag.
1199 4974 1322 5032 150.
1356 4983 1412 5027 et
1456 4989 1521 5027 ex
1567 4973 1763 5045 eoBu-

171 5050 423 5120 lengerus
467 5051 534 5104 de
578 5044 856 5102 Conviviis
897 5046 990 5101 lib.
1040 5062 1118 5120 ιν,
1144 5054 1265 5114 αφ,
1298 5045 1382 5103 18.
1422 5055 1486 5120 _et
1516 5045 1550 5098 ii
1595 5044 1760 5110 dicti,

171 5117 438 5192 inquiunt,
468 5137 628 5192 partes
651 5120 930 5179 cacaboeii.
961 5119 1048 5185 qui
1069 5133 1304 5192 saporem
1325 5117 1520 5192 malum
1545 5133 1614 5192 ea
1628 5132 1766 5184 aqua

168 5194 218 5245 in
241 5188 436 5247 ὶιιειῡο
466 5188 714 5262 calciatus
763 5198 1055 5246 retmerent.
1103 5188 1207 5244 Sed
1238 5203 1416 5262 neque
1446 5189 1558 5242 haec
1601 5188 1766 5242 inter-

169 5268 406 5334 prolatio
434 5260 716 5322 satisﬂtCil.
748 5277 868 5315 cum
900 5275 1008 5334 non
1051 5262 1183 5314 satis
1234 5260 1584 5334 intelligatur,
1632 5274 1767 5328 quo-

169 5331 328 5392 modo
371 5337 607 5405 pistores
636 5335 687 5387 in
727 5333 1012 5405 coquendo
1048 5346 1187 5401 pane
1218 5331 1434 5386 cacabis
1464 5340 1761 5398 uterentur,

165 5410 230 5462 ex
265 5403 468 5479 quibus
513 5406 717 5479 malus,
764 5413 824 5479 ut
870 5403 943 5456 illi
987 5413 1203 5479 putant,
1258 5417 1421 5479 sapor
1473 5407 1522 5455 in
1571 5417 1761 5479 panem

166 5472 340 5546 ipsum
387 5493 490 5532 suo
518 5493 640 5532 cum
689 5477 1016 5529 detrimento
1054 5475 1276 5527 rediret.
1306 5472 1631 5527 Memoratus
1664 5474 1764 5527 Pa—

169 5552 279 5617 pias
327 5550 660 5603 clibanicium
705 5562 914 5617 panem,
941 5554 1191 5599 recenset
1243 5555 1460 5617 coctunr
1499 5546 1722 5617 in‘testa
1748 5587 1762 5606 ,

166 5615 530 5688 consulemque
569 5615 770 5670 siccum
801 5616 956 5669 valde
973 5626 1236 5688 testatur,
1275 5625 1334 5668 ut
1379 5615 1545 5668 videri
1596 5617 1766 5683 possit

169 5692 332 5756 idem,
359 5687 964 5757 aequetncacabacium
1008 5687 1321 5757 ιιθιιισιειιιε
1357 5688 1596 5757 vocavit;
1632 5697 1765 5738 testa

170 5755 350 5816 autem
380 5755 570 5814 αιξειιιί
597 5760 807 5827 species
837 5768 938 5810 est.
963 5757 1032 5810 At
1063 5757 1118 5811 S.
1158 5755 1362 5809 Paulini
1404 5755 1590 5827 Nolani
1617 5757 1770 5810 locus

169 5847 236 5885 ea
268 5831 434 5903 epist.
467 5826 662 5896 sunt,
708 5843 832 5883 num
899 5827 952 5891 9,
1000 5843 1118 5898 pag.
1146 5827 1273 5890 illi,
1303 5827 1433 5882 edit.
1477 5826 1600 5881 Ver.
1648 5829 1770 5882 huic

1868 3348 1932 3387 ex
1969 3332 2234 3407 Gentibus
2263 3337 2327 3388 ad
2362 3332 2721 3391 Christianam
2769 3337 3082 3407 religionem
3117 3332 3454 3402 transibant;

1861 3405 2408 3477 suspicarictepimus
2457 3409 2746 3462 nonnullos
2798 3405 2992 3477 pueros
3039 3408 3121 3461 vel
3143 3409 3457 3463 adolescen—

1866 3476 2005 3529 tulos
2035 3477 2327 3533 Gentilium
2373 3479 2439 3534 ad
2488 3479 2751 3547 baptisma
2800 3476 3100 3547 Susi-elitos,
3137 3494 3231 3546 per
3255 3481 3454 3548 allego-

1864 3548 1998 3600 riam
2032 3549 2251 3602 minores
2288 3550 2456 3614 [orma
2487 3552 2652 3606 videri
2706 3554 2973 3618 potuisse,
3016 3555 3212 3620 quippe
3251 3550 3341 3619 qui
3382 3553 3452 3605 ob

1864 3626 2078 3672 aetatem
2103 3621 2264 3674 nimis
2287 3629 2528 3675 teneram
2561 3636 2662 3676 ιιοιι
2693 3622 3000 3675 viderentur
3020 3636 3140 3675 esse
3162 3622 3450 3687 ejusmodi,

1867 3697 1924 3743 ut
1963 3691 2093 3745 satis
2137 3693 2244 3760 apti
2275 3702 2329 3745 et
2357 3694 2635 3751 instructi.
2681 3693 2762 3749 vel
2809 3693 2960 3746 liberi
2997 3691 3258 3758 baptisma
3308 3701 3455 3758 pete-

1865 3771 2010 3816 rent.
2044 3760 2180 3816 Hinc
2203 3774 2380 3818 autem
2415 3765 2537 3817 furti
2567 3763 2842 3833 cujusdam
2875 3763 3107 3829 suspicio
3139 3764 3189 3816 in
3230 3762 3451 3832 Episco-

1868 3848 1994 3897 pum
2025 3834 2236 3898 recidit,
2265 3849 2329 3887 ac
2357 3836 2400 3887 si
2429 3836 2652 3902 cupidus
2679 3834 2914 3888 lucrandi
2943 3833 3224 3903 plurimos,
3259 3849 3454 3902 pueros

1867 3919 2113 3966 minores,
2146 3920 2303 3971 quam
2338 3921 2432 3974 par
2455 3917 2616 3972 esset,
2652 3908 2701 3961 id
2745 3917 2825 3960 est
2859 3905 3097 3958 nondum
3127 3907 3206 3958 sui
3233 3919 3452 3973 compo-

1868 3985 1970 4038 tes,
2003 3977 2350 4048 uecidoneOS
2373 3978 2462 4046 qui
2496 3978 2562 4030 de
2604 3977 2862 4048 capienda
2909 3976 3164 4044 religione
3189 3975 3453 4030 decerno-

1871 4055 2010 4107 rent,
2045 4046 2128 4100 vel
2157 4062 2260 4100 non
2292 4049 2424 4102 Satis
2469 4046 2756 4103 iustrucios
2800 4064 2860 4100 ac
2892 4048 3166 4116 probatos,
3196 4063 3223 4098 a
3259 4061 3452 4114 paren-

1869 4127 1978 4171 tum
2008 4117 2265 4172 lateribus
2294 4119 2668 4181 abstraxisset,
2699 4119 2838 4188 quod
2868 4120 2984 4171 sine
3011 4117 3154 4171 furto
3193 4131 3313 4171 esse
3347 4134 3454 4172 non

1870 4196 2100 4254 poterat,
2121 4204 2244 4243 cum
2273 4190 2412 4243 filios
2442 4204 2473 4243 a
2505 4195 2816 4258 parentibus
2841 4191 3109 4243 abducere
3139 4203 3243 4242 non
3273 4189 3452 4252 liccat,

1868 4257 1970 4312 nisi
1992 4269 2269 4328 compotes
2288 4262 2367 4314 sui
2398 4263 2745 4316 christianum
2772 4260 2930 4315 fidem
2954 4260 3226 4328 amplecti,
3248 4270 3455 4328 patres—

1867 4346 1970 4402 que
2000 4331 2252 4387 desierere
2306 4333 2490 4387 velint.
2523 4332 2642 4402 Ipse
2667 4335 2884 4402 quidem
2934 4331 3077 4385 Zeno
3107 4331 3174 4384 ab
3206 4332 3304 4385 hac
3336 4348 3455 4385 sus-

1869 4401 2081 4470 picione
2123 4418 2227 4474 non
2260 4405 2416 4458 aliter
2453 4419 2514 4458 se
2547 4401 2754 4474 purgat,
2802 4419 2960 4472 quam
3003 4403 3371 4474 experimento
3400 4413 3457 4457 et

1870 4474 2184 4543 probatione
2209 4473 2446 4541 illoruru,
2475 4489 2610 4545 quos
2640 4473 2771 4542 ipsis
2795 4474 3128 4529 auditoribus
3154 4473 3457 4545 probandos

1867 4545 2108 4610 exhibet,
2143 4545 2273 4599 nihil
2303 4544 2572 4610 dubitans,
2605 4546 2734 4614 quin
2764 4562 2952 4601 omnes
2983 4544 3265 4608 tripondes,
3301 4545 3350 4598 id
3373 4551 3459 4600 est

1870 4616 1951 4684 (ut
1991 4617 2403 4688 explieiibimus)
2433 4619 2562 4671 satis
2607 4617 2926 4681 instructos,
2961 4616 3158 4688 liberos
3198 4630 3261 4669 ac
3299 4629 3455 4682 pares

1869 4688 2083 4741 caiteris
2109 4685 2392 4752 omnibus,
2411 4697 2570 4744 a-tate
2591 4690 2722 4743 nihil
2753 4688 3096 4755 impediente.
3139 4685 3451 4740 inveniendi

1868 4759 1994 4813 sint.
2028 4758 2187 4813 Forte
2209 4761 2369 4814 etiam
2397 4761 2632 4830 loquitur
2654 4761 2723 4814 de
2749 4759 2967 4825 adimis,
2986 4773 3120 4830 quos
3142 4772 3246 4810 non
3267 4758 3450 4830 statim

1870 4831 2277 4898 suscipiendos,
2313 4830 2414 4886 nisi
2447 4827 2670 4885 multum
2705 4831 2909 4899 probati
2949 4829 3290 4899 etrinstrurti
3324 4827 3456 4883 fuis-

1868 4912 2006 4968 sent,
2039 4904 2305 4957 sententia
2339 4913 2474 4964 erat,
2503 4919 2603 4969 qua
2635 4898 2986 4969 quorumdam
3017 4898 3080 4969 in
3113 4899 3302 4952 iisdem
3333 4913 3455 4954 sos—

1867 4974 2131 5041 cipiendis
2182 4975 2432 5027 celeritas
2476 4968 2991 5039 reprehendebatur.
3042 4968 3177 5024 Vide
3217 4969 3456 5026 Marteue

1870 5056 2000 5098 tom.
2031 5061 2048 5098 ι
2079 5046 2146 5099 de
2181 5047 2392 5113 Antiqu.
2430 5045 2570 5097 Eccl.
2608 5043 2749 5096 ritib.
2782 5057 2900 5110 cap.
2937 5043 2990 5107 1,
3022 5053 3124 5094 art.
3154 5045 3208 5106 8,
3245 5057 3390 5095 num.
3421 5044 3454 5096 5

1868 5125 1922 5170 et
1964 5116 2332 5185 sequentibus.
2374 5114 2539 5182 Hujus
2577 5122 2756 5168 autem
2789 5113 3226 5182 reprehensionis
3264 5114 3455 5169 eadem

1867 5187 2160 5242 vindicatio
2184 5197 2285 5240 est.

1943 5258 2022 5328 (8)
2067 5256 2341 5324 Operm-ii,
2395 5256 2485 5324 qui
2536 5256 2611 5328 in”
2655 5256 3060 5328 czrjechumenis
3101 5256 3482 5328 instruendis,’

1869 5325 2164 5399 probandis
2226 5343 2288 5382 ac
2370 5326 2644 5381 initiandis
2699 5325 2904 5381 Zenoni
2971 5327 3406 5396 cooperabantur
3438 5371 3452 5392 ,

1867 5400 2196 5471 quosque,si
2220 5399 2344 5469 quid
2373 5408 2560 5453 contra
2589 5413 2648 5451 se.
2666 5399 2734 5452 de
2760 5399 3045 5471 neopliytis
3065 5400 3260 5471 sciant,
3291 5408 3456 5453 testes

1869 5469 2126 5540 appellat,
2171 5471 2357 5542 procul
2382 5471 2546 5542 dubip
2589 5482 2714 5524 sunt
2748 5469 3057 5542 presbyteri
3113 5480 3166 5523 et
3217 5469 3455 5535 diaconi,

1869 5557 1934 5597 ac
1992 5540 2216 5612 proinde
2245 5543 2448 5598 clerum
2499 5540 2702 5597 Zenoni
2737 5541 2849 5610 jam
2895 5540 3061 5595 fuisse
3115 5543 3458 5598 manifestum

1869 5625 1972 5667 est.

1946 5686 2026 5754 ιθ)
2055 5685 2149 5739 llic
2177 5686 2326 5739 locus
2345 5699 2467 5739 cum
2497 5683 2563 5736 ad
2597 5685 2831 5753 pistorii,
2859 5693 2918 5738 ut
2959 5686 3031 5737 ita
3063 5683 3329 5748 dicamus,
3366 5699 3461 5750 pa-

1882 5756 1964 5808 nis
1991 5756 2218 5824 pondus,
2245 5756 2386 5822 quod
2415 5757 2500 5810 vel
2529 5756 2655 5808 olim
2678 5767 2884 5809 tertum
2911 5769 3032 5808 esse
3063 5755 3312 5820 debebat,
3340 5755 3468 5808 alle-

1882 5830 2063 5895 gorice
2095 5830 2383 5896 pertineat.
2418 5838 2564 5882 recte
2593 5843 2693 5896 pro
2719 5827 2978 5896 edignmn,
3021 5827 3163 5896 quod
3194 5827 3388 5895 legitur
3413 5824 3466 5874 in
