3818 6220
426 334 521 390 .‘tlt
1793 334 2031 390 sautz'rt
2076 336 2365 402 'lliN'lelR

3422 96 3799 179 “F—

3586 340 3621 389 3.
3641 342 3706 395 12

423 455 709 513 carnaliter
736 454 973 510 sentiunt
998 493 1011 516 ,
1052 451 1102 505 in
1132 453 1491 523 gregibusque
1538 455 1779 523 pecuinis
1805 470 2001 524 agnum
2034 459 2077 514 Α
2112 458 2183 509 ttti
2237 457 2480 510 criminis
2535 456 2859 526 gratularis?
2894 454 2948 510 In
3001 453 3237 525 .IEgypto
3275 455 3441 529 284
3479 463 3707 516 senisu

425 549 505 620 (5)
528 548 713 603 bifaria
738 554 923 600 natura
959 544 1307 599 commissam
1334 585 1349 608 ,
1381 544 1469 614 qui
1508 545 1735 600 inveniri
1766 560 1871 600 non
1915 562 2009 615 po—

430 654 570 709 test,
614 647 899 711 quaerunt,
954 638 1031 693 sic
1083 637 1165 712 (4)
1203 653 1399 709 agnum
1457 654 1645 695 vermn
1686 637 1963 697 Christum
1992 683 2006 705 ,

424 750 583 807 quem
639 734 996 796 invenerant,
1059 729 1442 798 perdiderunt:
1501 746 1607 786 non
1658 733 1801 787 enim
1854 733 2012 788 intel-

427 830 651 892 lexere,
684 826 807 894 quia
857 839 925 879 ex
962 823 1131 880 hmdis
1183 825 1416 880 humana
1456 826 1841 897 designabatur
1884 842 2011 882 caro

426 920 533 975 suis
558 929 750 973 onusta
785 917 1019 985 peccatis
1055 959 1068 983 ,
1101 933 1168 971 ex
1213 918 1403 974 ovibus
1432 920 1653 988 spiritus
1680 920 2029 989 majestatis:_

425 1027 541 1083 qua:
569 1019 792 1080 utraque
814 1011 865 1064 in
892 1009 1111 1065 Christo
1157 1023 1410 1068 concreta
1438 1054 1453 1077 ,
1486 1029 1680 1083 agnum
1716 1015 2009 1083 legitimum

425 1104 812 1173 praasliterunt.
848 1102 944 1157 Hic
964 1114 1050 1159 est
1078 1120 1246 1173 agnus
1266 1150 1281 1173 ,
1314 1105 1527 1172 fratres,
1560 1106 1627 1162 de
1653 1122 1758 1176 quo
1790 1107 1871 1178 (5)
1901 1107 2008 1162 Lex

423 1198 528 1251 ait:
562 1195 765 1249 Pascha
793 1205 869 1251 est
894 1195 1105 1250 Domitii
1130 1197 1328 1265 (Exod.
1372 1216 1441 1253 xu
1464 1242 1479 1265 ,
1507 1201 1564 1255 11
1591 1242 1605 1263 ,
1634 1199 1745 1269 27).
1778 1200 2007 1270 Aposto-

423 1289 508 1372 lus
542 1304 756 1359 quoque
805 1289 1034 1345 Paulus:
1086 1290 1294 1345 Pascha
1353 1302 1578 1346 nostrum
1618 1294 1910 1346 immolatus
1938 1304 2013 1347 est

426 1383 659 1436 Christus
684 1382 727 1453 (l
792 1380 915 1437 Cor.
947 1400 979 1437 v
1011 1425 1025 1446 ,
1052 1385 1128 1453 7).
1165 1384 1274 1439 Cur
1320 1394 1497 1439 autem
1549 1384 1799 1455 dignatus
1854 1384 2013 1438 fuerit

427 1474 719 1540 immolari,
739 1474 976 1545 Joannes
1002 1475 1236 1545 Baptista
1260 1488 1384 1531 ante
1411 1476 1717 1545 prmdicavit
1748 1476 1830 1529 his
1853 1476 2011 1549 283

424 1567 604 1622 verbis
630 1587 644 1622 :
692 1569 822 1622 Ecce
856 1584 1016 1641 agnus
1057 1567 1187 1635 Dei,
1219 1586 1365 1635 ecce,
1395 1572 1481 1639 qui
1502 1558 1652 1624 tollit
1684 1570 1758 1639 (6)
1809 1580 2013 1637 peccata

428 1661 623 1715 mundi
658 1658 836 1732 (Joan.
864 1677 901 1728 ι,
926 1660 1040 1732 29).
1067 1662 1162 1717 Hic
1183 1663 1363 1732 itaque
1386 1664 1560 1717 dictus
1576 1672 1660 1718 est
1690 1664 1766 1733 (7)
1784 1663 2014 1733 primiti-

432 1769 551 1820 vus,
579 1755 700 1825 quia
718 1766 955 1822 paterna:
984 1758 1321 1826 antiquitatis
1339 1762 1484 1811 solus
1515 1767 1598 1812 est
1619 1757 1889 1811 conscius.
1914 1755 2013 1809 Hic

428 1846 508 1919 (8)
541 1856 800 1914 maturus,
824 1849 945 1919 quia
970 1859 1090 1918 post
1117 1850 1288 1919 ipsum
1306 1865 1409 1904 non
1439 1858 1522 1905 est
1547 1849 1706 1903 ullus.
1742 1848 1838 1902 Hic
1865 1864 2007 1902 setn-
2043 1839 2100 1898 Β

433 1943 698 2009 piternus,
721 1943 845 2011 quia
868 1943 1208 2019 occispsest,
1239 1954 1293 1998 et
1324 1944 1570 1997 inventus
1599 1952 1683 1998 est
1706 1943 1879 1997 vivus.
1909 1941 2009 2019 llic

426 2034 801 2089 immaculatus
829 2051 857 2088 a
893 2000 1135 2104 pecciﬁo,
1168 2036 1291 2104 quia
1337 2036 1487 2089 solus
1513 2045 1595 2088 est
1627 2031 1877 2088 mundus;
1914 2034 2013 2088 Hic

423 2125 676 2179 salutaris
712 2168 726 2191 ,
765 2126 886 2195 quia
938 2142 1031 2192 per
1059 2127 1230 2194 ipsum
1282 2125 1549 2180 vincimus
1604 2134 1854 2181 mortem.
1915 2125 2013 2180 Hic

424 2220 717 2281 masculus,
751 2220 872 2289 quia
908 2219 998 2274 Dei
1023 2228 1107 2274 est
1128 2220 1317 2275 virtus.
1365 2219 1460 2274 llic
1491 2260 1505 2284 ,
1536 2220 1749 2289 inquam
1785 2260 1800 2283 ,
1840 2233 2011 2288 agnus

423 2311 713 2382 perlectus,
737 2313 859 2383 quia
884 2314 935 2368 in
966 2314 1083 2383 ipso
1106 2328 1329 2383 magnus
1355 2313 1444 2367 ille
1470 2312 1720 2368 sacerdos
1743 2313 1830 2381 pio
1863 2326 2010 2384 mys-

423 2406 562 2460 terio
589 2420 685 2459 sua
712 2407 926 2459 victima
962 2396 1219 2472 inclusus,
1257 2405 1415 2461 hodie
1446 2404 1611 2460 Deum
1644 2403 1881 2461 reddidit
1914 2407 2014 2457 Ito-

424 2500 645 2562 minem,
678 2513 835 2568 quem
868 2499 949 2569 (9)
979 2497 1166 2553 litavit.

914 2632 1331 2691 TRACTATUS
1370 2632 1501 2688 LVI.

822 2804 828 2813 ,
920 2748 999 2804 De
1041 2748 1124 2825 (ι)
1166 2748 1354 2813 Exodo
1389 2749 1472 2836 nt.

494 2888 729 2956 Tempus
785 2903 890 2952 non
938 2851 1087 2952 sinit,
1120 2886 1354 2950 fratres,
1403 2886 1479 2955 (2)
1514 2865 1730 2956 imagini
1782 2884 2008 2939 reddere

423 2984 729 3037 veritatem.
764 2980 1143 3036 Verumtamen
1177 2981 1361 3035 Jtnla‘e
1389 2980 1616 3050 qttitl(3)
1642 2979 2009 3034 monumentis

289 3124 309 3143 ’4
385 3196 393 3201 ,
490 3143 569 3208 (5)
600 3141 797 3211 Bifaria
828 3114 1227 3213 natura-agnum
1257 3152 1441 3197 auctor
1470 3150 1659 3207 vocat,
1689 3140 1778 3210 qui
1809 3156 1874 3196 ex
1904 3139 2004 3195 du-
2032 3146 2077 3210 ρ

419 3213 546 3283 pliei
580 3215 854 3268 haedorum
883 3224 937 3269 et
984 3217 1160 3267 ovium
1212 3215 1391 3282 specie
1420 3223 1631 3268 constat
1663 3224 1767 3279 ,-ut
1812 3229 1878 3267 ex
1920 3227 2004 3267 se-

417 3288 706 3355 quentibus
748 3286 1059 3340 tractatibus
1088 3286 1328 3355 liquebit.

493 3356 570 3425 (εὶ)
605 3357 776 3411 Voees
805 3374 992 3428 agnum
1023 3370 1077 3428 et
1103 3354 1363 3411 Christum
1395 3356 1592 3411 absunt
1639 3370 1667 3409 tt
1703 3370 1803 3411 ms.
1846 3354 2002 3410 Rem.

418 3429 473 3482 In
507 3429 841 3481 'I'olentinate
889 3444 1015 3483 vero
1044 3427 1301 3483 Christum
1334 3428 1506 3482 deest.

494 3500 571 3571 (5)
608 3499 751 3553 Edit.
787 3499 916 3555 Ven.
951 3494 1044 3569 pro
1087 3499 1195 3553 Lex
1246 3502 1317 3553 ait
1368 3500 1597 3554 habebat
1649 3500 1829 3571 litare:
1860 3498 2002 3553 Edit.

422 3570 549 3625 Ver.
605 3573 813 3625 helori:
864 3586 963 3625 ms.
1020 3572 1248 3633 Zenoet
1296 3572 1390 3639 Sp.
1438 3572 1661 3624 itrtare:
1708 3570 1801 3624 sed
1859 3572 2007 3624 nullo

418 3656 578 3696 sensu
606 3683 621 3705 ,
651 3644 740 3710 qui
772 3644 1085 3698 satisfaciat.
1134 3641 1326 3698 Czeteri
1358 3642 1576 3695 codices
1618 3641 1724 3695 Lex
1759 3643 1866 3704 ait,
1916 3643 2008 3696 ubi

418 3712 525 3787 Lege
552 3714 705 3787 sicuti
739 3716 932 3787 passim
967 3730 1060 3784 pro
1091 3714 1290 3787 Moysis
1320 3714 1471 3767 libris
1500 3713 1765 3787 sumitur,
1797 3715 2005 3787 utatibi

416 3780 893 3840 animadvertinu’ts
916 3827 930 3849 ,
968 3780 1051 3839 'ita
1086 3780 1228 3840 nunc
1262 3784 1685 3839 indicatlibrum
1720 3785 1924 3840 Exodi.
1954 3787 2003 3837 in

418 3871 521 3923 quo
553 3856 764 3925 quidem
802 3868 981 3911 textus
1037 3858 1241 3911 Pascha
1282 3867 1355 3912 est
1395 3857 1600 3910 Domini
1653 3857 1869 3927 legitur.
1904 3856 2008 3909 Ne—

417 3942 520 3995 que
544 3938 769 3999 moveat,
802 3929 942 3997 quod
976 3930 1027 3981 in
1048 3933 1258 3999 vulgata
1284 3930 1402 3997 eius
1425 3928 1527 3983 loci
1560 3929 2007 3998 interpretatione

416 4000 482 4069 sit
513 4015 526 4051 :
560 3997 750 4065 l’ltase,
784 4001 838 4051 id
864 4010 935 4054 est
957 3997 1198 4053 transitus
1246 4000 1491 4053 Donnni:
1544 3997 1733 4069 pascha
1775 4001 1917 4053 enim
1953 4008 2009 4052 et

420 4068 597 4141 phase,
622 4071 705 4124 vel
732 4074 979 4124 transitus
1008 4074 1146 4126 idem
1184 4086 1347 4136 sunt;
1393 4068 1553 4135 nam,
1588 4085 1644 4124 nt
1696 4071 2003 4141 Hieronymi

418 4139 597 4211 verbis
625 4149 836 4196 utamur
863 4142 914 4196 in
947 4159 1065 4211 cap.
1094 4144 1159 4197 5|
1212 4143 1362 4198 Isaia:
1386 4184 1401 4206 ,
1432 4160 1550 4211 pag.
1599 4141 1727 4205 425.
1762 4139 2003 4196 ιοιιιζινε

420 4209 751 4280 Manifestum
779 4224 850 4266 est
894 4209 1084 4281 pascha
1116 4257 1130 4279 ,
1181 4216 1275 4267 hoc
1306 4225 1377 4266 est
1403 4209 1602 4281 {phase
1651 4211 1866 4269 [λοιπὺή
1904 4230 2006 4265 non

418 4283 705 4353 passionem
755 4284 1044 4353 signi/icore
1074 4328 1087 4347 ,
1135 4288 1223 4339 sed
1269 4285 1563 4338 transitum.
1624 4285 1759 4338 Hine
1812 4285 2001 4337 eadem

417 4350 729 4425 Zenoniana
763 4350 1133 4423 interpretatio
1179 4369 1432 4424 usurpata
1479 4355 1669 4409 visitur
1713 4370 1743 4407 a
1794 4354 2009 4408 Tertul-

418 4425 563 4478 liano
603 4427 862 4480 adversus
891 4426 1107 4481 .tutlavos
1130 4443 1249 4495 cap.
1290 4428 1371 4490 ll,
1404 4436 1461 4481 et
1481 4426 1780 4495 prmsertim
1812 4441 1839 4479 a
1861 4425 2005 4481 Cau-

418 4495 565 4568 denti
592 4516 600 4543 ι
633 4512 799 4552 serm.
833 4496 890 4561 2,
918 4513 1036 4568 pag.
1065 4498 1156 4553 40.

2110 548 2223 613 ditt,
2257 548 2337 622 (4)
2367 566 2471 605 non
2527 561 2673 606 sorte
2724 550 3008 622 peregrini,
3055 547 3149 603 sed
3200 552 3414 607 merito.
3462 552 3709 622 Ereptus

2112 656 2171 697 es
2224 642 2389 697 inde:
2452 659 2557 697 non
2611 654 2696 697 tua
2730 646 2950 700 evasisti
2981 648 3196 703 virtute.
3231 645 3495 701 Columna
3537 648 3709 703 nubis

2115 740 2167 789 te
2219 734 2468 803 perduxit
2523 750 2616 803 per
2670 736 2831 801 diem,
2886 746 2941 791 ut
2993 738 3075 810 (5)
3132 738 3449 794 ostenderet
3493 753 3704 795 mecum

2116 826 2312 898 (Exod.
2339 825 2456 896 xm)
2475 845 2486 879 :
2505 828 2642 892 ignis
2669 830 2916 882 eninnma
2934 846 3028 899 per
3046 842 3282 897 noctem,
3300 843 3356 885 ut
3381 831 3710 888 admoneret

2114 933 2378 972 arsnrtnn.
2424 919 2659 989 Angelus
2692 921 2923 989 praevius
2953 931 3040 975 tua
3072 935 3251 977 castra
3310 925 3614 992 promovit,
3647 933 3708 979 ut

2113 1010 2275 1063 etiam
2327 1012 2579 1078 pra-srnti
2614 1011 2727 1065 Deo
2769 1012 3077 1079 probaveris
3107 1015 3348 1085 ingratus
3389 1018 3526 1088 (cap.
3555 1019 3705 1085 χιιι).

2116 1102 2216 1156 Per
2246 1118 2393 1157 mare
2440 1103 2664 1170 pedibus
2703 1092 3010 1171 ambulasti,
3046 1117 3100 1161 ut
3143 1108 3416 1177 patereris.
3450 1108 3505 1163 in
3558 1118 3709 1164 terra

2115 1193 2451 1263 naufragium
2487 1193 2624 1267 (cap.
2646 1198 2797 1264 xvtt).
2828 1197 2908 1252 Ad
2933 1197 3034 1252 hoc
3061 1189 3193 1255 sine
3217 1202 3271 1255 in
3299 1215 3484 1255 eremo
3508 1216 3707 1270 aquam

2114 1287 2181 1341 de
2214 1297 2361 1355 petra
2398 1287 2603 1354 bibisti,
2644 1305 2838 1343 manna
2869 1290 2937 1345 de
2967 1292 3106 1346 caelo
3134 1286 3705 1365 gustasti(cap."xvn),

2118 1389 2171 1433 nt
2199 1396 2318 1434 cum
2371 1395 2521 1435 esses
2569 1383 2632 1434 :nl
2684 1393 2980 1451 egestatem
3015 1385 3357 1454 postmodum
3400 1385 3709 1449 devolutus,

2117 1472 2511 1541 praeteritorum
2555 1473 2817 1530 bonorum
2862 1477 3241 1537 recordatione
3280 1478 3460 1532 actius
3490 1485 3712 1547 torque-

2117 1580 2274 1619 I‘Cl‘lS.

2606 1680 3021 1739 TRACTATUS
3060 1682 3216 1738 LVII.

2614 1815 2695 1870 De
2734 1817 2813 1889 (Ι)
2859 1815 3040 1871 Exodo
3081 1816 3168 1873 IV.

2189 1951 2340 2019 Mira,
2376 1952 2566 2007 fratres
2598 1952 2676 2023 (Ξ)
2709 1953 2996 2016 carissimi,
3030 1952 3274 2030 historia:
3303 1968 3477 2031 sacrae
3504 1956 3581 2011 sic
3626 1967 3714 2013 est

2120 2046 2358 2114 perlecta
2408 2047 2669 2100 narratio.
2716 2046 2846 2120 Cum
2883 2044 3098 2100 lsraelis
3138 2047 3369 2116 populus
3400 2049 3713 2115 (5)enortni

2116 2136 2442 2205 captivitatis
2467 2136 2598 2207 jngo
2631 2137 2926 2205 depressus
2954 2177 2969 2203 ,
3015 2152 3045 2190 a
3086 2153 3215 2208 rege
3245 2137 3534 2195 Pharaone
3562 2140 3710 2195 duris

2115 2229 2521 2285 conditionibus
2553 2231 2602 2283 in
2648 2229 2885 2301 Egypto
2915 2242 3203 2287 necaretur
3224 2231 3428 2300 (Exod.
3456 2249 3576 2303 cap.
3631 2233 3706 2305 t);

2119 2324 2469 2378 miseratione
2499 2323 2615 2389 Dei,
2666 2325 2802 2378 duce
2846 2322 3030 2395 Moyse
3058 2364 3074 2391 ,
3102 2325 3287 2391 jussus
3318 2334 3401 2380 est
3445 2326 3710 2394 proficisci

2122 2418 2258 2488 (cap.
2299 2416 2415 2487 xu).
2448 2417 2582 2471 Huic
2615 2432 2721 2472 non
2749 2419 2984 2474 circulus
3013 2420 3144 2473 solis
3172 2420 3268 2490 per
3295 2418 3464 2483 diem,
3497 2419 3592 2475 sed
3621 2437 3713 2477 co-

2118 2510 2299 2565 lumna
2335 2511 2527 2573 nubis;
2556 2526 2662 2566 non
2690 2511 2918 2567 candida
2950 2512 3079 2566 luna
3099 2554 3116 2578 ,
3148 2513 3244 2567 sed
3289 2513 3707 2597 ignis'columna

2117 2619 2214 2675 per
2245 2613 2460 2659 noctem
2490 2603 2596 2659 iter
2627 2606 2889 2674 pandebat
2922 2605 3163 2676 ignotum
3196 2623 3211 2661 :
3240 2592 3579 2677 quiiilinter
3602 2607 3707 2663 duo

2116 2698 2387 2753 elementa
2424 2700 2691 2765 pervenit,
2726 2698 2922 2752 ibidem
2972 2698 3051 2771 (4)
3090 2700 3464 2769 praesentaria
3504 2701 3703 2753 exitum

2114 2791 2303 2844 mortis
2341 2791 2564 2858 expavit
2596 2789 2737 2857 (cap.
2768 2787 2901 2860 xiv).
2938 2789 3074 2845 Hinc
3094 2790 3239 2845 enim
3267 2792 3705 2860 persequentium

2114 2884 2275 2956 285
2308 2881 2687 2953 Egyptiorum
2714 2882 2920 2936 infestis
2945 2882 3297 2937 mucronibus
3318 2881 3403 2957 (5)
3422 2883 3673 2954 premeba
3689 2916 3705 2924 -

2114 2990 2242 3033 tur:
2273 2978 2397 3033 inde
2442 2978 2606 3033 maris
2638 2992 2831 3048 magno
2878 2978 3098 3033 clausus
3147 2979 3306 3035 obice
3337 2978 3701 3049 premebatur.

2182 3137 2264 3211 (2)
2308 3139 2542 3194 Reddere
2584 3142 2843 3195 veritatem
2895 3141 3108 3212 imagini
3145 3141 3286 3195 idem
3316 3151 3401 3198 est
3433 3157 3497 3197 ac
3536 3145 3704 3212 expli-

2110 3226 2236 3267 care
2266 3211 2393 3283 quid
2437 3211 2617 3279 imago
2657 3230 2751 3267 seu
2782 3212 2949 3283 ﬁgura
2978 3211 3110 3267 vere
3157 3213 3446 3283 signiticet.
3504 3211 3704 3270 ludio-2t

2111 3282 2293 3355 autem
2346 3282 2495 3355 Zeno
2540 3298 2600 3337 se
2645 3282 2908 3355 brevitate
2948 3282 3244 3355 temporis,
3273 3285 3419 3354 quod
3459 3284 3598 3339 inter
3623 3294 3702 3341 tot

2111 3354 2287 3409 ofﬁcia
2341 3354 2609 3424 paschalia
2640 3354 2902 3426 reliquum
2940 3354 3071 3422 est,
3098 3356 3379 3425 impediri,
3417 3358 3699 3425 quominus

2111 3428 2282 3497 possit
2308 3441 2581 3497 exponere
2603 3469 2617 3492 ,
2649 3427 2776 3497 quid
2808 3425 3069 3497 speetarit
3088 3470 3101 3491 ,
3143 3426 3285 3496 quod
3310 3427 3511 3483 Iud-aiis
3535 3431 3661 3483 olim
3681 3470 3697 3495 ,

2064 3532 2067 3535 ν
2110 3496 2329 3569 dnm‘ex
2364 3496 2598 3569 Egypto
2631 3496 2841 3561 liberati
2876 3496 3123 3564 fuerunt,
3171 3502 3225 3551 in
3268 3498 3502 3569 imagine
3531 3515 3574 3553 et
3597 3502 3699 3554 nti-

2110 3568 2204 3639 git.
2257 3568 2313 3624 ltt
2370 3585 2470 3623 ms.
2510 3571 2721 3639 Pomp.,
2753 3568 2990 3639 imaginis
3024 3570 3259 3639 legitur:
3301 3570 3353 3624 in
3383 3568 3512 3625 edit.
3566 3571 3695 3626 Ven.

2110 3641 2344 3705 veritate,
2370 3656 2595 3706 quorum
2622 3649 2869 3695 neutrum
2903 3640 3096 3708 placet.

2184 3712 2263 3782 (ὅ)
2311 3712 2642 3765 Monumenta
2662 3713 2907 3767 criminis
2950 3711 3261 3767 Judzeorum
3303 3723 3496 3768 auctor
3521 3714 3698 3783 appel-

2112 3782 2181 3836 lat
2234 3786 2404 3853 ipsam
2441 3783 2608 3837 Exodi
2642 3782 2944 3847 historiam,
2977 3800 3042 3838 ex
3074 3798 3177 3854 qua
3211 3785 3389 3851 palam
3430 3793 3514 3839 est
3552 3782 3695 3851 ipsus

2109 3854 2224 3909 sive
2256 3856 2306 3907 in
2336 3854 2664 3923 captivitate,
2689 3856 2803 3909 sive
2831 3856 2956 3909 dum
2992 3854 3377 3919 liberarentur,
3399 3857 3513 3909 sive
3535 3855 3692 3910 etiam

2112 3937 2254 3994 post,
2287 3928 2446 3979 variis
2476 3926 2792 3980 criminibus
2813 3928 2936 3981 reos
2964 3924 3170 3991 fuisse,
3198 3927 3344 3995 quod
3376 3926 3431 3980 in
3472 3942 3695 3996 sequen-

2111 3997 2251 4050 tibus
2276 3999 2410 4051 satis
2437 4000 2675 4063 exponit.
2705 3997 2925 4052 indutos
2945 4012 3106 4065 porro
3135 3997 3305 4053 Ειυόί
3340 3997 3618 4053 historiam
3642 4002 3689 4054 ia

2108 4069 2189 4123 siti
2219 4070 2452 4122 numinis
2482 4069 3004 4141 commendationem
3056 4071 3347 4141 ingessisse
3370 4110 3386 4133 ,
3434 4073 3485 4123 in
3528 4085 3691 4141 eaque

2110 4154 2388 4208 perperam
2412 4140 2880 4209 gratulatos'Zeno
2906 4139 3161 4206 afﬁrmat,
3186 4140 3329 4208 quod
3370 4155 3477 4196 n0n
3519 4139 3690 4195 minus

2109 4212 2232 4265 inde
2260 4212 2643 4281 gloria-,quam
2663 4212 2971 4283 ignominia:
2992 4215 3041 4266 in
3059 4212 3207 4281 ipsos
3226 4211 3414 4273 redeat
3438 4229 3451 4265 :
3477 4212 3520 4265 si
3547 4215 3684 4267 enim

2112 4292 2293 4350 patent
2315 4286 2391 4336 dii
2407 4283 2656 4352 i:ta.ipsis
2673 4285 2866 4338 collata
2893 4283 3178 4349 beneficia,
3205 4284 3507 4353 produntur
3531 4283 3687 4340 etiam

2108 4353 2240 4426 dura
2266 4363 2321 4408 et
2347 4354 2633 4409 criminosa
2660 4366 2834 4424 gesta,
2864 4356 3058 4426 quibus
3090 4355 3168 4410 illi
3192 4355 3395 4410 divinis
3417 4353 3686 4410 beneﬁciis

2110 4425 2251 4479 male
2281 4426 2694 4495 reapondcrunt.

2180 4496 2262 4568 (4)
2292 4496 2510 4552 ιιυιιηιιιε
2526 4515 2627 4552 non
2647 4508 2781 4553 sorte
2803 4498 3078 4570 peregrini,
3093 4495 3187 4552 sed
3212 4496 3571 4570 alloquiturtt
3587 4505 3683 4550 τα.

497 4541 577 4638 {6)
621 4541 890 4624 ἑῖἑῖἱὶεῗ
918 4541 1165 4633 ἰιὲἰηῖἓὶ
1201 4568 1318 4622 Tol.
1359 4568 1433 4622 lta
1471 4568 1631 4623 etiam
1674 4578 1787 4623 erat
1822 4568 1873 4622 in
1897 4584 1997 4622 ms.
2030 4541 2084 4602 Ι)
2109 4541 3685 4633 ss:is;statim};asiazttzazt‘as‘s‘aau..5;

424 4636 635 4717 Pomp.,
676 4640 770 4695 sed
801 4645 1105 4695 correctum
1138 4651 1431 4710 peccatum,
1464 4642 1541 4694 uti
1581 4651 1635 4695 et
1664 4641 1714 4693 in
1742 4639 1903 4695 editis
1929 4641 2003 4695 le-

417 4718 578 4778 gitur.

490 4782 571 4852 (7)
613 4783 863 4838 Tractatu
888 4784 957 4841 ϐξ
989 4783 1146 4851 hujus
1168 4784 1310 4847 libri,
1331 4783 1419 4838 tibi
1443 4782 1637 4837 similia
1665 4790 2002 4852 repetuntur,

421 4849 718 4926 Primitivus
749 4896 763 4916 ,
798 4857 969 4923 inquit
1018 4849 1205 4910 auctor
1255 4857 1378 4923 quia
1429 4863 1627 4926 prater.
1649 4849 1857 4908 Patrem
1886 4866 2004 4908 ante

416 4924 585 4992 ipsum
614 4928 857 4979 nullusrt
882 4929 1093 4994 primus.

488 4997 569 5066 (8)
612 4998 966 5066 Sparaverius
1006 5000 1189 5053 mallet
1233 4999 1334 5068 legi
1371 4999 1573 5063 unicus,
1624 5007 1679 5051 et
1717 4998 1874 5053 bene.
1937 5001 2004 5051 At

417 5069 632 5123 laudato
662 5080 817 5121 tract.
849 5069 1192 5134 62,1uatttrus
1215 5071 1497 5138 repetitur,
1522 5071 1615 5124 sed
1639 5070 1743 5123 alia
1772 5071 2001 5134 ratione,

415 5142 533 5206 quia
562 5151 785 5194 retentus
817 5151 913 5194 est.
964 5141 1131 5203 Porro
1170 5143 1486 5196 auctoritate
1526 5157 1628 5194 ms.
1669 5142 1827 5195 Rem.
1869 5147 2007 5192 anti-

415 5213 661 5279 quissimi
707 5214 1027 5279 scripsimus
1054 5230 1153 5266 non
1178 5222 1251 5266 est
1280 5214 1419 5267 ullus
1480 5228 1576 5282 pro
1602 5230 1668 5268 eo
1699 5211 1842 5282 quod
1877 5211 2004 5265 alibi

415 5284 668 5338 scribitur
703 5295 774 5337 est
807 5284 1001 5337 nullus.
1694 5317 1703 5326 -

488 5354 567 5428 (St)
612 5355 874 5409 Nimirum
901 5356 1208 5428 sacriﬁcavit
1226 5397 1241 5417 ,
1279 5355 1473 5425 quippe
1499 5355 1639 5425 quod
1670 5354 1919 5409 Chri~tus
1946 5368 2005 5407 se

415 5427 671 5481 hominem
697 5429 805 5481 Deo
836 5427 970 5495 patri
1006 5443 1100 5491 per
1125 5437 1355 5479 mortem
1377 5429 1551 5481 crucis
1578 5427 1791 5493 obtulit,
1823 5436 1879 5479 ut
1902 5430 2001 5478 tto—

417 5500 614 5553 minem
644 5499 844 5553 faceret
870 5499 1103 5567 quodam
1131 5498 1291 5551 modo
1325 5499 1508 5552 lteum.

487 5570 924 5625 '[tttcr.l.\’l.—
950 5570 1030 5641 (1)
1072 5570 1192 5623 Mss.
1233 5569 1387 5641 Rem.
1412 5568 1529 5623 Tol.
1565 5568 1869 5641 Vat..ler.,
1902 5570 1999 5624 Se-

416 5644 619 5709 quentia
659 5641 862 5705 Exodi;
911 5639 1100 5712 Pomp.
1160 5640 1319 5706 ch.,
1363 5639 1496 5692 Item
1567 5640 1898 5712 deﬂExodo;
1952 5641 2003 5694 in

417 5712 577 5767 editis
602 5715 664 5765 de
693 5712 894 5768 Exodo.
919 5714 1017 5768 llic
1046 5711 1206 5781 porro
1231 5723 1486 5767 tractatus
1515 5711 1708 5765 similis
1735 5723 1816 5763 est
1846 5720 2003 5765 tract.

420 5783 489 5836 ε’ιὸ
520 5794 572 5838 et
605 5788 849 5852 utrique,
899 5795 956 5838 ul
986 5784 1192 5839 facilius
1231 5786 1632 5852 intelligantur,
1657 5784 2003 5836 confercndi:

417 5857 611 5907 alicubi
638 5874 800 5911 enim.
837 5858 925 5909 ubi
955 5862 1183 5916 variant,
1215 5874 1353 5909 unus
1383 5854 1447 5905 cit.
1480 5854 1655 5907 altero
1682 5853 1998 5918 explicatur.

602 5984 629 5996 κ

2110 4638 2162 4693 in
2194 4640 2505 4708 captivitate
2529 4641 2726 4695 diutius
2757 4643 2975 4696 relictos
2999 4640 3253 4696 atﬁrtnat.
3335 4674 3341 4678 -
3428 4700 3445 4708 ,

2183 4712 2261 4778 (5)
2300 4711 2397 4766 Ms.
2434 4711 2614 4777 Rem.,
2644 4713 2939 4767 custodiret.

2182 4782 2387 4853 'l‘ttsc'r.
2405 4782 2562 4837 LVll.
2577 4812 2646 4823 —
2660 4786 2736 4853 (1)
2753 4784 2877 4838 Mss.
2912 4782 3099 4851 Incipit
3124 4782 3297 4838 Exodi
3328 4782 3577 4847 secunda;
3600 4782 3681 4836 ed.

2111 4852 2176 4926 de
2226 4852 2427 4926 Exodo.
2487 4854 2580 4907 llic
2612 4852 2867 4926 tractatus
2919 4864 3042 4926 post
3084 4855 3373 4911 lcetioncm
3402 4856 3471 4912 de
3510 4853 3685 4909 Exodo

2114 4924 2325 4977 habitus
2363 4941 2425 4977 es
2461 4925 2878 4996 primaperiodo
2902 4924 3263 4996 cognoscitur.

2186 4996 2263 5063 (2)
2306 4996 2431 5050 Mss.
2460 4994 2603 5059 Tot.,
2637 4995 2847 5064 Pontp.,
2880 4994 3022 5056 vae.
3048 4998 3205 5062 Urb.,
3233 4999 3569 5054 dilectissimi.
3603 4997 3684 5052 se

2110 5065 2264 5120 deest
2294 5069 2345 5119 in
2379 5081 2480 5120 ms.
2524 5064 2644 5119 Vat.
2681 5075 2737 5122 et
2785 5082 2916 5122 sane
2960 5069 3236 5123 abundare
3276 5071 3509 5126 videtur.
3559 5068 3679 5124 Dein

2112 5138 2349 5204 prwlecta
2380 5154 2477 5205 pro
2504 5138 2725 5206 perfecta
2755 5139 2807 5192 in
2838 5156 2939 5192 ms.
2972 5139 3092 5194 Tol.

2183 5209 2268 5277 (5)
2311 5208 2426 5262 Duo
2451 5224 2581 5263 mss.
2632 5208 2789 5263 Rem.
2821 5221 2876 5264 et
2906 5210 3048 5275 'l‘ol.,
3083 5212 3137 5263 in
3169 5213 3303 5265 orati
3324 5228 3344 5266 :
3371 5228 3475 5269 ms.
3510 5212 3678 5280 Pam.

2111 5281 2286 5332 mortis
2310 5296 2324 5330 :
2353 5279 2440 5331 alii
2473 5290 2653 5332 autem
2679 5292 2791 5334 tum
2807 5296 2965 5349 mss.,
2994 5294 3103 5337 tum
3132 5284 3263 5337 editi
3284 5285 3339 5337 in
3364 5295 3479 5337 orta
3509 5279 3680 5349 prata

2111 5364 2275 5424 unum
2306 5349 2547 5404 codicem
2582 5350 2895 5407 Urbinatem
2917 5396 2933 5418 ,
2961 5358 3048 5423 qui
3081 5353 3679 5424 genuinamileetionetu

2112 5422 2280 5497 textui
2326 5430 2583 5497 insertam
2617 5424 2886 5497 exhibuit.
2934 5422 3102 5497 Paulo
3139 5435 3259 5491 post
3286 5423 3561 5497 prehensus
3594 5438 3681 5497 pro

2110 5494 2379 5568 depressus
2407 5495 2459 5546 in
2485 5494 2674 5568 eodem
2700 5512 2800 5568 nis.
2832 5495 2988 5561 Urb.,
3009 5496 3135 5551 dein
3160 5512 3260 5568 pro
3284 5494 3429 5552 Duce
3449 5494 3617 5566 logs:
3633 5496 3677 5548 in

2112 5578 2212 5639 ms.
2241 5565 2456 5634 Poinp.,
2474 5565 2694 5639 dloyses
2722 5567 2895 5622 solum
2926 5568 3140 5639 legitur.

2181 5635 2259 5708 (4)
2300 5639 2441 5692 ﬁdit.
2474 5635 2608 5692 Ven.
2642 5635 2985 5705 praesentath

2182 5706 2267 5782 (5)
2306 5708 2384 5763 Ne
2412 5718 2687 5777 repetatur
2710 5725 2810 5763 vos
2837 5711 3181 5781 premebatur,
3210 5726 3333 5782 qua:
3367 5711 3552 5766 iterum
3568 5706 3673 5782 bos

2111 5780 2590 5855 eodem__n_ietnb_ro
2616 5779 2878 5855 occurrit,
2914 5796 3033 5837 eam
3063 5779 3419 5855 δραι-’ἀνήιε
3438 5782 3537 5836 hoc
3566 5779 3685 5837 loco
3742 5832 3753 5855 ἆ

2112 5851 2389 5905 subaudiri
2419 5853 2624 5916 mallet,
2657 5852 2741 5907 vel
2769 5852 2875 5921 legi
2906 5855 3211 5908 terrebatur.
3251 5853 3379 5909 Post
3405 5865 3564 5919 pauca
3592 5861 3676 5919 pl“
3742 5851 3753 5913 ς
