3818 6220
233 231 322 285 577
1605 233 1643 280 Α
1659 228 1808 283 ΟΝΟἿ

1961 226 2151 284 DNES.

3396 230 3497 284 578

233 357 279 400 ιιι
309 362 458 415 ςιςιιιιις
491 360 809 416 magnopere
838 353 1092 415 expetere
1120 344 1228 398 illis
1273 345 1343 411 sit
1373 358 1615 398 necesse.
1657 344 1796 411 Qiia-
1828 353 1876 411 Α
1902 345 2133 416 cunilam
2185 359 2340 411 quam
2385 357 2616 416 ansacro
2666 340 2854 397 Fonte.
2920 341 3166 396 Christus
3211 343 3336 398 dum
3370 345 3503 400 dixit

230 419 382 472 di-abit
407 417 650 472 nimirum
677 419 897 480 homini,
926 418 1013 486 qui
1045 416 1227 469 illuvie
1253 425 1594 484 peccatorum
1623 417 1802 484 squal-

229 490 358 552 lido,
387 505 501 544 cum
553 491 785 544 animam
817 505 968 544 suam
1000 503 1269 542 venenosa
1309 488 1429 542 labe
1486 494 1646 555 atque
1687 501 1804 541 ser-

229 572 372 629 pente
411 562 684 623 infecerit,
725 563 934 617 cmlesti
983 560 1200 613 numine
1240 570 1411 612 lactus
1439 601 1452 619 .
1503 560 1568 612 ad
1603 560 1802 612 fontem

229 634 544 702 baptismatis
577 643 828 703 properet
850 674 865 698 ,
893 644 950 687 ut
977 648 1004 685 a
1038 632 1349 701 Captivitate
1377 631 1576 703 diaboli
1611 629 1806 684 libere-

230 714 325 770 tur,
351 702 688 774 peccatorum
717 707 995 759 remissam
1031 716 1418 773 consequatur,
1446 702 1683 774 animam
1719 717 1804 774 rc-

225 773 430 846 geiieret
453 773 475 838 ,’
497 777 728 847 accipiat
757 776 1089 845 signaculum
1134 782 1378 829 sanctum
1406 782 1567 844 atque
1599 773 1805 847 indelef

227 844 337 912 bile,
365 864 464 918 quo
502 844 669 918 regno
698 844 904 904 caalésti
931 848 1248 902 conciliatus
1269 888 1285 913 ,
1327 847 1669 918 adoptionem
1711 844 1804 898 Dei

226 917 459 989 consequi
491 917 785 982 mereatur,
813 919 1114 989 cujusmudi
1144 919 1384 974 delincat
1412 917 1645 988 Cyrillus
1682 918 1803 972 Ilic-

227 991 374 1046 rosol.
406 993 455 1045 in
486 991 777 1048 Proannio.

405 1099 452 1138 IN
481 1099 675 1140 TRAC'I'.
713 1099 914 1139 XXXVIII
946 1100 1046 1140 LIB.
1078 1100 1137 1150 Il,
1170 1100 1236 1138 AD
1260 1097 1567 1140 NEOPKYTOS
1592 1099 1629 1137 Ι.

290 1177 407 1248 I‘ag.
439 1176 564 1232 250.
601 1175 728 1229 Post
765 1177 1090 1230 devotissi'ma
1116 1176 1364 1248 completa
1395 1175 1700 1246 expiationis
1721 1193 1805 1229 stt-

225 1265 344 1311 crie,
370 1247 518 1312 etc.,
552 1251 690 1301 Ante
720 1247 1042 1317 baptismum
1093 1248 1482 1302 Catecliiiineiii
1534 1262 1804 1316 prarpara-

227 1323 409 1374 bantur
447 1320 671 1389 jejunio.
715 1318 769 1373 In
801 1320 1070 1388 excerptis
1114 1335 1176 1373 ex
1221 1320 1500 1375 Theodoto
1546 1319 1639 1374 fol.
1673 1319 1798 1374 80I.

226 1395 282 1448 Α.
325 1394 409 1448 Διά
452 1397 608 1464 tauro
651 1399 884 1448 νηστεῑαι
910 1433 923 1454 ,
974 1390 1196 1464 διήσεις,
1245 1394 1407 1464 εὐχαὶ
1467 1392 1797 1464 ’γοννκλισίαι-

227 1464 437 1518 Tertull.
467 1463 534 1518 de
561 1461 819 1534 Baptism.
848 1477 967 1531 cap.
1003 1463 1100 1518 IO:
1136 1461 1803 1534 Ingressuros'baptismum

226 1534 527 1588 orationibus
552 1533 764 1599 crebris,
793 1536 1021 1599 ieiuniis,
1045 1544 1090 1588 et
1121 1533 1598 1605 geniculatioiiibns,
1619 1543 1663 1587 et
1689 1550 1805 1602 ρει-ο
1891 1551 1900 1561 ·

221 1607 394 1676 vigiliis
414 1621 560 1678 orare
600 1615 794 1678 Oportet
817 1647 833 1670 ,
859 1615 905 1659 et
931 1621 1046 1659 cnin
1059 1606 1380 1670 confessione
1405 1607 1631 1678 omnium
1651 1607 1804 1658 etiam

225 1693 346 1732 retro
375 1679 691 1732 delictorum.
734 1677 868 1731 Hinc
902 1678 1277 1732 destinabatur
1317 1677 1649 1747 baptizandis
1681 1678 1804 1730 sab-

224 1750 390 1804 liatiim
421 1751 652 1820 primum
684 1761 801 1819 post
841 1749 1040 1803 Pascha
1083 1757 1204 1818 post
1229 1749 1676 1820 Quadragesimie
1728 1749 1804 1817 je-
1834 1748 1879 1808 Β

221 1819 748 1892 Ῑιιιιίιιιιιεχριθιιιιιι.
791 1830 845 1876 et
880 1830 1057 1875 actum
1095 1821 1426 1889 pceiiiteiitice
1459 1819 1797 1890 exercitium.

224 1891 392 1966 Cyrill.
442 1891 708 1949 Hierosul.
761 1893 814 1948 in
864 1895 1134 1948 Procemio
1181 1893 1398 1949 Catecli.
1435 1894 1603 1966 nam
1648 1913 1727 1966 eoi
1771 1898 1802 1955 ἡ

221 1965 920 2043 πρσᾷεσμίαπςσᾳαρᾲχοντα
948 1968 1155 2043 »ἡμερῶν
1181 1968 1449 2043 perductam
1480 1965 1666 2043 rixata}
1702 1965 1803 2021 δα-

223 2037 280 2091 tis
315 2037 519 2109 longum
559 2037 711 2094 habes
742 2037 1096 2103 intervallum,
1137 2037 1252 2092 cum
1282 2037 1574 2110 paenitentia
1605 2037 1801 2091 dierum

222 2111 549 2181 quadraginta
595 2109 688 2164 tibi
731 2110 900 2167 datur.
948 2111 1174 2165 Tertull.
1218 2109 1347 2165 ibid.
1387 2125 1508 2181 cap.
1537 2110 1607 2181 A9.
1652 2110 1800 2164 Diem

223 2179 474 2250 baptismo
492 2181 875 2238 soleinniorem
896 2182 1096 2237 Pascha
1115 2191 1352 2252 praestat.
1373 2179 1507 2237 Vide
1522 2179 1703 2235 Caiioii
1731 2181 1802 2236 45

225 2263 272 2324 et
301 2254 362 2308 I6
401 2254 760 2310 Laodicenos.
809 2257 882 2318 De
905 2253 1247 2309 confessione
1287 2265 1465 2308 autem
1505 2254 1804 2324 aiitebap-

225 2323 426 2382 IISIIIIIm
457 2327 582 2382 vide
607 2326 857 2382 eumdem
881 2324 1161 2396 Cyrillum,
1193 2324 1415 2381 Catecli.
1446 2326 1503 2391 5,
1537 2325 1618 2380 18.

290 2397 506 2453 Ibidem.
546 2397 672 2453 Post
699 2395 998 2452 clarissima:
1033 2399 1195 2451 noctis
1220 2415 1312 2453 suo
1338 2397 1464 2454 Sole
1488 2439 1504 2463 ,
1542 2404 1648 2451 etc.
1678 2395 1805 2451 Sole

219 2466 428 2538 jiistitiie
454 2469 677 2525 Christo
707 2478 1078 2538 pernoctaiite,
1107 2481 1160 2523 et
1189 2467 1486 2524 divinitatis
1514 2467 1805 2538 splendore

223 2539 542 2607 illitstrante;
572 2541 856 2611 vigilabant
882 2540 1060 2604 enim,
1096 2551 1153 2595 ut
1185 2541 1542 2611 adstipulatur
1571 2539 1801 2594 Tertull.

221 2611 321 2680 jam
345 2616 641 2679 citatusget
664 2614 937 2685 pervigilia
969 2613 1056 2680 pio
1093 2613 1145 2665 in
1170 2614 1420 2685 oratione
1442 2612 1802 2679 inminebant,

227 2691 278 2736 ut
303 2684 508 2740 elicitur
540 2701 570 2740 e
595 2684 836 2740 Concilio
861 2685 1336 2753 Elibi-ritanoeap.
1371 2684 1461 2739 35.

290 2754 510 2812 Ibidem.
554 2754 679 2810 Post
710 2739 858 2811 lactei
887 2756 1040 2827 fontis
1070 2739 1456 2827 lavaéro'vitali
1482 2797 1494 2819 ,
1531 2765 1670 2823 etc.,,
1695 2756 1805 2827 lac-

227 2834 359 2880 teiiin
386 2827 520 2883 dicit
555 2830 816 2883 nativitati
847 2825 998 2882 navie
1026 2825 1354 2882 conveniens
1382 2869 1398 2893 ,
1438 2826 1673 2881 futurum
1711 2826 1809 2881 ali-

223 2905 451 2954 mentum
473 2898 545 2954 ad
577 2899 1049 2954 immortalitatem.

291 2969 516 3026 Ibidem.
558 2969 642 3026 E1:
681 2987 780 3042 quo
819 2971 907 3041 qui
952 2970 1105 3024 eratis
1143 2970 1290 3024 letale
1319 2970 1546 3042 diversi,
1588 2979 1694 3026 etc.
1742 2971 1805 3024 D.

226 3038 431 3107 Paulus,
461 3058 477 3097 t
511 3043 575 3096 ad
604 3038 847 3098 Corinth.
880 3057 931 3098 c.
964 3057 1059 3105 xu,
1089 3057 1236 3095 num.
1277 3041 1361 3095 12.

294 3113 410 3195 Pag.
442 3113 576 3206 2.5}.
610 3114 993 3206 Licto‘celebrat
1031 3113 1298 3206 calumnia,
1332 3113 1669 3206 etmmﬂitiim
1709 3113 1802 3206 ditt
1831 3144 1873 3206 ρ

225 3183 454 3240 Justinus
478 3186 701 3258 Martyr.
743 3187 1055 3258 Apolog._tt_,
1087 3184 1422 3258 9_2__._Etpnte
1452 3183 1680 3258 Tertull.
1709 3187 1804 3258 ad:

227 3271 360 3312 vers.
403 3258 569 3312 Marc.
593 3253 686 3312 lib.
733 3253 936 3326 iv‘cap.
981 3255 1072 3317 34,
1105 3255 1230 3311 558.
1273 3253 1335 3309 C.
1366 3267 1420 3310 et
1449 3255 1640 3321 Julius,
1665 3257 1806 3326 apud

225 3326 462 3384 I’Itolitttn
490 3370 508 3394 ,
556 3330 662 3385 595
687 3372 702 3395 ,
747 3327 837 3384 45.
886 3328 968 3383 Ad
1015 3326 1117 3381 hoc
1142 3326 1287 3382 enim
1326 3326 1482 3383 'dncit
1514 3331 1809 3383 necessitas

225 3401 416 3468 gaudii,
449 3412 504 3456 et
543 3400 827 3470 gratulatio
852 3401 1040 3455 salutis
1062 3439 1076 3465 ,
1104 3406 1162 3451 iit
1190 3399 1264 3451 ait
1291 3397 1544 3464 Tertull.,
1577 3400 1643 3454 de
1674 3398 1811 3469 Bap—

227 3471 378 3525 IISIIIO
404 3488 528 3542 cap.
554 3473 762 3528 ultimo.
1229 3535 1231 3538 ,

291 3540 513 3598 Ibidem.
549 3544 993 3598 Nutrimentoruin
1023 3542 1270 3596 lenocinio
1292 3583 1306 3608 ,
1349 3540 1400 3596 id
1445 3550 1528 3597 est
1565 3541 1807 3598 ciborum

226 3615 481 3686 varietate
510 3617 840 3686 ganeonibus
866 3615 1118 3684 expetita.

291 3685 532 3742 Ibidem;
563 3685 816 3742 Obrutiim
856 3695 1025 3755 pectus
1073 3701 1206 3754 sirpe
1251 3685 1424 3739 crudis
1456 3695 1606 3756 atque
1648 3685 1811 3739 acidis

225 3760 485 3814 voniitibus
529 3761 817 3831 inurgetur,
861 3767 965 3813 ctc.
1003 3757 1191 3812 Pectus
1222 3758 1468 3831 obruitur
1495 3799 1507 3822 ,
1550 3773 1671 3810 cum
1705 3756 1810 3811 cibi

227 3843 413 3900 corpus
455 3829 717 3898 superent
739 3873 754 3895 ,
797 3844 969 3899 neque
998 3844 1026 3882 a
1059 3843 1286 3896 curporc
1327 3829 1429 3900 cibi
1462 3837 1810 3900 superantur,

227 3897 376 3978 uiuit
403 3897 798 3978 Hyppocrntes,
816 3897 1120 3978 resipi‘ronwv
1145 3907 1246 3955 τῶν
1265 3897 1673 3978 ζᾳτἭγθρωπον.
1701 3898 1809 3978 Cy-

229 3972 467 4044 prianus,
495 3972 658 4044 epist.
687 3973 790 4029 64:
821 3972 984 4044 Omnis
1004 3984 1151 4043 atque
1177 3972 1341 4039 epulis
1371 3972 1522 4044 etiam
1564 3987 1696 4044 nunc
1734 3973 1812 4022 in-

225 4043 360 4098 Itiunt
389 4089 400 4113 ,
430 4042 652 4117 quorum
681 4043 945 4117 crapulam
985 4060 1145 4116 nuper
1176 4043 1446 4117 superstite
1481 4044 1532 4096 in
1563 4042 1670 4117 dies
1697 4058 1820 4117 CI‘Itj

225 4117 374 4188 diuite
409 4114 699 4172 ructabant.
738 4116 1013 4188 lnurgetur
1055 4114 1234 4188 autem
1277 4114 1403 4188 dicit
1428 4155 1442 4179 ,
1473 4114 1612 4188 quod
1647 4115 1814 4188 vomi-

229 4187 395 4242 tiones
442 4197 825 4261 provocarent.
869 4185 1090 4261 Seneca
1120 4187 1487 4241 Consolation.
1537 4186 1603 4238 ad
1656 4185 1810 4261 Ilel-u.

224 4275 336 4330 cap.
372 4265 424 4314 9:
444 4254 711 4327 'I’oninnt,
740 4269 794 4313 ut
816 4259 1006 4324 edant;
1031 4259 1209 4322 edunt,
1235 4266 1286 4310 ut
1316 4266 1548 4330 vomant,
1561 4266 1609 4330 et
1637 4254 1816 4327 epulas

225 4328 344 4398 qua;
381 4343 486 4387 toto
538 4333 656 4387 orbe
691 4332 993 4402 conquirunt
1014 4371 1046 4402 ,Δ
1062 4346 1149 4383 nec
1182 4344 1492 4402 concoquere
1515 4328 1812 4402 dignantur.

174 4446 179 4453 .
225 4403 514 4459 Suetonius
547 4399 866 4466 Vitelliofc.
906 4399 1087 4457 l3:ln
1108 4400 1376 4472 jentacula
1397 4409 1443 4453 et
1479 4401 1727 4472 prandia,
1771 4407 1818 4451 ct

225 4490 386 4528 coenas
422 4476 963 4543 commessationesque
994 4471 1146 4542 facile
1184 4473 1416 4526 omnibus
1443 4471 1703 4541 sufficiens
1734 4485 1821 4529 vo.-

229 4546 439 4600 mitundi
467 4548 853 4601 consuetudine.

299 4618 522 4674 Ibidem.
555 4619 622 4672 In
647 4635 745 4684 quo
773 4618 928 4672 musti
956 4615 1104 4670 vestri
1141 4614 1381 4670 dulcedo.
1415 4615 1474 4670 In‘
1518 4629 1618 4668 nis.
1644 4614 1697 4666 in
1724 4629 1821 4681 quo

228 4704 325 4740 non
355 4691 510 4744 musti
533 4692 684 4744 vestri
712 4689 950 4754 dulcedo,
979 4697 1083 4742 etc.
1121 4726 1128 4734 .

255 4829 265 4840 .
300 4760 522 4816 Ibidem.
540 4761 836 4815 Esurienter
861 4761 1106 4832 accipite,
1138 4770 1242 4816 etc.
1267 4759 1482 4826 Sobrie,
1514 4772 1618 4812 non
1647 4755 1714 4811 ad
1741 4771 1826 4810 sa-

231 4840 489 4885 tietatcm.

300 4901 524 4956 Ibidem.
560 4902 973 4972 Paterfamilias,
1029 4914 1134 4970 etc,
1178 4903 1458 4970 Christus,
1484 4902 1575 4972 qui
1607 4901 1729 4954 vino
1772 4909 1824 4954 et

228 4985 361 5043 pane
390 4988 595 5043 corpus
615 4985 668 5027 et
696 4978 1010 5043 sanguinein
1040 4990 1193 5030 suum
1228 4973 1612 5029 communicat.

295 5042 520 5117 Ibidem.
556 5042 678 5117 Tres
706 5042 850 5112 pueri
895 5047 1160 5117 unanimes
1199 5047 1456 5117 legumina
1479 5086 1494 5106 ,
1542 5053 1646 5098 ctc.
1679 5043 1818 5098 Ana-

227 5114 360 5178 nias,
395 5113 664 5184 blisaelgct
692 5117 929 5184 Anii-ias.
968 5116 1098 5171 Vide
1131 5113 1422 5182 Danielem,
1458 5130 1578 5184 cap.
1611 5131 1648 5168 ι.

297 5185 520 5239 Ibidem.
572 5182 752 5256 ()leum
803 5183 1035 5240 Christus
1075 5187 1333 5256 infundit,
1393 5198 1496 5242 etc.
1527 5182 1821 5240 Solebant

227 5256 369 5310 enim
407 5253 694 5332 denudari,
725 5263 781 5309 et
806 5257 927 5332 oleo
955 5253 1279 5332 E’ﬂopxtofrqo,
1317 5261 1415 5332 lioc
1441 5267 1522 5332 est
1547 5259 1821 5332 exorcisa-

230 5337 282 5379 to
313 5347 337 5376 :i
368 5326 572 5394 cipillis
629 5326 695 5377 ad
749 5326 911 5393 pedes
943 5326 1222 5394 perungi,
1250 5328 1373 5382 inde
1424 5327 1490 5381 ad
1545 5329 1818 5380 lavacrum

230 5397 476 5464 baptismi
507 5396 721 5466 deduci.
766 5397 945 5449 Rituin
999 5396 1160 5451 docet
1205 5407 1259 5451 et
1308 5400 1539 5464 explicat
1587 5398 1821 5466 Cyrillus

231 5466 524 5534 Ilierusul.,
548 5465 770 5521 Catecb.
801 5477 1028 5537 mystag.
1054 5483 1112 5532 it,
1143 5467 1242 5522 ‘23!
1278 5477 1331 5521 et
1359 5468 1485 5520 252.

439 5604 486 5642 IN
515 5602 706 5642 τιυιοτ.
742 5602 908 5641 xxxnx
941 5600 1043 5640 LIB.
1078 5601 1142 5645 ιι,
1179 5587 1244 5639 A'n
1274 5601 1536 5640 ueomos
1566 5602 1621 5639 tt.
1684 5635 1690 5640 .

300 5702 423 5772 I'ag.
457 5703 582 5759 255.
632 5702 694 5755 In
747 5705 912 5772 prima
941 5701 1202 5756 nativitate
1231 5701 1521 5772 persistens.
1548 5711 1656 5772 etc.
1705 5699 1820 5754 Pri-

232 5769 950 5844 mam'iiativitatcm’voeat,
982 5787 1141 5845 quam
1181 5787 1212 5828 ει
1255 5779 1431 5830 matre
1472 5769 1696 5841 habuit,
1728 5787 1814 5828 sc-

1909 415 2130 470 .Ioannis
2157 431 2276 487 eap.
2311 432 2385 469 iit:
2421 414 2537 469 Nisi
2564 416 2728 487 renati
2752 416 2955 484 fueritis
2983 432 3047 467 ea:
3073 432 3206 484 aqua
3227 424 3275 469 et
3296 417 3500 486 spiritu,

1910 491 2195 542 Secundam
2225 486 2552 541 nativitatem
2578 486 2847 540 indicavit.

1981 557 2202 612 Ibidem.
2242 557 2350 612 Fex
2375 560 2579 623 incensa
2606 558 2837 611 omnibus
2866 559 3131 613 momentis
3153 559 3334 623 exurit,
3369 568 3499 621 etc.,

1910 629 2143 699 legerem
2177 633 2350 697 potius
2379 631 2487 698 fax.
2534 630 2627 687 Sic
2653 629 2979 700 Cyprianus.
3024 630 3090 684 ad
3127 631 3388 684 Donatum
3434 633 3502 686 de

1908 716 1969 755 se
1995 717 2008 753 :
2048 700 2321 764 Postquam
2349 701 2545 755 caelitus
2572 703 2756 770 spiritu
2790 702 2971 756 hausto
3012 702 3062 754 in
3092 718 3276 755 novum
3306 720 3383 756 me
3409 704 3500 754 lio-

1910 773 2094 825 ininem
2124 774 2362 825 nativitas
2391 773 2611 827 secunda
2637 775 2910 842 reparavit,
2951 773 3148 828 di-inde
3176 773 3326 828 addit
3357 791 3371 826 :
3417 775 3496 826 Υἱ-

1905 845 1988 897 tiis
2017 843 2391 897 adluvrentibus
2421 843 2768 899 obsecundans
2817 862 2960 899 erant
2983 887 2997 910 ,
3034 856 3099 899 ‘et
3145 845 3501 915 desperatione

1909 917 2182 988 meliorum
2215 915 2520 988 malismeis
2561 917 2692 988 velut
2717 919 2938 988 propriis
2966 929 3012 970 et
3045 918 3331 971 vernaculis
3361 921 3498 987 fauc-

1910 988 2057 1056 bani;
2088 986 2276 1040 eadem
2307 987 2531 1056 epistola
2579 986 2643 1041 ad
2699 986 2980 1043 Donatum.
3013 991 3242 1050 Seneca.
3276 986 3498 1042 contro—

1909 1055 2052 1113 vers.
2085 1057 2177 1111 lib.
2203 1073 2252 1128 1,,
2283 1058 2317 1112 8
2346 1055 2364 1109 ξ
2395 1055 2494 1111 Ille
2514 1058 2569 1110 in
2590 1075 2680 1130 nos
2701 1060 2992 1114 dominatur
3017 1060 3246 1128 affectus.
3272 1062 3358 1130 qni
3388 1064 3503 1113 ani—

1907 1147 2047 1184 mum
2079 1130 2273 1200 primus
2307 1130 2532 1183 intravit.
2580 1128 2830 1191 Luxuria.
2876 1134 3089 1186 avaritia
3116 1174 3129 1193 ,
3158 1128 3354 1186 desidia
3380 1175 3392 1195 ,
3422 1134 3500 1185 iii-

1898 1203 2108 1274 justitia
2132 1243 2146 1264 ,
2191 1201 2341 1254 iintor
2369 1209 2469 1254 non
2494 1199 2848 1274 dediscuntur,
2871 1214 2916 1256 et
2944 1204 3167 1273 quotidie
3195 1204 3301 1258 liwc
3329 1207 3499 1258 omnia

1908 1272 2230 1344 Castigtintur
2259 1281 2348 1327 aut
2379 1272 2664 1342 puniuntur
2697 1289 2713 1325 :
2745 1273 2797 1326 in
2837 1272 3031 1327 tantum
3063 1277 3212 1328 etiam
3262 1276 3500 1329 vitiorum

1908 1356 2107 1400 tenaces
2137 1361 2332 1399 sumus.

1982 1416 2204 1472 Ibidem.
2238 1413 2560 1470 Conscientia
2605 1430 2753 1467 suum
2777 1431 3076 1485 numquam
3106 1417 3291 1471 deserit
3324 1435 3502 1483 pecca-

1907 1499 2089 1542 toreni.
2119 1487 2347 1553 Seneca,
2376 1489 2532 1553 epist.
2565 1501 2694 1540 mu
2721 1503 2733 1537 ε
2763 1484 2908 1540 Βοιια
2938 1484 3252 1541 conscientia
3297 1490 3499 1542 turbam

1908 1560 2122 1614 advocat
2146 1601 2161 1624 ,
2193 1560 2332 1613 mala
2357 1561 2508 1612 etiam
2536 1558 2588 1611 in
2616 1558 2891 1612 solitudine
2916 1561 3072 1612 anxia
3112 1569 3262 1630 atque
3287 1562 3505 1614 sollicita

1909 1642 2001 1687 est.

1981 1703 2205 1759 Ibident.
2251 1700 2359 1758 Sed
2388 1700 2590 1773 fortiter
2619 1701 2897 1758 examinati
2929 1703 3050 1758 estis
3071 1743 3086 1764 ,
3112 1711 3246 1768 etc.,
3278 1712 3504 1757 tractum

1906 1790 1935 1828 a
1971 1775 2263 1841 militibus,
2296 1776 2383 1844 qui
2418 1775 2584 1828 fortes
2613 1773 2740 1828 dicti
2762 1815 2777 1837 ,
2824 1785 2877 1828 et
2910 1789 3004 1843 pro
3037 1791 3260 1830 munere
3303 1773 3508 1829 fortiter

1907 1848 2087 1902 facere
2129 1848 2470 1902 tenebantur.
2517 1845 2753 1900 'I'rebell.
2813 1846 2948 1900 Poll.
3003 1847 3248 1913 Claudio,
3280 1861 3398 1915 Cap.
3431 1848 3502 1900 9:

1906 1917 2067 1982 Ipsis,
2097 1920 2181 1988 qui
2208 1920 2563 1987 superfuerant
2586 1959 2599 1978 ,
2632 1918 2834 1988 fortiter
2876 1918 3201 1988 facientibus.
3235 1919 3502 1973 Ainniian.

1907 1987 2139 2045 Mzirccll.
2175 1989 2264 2044 lib.
2312 2005 2443 2052 xvtt.
2478 2005 2598 2057 cap.
2626 1987 2659 2044 6
2691 2008 2703 2042 :
2738 1987 2821 2044 Ne
2852 1987 2955 2045 vita
3001 2002 3178 2060 postea
3226 1991 3428 2044 consul.
3458 2000 3506 2042 ct

1904 2061 2115 2129 a/fuisse
2128 2073 2170 2116 et
2186 2061 2384 2131 fortiter
2398 2063 2556 2132 fuisse
2569 2061 2821 2128 ﬁrmatur.
2838 2061 3190 2126 'I‘liemistius,
3203 2073 3340 2116 orat.
3360 2064 3420 2117 9:
3454 2061 3505 2117 'tt

1905 2134 2158 2215 Ῥωμιεξφγ
2191 2141 2348 2215 fusuri,
2379 2137 2461 2215 nul
2475 2133 2501 2188 ὁ
2517 2137 2714 2215 θεοξμόςΔ
2737 2145 2828 2197 τῆς
2838 2138 3232 2215 πολιτείαςίςοῖς
3252 2137 3506 2215 στρατιώ-

1904 2229 2019 2268 ταις
2051 2209 2101 2273 ἐξ
2130 2207 2332 2284 ἀνδρίας
2372 2209 2526 2284 μόνης
2556 2207 2646 2284 τὰς
2695 2209 2984 2284 insitiuum;
3005 2207 3366 2284 νομρθετιὸσαρ.

1906 2295 2175 2332 manorum
2206 2278 2344 2333 inore
2371 2278 2418 2332 et
2464 2280 2696 2333 instituto
2737 2278 2922 2333 milites
2953 2282 3015 2332 de
3049 2278 3159 2333 solii
3199 2278 3506 2347 fortitudine

1904 2351 2263 2420 indigitantur.
2306 2350 2645 2405 Christianus
2667 2359 2846 2404 autem
2877 2351 3110 2406 militare
3131 2349 3346 2405 dicitur.
3377 2349 3509 2405 Ter-

1910 2423 2026 2492 tull.
2069 2422 2135 2476 ad
2177 2422 2394 2492 Martyr.
2438 2437 2558 2491 cap.
2600 2424 2677 2478 ὃς
2720 2421 2899 2476 Vocati
2931 2439 3110 2477 sumus
3152 2421 3219 2476 ad
3272 2423 3508 2475 militiam

1909 2491 2006 2547 Dei
2024 2494 2140 2548 vivi.
2168 2491 2400 2547 Fortiter
2429 2494 2762 2548 exaiiiiiiatus
2789 2493 2955 2560 dicit,
2987 2494 3036 2547 id
3065 2504 3145 2548 est
3179 2493 3504 2563 tyrociniuin

1909 2563 2134 2620 viriliter
2160 2573 2216 2620 et
2242 2565 2509 2634 inculpate
2546 2565 2883 2633 praestitisse.

1982 2635 2207 2691 Ibidem.
2242 2637 2442 2690 Novum
2465 2637 2654 2708 judicii
2675 2653 2854 2708 genus,
2883 2635 3094 2708 etc.,id
3118 2635 3381 2705 est.'quod
3408 2634 3505 2690 ali-

1910 2709 2027 2763 cubi
2061 2710 2113 2761 in
2141 2708 2352 2761 diverso
2381 2707 2544 2761 sensu
2573 2708 2786 2763 dixerat
2815 2707 3180 2762 Tertullianns
3201 2749 3214 2771 ,
3245 2708 3501 2776 confessio

1910 2781 2130 2833 nominis
2171 2795 2272 2833 non
2299 2779 2608 2833 examinatio
2629 2780 2876 2833 criminis.
2915 2778 3245 2843 Absolvitur,
3290 2781 3333 2832 si
3364 2776 3504 2832 l‘atc-

1913 2862 1997 2905 tnr
2022 2865 2080 2906 se
2110 2852 2351 2921 impium,
2384 2865 2443 2903 se
2474 2866 2654 2914 reum;
2694 2864 2952 2904 excusare
2978 2860 3154 2904 autem
3188 2865 3294 2904 non
3319 2849 3505 2917 debet,

1911 2924 2053 2993 quod
2087 2922 2386 2993 abominari
2420 2931 2474 2976 et
2502 2922 2754 2992 abjiirare
2794 2921 2975 2976 debet.

1988 2995 2110 3065 Pag.
2155 2994 2278 3049 254».
2327 2992 2512 3046 Puniri
2569 2988 2846 3065 festinant,
2897 3002 3002 3065 etc.
3058 2992 3220 3046 Pinna
3293 2992 3508 3047 innoxia

1914 3063 2182 3132 baptismi.
2218 3066 2416 3121 Alluilit
2445 3065 2513 3118 ad
2542 3063 2625 3129 id,
2658 3066 2798 3134 quod
2834 3079 2926 3132 per
2950 3063 3274 3129 baptismum
3308 3065 3507 3117 moria-

1911 3148 1995 3193 tur
2020 3139 2178 3190 Iioino
2205 3149 2388 3210 vetns;
2423 3136 2546 3210 inde
2587 3137 2759 3210 pergit
2800 3136 2867 3190 de
2890 3135 3105 3210 gladio,
3139 3135 3207 3210 de
3253 3136 3509 3210 ἱιιιοτίύοτ

1917 3211 2090 3276 tione,
2119 3220 2172 3264 et
2200 3209 2266 3264 de
2296 3207 2549 3263 elementi
2577 3209 2714 3262 sacri
2745 3209 2974 3278 gurgitis
3005 3208 3301 3275 sepultura.

2223 3340 2273 3378 IN
2302 3339 2498 3378 TR.\CT.
2544 3340 2632 3386 XL,
2679 3338 2749 3388 AI)
2775 3336 3087 3393 Νεορηϊτοδ
3117 3338 3194 3377 III.

1985 3419 2112 3488 I’ag.
2153 3416 2279 3474 255.
2323 3417 2424 3470 Pin
2451 3419 2714 3472 sanctione
2740 3459 2754 3482 ,
2789 3427 2841 3470 ut
2869 3418 3051 3480 aiunt,
3089 3417 3258 3472 claves
3287 3434 3398 3473 vere
3419 3435 3511 3472 au-

1912 3505 2025 3544 reas
2055 3491 2223 3554 misit,
2257 3500 2360 3544 etc.
2386 3489 2543 3551 Illud,
2570 3502 2623 3543 ut
2647 3490 2813 3555 aiunt,
2841 3489 2982 3544 solet
3008 3489 3075 3543 de
3114 3489 3260 3543 dicto
3283 3491 3506 3560 vulgari,

1912 3571 1967 3615 ct
1989 3568 2258 3631 tamquam
2284 3562 2605 3633 proverbio;
2640 3572 2690 3613 at
2721 3562 2859 3628 apud
2880 3560 3205 3633 uadagioiuni
3252 3561 3509 3616 collecto-

1914 3648 2002 3689 res
2029 3631 2312 3702 QIIJBSIIUIII
2344 3633 2583 3703 reperire
2614 3648 2718 3686 non
2745 3631 2913 3700 potui,
2946 3641 3003 3685 ut
3030 3634 3197 3699 possit
3221 3633 3507 3686 commodo

1913 3707 2169 3776 expungi.
2206 3705 2381 3759 Aurea
2434 3703 2996 3776 ςιγίοιίιλιιιιῳοιιιιιιμιε
3043 3703 3103 3776 in
3152 3704 3364 3776 pretio,
3393 3703 3504 3772 jam

1913 3774 2134 3840 sci'iiiiis,
2161 3786 2213 3830 et
2237 3776 2402 3843 tangit
2432 3775 2658 3828 Martial.
2690 3774 2754 3826 ad
2776 3775 3014 3828 carmina
3049 3774 3384 3843 Pythagora}.
3417 3776 3506 3828 Sic

1913 3848 2119 3909 claves.
2149 3846 2217 3901 de
2247 3847 2438 3915 quibus
2470 3845 2556 3900 hic
2587 3845 2730 3899 Zeno
2760 3844 2903 3914 agit,
2940 3845 3124 3912 procul
3150 3844 3314 3899 dubio
3338 3862 3506 3916 quan-

1917 3920 2038 3972 tivis
2080 3917 2237 3987 pretii
2267 3926 2322 3972 et
2341 3916 2711 3971 mstimatiunis
2740 3916 3110 3985 stint,.quippc
3135 3918 3332 3987 quibus
3381 3918 3504 3971 εωιί

1911 3991 2068 4060 janiia
2104 4000 2393 4044 reseratur.
2434 3989 2558 4041 Data
2593 4003 2822 4060 namque
2845 4002 2938 4056 per
2964 4003 3056 4041 eas
3089 3987 3158 4058 lig
3180 3988 3287 4040 niili
3321 3999 3375 4042 ct
3401 3991 3507 4042 sol-

1917 4057 2075 4117 vendi
2103 4063 2319 4114 animas
2349 4069 2586 4128 potestas
2632 4057 2893 4113 ministris
2943 4057 3198 4113 Ecclesia:
3238 4070 3351 4114 tum
3383 4075 3508 4130 pec-

1917 4133 2160 4190 cantibus
2212 4140 2330 4198 post
2377 4130 2734 4200 baptismum,
2790 4137 2844 4185 et
2898 4131 3286 4199 paenitentibus
3331 4147 3342 4182 :
3397 4143 3507 4183 tum

1919 4203 2316 4270 cmergentibus
2338 4202 2403 4256 ad
2434 4203 2754 4271 baptismum
2787 4217 2850 4256 ex
2899 4212 3042 4254 secta
3089 4201 3250 4270 impia
3281 4243 3295 4261 .
3320 4211 3375 4256 et
3411 4219 3507 4256 iiu-

1920 4293 2041 4330 men
2071 4273 2291 4329 CltriSto
2327 4274 2609 4339 dantibus,
2659 4284 2712 4326 nt
2755 4272 2884 4326 nihil
2928 4274 3104 4326 minus
3133 4289 3292 4342 quam
3335 4289 3512 4328 aurea:

1921 4348 2022 4401 dici
2059 4347 2302 4416 possint,
2335 4360 2451 4416 qua:
2483 4356 2684 4398 tantum
2713 4353 2967 4416 prmstarc
2999 4346 3205 4412 possint
3230 4353 3330 4416 ,ιιι
3360 4345 3512 4400 adse-

1925 4429 2042 4471 rant
2064 4415 2161 4470 itos
2188 4417 2330 4482 Deo,
2352 4415 2614 4474 ’vulentes
2642 4426 2818 4486 tamen
2851 4415 2905 4468 in
2929 4416 3192 4471 mandatis
3216 4415 3334 4486 ejus
3365 4431 3506 4486 pers-

1929 4499 2065 4552 tare,
2092 4487 2362 4543 CICI'II‘ISII
2390 4487 2666 4556 sanguinis
2692 4485 2922 4541 fructum
2951 4489 3201 4541 emcreri.

1848 4533 1902 4593 D
1999 4533 2221 4616 Ibidem.
2267 4558 2389 4613 Non
2432 4533 2582 4623 illiis,
2623 4574 2738 4628 qua:
2780 4559 3006 4629 maligno
3034 4558 3274 4628 bene/icio"
3298 4559 3513 4612 crimina

1925 4633 2208 4703 excipiunt,
2241 4641 2372 4696 etc.,
2404 4645 2523 4703 qua:
2552 4629 2885 4703 abscondunt
2924 4644 3070 4703 reum
3101 4671 3114 4693 ,
3171 4641 3227 4703 ut
3277 4629 3514 4703 animad-

1927 4700 2160 4759 vei-sioiii
2221 4700 2604 4770 subtrahatur,
2657 4700 2802 4772 quod
2851 4700 3136 4772 malignum
3192 4701 3512 4757 beneﬁcium

1929 4787 2103 4830 νοοειι.

2001 4846 2223 4902 Ibidem.
2266 4843 2473 4900 Nostrnr
2501 4845 2770 4899 acervatim
2795 4842 3093 4904 absolvunt.
3123 4853 3252 4908 etc.,
3291 4860 3319 4899 a
3346 4858 3514 4913 quan-

1931 4929 2214 4989 tacumque
2234 4919 2448 4972 Cumulo
2463 4915 2822 4989 peccatorum.
2840 4917 3010 4989 Supra
3028 4916 3094 4970 de
3113 4919 3313 4989 psalmo
3331 4930 3513 4989 exxtx,

1929 5004 2070 5045 nunc
2108 4987 2259 5044 tract.
2289 5004 2438 5044 xxv"
2467 4987 2482 5041 ξ
2517 4987 2702 5041 Omnia
2729 4988 2936 5040 Omnino
2966 4996 3167 5058 peccata
3215 4987 3515 5058 baptismate

1930 5063 2160 5131 Spiritus
2191 5063 2353 5132 sancti
2384 5061 2554 5132 vigore
2581 5067 2933 5132 amputantur.

1943 5166 1951 5174 ι
1976 5128 2221 5188 Ἱὺίιιιειη.
2257 5130 2366 5185 Nec
2393 5128 2590 5201 aliquid
2620 5128 2862 5185 subsecivi
2893 5146 3000 5185 esse
3027 5131 3324 5198 patiuntur;
3352 5128 3400 5183 id
3435 5139 3517 5183 est

1928 5206 2001 5259 nil
2036 5204 2342 5270 relinquunt
2373 5204 2765 5267 inabsulutuui,
2799 5201 2930 5256 nihil
2952 5213 3098 5257 extra
3123 5203 3329 5255 clusum
3351 5241 3366 5264 ,
3395 5216 3516 5253 om-

1931 5278 2014 5330 nia
2047 5274 2238 5328 delicta
2279 5272 2437 5343 hujus
2466 5274 2802 5328 Sacramenti
2833 5273 3002 5343 gratia
3033 5272 3226 5327 deleta.
3260 5271 3511 5327 Siibseci-

1932 5361 2052 5400 vum
2085 5353 2185 5408 est,
2219 5342 2472 5412 quidquid
2506 5343 2573 5397 de
2597 5342 2942 5399 extremitate
2989 5344 3203 5413 pertica:
3252 5352 3514 5412 superest,

1930 5417 2130 5471 dictum
2177 5429 2204 5465 a
2253 5415 2574 5468 subsecante
2619 5415 2790 5477 linea,
2834 5417 2903 5469 ait
2947 5415 3235 5470 Frontinus
3276 5416 3340 5467 de
3369 5429 3520 5482 agru-

1930 5503 2050 5540 runi
2099 5484 2284 5553 qualit.
2333 5482 2730 5557 49._Solebau_t
2764 5490 3180 5557 agrimensores
3225 5501 3376 5557 agros
3422 5500 3518 5554 per

1930 5558 2198 5611 centurias
2243 5555 2632 5622 quadrilateras
2668 5553 2909 5610 dividere
2934 5599 2949 5621 ,
2994 5559 3136 5625 quod
3168 5553 3342 5612 autum
3369 5553 3516 5625 extra

1928 5629 2266 5696 quadratum,
2295 5634 2349 5676 et
2372 5625 2437 5676 de
2466 5625 2803 5696 extremitate
2845 5624 3060 5694 pertica:
3085 5628 3319 5682 excurrit
3345 5669 3358 5691 ,
3389 5624 3516 5679 illitd

1929 5695 2267 5752 siibsccivuiii
2317 5697 2516 5749 dittezc.
2557 5695 2810 5747 (Jeii'iuria
2858 5706 2940 5750 est
2993 5715 3120 5766 ager
3167 5700 3515 5754 ducentorum

1927 5769 2209 5839 jugerum,
2240 5767 2330 5837 qui
2355 5766 2494 5837 apud
2519 5767 2768 5836 antiquos
2792 5781 2914 5824 eum
2955 5777 3172 5825 centum
3215 5768 3521 5830 hominibus
