3822 6220
353 261 457 317 59.)

293 464 298 470 ‘
355 449 499 505 dicio
555 459 662 504 tam
707 442 918 502 diversa
949 447 1275 510 oeconomia,
1307 447 1385 499 sic
1408 445 1584 499 aliena
1639 442 1850 498 ratione
1895 451 1952 498 et

354 520 525 576 forma
557 518 772 575 dicendi
799 517 990 582 variat,
1016 524 1071 570 ut
1096 514 1359 572 antestari
1387 529 1545 584 posse
1573 529 1660 569 me
1687 516 1804 569 sine
1827 514 1952 569 dolo

357 591 502 646 malo
526 590 744 646 'credam
774 587 1008 643 Zenonis
1035 603 1142 641 non
1175 601 1316 641 esse.

389 724 458 768 ,ιη
496 717 1035 762 ιΝτΕΒΡΒΕτΑΤιῡΝΕιι
1077 717 1229 757 esss.
1270 687 1430 767 ωας,
1475 715 1526 756 lN
1551 694 1902 759 'srpsnutcstt

997 788 1291 828 RBJECTAM.
1748 799 1767 812 ο
1856 799 1866 807 ·

430 871 559 940 Pag.
597 867 903 938 550t(lbid.
929 869 1033 923 col.
1071 866 1224 937 725).
1260 867 1342 940 De
1382 861 1632 940 sermone
1656 867 1734 940 (l)
1767 861 1979 938 poste?

357 937 590 998 riore'in
625 937 820 1008 psalm.
844 954 1005 994 cus.
1043 940 1132 1007 qui
1166 937 1437 1010 reperitur
1459 937 1511 991 in
1546 937 1775 1002 Hilario,
1809 949 1864 995 et
1900 945 1951 994 in

357 1028 465 1083 quo
511 1011 695 1066 omnia
728 1019 1081 1085 argumenta,
1116 1023 1306 1067 omnes
1349 1009 1563 1065 Colores
1613 1011 1724 1065 fere
1765 1012 1855 1080 qui
1901 1011 1953 1066 in

435 1147 513 1218 (l)
565 1147 700 1200 Vide
732 1146 1051 1216 promittium
1081 1188 1095 1211 ,
1140 1145 1272 1200 diss.
1309 1162 1346 1212 t,
1379 1147 1453 1218 ing
1476 1145 1582 1218 line
1606 1187 1620 1211 ,
1648 1139 1867 1218 eti-cap.
1903 1149 1956 1214 1,

359 1215 458 1346 ἓξ
474 1215 717 1288 ejusdem
737 1215 1141 1272 dissertationis
1167 1231 1290 1272 cum
1316 1215 1633 1287 praefatione
1651 1218 1716 1273 ad
1743 1215 1960 1289 Appen-

400 1306 556 1345 tcem.
765 1325 770 1330 ι
1417 1321 1421 1324 -

1398 240 1486 314 ns
1525 256 1963 314 SERMONIBUS
2001 252 2246 314 sane“
2287 249 2597 315 zenoms‘.

350 378 616 455 Caeterum
647 391 880 455 sequens
911 356 1092 430 sermo
1122 376 1172 428 in
1207 375 1474 455 psalmum
1500 388 1659 428 cxxxx
1683 377 1686 382 '
1709 357 1840 454 tneo
1864 373 1966 455 ju-_-.
1979 393 2029 455 Α

3530 257 3641 311 Gil]

2056 376 2218 445 priori
2259 378 2601 445 reperiuntur
2623 419 2636 442 ,
2664 374 3090 431 concludendum
3115 381 3240 445 est,
3271 382 3384 445 aut,
3407 371 3647 427 Zenonis

2055 444 2201 530 recta
2229 444 2372 514 esse,
2400 464 2496 530 pro
2517 448 2637 529 ejus
2667 462 2816 502 more
2867 444 3146 530 repetendi
3157 515 3167 525 _
3178 444 3389 530 pluries
3426 457 3546 510 quae
3592 445 3647 495 in

2058 517 2196 582 uno,‘
2218 529 2311 583 aut
2349 515 2750 573 sui'fareinatttm
2779 533 2845 572 ex
2877 515 3075 586 priore.
3095 515 3311 570 'llilario
3335 524 3488 568 certe
3534 529 3645 586 non

2056 587 2445 644 adscribendus
2469 631 2486 656 ,
2517 604 2638 644 cum
2682 583 2913 644 Zenonis
2945 588 3212 642 structura
3241 586 3334 646 sit,
3366 598 3561 656 sensus
3586 583 3650 637 il-

2055 658 2194 722 lius,
2245 661 2415 714 forma
2466 655 2683 714 dicendi
2729 657 2908 722 illius,
2942 658 3045 714 nisi
3071 672 3174 727 qua
3203 665 3298 711 aut
3326 655 3647 714 restrictior,

2056 740 2148 782 aut
2173 728 2530 799 dispositione
2551 745 2750 800 parum
2788 730 3022 785 diversa.
3056 729 3200 786 lline
3228 728 3390 781 etiam
3425 727 3650 800 liqueat

2034 799 2220 867 ~plagii
2263 795 2480 864 'crimen
2526 795 2818 856 incurrisse
2846 841 2860 866 ,
2916 800 3018 868 qui
3052 813 3363 853 sermonem
3406 795 3475 850 de
3506 797 3642 864 psal.

2058 885 2238 924 cxxvu
2266 879 2320 926 et
2345 887 2541 926 cxxvm
2576 872 2776 926 llilario
2834 870 3168 939 adst'ripsere
3194 910 3207 931 ,
3237 868 3483 938 quamvis
3511 869 3653 920 mala

2057 955 2249 996 manus
2275 945 2584 1004 accesserit,
2600 953 2654 997 et
2674 951 2730 995 ut
2752 942 3171 1008 ntangonizaret,
3187 945 3650 1008 corrumperet,et

2018 1035 2024 1040 -
2057 1019 2285 1082 vappam
2315 1014 2439 1066 vino
2463 1012 2839 1068 immiscuerit.
2873 1010 2930 1066 In
2961 1013 3102 1065 hunc
3129 1011 3276 1082 nulla
3306 1017 3513 1082 restant
3539 1010 3652 1082 ob.-

2059 1078 2344 1155 servanda,
2377 1098 2495 1155 quae
2528 1100 2634 1138 non
2672 1083 2933 1138 adnotata
2958 1081 3157 1137 fuerint
3187 1081 3240 1136 in
3269 1080 3526 1155 priorem.
3553 1078 3659 1133 Ita-

2061 1168 2164 1222 que
2193 1152 2324 1207 nihil
2352 1152 2551 1208 addo.‘
3003 1194 3008 1198 ς
3389 1154 3392 1155 ⁷
3515 1165 3518 1167 ’
3577 1210 3596 1219 -

2133 1223 2241 1295 Pztg
2291 1224 2392 1280 551
2424 1223 2617 1290 (lbid.,
2655 1225 2758 1280 col.
2783 1224 2934 1295 726).
2958 1223 3339 1295 Gordeautem,
3363 1237 3425 1277 ex
3446 1227 3549 1290 quo
3571 1237 3653 1275 se-

1991 1356 1998 1362 ,
2065 1294 2289 1348 cundum
2306 1295 2648 1367 evangelium.
2667 1297 2766 1352 Ms.
2788 1292 2970 1352 habet.
2987 1293 3088 1351 Cor
3109 1305 3308 1360 autem,
3323 1310 3389 1350 ex
3406 1303 3530 1363 'quo,
3549 1305 3661 1346 etc.

993 1499 2011 1647 APPENDIX
2109 1452 3120 1648 SECUNDA

365 1706 944 1770 COMPLECTENS
974 1705 1181 1768 DUOS
1208 1706 1310 1765 DE
1339 1706 1843 1776 SERMONIBUS
1869 1707 1972 1769 ET
1992 1673 2444 1772 'MARTYRIO'
2465 1709 2748 1774 SANCTI
2785 1708 3127 1771 ZENONIS.
3156 1706 3466 1778 LIBROS,
3499 1706 3669 1771 CUM

476 1807 792 1870 DUPLlCl
830 1804 1464 1870 DISSERTATIONE
1512 1809 1702 1870 lPSlS
1738 1809 2217 1890 SUBJUNCTA,
2253 1810 2624 1894 AUCTORE
2659 1808 3102 1901 FRANCISCO
3132 1807 3562 1872 BONACCHI.

1753 2004 2327 2123 LIBER‘PRIMUS.

990 2171 1151 2253 DE
1224 2120 2006 2254 SERMONIBUS‘
2051 2120 2466 2288 SANCTI
2541 2120 3038 2261 ZENONIS

1607 2306 1912 2365 EPISCOPI
1967 2307 2421 2373 VERONENSIS.

889 2368 1119 2480 canor
1160 2401 1444 2459 PRIMUM.
1485 2419 1488 2422 ι

369 2521 610 2597 Rationes
665 2539 937 2594 dubitandi
969 2555 1034 2593 an
1064 2537 1126 2612 S.
1159 2536 1299 2591 Zeno
1345 2535 1652 2592 Sermonum
1692 2536 1780 2621 qui
1806 2528 1968 2614 ipsius.

690 2656 895 2710 nomine
930 2654 1288 2709 inscribuntur
1331 2651 1396 2726 sit
1424 2661 1625 2709 auctor.

443 2780 520 2834 De
564 2779 924 2836 Sermonibus
945 2821 958 2843 ,
987 2778 1080 2849 qui
1113 2775 1245 2832 Divo
1270 2775 1477 2832 Zenoni
1519 2776 1856 2840 tribuuntur,
1889 2775 1968 2829 di-

373 2887 536 2929 versa
599 2870 883 2927 doctorum
938 2870 1180 2926 virorum
1251 2868 1518 2925 sententia
1578 2878 1681 2923 est.
1714 2866 1964 2936 ’Quidam

375 2966 563 3032 enim,
616 2964 952 3020 recentiores
1013 2966 1324 3031 praecipue,
1385 2960 1591 3016 nullum
1647 2959 1966 3018 Sermonem

379 3058 636 3128 Sanctum
666 3056 942 3112 Zenonem
975 3054 1257 3124 scripsisse
1289 3061 1511 3123 putant;
1534 3052 1661 3107 illos
1684 3067 1844 3114 vero,
1877 3053 1968 3122 qui

376 3149 548 3218 ipsius
579 3149 795 3203 nomine
840 3146 1187 3218 prodierunt,
1222 3145 1547 3200 Sermonum
1591 3143 1967 3198 collectionem

352 3241 560 3298 dicunt
582 3271 599 3304 ,-
626 3256 747 3312 qua:
779 3241 964 3310 plures
1003 3239 1201 3295 habeat
1246 3247 1513 3312 auctores.
1548 3237 1765 3292 Rectius
1793 3234 1990 3291 tamen

374 3335 651 3390 alternant
675 3334 800 3399 alii,
829 3334 1120 3388 Sermones
1146 3332 1214 3386 de
1238 3331 1430 3410 quibus
1459 3331 1701 3401 agimus,
1733 3331 1971 3385 nonnul~

377 3427 445 3481 lis
487 3426 730 3494 exceptis
755 3467 770 3490 ,
808 3423 1045 3480 edidisse
1089 3423 1386 3478 Zenonem.
1418 3421 1619 3477 Verum
1667 3421 1738 3476 de
1779 3420 1971 3476 horum

302 3583 306 3586 ἰ
376 3529 598 3595 auctore
628 3517 953 3573 Sermonum
981 3532 1078 3592 cu_r
1103 3517 1384 3582 dubitent,
1415 3515 1497 3581 his
1523 3514 1860 3584 potissimum
1888 3529 1974 3568 ra-
2005 3571 2021 3580 _

376 3610 613 3666 tionibus
639 3609 982 3665 adducuntur
1007 3626 1022 3662 :
1054 3607 1200 3676 quod
1226 3600 1432 3662 scilicet
1455 3606 1750 3676 antiquitus
1781 3605 1833 3658 hi
1859 3619 1970 3660 ser-

377 3718 565 3758 mones
595 3703 808 3772 penitus
835 3701 1037 3756 fuerint
1080 3700 1287 3769 ignoti;
1326 3697 1741 3767 compluresque
1784 3710 1970 3750 eorum

1999 2405 2048 2466 B
2076 2404 2360 2462 tendemus
2391 2423 2498 2464 non
2529 2409 2769 2480 ignotum
2798 2427 2811 2464 :
2845 2422 2962 2467 tum
2995 2415 3359 2473 recentiorum
3385 2415 3673 2471 doctorum

2070 2496 2355 2566 opiniones
2373 2492 2784 2571 diligentissime
2806 2502 3176 2560 discutiemus.

2668 2594 2901 2653 CAPUT
2941 2596 3015 2671 tt.

2268 2683 2539 2741 Sermones
2569 2685 2750 2743 Sancti
2775 2686 2998 2749 Zenonis
3026 2691 3312 2760 antiquitus
3340 2693 3466 2747 noti.

2061 2810 2064 2812 η
2144 2777 2344 2834 Extare
2382 2779 2522 2849 apud
2552 2779 2892 2838 Veronenses
2919 2785 2971 2838 in
3001 2784 3210 2840 vetusto
3235 2801 3304 2841 ex
3337 2766 3672 2842 membranis

2072 2871 2440 2938 manuscripto
2482 2871 2666 2928 codice
2693 2875 3060 2931 sermones-8.
3107 2876 3344 2932 Zenonis
3385 2878 3438 2932 in
3474 2862 3671 2945 prmia-

2073 2961 2219 3016 tione
2243 2961 2307 3016 ad
2339 2962 2558 3018 eosdem
2590 2977 2870 3019 sermones
2890 3006 2906 3030 ,
2945 2965 3170 3034 Veronae
3199 2968 3340 3037 typis
3372 2967 3672 3037 intpressos

2071 3066 2215 3106 anno
2271 3051 2409 3134 1536
2457 3061 2723 3111 testantur
2777 3055 3015 3134 Rapltael
3047 3059 3284 3129 ,Bagalta
3315 3101 3328 3122 .
3401 3069 3456 3115 et
3531 3059 3670 3130 Bap-

2074 3145 2198 3222 tista
2230 3132 2478 3201 Perottus
2499 3186 2515 3212 ,
2549 3132 2882 3218 eosdemque
2906 3149 2957 3203 in
2987 3149 3369 3219 antiquissimo
3401 3137 3543 3217 libro
3565 3149 3670 3206 Ve-

2074 3239 2323 3292 ronensis
2373 3237 2728 3311 Episcopatus
2777 3255 2805 3294 a
2849 3241 3102 3297 .Gttarino
3133 3240 3377 3316 Oratore
3409 3233 3672 3320 repertos

2043 3337 2225 3394 'esse,
2261 3319 2324 3383 ae
2353 3329 2421 3385 de
2459 3330 2526 3385 iis
2557 3333 2609 3384 in
2647 3331 2882 3401 antiquis
2925 3333 3248 3410 lectionibus
3275 3331 3442 3393 officii
3485 3319 3541 3392 S.
3571 3331 3668 3390 Ze-

2076 3424 2235 3477 nonis
2265 3424 2594 3478 mentionem
2625 3423 2741 3479 lleri
2772 3425 2975 3480 dicunt.
3009 3427 3079 3480 At
3124 3425 3297 3481 multo
3325 3416 3450 3480 ante
3477 3425 3670 3481 Guari-

2075 3530 2204 3570 num
2252 3516 2471 3571 eosdem
2506 3531 2785 3574 sermones
2823 3519 2955 3572 vidit
2999 3518 3308 3590 Ratherins,
3336 3519 3690 3575 Veronensis

2075 3607 2391 3676 episcopus,
2420 3609 2508 3678 qui
2533 3617 2666 3665 teste
2699 3608 2943 3680 Ughello,
2972 3625 3114 3663 anno
3138 3609 3268 3676 929,
3295 3609 3666 3666 Veronenscm

2076 3699 2300 3769 regebat
2347 3699 2663 3755 Ecclesiam.
2701 3688 2819 3770 Ipse
2859 3717 3089 3772 namque
3125 3702 3320 3756 horum
3353 3705 3665 3757 sermonum

289 3822 297 3830 κ
375 3793 517 3864 apud
544 3792 679 3848 alios
716 3801 968 3847 auctores
999 3790 1373 3863 reperiantur;
1416 3799 1472 3850 ut
1519 3798 1642 3858 puta
1690 3802 1971 3866 sermones
1999 3784 2044 3847 C
2078 3793 2192 3846 suis
2223 3791 2275 3846 in
2322 3792 2766 3865 opusculis‘(qna:
2800 3809 2830 3848 e
2861 3795 3097 3849 tenebris
3156 3791 3451 3852 Dacberius
3489 3798 3663 3861 eruit,

380 3887 434 3940 in
469 3886 731 3951 Psalmos,
757 3886 848 3954 qui
879 3884 1099 3939 totidem
1130 3887 1245 3938 fere
1275 3883 1455 3968 verbis
1484 3883 1538 3936 in
1568 3881 1971 3936 commentariis

381 3979 500 4033 Divi
531 3979 717 4032 Hilarii
767 3978 1018 4046 leguntur
1043 3995 1071 4043 ,'
1093 3966 1147 4030 et
1189 3966 1472 4030 sermones
1514 3976 1565 4027 in
1598 3973 1724 4028 illud
1755 3967 1992 4039 Attende.

380 4069 505 4136 tibi,
539 4079 594 4124 et
621 4070 687 4124 de
714 4069 908 4123 Livore
951 4077 1007 4122 et
1034 4068 1262 4132 invidia,
1294 4076 1402 4120 tum
1431 4081 1497 4121 es
1544 4067 1686 4136 ston
1706 4075 1866 4129 ,-.tum
1895 4080 1964 4118 ex

378 4147 649 4216 communi
678 4144 944 4215 sententia
973 4161 1086 4213 Divi
1118 4159 1295 4235 Basilii
1325 4174 1447 4213 esse
1471 4159 1774 4213 videantur.
1804 4156 1970 4212 Maxi-

381 4271 528 4310 mum
573 4261 754 4308 autem
803 4252 1011 4322 pondus
1049 4252 1114 4304 ad
1161 4251 1255 4304 has
1299 4250 1572 4320 augendas
1606 4250 1971 4304 dubitationes

373 4347 533 4411 aﬂ'ert
573 4344 832 4413 temporis
871 4343 1201 4411 conjectura.
1235 4340 1481 4414 ‘Sanctus
1512 4356 1741 4410 namque
1785 4339 1965 4404 Zeno,

375 4438 680 4514 imperante
713 4433 1147 4495 Gallienoantto
1189 4431 1323 4490 360.
1373 4432 1686 4500 martyrium
1738 4431 2002 4485 subiisse.

372 4531 608 4588 dicitur:
644 4527 836 4584 horum
861 4540 991 4600 vero
1015 4537 1327 4579 sermonum
1377 4531 1653 4577 auctorem
1684 4538 1710 4574 a
1740 4521 1968 4576 Gallieni

375 4623 713 4694 temporibus
745 4619 974 4674 multum
1000 4617 1225 4680 abesse,
1255 4632 1322 4670 ex
1361 4629 1428 4670 eo
1453 4615 1733 4670 evidenter
1771 4616 1968 4669 intelli-

377 4716 551 4787 gitur,
579 4714 722 4786 quod
766 4713 819 4768 in
861 4724 1113 4767 sermone
1160 4709 1228 4764 de
1254 4707 1597 4763 Continentia
1644 4708 1966 4763 sententiam

375 4808 494 4864 Divi
544 4807 694 4862 Pauli
724 4805 964 4875 allegatis
991 4817 1058 4857 ex
1086 4801 1313 4872 epistola
1357 4801 1525 4869 prima
1553 4799 1618 4852 ad
1656 4796 1968 4853 Corinthios

370 4877 798 4971 quadringentos
825 4894 995 4951 ferme
1016 4908 1185 4948 annos
1211 4892 1280 4950 ab
1301 4890 1492 4946 eadem
1517 4890 1742 4956 epismla
1769 4893 1965 4954 scripta

375 5001 640 5051 numeret,
661 5003 780 5058 qum
805 4987 1038 5056 septimo
1063 4981 1116 5040 et
1141 4982 1582 5053 quinquagesimo
1601 4981 1662 5034 C.
1685 4996 1826 5035 anno
1843 4981 1965 5035 data

371 5084 439 5138 ad
465 5081 776 5137 Corinthios
819 5077 1079 5134 creditur.
1104 5075 1240 5131 Tum
1285 5075 1446 5129 etiam
1489 5073 1630 5142 quod
1665 5065 1966 5142 in‘quibits-

2077 3892 2131 3939 et
2175 3886 2225 3937 in
2271 3884 2509 3949 secundo
2551 3893 2697 3940 torno
2741 3884 3008 3957 Spieilegii
3053 3875 3344 3958 habentur)
3391 3890 3662 3951 meminit,

2077 3975 2251 4044 primo
2271 3975 2338 4030 de
2363 3985 2672 4045 contemptu
2701 3992 2965 4033 canonum
2995 3993 3158 4051 agens
3177 4021 3192 4047 ,
3216 3980 3308 4034 tthi
3333 3982 3412 4036 sic
3437 3981 3661 4052 legitur:

2079 4066 2207 4122 Utar
2235 4067 2316 4121 hic
2357 4069 2661 4122 auctoritate
2688 4067 2907 4123 Zenonis
2937 4068 3082 4124 Beati
3129 4075 3183 4125 in
3221 4087 3454 4126 sermone
3481 4061 3680 4125 vidui-ﬁ

2072 4171 2146 4217 cet
2165 4202 2180 4224 ,
2209 4159 2355 4231 quem
2383 4161 2447 4234 de
2470 4160 2613 4216 ludo
2645 4160 2983 4235 Patriarcha‘,
3012 4172 3062 4217 et
3090 4161 3317 4217 Thamar
3339 4181 3471 4218 nuru
3497 4166 3661 4235 ipsius

2072 4269 2212 4306 more
2274 4269 2390 4307 suo.
2418 4231 2819 4323 luculentissime
2864 4255 2988 4324 fecit
3015 4295 3030 4316 ,
3084 4243 3302 4309 dicentis
3344 4271 3363 4309 :
3417 4231 3656 4309 Omnium

2071 4355 2314 4423 corrupte
2362 4347 2631 4399 viventium
2679 4343 2922 4401 Diabolus
2979 4357 3123 4413 pater
3166 4356 3261 4402 est.
3287 4347 3442 4414 Hunc
3483 4349 3658 4403 locum

2072 4435 2124 4488 in
2176 4436 2341 4503 praelo
2383 4436 2647 4492 mandatis
2696 4438 3035 4493 sermonibus
3084 4454 3190 4494 non
3237 4440 3465 4510 reperiri
3515 4449 3660 4494 notat

2075 4525 2368 4602 Dacherius
2393 4527 2445 4580 in
2476 4527 2715 4598 margine
2741 4545 2754 4581 :
2783 4537 2837 4584 et
2863 4528 2916 4583 in
2949 4528 3282 4584 Bibliotheca
3307 4531 3523 4585 Patrum
3547 4530 3659 4586 edi—

2071 4618 2234 4672 tionis
2259 4619 2730 4676 Parisiensisanni
2753 4621 2888 4688 1624
2905 4620 3175 4689 reperitur
3197 4623 3280 4676 bis
3310 4620 3488 4687 verbis
3510 4619 3654 4689 {Po-

2073 4718 2148 4762 ter
2187 4712 2412 4763 omnium
2442 4705 2679 4782 corrupte
2724 4703 2995 4767 uiuentium
3040 4711 3293 4769 Diabolus
3339 4715 3649 4786 designatur.

2073 4803 2140 4855 Et
2185 4804 2236 4855 in
2286 4804 2657 4871 manuscripto‘
2688 4821 2998 4860 sermonum
3036 4807 3094 4862 S.
3123 4806 3362 4862 Zenonis
3383 4849 3398 4873 ,
3429 4807 3571 4876 quod
3603 4809 3654 4864 in

2073 4893 2325 4949 Archivio
2370 4893 2957 4952 Reverendissimorum
3007 4900 3390 4954 t-attonicorum
3435 4900 3660 4971 insignis

2071 4983 2228 5054 hujus
2274 4983 2608 5038 Cathedralis
2657 4983 2912 5040 Ecclesiae
2969 4987 3321 5044 Pistoriensis
3365 4987 3654 5048 servatur:

2070 5075 2228 5131 Pater
2255 5075 2403 5129 enim
2434 5077 2664 5130 omnium
2680 5070 2930 5147 corrupte
2964 5079 3243 5152 uiuentium
3271 5066 3528 5138 Diabolus
3568 5085 3658 5136 ds-

374 5174 498 5227 dam
541 5172 882 5227 sermonibus
905 5184 1121 5226 errores
1163 5166 1406 5223 confutet
1439 5164 1554 5235 Arii
1581 5208 1593 5227 ,
1619 5165 1772 5233 cujus
1799 5164 1959 5232 impia
1989 5161 2040 5224 D
2066 5174 2318 5244 είςηηικτ,
2353 5172 2610 5251 eumdem
2636 5172 2810 5226 locum
2844 5164 3314 5251 inaugsyn‘odica
3347 5175 3525 5230 lauda;
3550 5175 3649 5231 ιιι.

366 5265 614 5334 dogmata
666 5279 808 5320 anno
849 5264 1048 5318 Christi
1089 5261 1194 5317 525
1240 5260 1439 5315 Nicteni
1483 5259 1693 5314 concilii
1739 5260 1958 5313 decreto

370 5356 620 5410 damnata
669 5356 786 5426 ipso
832 5356 1086 5417 vivente,
1134 5337 1191 5408 et
1228 5351 1574 5422 Imperatoris
1616 5348 1958 5405 Constantini

370 5448 623 5502 mandato
663 5449 772 5518 igni
810 5446 1003 5501 tradita
1034 5453 1178 5522 sunt.
1213 5445 1321 5498 Has
1367 5445 1605 5498 rationes
1627 5486 1641 5508 ,
1673 5451 1728 5498 et
1765 5444 1808 5498 si
1839 5459 1959 5512 quae

370 5538 490 5591 aliae
537 5549 662 5593 sunt
703 5539 1106 5607 expendamus,
1147 5548 1202 5590 et
1253 5536 1306 5590 in
1353 5536 1453 5589 hac
1482 5535 1783 5604 tptzcstione
1829 5533 1954 5604 quid

368 5630 708 5682 sentiendum
739 5621 809 5682 sii
833 5673 845 5690 ,
893 5630 1002 5683 Deo
1040 5628 1201 5682 dante
1225 5670 1240 5690 ,
1276 5627 1802 5681 demonstrabimus.'
1835 5625 1953 5680 Pri-

367 5733 512 5772 mum
545 5736 671 5776 vero
698 5720 889 5775 horum
921 5716 1534 5775 sermonum'auctorem
1562 5717 1832 5772 veteribus
1859 5731 1950 5771 os~

2069 5264 2290 5319 tlterius.
2329 5261 2395 5317 Et
2413 5257 2538 5316 cum
2575 5262 2812 5331 specialis
2837 5273 3006 5316 noster
3036 5261 3230 5317 Doctor
3257 5275 3408 5333 atque
3431 5268 3657 5334 pretim

2065 5356 2254 5410 Beatus
2292 5358 2464 5424 utique
2490 5354 2632 5410 Zeno
2649 5357 2794 5427 dicat
2819 5356 2874 5410 in
2895 5372 3127 5409 sermone
3169 5357 3346 5424 utique
3365 5399 3378 5421 ,
3406 5374 3554 5425 queat
3590 5360 3654 5414 de

2061 5449 2202 5503 Iuda
2238 5450 2349 5520 ﬁlio
2389 5448 2552 5502 Ja'cob
2575 5490 2588 5514 ,
2613 5457 2656 5502 et
2684 5447 2911 5518 Thamar
2933 5465 3066 5503 nuru
3092 5449 3259 5518 ipsius
3283 5450 3653 5518 elegantissime

2061 5543 2364 5614 composuit.
2401 5542 2550 5608 Quod
2575 5543 2802 5595 omnium
2831 5550 3070 5610 corrupte
3100 5543 3378 5612 uiuentium
3407 5539 3648 5596 Diabolus

2061 5643 2202 5703 pater
2229 5635 2312 5687 sit.
2886 5652 2888 5655 ·

2047 5695 2071 5772 .’
2129 5724 2312 5794 Neque
2350 5724 2481 5780 solis
2510 5723 2911 5781 Veronensibus
2934 5695 2992 5780 hi
3021 5725 3079 5782 Β.
3107 5724 3345 5782 Zenonis
3367 5737 3642 5801 sermones
