3822 6220
140 282 226 368 qu
1100 281 1188 339 ne
1229 283 1657 341 SERMONIBUS
1695 246 1933 342 SANCTI
1983 286 2298 342 zenoms;
2599 282 2602 286 '
3268 288 3372 344 eos

140 399 238 455 noti
285 398 447 457 fuere.
489 398 543 455 In
593 398 922 455 monasterio
966 414 1193 468 namque
1234 397 1293 454 8.
1327 397 1553 468 Remigii
1586 400 1690 454 Bc-
1720 403 1772 464 Α
1798 403 1980 458 ncnsis
2007 445 2022 468 ,
2051 405 2192 474 quod
2222 406 2359 458 inter
2387 405 2534 473 ipsus
2561 403 2802 458 nonnulli
2832 417 3110 458 sermones
3136 403 3202 458 de
3231 403 3380 458 Psal—

137 495 347 560 mensis,
381 503 435 548 ut
474 503 698 572 testatur
729 491 948 546 Ruiuart
979 491 1032 546 in
1065 492 1195 546 actis
1224 491 1280 544 S.
1315 491 1528 546 Arcadii
1557 492 1692 546 Mar-
1797 496 1930 559 mis,
1955 509 2007 550 'e
2047 496 2103 550 8.
2135 495 2318 550 Hilarii
2364 495 2766 553 commentariis
2791 537 2806 562 ,
2852 510 2922 552 ne
2964 496 3131 552 verbo
3166 496 3381 566 quidem

136 582 272 653 tyris.
299 583 518 646 habetur
543 583 713 639 codex
746 583 1160 652 manuscriptus,
1180 598 1328 653 quem
1353 582 1538 636 saeculo
1559 599 1695 638 nono.
1770 588 2073 656 immutate
2095 629 2108 651 ,
2142 580 2448 659 transcripti
2479 589 2614 652 sint.
2643 588 2780 644 Tum
2820 588 2980 645 etiam
3012 587 3167 659 quod.
3199 602 3380 643 sermo

137 678 242 731 huic
272 677 579 733 Monasterio
628 675 941 731 Ilincmarus
969 675 1246 731 Remorum
1278 672 1525 745 Pontifex
1565 690 1692 728 con-
1795 679 1846 732 in
1876 678 2002 732 illud
2033 679 2246 733 Attende
2271 681 2391 745 tibi,
2421 690 2476 734 et
2514 694 2692 736 sermo
2738 679 2805 736 de
2848 680 3040 737 Livore
3091 692 3145 736 et
3175 679 3377 736 Invidia

134 769 298 834 cessit,
328 770 377 824 in
405 785 511 839 quo
552 765 1191 824 continenlur'Tractatus
1237 765 1300 820 S.
1330 764 1551 820 Zenonis
1593 757 1690 818 γε·
1797 769 1858 824 D.
1889 768 2070 823 Basilii
2101 770 2227 823 sint.
2257 767 2338 824 Ob
2365 771 2726 826 diversitatem
2755 783 2964 841 quoque
3000 771 3130 843 styli
3169 773 3220 828 in
3252 771 3380 826 reli-

136 861 345 915 ronensis
374 861 614 932 Episcopi
643 861 696 914 in
727 860 858 914 duos
906 860 1062 930 libros
1090 858 1269 922 divisi,
1299 845 1454 911 iidem
1485 857 1693 911 omnino
1792 860 1914 929 quis
1979 859 2318 915 sermunibns
2377 859 2621 915 diversos
2700 863 2998 932 suspicatur
3053 873 3306 922 auctores
3363 881 3377 916 :

132 949 283 1018 quiin
307 949 618 1006 Bibliotheca
649 949 863 1006 Patrum
890 950 1013 1004 editi
1039 959 1176 1004 sunt.
1210 947 1362 1016 Quod
1392 955 1686 1010 testantur,
1795 949 2061 1019 praecipue
2111 964 2181 1005 ex
2238 964 2485 1005 sermone
2523 951 2590 1007 de
2635 952 2974 1009 Continentie
3033 953 3121 1008 ubi
3176 953 3393 1030 Auctor

133 1050 180 1096 et
204 1043 439 1098 monachi
467 1044 526 1099 8.
558 1043 741 1100 Mauri.
765 1044 818 1099 in
863 1040 1438 1112 Parisiensi-_cditione-
1466 1052 1689 1108 operum
1792 1045 2024 1114 afﬁrmat
2066 1058 2120 1096 se
2148 1061 2180 1096 α
2208 1040 2399 1095 Christi
2446 1053 2556 1095 orltt
2603 1043 2823 1111 abfuisse
2847 1046 2997 1098 annis
3027 1044 3381 1115 quadringen-

131 1131 184 1187 S.
215 1133 385 1190 Hilarii
422 1129 546 1191 anni
579 1135 718 1194 1695
744 1136 798 1190 in
838 1135 1204 1191 admonitione
1249 1143 1372 1192 ante
1419 1133 1686 1190 Psalmum
1793 1134 1856 1187 tis
1883 1143 1930 1186 et
1955 1133 2197 1202 amplius.
2228 1131 2523 1186 Dicendum
2558 1133 2734 1200 itaque
2757 1133 3037 1204 przrdictos
3065 1148 3380 1201 sermones,

131 1241 292 1282 cxxvr.
1113 1211 1119 1219 ’
1791 1224 1972 1297 qui‘ad
2004 1223 2402 1295 expositionem
2430 1238 2598 1280 sacra:
2619 1221 2919 1294 'Scripturzc
2952 1228 3256 1295 pertinent,
3288 1243 3380 1296 pa-

194 1316 439 1375 Servatur
457 1321 617 1374 etiam
644 1321 695 1374 iu
720 1321 819 1376 hoc
844 1319 1091 1374 Archivio
1116 1318 1685 1374 reverendissimorum
1720 1362 1726 1366 .
1792 1334 1910 1374 rum
1942 1327 2195 1378 accurate
2241 1308 2540 1381 recensitos
2582 1316 2812 1388 reperiri
2861 1319 3000 1386 apud
3042 1317 3246 1378 Sixtum
3277 1318 3378 1373 Se-

131 1413 492 1466 canonieorum
540 1411 699 1481 hujus
733 1390 1456 1481 Cathedralissupradictus
1497 1424 1690 1488 maun-
1791 1422 2014 1467 nensem
2039 1450 2053 1476 ,
2080 1409 2168 1478 qui
2194 1408 2423 1462 aliorum
2468 1406 2607 1462 forte
2637 1421 2800 1475 opera
2847 1406 2902 1460 in
2941 1421 3128 1463 eormn
3173 1409 3380 1464 collecc

130 1499 345 1570 scriptus
367 1503 539 1572 codex
572 1504 964 1573 pergamineus.
994 1505 1046 1558 in
1078 1518 1184 1574 quo
1223 1512 1405 1557 extant
1429 1509 1688 1556 tractatus
1791 1501 1943 1556 tione
1967 1513 2100 1566 usus
2140 1510 2242 1554 est.
2272 1498 2406 1554 Nam
2443 1499 2680 1570 quinque
2711 1507 2916 1552 tantum
2963 1500 3213 1570 leguntur
3238 1502 3377 1570 apud

128 1590 179 1647 8.
203 1591 428 1648 Zenonis
450 1593 782 1649 Veronensis
825 1595 1107 1664 episcopi,
1134 1603 1191 1648 et
1231 1590 1328 1663 ipsi
1373 1593 1425 1649 in
1457 1594 1592 1653 duos
1619 1592 1685 1646 li-
1788 1584 2000 1647 Sixtuni
2025 1589 2329 1649 Senensem
2351 1633 2366 1656 ,
2396 1591 2485 1657 qui
2517 1592 2568 1646 in
2596 1590 2850 1647 Genesim
2889 1600 3015 1644 sunt
3039 1593 3380 1663 conscripti,

130 1684 244 1745 bras
267 1684 486 1754 digesti,
519 1683 786 1756 iidemque
809 1698 1085 1741 sermones
1109 1693 1263 1751 sunt,
1291 1686 1458 1754 quiin
1491 1685 1687 1740 Biblio—
1790 1683 1985 1753 quibus
2013 1692 2068 1738 et
2095 1695 2375 1739 sermones
2411 1683 2782 1739 de'Abraitam
2805 1723 2821 1747 ,
2849 1682 2917 1737 de
2947 1684 3161 1739 somnio
3183 1674 3384 1750 Jacob,

132 1775 268 1831 theca
310 1767 524 1832 Patrum
560 1776 807 1846 leguntur
827 1819 840 1842 ,
868 1777 974 1831 alio
1003 1785 1181 1844 tamen
1204 1777 1394 1836 ordine
1418 1792 1570 1847 :-quo
1599 1792 1686 1830 or-
1723 1779 1766 1840 Β
1792 1773 2024 1832 tleJuda
2043 1781 2144 1837 ,.et
2182 1773 2416 1830 Thamar
2446 1786 2892 1847 annumerantur.
2920 1773 3118 1830 Verum
3149 1776 3200 1829 in
3231 1791 3386 1831 man-

130 1865 245 1923 dine
279 1883 337 1923 se
373 1868 496 1924 illos
525 1867 816 1940 digessisse
855 1869 1040 1924 dicunt
1087 1867 1305 1938 Bagatta
1347 1877 1401 1922 et
1446 1867 1694 1924 Peretms
1795 1857 1935 1922 datis
1976 1867 2140 1936 praelo
2166 1877 2290 1922 sunt
2324 1883 2559 1922 novem:
2595 1867 2844 1923 nimirum
2889 1862 2943 1921 in
2973 1866 3226 1923 Genesim
3252 1883 3386 1938 qua-

132 1957 177 2011 in
202 1957 378 2014 eadem
409 1958 741 2028 prmfstione.
771 1958 960 2014 latine
995 1973 1122 2024 vero
1159 1957 1319 2030 hujus
1350 1959 1693 2015 Pistoriensis
1768 1969 1918 2015 -tuor
1941 2002 1956 2026 ,
1984 1962 2051 2016 de
2091 1960 2361 2016 Abraham
2396 1958 2506 2017 trrs
2534 2003 2548 2029 ,
2581 1977 2721 2017 unus
2759 1962 2830 2017 de
2859 1963 3074 2016 somnio
3098 1962 3264 2018 Jacob
3290 2005 3306 2030 ,
3335 1974 3390 2020 et

133 2050 459 2119 tuanuscripti
491 2049 601 2123 duo
621 2061 747 2104 sunt
772 2049 956 2108 inserti
978 2065 1287 2115 sermones,
1314 2065 1452 2105 unus
1472 2051 1526 2107 8.
1552 2051 1693 2108 Gau-
1795 2051 1862 2106 de
1891 2051 2028 2107 Juda
2059 2067 2215 2108 unus.
2246 2051 2304 2107 ln
2340 2053 2582 2108 Exodum
2618 2052 2802 2108 Sixtus
2833 2054 3086 2123 quinque
3101 2065 3342 2110 nttmerat
3368 2098 3384 2120 ,

129 2141 281 2200 Gentii
309 2141 607 2214 Brixiensis
646 2133 1056 2220 ‘episcopi,'qui
1103 2145 1156 2200 in
1193 2144 1556 2215 manuscripto
1584 2145 1688 2201 γε.
1795 2159 1915 2198 cum
1971 2144 2027 2210 in
2073 2143 2216 2202 dicta
2273 2145 2511 2220 editione
2563 2143 2870 2216 quindecim
2921 2147 3280 2216 reperiantur.
3326 2147 3380 2200 in

134 2233 331 2289 ronensi
377 2247 486 2310 non
533 2235 832 2303 reperitur,
872 2231 1008 2290 alter
1044 2233 1103 2290 S.‘
1136 2234 1312 2304 Vigilii
1338 2233 1596 2306 episcopi,
1623 2237 1692 2291 de
1797 2238 2039 2292 Psalmos
2079 2229 2218 2306 aptId
2265 2236 2474 2292 Sixtum
2503 2247 2709 2310 septem
2739 2239 2984 2304 sunt,in
3029 2238 3187 2294 editis
3217 2243 3384 2308 przelo

131 2326 322 2380 sanctis.
341 2309 670 2398 martyribus
697 2325 947 2391 Sisinuo,
975 2324 1280 2382 Alexandro
1312 2336 1366 2380 et
1417 2325 1687 2397 Martyrio.
1797 2343 2012 2384 novem.
2042 2327 2174 2382 illud
2215 2327 2375 2382 etlam
2417 2309 2813 2401 observandum
2856 2339 2939 2384 est
2983 2342 3104 2383 cum
3162 2328 3379 2384 Peretto

132 2415 278 2470 Tituli
303 2401 459 2488 hujus
487 2406 838 2490 manuscripti
869 2417 1210 2474 Pistoriensis
1237 2433 1342 2474 non
1369 2419 1694 2475 conveniunt
1796 2428 1850 2474 et
1879 2417 2093 2490 Bagatta
2116 2461 2129 2484 ,
2165 2418 2374 2476 Sixtum
2419 2418 2472 2473 in
2495 2435 2561 2476 eo
2586 2434 2830 2483 errasse,
2858 2415 3002 2491 quod
3045 2420 3242 2475 dixerit
3269 2435 3384 2491 ser-

130 2521 236 2561 cum
284 2505 521 2588 iis,"qui
569 2511 623 2565 in
672 2509 1012 2581 sermonibus
1055 2511 1220 2580 prmlo
1263 2511 1406 2569 ensis
1447 2513 1695 2583 leguntur
1797 2526 2010 2566 mouem
2035 2511 2084 2566 in
2115 2510 2596 2573 Psalmumuxtx.
2621 2522 2676 2568 et
2693 2525 3001 2568 sermonem
3029 2513 3081 2566 in
3110 2510 3381 2566 Psalmum

130 2601 351 2673 inscripti
393 2621 407 2657 :
458 2613 514 2659 et
564 2620 632 2660 ex
676 2601 1014 2674 quibusdam.
1041 2604 1319 2674 conjicitur
1361 2603 1416 2662 8.
1460 2606 1693 2663 Zenonis
1795 2620 1824 2658 c
1855 2603 2074 2674 apud‘S.
2104 2602 2363 2658 Hilarium
2397 2600 3170 2674 reperiri,‘quodfalsumcst.
3198 2601 3384 2672 Neque

129 2707 388 2753 sermones
424 2697 482 2752 in
508 2697 700 2754 Ofﬁcio
740 2696 924 2753 divino
946 2701 1291 2756 consuevisse
1318 2687 1496 2770 legere
1527 2698 1694 2758 Vero—
1799 2705 2055 2750 tractatus
2075 2737 2090 2761 ,
2117 2691 2227 2752 seu
2269 2707 2448 2749 sermo
2478 2697 2528 2747 in
2557 2689 2826 2756 Psalmmn
2859 2698 2981 2749 χιιι
3012 2684 3102 2765 qui
3132 2703 3213 2750 est
3241 2696 3379 2748 inter

129 2801 325 2844 nenses.
357 2789 623 2848 Videlicet
659 2807 742 2860 ex,
768 2804 1024 2849 sermone
1061 2791 1132 2848 de
1166 2791 1404 2860 Genesi,
1434 2791 1522 2865 qui
1555 2793 1695 2849 inter
1796 2801 1956 2855 opera
2005 2784 2061 2841 8.
2114 2784 2344 2840 Zenonis
2369 2826 2382 2851 ,
2434 2785 2486 2839 in
2529 2785 2783 2855 operibus
2824 2784 2891 2859 S.
2932 2783 3120 2843 Hilarii
3166 2785 3376 2854 legitur.

130 2881 253 2948 typis
279 2880 451 2938 editos
490 2882 691 2952 primas
733 2884 982 2951 obtinet',
1025 2882 1081 2938 in
1113 2884 1477 2954 utanuscripto
1506 2884 1695 2941 ordine
1794 2883 2042 2952 Quinque
2080 2895 2222 2935 vero
2256 2894 2567 2943 sermones,
2607 2873 2660 2934 et
2707 2878 2861 2949 apud,
2891 2877 2952 2947 8ἶ
2979 2877 3292 2944 Zenonem,
3329 2887 3384 2931 et

126 2971 365 3040 septimus
393 2985 480 3029 est
505 3015 521 3040 ,
547 2984 604 3029 et
618 2975 722 3046 ,ιω
770 2971 1120 3039 inScriltitur:
1153 2957 1424 3036 1.1mm
1462 2973 1689 3031 Genesis.
1795 2973 1937 3042 apud
1981 2970 2040 3026 8.
2086 2970 2759 3039 Hilarium,reperiuntur,
2782 2969 3072 3046 nempe-in
3105 2967 3376 3023 Psalmum

125 3059 184 3114 In
223 3067 551 3136 sexagesima.
586 3047 792 3143 Lecta,
833 3068 1108 3122 secundum
1144 3066 1343 3132 require
1360 3069 1417 3122 ini
1449 3079 1602 3124 antea
1643 3071 1694 3124 in
1794 3077 1952 3122 cxx"
1982 3104 1996 3126 ,
2056 3062 2276 3130 dempto
2344 3062 2648 3143 promtnio:
2707 3063 2757 3114 iu
2821 3051 3092 3116 psum“...
3156 3074 3338 3141 cxxvu
3363 3099 3377 3123 ,

126 3153 253 3218 (alia.
277 3157 499 3224 quinm,-
532 3158 671 3224 quod
700 3137 766 3214 et
807 3159 859 3214 in
891 3160 1012 3214 aliis
1053 3162 1358 3217 observare.
1389 3172 1470 3217 est
1494 3171 1595 3225 ,‘lm
1625 3163 1683 3216 in
1714 3163 1758 3224 C
1789 3170 1989 3212 cxxvut
2009 3196 2024 3221 ,
2046 3169 2209 3218 cxxtx
2229 3195 2242 3217 ,
2271 3149 2432 3208 cxxx.
2458 3137 2567 3210 Nec
2594 3167 2776 3224 sermo
2800 3156 3001 3222 primus
3027 3153 3078 3207 in
3111 3137 3375 3208 Psalmnm

125 3256 351 3302 sermone
373 3249 441 3304 de
465 3236 699 3316 Genesi,
723 3251 816 3320 qui
843 3258 927 3307 est
951 3250 1218 3307 secundus
1243 3253 1294 3306 in
1327 3247 1421 3315 iis,
1449 3254 1536 3322 qui
1561 3253 1687 3307 editi
1792 3246 1993 3303 xxx-de
2020 3244 2318 3300 humilitate
2347 3247 2490 3315 inter
2517 3235 2797 3299 sermones
2817 3243 3091 3300 S.‘Hilarii
3123 3243 3377 3307 habetur,

125 3333 317 3392 fuerunt
344 3340 394 3399 in
418 3341 642 3404 "lucem,
673 3341 728 3396 in
749 3341 1114 3413 manuscripto
1143 3345 1332 3400 ordine
1359 3346 1449 3410 27,
1483 3353 1536 3400 et
1560 3358 1634 3400 co:

1876 3328 2066 3392 notant
2088 3338 2250 3392 etiam
2278 3336 2384 3391 PP.
2411 3337 2854 3407 Congregntioms
2884 3335 2942 3391 S.
2971 3335 3133 3390 Mauri
3163 3337 3215 3390 iu
3242 3351 3373 3405 prae-

123 3426 332 3482 cluditur
348 3444 420 3493 ex
447 3436 604 3487 more
629 3430 958 3497 threaten,
990 3433 1226 3500 Domine,
1247 3431 1688 3506 niisererenobis;
1788 3429 1896 3506 fata
1922 3428 2157 3484 editione
2187 3443 2406 3497 operum
2436 3428 2492 3484 S.
2522 3429 2706 3483 Hilarii
2736 3443 2881 3482 anno
2912 3429 3066 3482 1693.
3097 3427 3154 3482 lu
3184 3427 3371 3481 Isaiam

119 3527 431 3587 etsist-mone
474 3521 545 3578 de
569 3519 707 3588 Job,
736 3512 1340 3596 qui..~in-mauuscripto
1367 3514 1686 3598 portitoris
1788 3531 2016 3590 quatuor
2056 3520 2238 3574 Sixtus
2281 3530 2562 3583 numerat,
2606 3521 2656 3573 in
2699 3519 2914 3574 excusis
2952 3528 3158 3587 septem
3207 3516 3369 3584 sunt,

121 3607 257 3664 initio
274 3609 498 3689 legitur:
516 3605 789 3669 Tractatus
808 3610 1004 3670 deleo.
1025 3615 1192 3670 Lectio
1220 3616 1518 3672 B.Zenonis
1532 3617 1687 3682 huius
1789 3613 1835 3669 si
1863 3613 1940 3666 eis
1984 3609 2400 3676 adnumerentur
2421 3605 2607 3665 sermo
2633 3611 2700 3665 de
2742 3611 2996 3680 Martyrio
3027 3609 3196 3664 Isaiae.
3231 3610 3367 3664 Tres

119 3702 234 3755 udis
252 3705 597 3776 episcopis-Ita
615 3705 920 3777 antiquitus
949 3710 1048 3779 legi
1079 3709 1326 3765 solebant
1353 3709 1406 3764 in
1433 3711 1686 3766 Ecclesiis
1789 3707 1856 3762 de
1884 3705 2100 3761 Daniele
2131 3706 2278 3776 ponit
2317 3705 2498 3761 Sixtus
2521 3747 2535 3771 ,
2580 3720 2765 3762 novem
2797 3695 2922 3760 sunt
2967 3707 3016 3758 in
3064 3705 3205 3759 dicta
3254 3704 3368 3758 edi-

121 3789 289 3849 littera:
338 3796 623 3869 Polycarpi
666 3809 717 3854 et
749 3800 1098 3868 quorumdam
1140 3805 1229 3870 qui
1289 3801 1506 3856 inerunt
1557 3817 1686 3870 apo-
1788 3804 1952 3858 tione.
2523 3843 2526 3845 λ
2592 3852 2595 3856 .

118 3884 824 3956 telorumdiscipulizliber
857 3892 1122 3946 llermetis
1181 3904 1236 3948 et
1274 3895 1528 3968 aliorum.
1585 3894 1685 3950 se-
1778 3877 1786 3892 ’
1862 3896 1956 3949 His
2011 3897 2189 3965 itaque
2239 3895 2533 3950 observatis
2597 3893 2864 3947 latendum
2928 3901 3012 3946 est
3079 3891 3370 3962 praedictos

116 3979 272 4034 eundo
291 3985 450 4052 etiam
480 3972 620 4040 libro
645 3987 1009 4056 manuscrith
1036 3991 1085 4041 iu
1111 3979 1342 4058 plurium
1371 4002 1683 4042 sermonum
1786 3990 2018 4058 quinque
2047 4001 2326 4042 sermones
2351 3988 2418 4042 de
2442 3986 2667 4042 Psalmis
2698 3985 2834 4054 apud
2865 3985 2922 4039 S.
2947 3985 3204 4040 llilarium
3233 3983 3366 4056 legi,

115 4067 208 4122 ﬁne
243 4070 317 4149 sic
361 4074 594 4144 legitur:
630 4073 858 4146 Empticit
897 4076 963 4132 de
989 4077 1276 4131 humilitate
1323 4087 1573 4133 tractatus
1615 4078 1675 4135 S.
1777 4079 2097 4148 eorumque“
2121 4073 2188 4134 S.‘
2227 4079 2482 4134 Hilarium
2515 4089 2784 4133 auctorem
2815 4074 2942 4132 esSe
2977 4075 3203 4144 probant
3232 4090 3366 4144 pra-

114 4157 312 4218 Zenonis
352 4167 633 4242 feliciter_:
681 4169 866 4237 sicque
914 4171 968 4223 in
1013 4169 1153 4235 aliis.
1187 4169 1301 4224 Νοιι
1352 4171 1532 4241 itaque
1579 4173 1678 4226 soli
1785 4172 1910 4225 dicti
1942 4170 2041 4224 PP.
2072 4169 2515 4242 Congregaiionis
2543 4170 2598 4226 S.
2628 4165 3143 4234 Maurig'Fatt-ndum
3197 4167 3364 4222 etiam

114 4249 327 4311 Guarino
349 4258 541 4313 horum
563 4240 871 4315 sermonum
889 4257 1056 4317 editio
1077 4263 1360 4316 tribuenda
1385 4240 1467 4318 est
1485 4305 1497 4328 ,
1521 4279 1643 4317 cum
1664 4305 1676 4327 ,
1785 4265 1925 4318 inter
1952 4278 2113 4331 opera
2145 4240 2210 4318 8.
2231 4240 2410 4318 Basilii
2442 4277 2547 4318 non
2579 4263 2753 4316 solum
2781 4275 2903 4315 esse
2924 4262 3060 4324 dum
3085 4248 3370 4316 sermones

111 4354 158 4397 et
177 4344 395 4405 Verum
431 4350 644 4420 publice
667 4353 724 4408 in
755 4353 922 4408 cboro
949 4355 1456 4424 legictmsueverint
1483 4398 1508 4429 ,ἵ
1529 4366 1585 4410 et
1612 4357 1680 4410 ab
1783 4373 1810 4408 a
1842 4357 1992 4412 Sixto
2038 4365 2250 4411 notatus
2272 4396 2285 4417 ,
2321 4369 2845 4423 nempescrmouem
2889 4354 2956 4406 in.
2989 4353 3114 4408 illud
3155 4351 3368 4408 Attende

110 4436 216 4491 aliis
256 4444 562 4500 auctoribus
607 4445 895 4501 laudentur
919 4489 935 4512 ,
973 4456 1029 4501 et
1075 4448 1128 4501 iu
1165 4448 1288 4502 aliis
1335 4449 1678 4512 bibliothecis
1782 4449 1892 4513 tibi,
1920 4461 1971 4503 et
2004 4463 2324 4503 sermonem
2349 4448 2418 4502 de
2445 4447 2636 4501 Livnre
2665 4455 2719 4499 et
2771 4432 2967 4499 luiidia
3001 4463 3014 4498 :
3045 4443 3141 4499 sed
3163 4453 3218 4499 et
3246 4457 3362 4497 ser-

110 4533 442 4598 reperiantur;
477 4537 556 4593 De
578 4522 685 4594 illis
713 4539 854 4593 enim
881 4523 958 4594 .e‘t.
982 4540 1170 4604 Petrus
1195 4532 1265 4595 de
1308 4542 1582 4597 Nntalihus
1628 4544 1678 4598 iu
1709 4542 1758 4599 D
1788 4555 1999 4596 moneas
2018 4541 2085 4595 de
2103 4541 2392 4611 Evangelia
2409 4538 2703 4594 secundum
2723 4538 2995 4592 Lucamde
3018 4526 3214 4607 duplici
3249 4545 3363 4590 ten-

109 4633 196 4674 suo
227 4613 546 4683 Sanctorum
577 4630 831 4700 Catalogo
866 4631 1001 4700 (Lib.
1037 4616 1088 4696 ι.
1121 4649 1238 4702 cap.
1271 4631 1365 4704 45)
1395 4636 1673 4700 meminit,
1749 4632 1753 4636 ⁴
1788 4635 2048 4688 talionum
2069 4634 2274 4704 specie,
2300 4643 2355 4694 et
2373 4647 2679 4687 sermonem
2706 4633 2772 4685 de
2792 4630 3022 4699 Jejunio.
3048 4628 3116 4685 At
3149 4630 3230 4683 liis
3255 4644 3361 4682 non

109 4715 372 4787 pluresque
418 4731 706 4778 recenset:
748 4734 799 4779 et
840 4723 1039 4780 ﬂauius
1089 4729 1372 4796 episcopus
1416 4726 1673 4796 Sentpro-
1782 4727 2123 4783 obstantibus
2151 4726 2290 4779 male
2320 4727 2480 4778 iutcrt
2514 4724 2697 4779 Sixtus
2745 4721 3000 4778 Senensis
3039 4733 3312 4778 sermones
3347 4761 3362 4783 ,

108 4805 288 4863 niensis
311 4853 326 4874 ,
351 4813 553 4882 aliique
581 4820 928 4872 recentiores.
959 4818 1156 4874 Verum
1179 4819 1255 4874 de
1287 4818 1682 4877 hishac'teuus‘
1780 4818 1870 4888 qui
1913 4816 1968 4872 8.
2001 4816 2234 4872 Zenonis
2279 4819 2490 4872 nomine
2531 4816 2998 4878 circumferuntur,
3023 4813 3362 4866 collectionem

106 4895 227 4951 dicta
251 4902 354 4955 sint
382 4905 538 4958 Satis.
571 4905 728 4985 Nunc
746 4921 933 4962 eorum
961 4911 1281 4965 sententiam
1322 4912 1429 4965 οι).
1463 4914 1553 4982 qui
1587 4914 1668 4967 υἱ·
1778 4927 1888 4965 esse
1912 4927 1973 4966 ex
2002 4911 2211 4964 diuersis
2241 4909 2561 4974 Auctoribus,
2580 4910 2667 4978 qui
2690 4909 2917 4962 ducentis
2939 4923 3064 4975 pene
3082 4907 3228 4960 annis
3250 4910 3362 4975 fue-

106 5001 211 5040 Vum
238 4989 504 5048 Zenonem
538 4996 726 5051 horum
755 4992 1065 5055 scrtuonum
1109 5011 1383 5057 auctorem
1433 5015 1624 5073 negant
1651 5047 1665 5070 ,
1777 5014 1897 5057 runt
1945 4999 2152 5057 Zenone
2183 5008 2503 5069 posteriores.
2534 5003 2824 5055 Sermones
2855 5013 3119 5067 namque,
3151 4998 3219 5051 de
3242 4997 3363 5066 qui-

105 5084 335 5137 τηίεηιίιιε
361 5087 749 5166 attendamus.
1779 5097 1878 5151 bus
1902 5099 2096 5164 agitur,
2123 5107 2339 5150 centum
2360 5105 2412 5148 et
2441 5106 2671 5164 quatuor
2700 5105 3048 5148 numerantur
3071 5111 3082 5146 :
3107 5093 3195 5162 qui
3229 5104 3357 5145 vero

1774 5190 1914 5257 apud
1967 5189 2022 5243 S.
2071 5188 2329 5242 Hilarium
2387 5195 2442 5242 et
2493 5187 2747 5240 Basilium
2803 5186 3111 5251 habentur,
3170 5200 3356 5239 novem

675 5223 904 5282 CAPUT
934 5227 1024 5283 Ill.
1079 5263 1081 5265 ι
1774 5223 1912 5257 "Pu"
1968 5223 2022 5243 ο·
2071 5223 2350 5289 "mu-um.
2387 5223 2464 5292 ut
2493 5223 2747 5288 uua-unm
3094 5227 3111 5251 ,

147 5333 155 5339 -
195 5335 224 5349 --
273 5335 304 5349 ι-
471 5339 482 5349 ι
573 5337 586 5349 .
671 5337 702 5349 ,-
889 5341 921 5349 ..
1050 5343 1079 5349 _
1154 5344 1188 5349 _
1334 5346 1343 5349 ,
1467 5327 1476 5333 .
1774 5288 1921 5332 sunt.
1963 5275 2070 5330 Cur
2093 5291 2222 5346 ergo
2253 5279 2447 5344 reliqui
2482 5287 2766 5344 nonaginta
2797 5293 3033 5345 qutuque
3060 5277 3116 5331 8.
3156 5276 3354 5332 Zenoni

107 5331 224 5386 Sixti
268 5335 509 5392 Senensis
551 5337 616 5391 de
665 5337 995 5394 Sermonibus
1041 5343 1102 5398 S.
1145 5344 1370 5399 Zenonis
1416 5331 1616 5414 iudiciu

686 5429 1056 5484 consideratur.

1843 5359 2034 5424 buéndi
2065 5381 2170 5420 non
2195 5381 2317 5421 sunt
2338 5370 2361 5420 ?
2383 5369 2517 5435 Quid
2546 5371 2688 5421 enim
2719 5369 2888 5436 magis
2909 5370 3124 5423 obvium
3151 5372 3201 5422 in
3226 5385 3351 5438 0pc-

1842 5475 1916 5484 ...ιι
1966 5459 2294 5484 Α..ιῖι-...Α.-η..ρ.
2350 5459 2431 5484 nn
2505 5474 2659 5484 Jun-Am
2710 5459 2850 5484 ξηιλ..
2889 5463 3043 5484 nni..-
3085 5463 3118 5484 ο
3189 5462 3351 5484 n-.._:-

280 5529 282 5532 γ
405 5501 412 5512 ι
658 5459 1056 5505 τιυσωηκηυιιττ
1771 5461 1919 5515 ribus
1965 5459 2302 5526 antiquorum
2349 5459 2477 5521 PP.,
2503 5474 2660 5526 quam
2691 5459 2850 5532 inter
2889 5463 3045 5512 unius
3085 5463 3141 5512 S.
3188 5462 3359 5516 Patris

167 5535 232 5589 Ex
261 5535 487 5594 diversis
533 5539 878 5605 auctoribus,
910 5543 1000 5610 qui
1046 5557 1184 5610 pene
1227 5545 1475 5601 ducentis
1505 5551 1661 5604 annis
1771 5553 1967 5619 scripta
2000 5548 2223 5600 aliorum
2255 5547 2506 5611 Patrum,
2537 5551 2593 5600 'et
2619 5531 2894 5600 auctorum
2927 5552 3084 5600 etiam
3131 5549 3353 5602 ham-ti.
3412 5578 3416 5582 π

102 5639 127 5676 a
156 5625 203 5682 S.
231 5627 441 5686 Zenone
467 5630 797 5696 ﬂoruerunt,
826 5644 919 5687 eos
947 5633 1208 5690 collectos
1236 5651 1355 5690 esse
1381 5652 1658 5696 sermones
1769 5656 1952 5695 corum
1987 5637 2418 5692 elucubratiunes
2448 5635 2716 5708 reperiri?
2751 5638 2860 5690 Iloc
2895 5639 3180 5692 manifesto
3213 5649 3358 5707 palt'l

103 5718 180 5783 'lui
203 5718 256 5774 8.
287 5719 496 5789 prtsuli
530 5723 836 5780 tribuuntur
859 5762 875 5794 ,
905 5740 968 5779 ex
997 5739 1065 5780 eo
1091 5725 1310 5794 conjicit
1340 5727 1525 5784 Sixtus
1557 5731 1654 5787 Se-
1766 5733 1818 5786 in
1851 5730 1998 5785 libris
2027 5728 2361 5796 Tertulliani,
2396 5726 2660 5799 Origcuis,
2692 5727 2788 5784 SS.
2823 5729 3095 5797 Cypriani.
3117 5730 3348 5784 Ambro-
