3822 6220
435 275 535 327 607

1453 267 1539 323 DE
1580 265 2014 322 SlilliﬂlNlllUS
2056 266 2299 323 SA'NCTI
2340 268 2647 325 ZENON‘IS.

3594 277 3690 328 θος

431 389 488 446 S.
522 389 750 444 Zenonis
814 402 915 441 non
963 386 1031 439 ita
1075 381 1443 453 praetereunda
1470 423 1484 449 ,
1539 391 1591 434 ιιι
1635 380 2008 434 Tillemontins
2038 385 2086 441 Α
2115 374 2551 451 Isaiamegrteco
2597 384 2648 435 in
2692 383 2901 437 latinum
2944 399 3224 439 sermonem
3281 401 3692 456 aggressus......

433 485 694 556 prteterit,
725 497 840 551 qua:
865 480 950 534 hic
978 480 1042 532 ad
1074 478 1290 533 lectoris
1325 475 1664 532 commodum
1719 489 1784 528 ex
1816 474 2000 545 praefa-

431 580 577 635 tione
606 578 790 634 eadem
812 573 1180 629 exscribimns.
1233 571 1582 642 Antiquissimi
1628 569 1863 630 Auctoris
1896 585 2006 623 esse

428 672 693 734 indicium,
726 683 840 721 cum
868 683 1004 734 saepe
1052 665 1121 718 ad
1167 663 1377 717 Judteos
1407 664 1686 716 sermonem
1731 659 2005 714 habuerit:

433 762 827 817 Catechumenos
869 760 924 812 in
951 774 1155 824 sacrum
1206 756 1424 811 Foutem
1456 756 1786 810 invitaverit:
1834 770 2008 820 repre-

428 853 653 909 henderit
699 849 902 905 (irtecos
929 859 1048 903 tunc
1068 850 1138 902 ad
1160 849 1311 917 ﬁdem
1342 846 1533 902 Christi
1560 862 1848 912 conversos,
1871 842 2022 916 quod‘

425 963 555 1001 uana
584 961 675 998 sita
701 940 952 1008 sapientia
978 941 1209 994 etiamin
1236 939 1469 993 Ecclesia
1495 938 1592 993 Dei
1601 937 1752 993 vana
1772 937 2009 1008 quaedam

425 1036 486 1090 de
508 1032 614 1089 Deo
636 1032 1033 1095 introducerent,
1058 1041 1111 1085 ut
1132 1023 1363 1085 sermone
1381 1030 1547 1101 primo
1563 1029 1625 1082 de
1646 1024 1855 1082 Pialmo
1869 1043 2009 1082 cxxx

429 1128 539 1196 (hic
563 1140 738 1224 sermo
758 1125 897 1202 apud
929 1123 1186 1179 Hilarium
1216 1137 1322 1175 non
1353 1118 1666 1192 reperitur),
1683 1120 1819 1173 idem
1839 1129 2008 1173 osten—

428 1209 735 1286 ditur,"cunt
757 1219 812 1271 in
838 1220 1070 1272 sermone
1091 1217 1152 1270 de
1168 1216 1424 1286 spirituali
1451 1214 1789 1291 aedificatione
1814 1209 2011 1265 Domus
2043 1241 2048 1246 -

432 1313 529 1368 Dei
561 1312 750 1367 Auctor
788 1312 1134 1374 demonstrat,
1156 1320 1274 1363 ‘tum
1305 1325 1405 1362 non
1455 1309 1617 1378 fuisse
1653 1309 1767 1379 jam
1797 1305 2012 1372 Templa

434 1398 737 1463 Christianis
784 1414 1094 1471 constructa,
1149 1404 1240 1458 sed
1283 1419 1464 1464 novum
1505 1400 2015 1478 popitluatetmini-

430 1515 568 1553 mum
595 1481 806 1553 numero
831 1490 1076 1555 extitisse.
1102 1497 1181 1550 Ad
1211 1495 1510 1567 Neophytos
1525 1479 1677 1563 porro
1698 1510 1932 1550 sermone
1961 1510 2014 1550 tv

391 1587 396 1592 ί
431 1608 555 1652 cum
577 1593 640 1646 de
667 1592 731 1644 iis
761 1591 1065 1644 mentionem
1092 1590 1236 1660 facit,
1283 1589 1370 1656 qui
1398 1587 1690 1642 universam
1715 1602 1821 1640 rem
1865 1586 2016 1651 lanii-

438 1684 617 1737 liarem
683 1682 988 1752 pauperibus
1021 1685 1345 1751 .erogarent,
1391 1680 1580 1750 quippe
1635 1676 1731 1732 Dei
1770 1678 2015 1748 templum

2109 474 2235 527 dicit
2261 475 2449 545 stylam
2477 477 2708 547 ipsorum
2755 475 2955 539 Basilii,
2981 494 3082 532 non
3135 492 3279 541 esse,
3330 477 3419 530 sed
3469 479 3696 552 alicujus

2110 568 2286 621 eodem
2307 571 2509 624 nomine
2537 568 2819 640 nuncupati
2867 569 2944 624 vel
2966 571 3179 624 alterius
3202 611 3216 634 ,
3250 571 3338 639 qui
3385 571 3592 625 nomine
3631 575 3690 629 Si

2111 661 2291 715 Basilii
2318 662 2496 715 edidit.
2539 662 2678 715 Nam
2725 663 2929 734 phrasis
2988 680 3048 716 ac
3097 646 3366 718 verb-orum
3395 673 3600 719 textura
3635 667 3696 720 ab

2109 768 2192 815 ea,
2220 768 2321 822 qua
2349 751 2573 805 Basilius
2610 762 2698 806 est
2725 769 2844 806 usus
2889 753 3163 807 admodum
3199 771 3323 810 cum
3359 756 3433 807 sit
3475 756 3696 830 ἄξεσθε,

2110 845 2222 914 ﬁeri
2248 861 2346 898 non
2375 855 2559 914 potest,
2593 855 2646 898 ut
2672 850 3034 901 commentaria
3056 848 3149 902 illa
3173 865 3204 900 a
3226 835 3537 920 lamdiserto
3560 850 3702 904 theo-

2110 934 2226 999 logo
2261 928 2367 986 sini
2387 936 2698 1000 conscripta.
2760 936 2840 989 Ita
2866 939 2924 1004 ﬁt
2967 947 3023 991 ut
3053 955 3234 1008 parum
3260 949 3506 1007 nasutus
3539 926 3702 995 lector

2108 1025 2215 1078 illis
2256 1027 2631 1080 commentariis
2675 1027 2899 1097 amplius
2947 1045 3048 1081 non
3087 1030 3235 1096 ﬁdat.
3277 1025 3370 1084 nec
3423 1033 3486 1086 iis
3525 1042 3701 1087 utatur

2110 1133 2266 1183 eaque
2298 1119 2440 1184 parvi
2472 1117 2703 1183 pendat;
2744 1119 2880 1185 quod
2918 1129 3088 1173 autent
3129 1120 3192 1174 de
3225 1120 3421 1176 Basilio
3461 1105 3700 1192 affirmo,

2110 1210 2243 1263 ideot
2273 1209 2335 1262 de
2366 1210 2652 1280 Augustino
2682 1211 2892 1265 diversis
2919 1212 2970 1264 in
2999 1212 3144 1279 locis,
3194 1215 3258 1267 de
3291 1213 3624 1286 Hieronymo,
3655 1228 3701 1271 et

2112 1299 2228 1354 aliis
2281 1299 2553 1354 dicendum
2602 1310 2793 1354 est.....
2829 1301 2948 1373 styli
2998 1303 3262 1360 diversitas
3313 1307 3574 1362 diuersum
3602 1299 3700 1362 non

2112 1392 2280 1446 innuit
2313 1403 2572 1445 auctorem
2597 1408 2616 1444 :
2662 1409 2778 1447 cum
2809 1394 2946 1448 idem
2982 1409 3162 1450 auctor
3197 1398 3316 1451 aliis
3344 1399 3397 1451 in
3439 1399 3582 1452 libris
3601 1401 3704 1453 alio

2110 1492 2287 1537 utatur
2315 1483 2472 1552 stylo,
2501 1494 2556 1536 ut
2587 1483 2777 1552 liquide
2804 1496 3002 1540 constat
3023 1503 3085 1541 ea:
3113 1487 3430 1559 Augustino,
3476 1492 3561 1560 qui
3604 1491 3708 1544 alio

2079 1614 2082 1616 -
2112 1575 2167 1628 in
2191 1575 2332 1628 libris
2353 1575 2418 1626 de
2442 1570 2659 1628 Civitate
2688 1575 2803 1640 Dei,
2829 1578 2931 1631 alio
2956 1578 3008 1631 in
3043 1577 3267 1650 Psalmis
3293 1585 3368 1633 est
3399 1599 3540 1636 usus.
3561 1581 3706 1647 Quod

2115 1666 2221 1736 ipse
2245 1663 2491 1721 Erasmus
2513 1667 2719 1721 minime
2740 1669 3068 1738 inﬁciabitar,
3089 1674 3142 1724 in
3166 1689 3269 1725 uno
3285 1673 3560 1742 eodemque
3581 1673 3708 1727 libro

434 1785 622 1841 essent,
657 1750 1048 1842 cum-templum
1093 1750 1402 1828 idololatriw
1439 1755 1614 1826 antea‘
1629 1772 1929 1825 extitissent.
1957 1764 2101 1840 ΜΒ
2127 1757 2350 1811 diverso:
2380 1752 2558 1812 ηισάοϐ
2578 1759 2833 1823 adhiberi.
2882 1770 2934 1813 ul
2979 1763 3111 1816 idem
3138 1750 3465 1834 Augustinus
3504 1765 3556 1818 in
3600 1765 3726 1834 ipso

438 1865 607 1935 ipsum
653 1878 898 1940 prteterea
920 1868 1035 1921 licet
1064 1867 1350 1938 perspicere
1400 1865 1469 1919 ad
1500 1863 1802 1935 Neophytos
1828 1879 2019 1918 sermo‘

443 1979 507 2017 ne
535 1977 569 2015 ν
595 1977 709 2013 cum
736 1975 820 2013 eos
848 1959 1112 2023 hortatur,
1157 1966 1219 2010 ut
1242 1956 1591 2031 idololatriam
1617 1957 1850 2028 fugiant,
1879 1964 1926 2007 et
1958 1969 2021 2007 ne

443 2061 644 2120 captent
672 2051 897 2122 amplius
920 2049 1156 2120 auguria.
1189 2048 1328 2116 Quid
1354 2048 1379 2101 .9
1417 2046 1602 2102 Nonne
1629 2047 1683 2100 id
1703 2047 1841 2100 clare
1884 2055 2022 2116 patet

441 2161 505 2199 ea:
526 2160 754 2202 sermone
778 2145 946 2214 primo
967 2143 1029 2196 de
1059 2129 1284 2214 Pascha,
1324 2151 1369 2196 et
1389 2157 1618 2198 sermone
1646 2140 1710 2194 de
1731 2139 2022 2210 patientia?

442 2246 659 2307 quorum
709 2237 871 2290 altero
915 2237 1273 2307 interpretatur
1318 2243 1616 2288 autumnum
1657 2234 1737 2288 sui
1782 2233 2034 2303 temporis,

434 2339 712 2400 .martyres’
778 2329 1121 2398 signiﬁcare;
1196 2327 1491 2396 patientiam
1543 2328 1595 2388 in
1644 2327 1804 2381 altera
1846 2341 2025 2400 .coro-

447 2398 599 2475 nanti
629 2433 911 2491 martyrum
967 2420 1192 2489 appellat
1217 2419 1564 2488 quotidianam
1594 2417 1803 2495 {Beata
1840 2398 2029 2471 Thecla

451 2512 512 2567 S.
557 2511 712 2565 Pauli
759 2510 982 2581 apostoli
1027 2509 1301 2580 discipula,
1356 2520 1404 2564 et
1457 2511 1622 2580 prima
1674 2510 1816 2564 illius
1877 2525 2028 2564 sexus

449 2611 643 2675 martyr
691 2604 752 2657 in-
794 2619 1024 2658 sermone
1067 2604 1130 2657 de
1177 2605 1354 2657 timore
1406 2604 1459 2658 in
1501 2603 1788 2674 exemplum
1835 2603 2029 2656 timoris

451 2693 661 2750 Domini
711 2695 1003 2750 adducitur.
1077 2693 1336 2762 Quosdam
1402 2697 1632 2750 meminit
1695 2697 1748 2749 in
1804 2711 2032 2749 sermone

453 2788 516 2842 de
541 2789 904 2842 resurrectione
948 2788 1000 2842 in
1065 2788 1361 2842 idololatria
1415 2805 1506 2842 suo
1545 2799 1768 2856 tempore
1809 2787 2032 2842 abiisse:

455 2892 503 2936 et
529 2878 847 2934 Christianos
866 2881 1112 2950 quosdam
1139 2884 1304 2950 arguit
1333 2896 1601 2957 corporum
1616 2881 2036 2934 resurrectionem

2125 1849 2454 1905 l’salntorum
2480 1862 2703 1906 tractatu
2728 1871 2746 1920 ;
2772 1857 3034 1923 quoniam,
3070 1869 3120 1911 ut
3154 1858 3264 1926 ipse
3307 1856 3555 1910 Erasmus
3577 1850 3723 1925 oﬂir-'

2121 1953 2226 1997 mat
2247 1944 2350 1997 alio
2373 1944 2543 2007 initio,
2574 1944 2676 1998 alio
2700 1946 2754 1998 in
2785 1946 2886 2013 ﬁne
2911 1949 3108 2001 ratione
3135 1964 3255 2002 usus
3279 1957 3375 2001 est.
3407 1946 3578 1999 Aliam
3600 1961 3708 1998 .ra-

2123 2037 2308 2090 tionem
2337 2037 2474 2102 dico,
2508 2053 2608 2098 non
2641 2039 2776 2106 quod
2793 2039 2873 2091 hic
2896 2040 3115 2106 brevior,
3135 2040 3243 2094 illic
3268 2038 3473 2114 longior
3492 2047 3710 2091 tantum-

2125 2130 2275 2183 modo
2302 2129 2367 2206 sit
2402 2145 2420 2192 ;
2459 2129 2549 2183 sed
2577 2131 2699 2198 quia
2724 2131 2827 2194 hic,
2853 2141 2900 2186 et
2924 2133 3030 2186 illic
3059 2133 3270 2187 diversis
3314 2133 3481 2186 modis
3519 2142 3708 2185 utatur.

2125 2224 2281 2300 Aliud
2321 2210 2571 2293 siquidem
2630 2234 2702 2278 est
2736 2227 3029 2300 summatim
3071 2228 3347 2281 sententias
3375 2224 3571 2292 aﬂ'erre
3597 2235 3712 2279 tan-

2127 2334 2276 2389 quam
2306 2313 2789 2391 notatiorres,‘alittd
2817 2312 2886 2372 ad
2925 2320 3132 2373 modum
3154 2320 3382 2373 homiliat
3429 2320 3591 2389 fusius
3627 2319 3711 2372 de-

2127 2411 2412 2465 clarare..."
2458 2408 2784 2479 Quapmpter
2809 2427 2924 2465 cum
2968 2410 3295 2466 Psalmorum
3319 2412 3468 2466 initio
3519 2413 3716 2483 Augus-

2131 2503 2269 2558 tinus
2297 2504 2615 2557 nolationum
2642 2501 2720 2575 (ut
2757 2504 2826 2556 ita
2865 2505 3055 2573 dicant)
3100 2497 3234 2574 stylo
3263 2504 3476 2567 scribat,
3524 2503 3578 2559 in
3622 2503 3720 2570 ﬁne

2133 2613 2247 2652 vero
2266 2596 2434 2668 (quod
2457 2595 2707 2667 Erasmus
2749 2596 2958 2668 fatetur)
3013 2595 3253 2668 longius,
3295 2607 3351 2651 ut
3395 2597 3453 2650 in
3501 2596 3720 2662 hamiliis

2087 2731 2092 2736 .
2133 2692 2212 2760 fit,
2254 2690 2520 2770 protrahat
2545 2707 2876 2756 sermonem;
2924 2706 3092 2745 nonne
3135 2691 3305 2762 itaque
3343 2691 3600 2768 dicendus
3621 2691 3723 2757 ipse

2136 2783 2451 2852 Augustinus
2479 2782 2652 2836 eodem
2675 2784 2726 2835 in
2760 2773 2888 2836 libro
2941 2782 3213 2838 diversus?
3244 2783 3386 2850 Quid
3429 2785 3552 2837 vero
3582 2783 3633 2834 in
3675 2797 3727 2834 re

2137 2875 2242 2928 tam
2268 2875 2538 2949 manifesta
2566 2885 2642 2929 est
2674 2875 3098 2930 immorandum?
3144 2877 3220 2930 An
3261 2893 3366 2931 non
3394 2877 3575 2947 Magni
3629 2874 3727 2928 Ba-

461 2989 562 3026 non
593 2973 871 3026 credentes.
919 2972 993 3026 Ab
1023 2988 1082 3026 eo
1101 2984 1341 3037 pra-terea
1371 2973 1624 3042 descripta
1643 2983 1721 3028 est
1750 2973 1808 3028 S.
1828 2975 2043 3028 Arcadii
2136 2967 2241 3022 silii
2261 2977 2513 3037 prmeepto
2539 2969 2591 3021 in
2619 2969 2865 3032 prooemio
2905 2968 2969 3023 de
3007 2984 3124 3022 vera
3181 2980 3228 3023 et
3275 2969 3362 3041 pia
3387 2969 3490 3040 ﬁde
3533 2968 3728 3022 doctori

464 3065 570 3118 vita
597 3080 690 3119 suo
720 3075 965 3133 tempore,
993 3073 1047 3118 ut
1073 3063 1262 3119 Petrus
1295 3064 1574 3136 Equitinus
1611 3075 1844 3131 testatur,
1905 3084 2042 3120 mar—
2142 3060 2423 3114 secundum
2451 3060 2711 3131 (uaporis.
2762 3060 2860 3114 loci
2910 3061 3305 3130 auditorumque
3330 3060 3628 3136 quibuscum
3653 3060 3726 3112 la-

469 3158 601 3226 tyrio
636 3157 690 3210 in
729 3154 1046 3209 Mauritania
1094 3157 1343 3214 coronati.
1378 3155 1479 3210 His
1509 3158 1736 3226 profecto
1774 3168 1820 3212 et
1863 3157 2042 3231 hujus-
2067 3148 2113 3210 C
2145 3151 2337 3220 quitur,
2389 3150 2468 3204 vel
2511 3152 2692 3221 qnibus
2739 3151 2914 3205 scribit
2957 3152 3219 3205 rationem.
3256 3155 3422 3223 stylus
3465 3136 3734 3204 variandas

473 3250 610 3332 modi
637 3251 754 3302 aliis
780 3265 934 3319 quam
965 3250 1203 3327 plurimis
1225 3250 1603 3321 antiquissimus
1629 3251 1808 3306 horum
1855 3267 2047 3306 sermo-
2115 3296 2117 3298 .
2152 3253 2225 3295 est
2253 3242 2278 3294 ἲ)
2323 3240 2512 3302 Nonne
2552 3243 2712 3312 ἱρεῖαι
2739 3240 2922 3297 Βαεὶιίί
2947 3243 3055 3297 Ιιαεε
3089 3253 3213 3323 ξυνα
3243 3243 3397 3299 υετὺη
3418 3243 3444 3296 7
3485 3242 3736 3320 Quamd-

473 3358 596 3394 num
619 3351 794 3394 auctor
823 3341 1219 3395 demonstratur.
1317 3341 1328 3345 “

2171 3337 2362 3389 nodum
2385 3337 2521 3390 enim
2546 3351 2651 3415 non
2679 3335 2857 3390 eadem
2885 3336 3223 3410 instrumenta
3251 3335 3306 3389 in
3332 3351 3515 3389 manus
3559 3345 3732 3398 sinuet,

1081 3476 1308 3532 CAPUT
1349 3476 1435 3532 VL
2155 3435 2203 3481 et
2229 3429 2317 3493 qui
2346 3428 2579 3497 prtulium
2611 3437 2685 3481 est
2724 3429 2967 3494 initurus,
2991 3439 3038 3482 et
3056 3430 3145 3497 qui
3166 3429 3334 3532 colere
3361 3444 3541 3500 agrum
3583 3431 3738 3488 velit,-

2158 3521 2262 3574 alia
2311 3522 2561 3591 siquidem
2601 3523 2834 3590 supellex
2873 3519 3325 3578 instruntento'rnm
3369 3525 3435 3577 iis
3477 3525 3734 3594 congruit,

476 3592 554 3652 De
603 3593 723 3663 styli
770 3593 1058 3647 diversitate
1101 3611 1132 3647 a
1163 3593 1312 3648 Sixto
1351 3593 1567 3652 Senensi
1625 3603 1674 3648 et
1726 3595 1841 3648 aliis
1894 3611 2059 3650 recen-

1729 3613 1841 3685 αιπδ
1894 3613 2059 3650 rem“
2159 3613 2317 3683 quiin
2344 3616 2485 3686 pacis
2512 3615 2679 3682 quiete
2724 3631 2805 3669 res
2833 3615 2929 3670 sibi
2972 3616 3040 3667 ad
3078 3617 3266 3670 victum
3313 3614 3624 3670 necessarias
3656 3631 3743 3684 pa-

651 3686 865 3739 llorib'”
885 3689 947 3738 δη
979 3685 1315 3740 sermonm”
1345 3683 1410 3739 θ’
1433 3685 1655 3740 Zenon“
1685 3683 1878 3740 ποτοῖσι
2050 3724 2055 3729 ’
2161 3715 2277 3763 rant
2323 3683 2353 3758 ε’
2389 3705 2483 3757 alii
2538 3722 2821 3759 armorum-
2844 3715 3124 3777 apparatus
3172 3707 3258 3772 iis,
3292 3708 3380 3776 qui
3425 3708 3477 3760 in
3520 3706 3648 3761 bello
3696 3723 3742 3759 se

551 3798 683 3871 Styli
738 3799 1025 3856 diversitas
1069 3799 1121 3853 in
1174 3801 1515 3855 sermonibus
1564 3799 1620 3856 S.
1672 3800 2062 3865 Zenonis,-his
2163 3800 2402 3852 adversus
2427 3793 2634 3854 hostiles
2682 3800 2858 3872 capias
2889 3793 3170 3865 instruunt
3216 3816 3235 3853 :
3275 3781 3511 3854 similiter
3555 3815 3744 3870 quoque

482 3891 742 3959 exceptis,
790 3889 882 3960 qui
926 3890 1064 3958 apud
1112 3891 1248 3947 alios
1293 3876 1664 3962 reperiuntur,
1699 3901 1844 3947 tanta
1878 3894 2063 3962 utique
2127 3884 2135 3899 “
2167 3906 2480 3960 nequaquam
2510 3890 2684 3944 eadem
2710 3891 2914 3945 dicendi
2952 3905 3132 3962 genere
3159 3883 3353 3952 utatur,
3387 3898 3436 3944 et
3454 3891 3541 3958 qui
3585 3890 3637 3941 in
3663 3904 3742 3941 sa-

485 3997 591 4036 non
621 3991 724 4046 est,
754 3993 811 4035 ut
841 3980 891 4037 in
916 3983 1046 4052 ipsis
1068 3987 1314 4053 proprius
1334 3985 1571 4052 ejusdem
1596 3984 1655 4040 S.
1679 3985 1917 4053 episcOpi
1940 3984 2067 4039 cha-
2170 4003 2256 4039 cra
2291 3987 2524 4040 doctrina
2546 3985 2859 4051 cohortatur,
2892 3995 2939 4040 et
2962 3987 3047 4056 qui
3081 3986 3132 4038 in
3173 3986 3522 4057 disputatione
3544 3985 3641 4038 sibi
3674 4001 3744 4035 re-

485 4083 662 4129 racter
693 4073 928 4144 dignosci
959 4089 1064 4128 oon
1086 4077 1287 4144 possit.
1336 4076 1591 4143 Quamvis
1632 4085 1810 4132 tamen
1851 4075 2067 4131 diverso
2173 4090 2450 4157 pugnantes
2477 4068 2758 4151 redarguit.
2785 4080 3051 4151 Siquidem
3077 4079 3224 4133 aliud
3251 4091 3324 4132 est
3348 4085 3505 4149 genus
3535 4078 3744 4134 dicendi.

490 4172 633 4243 stylo
669 4172 828 4227 iidem
861 4188 1139 4228 sermones
1181 4176 1471 4241 conscripti
1523 4183 1742 4238 essent,
1776 4190 1891 4244 pro
1918 4186 2071 4230 certo
2172 4192 2272 4245 quo
2304 4176 2499 4229 utimur
2536 4176 2590 4227 in
2615 4172 2920 4246 refellendo,
2964 4172 3140 4239 aliud,
3200 4188 3298 4242 quo
3353 4172 3406 4225 in
3445 4169 3747 4224 cohortando

495 4263 783 4317 tenendum
839 4271 922 4316 est
947 4262 1088 4332 quod
1135 4278 1200 4318 ex
1231 4278 1333 4318 una
1361 4263 1483 4335 styli
1515 4264 1824 4320 diversitate
1872 4264 2074 4319 Anetor
2328 4264 2499 4335 Infert
2528 4268 2845 4336 itaqueluon
2871 4266 3004 4318 enim
3029 4264 3111 4318 hic
3131 4263 3388 4318 brevitatis
3428 4278 3584 4340 causa
3603 4272 3746 4315 totum

493 4361 726 4423 nequeat
749 4353 996 4408 diversus
1025 4353 1230 4408 inferri.
1250 4356 1322 4408 Ea
1339 4348 1482 4410 enim
1504 4357 1822 4426 exceptione
1849 4367 2074 4412 utuntur
2178 4367 2248 4413 est
2277 4355 2684 4428 exscribendum)
2715 4357 2893 4412 debere
2942 4340 3130 4429 stylum
3181 4356 3334 4411 sicuti
3386 4351 3654 4424 expediens
3693 4352 3750 4405 vi-

497 4457 552 4499 ιιι
582 4447 870 4515 plorimum
903 4446 1238 4530 heterodoxi,
1272 4443 1581 4502 nt'sinceris
1611 4448 1706 4504 SS.
1753 4449 1858 4505 PP.
1897 4452 2074 4518 cperi-
2181 4453 2328 4505 detur
2357 4453 2754 4505 accommodari.
2793 4451 2918 4517 Quae
2975 4468 3089 4505 cum
3118 4451 3190 4504 ita
3245 4451 3344 4503 sint
3380 4465 3593 4520 parum,
3643 4448 3749 4515 quin

500 4539 599 4593 bus
639 4538 942 4591 detrahant.
973 4537 1154 4592 Liceat
1179 4537 1267 4591 hic
1318 4537 1512 4592 aﬂ'erre
1536 4538 1793 4605 judicium
1840 4552 2068 4611 evange;
2102 4534 2280 4599 Dimo
2336 4545 2464 4598 nihil
2517 4544 2717 4599 Erasini
2764 4545 2942 4616 probat
2986 4553 3372 4614 argumentum,
3429 4556 3544 4594 cum
3599 4539 3750 4592 dicere.

501 4630 639 4685 Iistm
661 4630 952 4685 Marcellini
979 4625 1324 4684 'Pistoriensis
1349 4645 1380 4684 e
1420 4631 1478 4684 ι).
1519 4629 1785 4684 Francisci
1827 4631 2072 4696 Familia,
2184 4640 2351 4692 solet:
2393 4636 2506 4691 Hoc
2527 4655 2626 4690 non
2666 4638 2858 4691 redolet
2906 4641 3036 4708 stylo
3077 4635 3232 4706 hujus
3272 4637 3350 4690 rel
3391 4631 3751 4704 illiusnigitur

505 4736 664 4789 quam
693 4730 887 4775 vocant
913 4720 978 4775 de
1003 4720 1353 4776 Observantia
1374 4763 1386 4786 ,
1420 4721 1517 4775 viri
1566 4721 1809 4776 doctrina
1841 4723 2076 4792 quidem,
2187 4739 2382 4783 tantum
2413 4727 2549 4783 abest
2577 4739 2631 4782 ut
2680 4741 2881 4801 partum
2910 4732 3072 4800 ipsius
3121 4745 3483 4800 agnoscamus.
3534 4725 3656 4781 liae
3697 4723 3752 4778 de

503 4815 838 4884 potissimum
869 4830 997 4869 vero
1024 4814 1332 4879 sanctitate,
1364 4827 1524 4885 atque
1553 4815 1851 4884 apostolico
1889 4815 2004 4871 zelo
2029 4819 2079 4872 in
2189 4823 2310 4892 styli
2364 4821 2673 4875 diversitate
2724 4821 2898 4891 quoad
2927 4835 3205 4876 sermones
3255 4821 3318 4874 D.
3357 4816 3750 4874 Zenonisidicta

505 4908 856 4962 Concionibns
890 4907 1148 4961 habendis
1181 4906 1579 4972 clarissimi,de
1613 4922 1718 4976 quo
1760 4907 2086 4964 Possevinus
2196 4912 2483 4977 sufﬁciant,
2516 4926 2660 4975 cum,
2695 4921 2752 4965 ut
2774 4913 2926 4983 initio
2949 4912 3203 4976 diximus,
3229 4913 3282 4967 in
3305 4911 3554 4966 omnibus
3605 4908 3752 4978 ipsius

415 5007 424 5016 ‘
507 4999 752 5073 meminit
781 4999 833 5051 in
880 5007 1137 5067 apparatu
1172 5015 1186 5051 :
1245 4998 1334 5067 qni
1379 5013 1482 5052 non
1515 4996 1674 5051 modo
1697 5006 1978 5052 tractatum
2023 4985 2128 5053 de.
2197 5003 2556 5063 sermonibus,
2588 5002 2817 5073 demptis
2848 5003 2930 5066 iis,
2963 5017 3097 5070 quos
3131 5005 3468 5074 excepimus,
3511 5017 3610 5056 suo
3656 5009 3752 5055 uta-

506 5099 864 5151 conversione
899 5098 1200 5165 peccatoris
1228 5099 1291 5152 ad
1327 5098 1513 5161 Deum,
1542 5109 1594 5152 et
1623 5100 1882 5154 lectiones
1908 5097 1959 5151 in
1987 5095 2092 5150 To-
2202 5104 2286 5148 tur
2319 5096 2535 5164 proprio
2559 5096 2700 5166 stylo
2754 5110 2816 5149 ac
2847 5095 3024 5164 plirasi
3056 5094 3114 5150 S.
3153 5095 3321 5163 Zeno,
3368 5104 3427 5150 ut
3470 5090 3751 5167 inSpicienti

515 5191 653 5245 biam
683 5206 712 5245 a
763 5191 1067 5246 Possevino
1119 5202 1328 5245 notatas
1376 5192 1562 5257 edidit,
1606 5192 1698 5270 sed
1761 5201 1815 5247 et
1868 5200 2092 5246 annota-
2201 5197 2368 5256 patet.

517 5286 686 5338 tiones
739 5285 789 5338 in
849 5273 1038 5340 librum
1075 5284 1348 5350 iudicum,
1380 5294 1433 5338 et
1474 5284 1733 5338 lectiones
1787 5285 1838 5337 in
1874 5283 2091 5338 Cantica

517 5373 899 5440 Canticorum,
952 5376 1043 5431 ubi
1097 5377 1166 5430 de
1212 5376 1626 5431 Commentariis
1685 5375 1741 5431 S.
1800 5375 1981 5429 Basilii
2047 5377 2097 5429 in

518 5467 706 5522 Isaiam
759 5470 1076 5539 prophetam
1133 5479 1323 5524 contra
1372 5469 1652 5523 Erasmum
1703 5484 1866 5539 agens
1910 5469 1980 5522 ita
2032 5469 2100 5523 de

520 5559 644 5635 styli
686 5559 997 5616 diversitate
1042 5563 1293 5617 disseruit
1323 5563 1528 5631 vulgari
1584 5562 1796 5631 quidem
1829 5575 2099 5626 sermone,

531 5666 688 5714 quem
721 5667 817 5706 nos
839 5654 1001 5709 latine
1025 5654 1296 5709 reddimus
1323 5653 1566 5724 (Lect.‘2l
1584 5654 1623 5723 ).
1641 5653 1863 5725 lpse(de
1887 5653 2108 5706 Erasmo

529 5736 804 5810 inanitur.)
859 5749 1131 5808 versionem
1182 5747 1659 5800 commentariorum
1713 5744 1774 5800 S.
1823 5741 2006 5797 Basilii
2052 5743 2106 5795 in

2797 5255 3022 5314 CAPUT
3045 5257 3157 5313 VII.

2207 5349 2479 5406 Sermones
2504 5350 2564 5406 S.
2600 5350 2819 5405 Zenonis
2846 5391 2863 5417 ,
2904 5352 2990 5404 ubi
3039 5360 3216 5406 contra
3244 5352 3355 5406 Arii
3385 5369 3583 5417 errores
3631 5350 3755 5420 agit.

2348 5443 2658 5512 temporibus
2704 5443 2930 5515 ejusdem
2961 5441 3018 5497 S.
3057 5441 3278 5496 Zenonis
3319 5444 3636 5498 conueniunt.

2283 5559 2538 5614 Baronins
2560 5568 2707 5613 notat
2734 5557 2824 5628 (In
2851 5559 2986 5612 notis
3007 5559 3074 5611 ad
3103 5558 3262 5612 Mart.
3289 5561 3428 5627 prid.
3451 5560 3523 5612 id.
3547 5557 3720 5627 Aprilis
3743 5555 3758 5620 )

2210 5665 2516 5705 sermonem
2546 5651 2787 5719 quintum
2814 5648 2932 5702 libri
2988 5649 3151 5712 tertii,
3187 5651 3275 5717 qui
3327 5650 3380 5703 in
3413 5648 3680 5718 impressis
3717 5644 3757 5696 in

2211 5742 2348 5796 dicta
2379 5743 2614 5796 editione
2642 5741 2928 5794 Parisiensi
2963 5741 3166 5807 primus
3189 5749 3291 5806 est,
3325 5741 3466 5796 inter
3515 5744 3760 5796 semoan
