3822 6220
67 242 163 297 6419

1101 262 1188 317 ne
1227 263 1654 338 SERMONIBUS
1689 274 1932 335 SANCTI
1969 273 2274 337 zenosts.

3165 318 3170 324 '
3222 298 3324 358 6I0

62 362 123 416 de
156 361 443 476 Nativitate
486 369 703 438 Christi,
749 381 802 427 et
852 374 903 427 in
951 390 1017 431 eo
1053 377 1180 435 dicit
1227 377 1341 438 Arii
1390 385 1636 445 haeresim
1667 390 1716 450 Α
1743 394 1881 445 mani
1904 394 2132 464 episcOpi
2161 394 2496 467 uoluminibus
2537 410 2715 456 contra
2735 419 2820 458 eos
2863 408 2951 476 qui
2987 408 3179 465 Filium
3227 411 3327 469 Dei

61 456 268 530 egregie
291 457 444 528 dilui,
470 472 524 517 et
542 465 760 519 elevari.
794 485 810 517 s
851 466 948 522 Ubi
976 469 1084 538 agit
1109 471 1176 525 de
1206 472 1482 534 Haereticis
1509 480 1640 546 illis,

58 548 141 615 qui
169 548 422 608 dicerent
443 552 540 609 Dei
571 555 761 610 Filium
788 573 907 614 esse
949 560 1136 628 Deum,
1184 565 1280 620 sed
1337 583 1442 623 nan
1493 571 1636 628 Patri

57 652 408 715 mternum,
437 657 492 701 ct
516 658 724 716 tempus
746 649 932 718 fuisse,
956 654 1173 722 quando
1201 673 1304 712 non
1339 660 1456 716 fuit.
1484 662 1642 731 Ejus-

59 731 194 789 modi
227 745 571 803 portentosas
599 755 762 795 voces
815 751 975 812 atque
1001 748 1319 815 sententias,
1347 767 1639 823 numquam

55 834 203 880 antea
227 827 459 896 auditas,
489 846 644 901 quam
671 841 792 901 post
820 834 930 889 Arii
965 851 1330 911 emergentem
1365 843 1635 916 ha3resim,

58 933 210 1002 nemo
237 929 325 975 est
351 923 438 992 qui
469 923 693 988 nesciat,
719 923 809 992 qui
837 923 1049 981 illorum
1075 936 1377 1000 temporum
1407 950 1496 991 res
1515 952 1638 1008 ges-

59 1020 130 1065 tas
156 1011 378 1068 calleat.
415 1033 434 1064 ι
468 1013 540 1068 Ita
573 1014 689 1083 ipse
726 1014 1016 1082 Baronius.
1047 1034 1115 1078 es
1141 1037 1249 1093 quo
1275 1039 1499 1083 necesse
1552 1027 1633 1084 in-

57 1105 172 1160 lerri
199 1107 418 1163 videtur
437 1123 741 1164 sermonem
789 1109 1107 1180 prmdictum
1132 1112 1190 1171 8.
1222 1115 1458 1174 Zenonis
1504 1119 1638 1176 tem-

57 1199 274 1280 poribus
299 1200 851 1259 minimeconvenire.
889 1202 1138 1271 Attamen
1193 1217 1251 1263 ut
1275 1211 1520 1283 ingenue
1549 1213 1636 1268 di-
1673 1234 1678 1238 ·

57 1307 169 1346 eam
211 1294 360 1364 quod
415 1296 613 1360 sentio,
675 1298 932 1357 memeria
960 1297 1246 1357 Baronium
1273 1300 1366 1357 hic
1401 1287 1639 1360 arbitror

55 1385 337 1441 excidisse.
371 1385 522 1454 Quod
555 1398 610 1441 ut
651 1372 1010 1459 agnoscamus
1062 1394 1355 1465 notandum
1395 1403 1512 1462 est,
1569 1396 1631 1450 D.

54 1478 319 1534 Zenonem
347 1477 418 1534 de
444 1477 797 1550 Ario,‘neque
831 1481 892 1562 in
915 1483 1205 1540 novissimo
1256 1487 1492 1542 laudato’
1519 1504 1637 1544 ser-

55 1588 229 1636 mnue,
261 1587 439 1642 neque
468 1573 592 1628 alibi
619 1575 952 1642 meminisse.
980 1577 1058 1632 De
1088 1593 1276 1634 errore
1319 1589 1496 1636 autem
1521 1580 1635 1636 Arii

56 1666 162 1718 lucc
192 1663 356 1717 habet
373 1683 386 1718 :
402 1666 516 1719 Alia
541 1669 955 1733 modestius,sed
984 1653 1278 1724 mordacius
1303 1654 1492 1727 nocens
1509 1674 1634 1729 dicit

51 1758 250 1827 quidem
278 1757 378 1814 Dei
399 1757 806 1844 Filium'Deunt,
831 1762 920 1817 sed
941 1778 1042 1816 non
1074 1774 1311 1831 exparte
1352 1764 1634 1822 nobilitatis
1665 1779 1712 1839 Β

53 1851 385 1916 perpetuitate
411 1853 729 1922 progenitum
750 1853 927 1922 fuisse,
959 1853 1216 1925 fuisseque
1239 1863 1436 1925 tempus
1465 1872 1631 1929 quan-

52 1943 238 1998 da'non
270 1942 396 2011 fuit.
427 1941 578 2000 Hunc
618 1959 862 2001 errorem
916 1957 1043 2000 ante
1093 1949 1279 2001 Arium
1335 1948 1630 2005 inauditum

52 2037 170 2095 dicit
190 2036 476 2094 Batonius.
509 2041 578 2094 At
603 2025 852 2094 eumdem
895 2054 1138 2094 errorem
1185 2042 1412 2111 ipsemet
1467 2025 1661 2098 Baro“?

52 2131 163 2184 nius
192 2130 365 2186 multo
397 2139 525 2186 ante
551 2129 764 2198 Arium,
791 2133 854 2188 ’et
884 2143 1011 2187 ante
1042 2133 1099 2186 ι).
1131 2132 1404 2188 Zenonem
1435 2137 1547 2189 suis
1567 2135 1626 2189 in

50 2222 327 2277 annalibus
353 2217 591 2293 .agnovit
623 2240 636 2276 :
687 2237 880 2292 nempe
899 2239 1040 2278 anno
1061 2225 1260 2278 Christi
1291 2219 1420 2288 229,
1453 2239 1627 2295 quan-

50 2314 116 2370 do
137 2315 382 2387 Beryllus
407 2314 620 2385 quidam
659 2317 946 2385 episCOpus
976 2315 1282 2371 Bostrensis
1330 2315 1382 2370 in
1429 2315 1629 2371 Arabia

50 2423 193 2463 ausus
221 2408 432 2478 quidem
459 2417 640 2462 temere
678 2424 902 2464 asserere
930 2407 1249 2463 Salvatoretn
1279 2419 1326 2463 et
1355 2409 1628 2474 Dominum

50 2514 275 2558 nostrum
297 2501 477 2557 Jesurn
495 2502 752 2558 Christum
784 2505 991 2573 propria
1010 2503 1316 2559 substantia:
1354 2505 1630 2559 incircum-

49 2597 316 2665 scriptione
343 2612 444 2648 non
473 2603 592 2650 ante
640 2595 798 2666 fuisse
826 2583 978 2665 quam
1012 2594 1066 2650 in
1115 2596 1395 2651 humanam
1423 2613 1627 2651 carnem

51 2688 304 2761 migraret,
336 2704 497 2758 neque
517 2691 778 2758 propriam
824 2688 1060 2743 habuisse
1092 2705 1155 2744 ea:
1179 2706 1256 2744 ,σε
1293 2690 1625 2760 divinitatem,

51 2785 129 2835 sed
155 2783 319 2836 solans
347 2778 520 2836 Patris
542 2783 595 2854 in
622 2798 680 2837 eo
709 2779 955 2838 extitisse.
1006 2783 1088 2836 lta-
1113 2782 1397 2847 Eusebius,
1427 2784 1522 2838 lib.
1554 2799 1626 2847 ει.

51 2890 161 2939 cap.
189 2873 284 2940 26,
315 2874 461 2944 apud
483 2873 773 2934 Baronium
819 2870 1130 2944 Supradiclo
1182 2890 1354 2941 anno.
1401 2876 1475 2931 De
1529 2875 1630 2929 hoc

53 2963 254 3037 Derylh
279 2965 524 3022 meminit
549 2965 607 3035 S.
643 2955 1034 3038 Hieronymus,
1067 2976 1125 3022 et
1169 2967 1238 3025 de
1261 2959 1383 3036 ejus
1437 2967 1627 3022 hairesi

52 3061 181 3117 libro
199 3060 660 3140 deScr‘iptoﬁbus
701 3059 1136 3135 Eccle'siasticis;
1187 3071 1244 3118 et
1299 3061 1628 3136 Augustinus

1743 497 1893 550 Opus,
1920 494 2009 536 aut
2037 492 2636 548 creatumm'aaseuerant
2676 498 2880 567 scriptis
2906 499 3046 557 clare
3094 504 3325 558 ostendi-

1692 605 1697 612 -
1744 581 1856 634 tur,
1881 574 2116 629 hwresim
2144 576 2346 632 Christo
2371 581 2632 641 rebellium
2683 580 2994 645 Arianorum
3051 609 3152 650 non
3205 606 3326 651 tunc

1732 665 2120 759 uiantAprintunt,
2152 669 2240 723 sed
2259 671 2383 725 olins
2419 673 2481 727 ab
2506 678 2763 734 omnibus.
2793 680 3088 740 damnatam
3143 685 3323 759 fuisse.

1741 752 1760 806 Ι
1770 763 1818 808 ta
1839 753 2314 830 Athanasiusapud
2339 761 2645 833 Baronium,
2666 771 3020 830 annoChristi
3041 752 3167 834 263'.
3190 779 3322 834 Cum

1743 847 1948 916 itaque,
1977 857 2035 904 et
2057 849 2114 907 S.
2146 851 2383 912 Zenonis
2412 865 2655 930 tempore
2697 862 2818 939 Arii
2841 881 2998 924 error
3042 872 3328 940 prodierit,
3353 860 3356 862 Ὺ

1741 940 1868 1010 quid
1892 942 2088 998 mirum
2114 945 2160 1000 si
2204 944 2327 1016 ipse
2355 951 2468 1006 suis
2496 952 2548 1008 in
2573 958 2914 1016 sermonibus
2955 954 3142 1019 contra
3198 981 3324 1022 eum
3405 962 3409 968 ’

1740 1032 1912 1101 egerit
1934 1034 1959 1087 τ
1981 1032 2098 1090 Non
2129 1036 2313 1109 itaque
2337 1053 2367 1096 a
2391 1041 2711 1104 S.-Zeuonis
2751 1058 2913 1107 'zetate
2959 1069 3240 1115 sermones
3269 1059 3324 1114 in

1697 1163 1704 1172 .
1739 1123 1936 1194 quibus
1960 1117 2076 1180 Arii
2105 1127 2428 1219 refelluntur
2458 1133 2690 1193 errares
2738 1141 3086 1213 discrepant,
3146 1162 3324 1220 neque
3357 1209 3360 1211 λ
3437 1209 3439 1212 ⁴

1729 1218 1966 1289 alterum
2010 1219 2283 1295 Zenonem
2336 1218 2689 1286 recentiorem
2747 1233 2986 1302 inseram
3045 1218 3322 1297 auctorem

1740 1307 1942 1380 fingere
1961 1324 2186 1388 necesse
2203 1321 2306 1370 est.
2335 1315 2409 1371 De
2426 1317 2638 1376 duobus
2658 1331 2836 1380 tamen
2861 1323 3167 1385 lenonibus
3184 1331 3319 1386 infra

1738 1401 1916 1475 capite
1945 1406 2268 1463 undecimo.“
2486 1418 2498 1430 '
2640 1417 2649 1420 ‘
3211 1423 3216 1430 ‘

2335 1519 2560 1580 CAPUT
2585 1524 2721 1581 VIII.

1738 1624 1818 1682 De
1846 1628 2248 1687 Eminentissimi
2284 1633 2585 1691 Bellarmini
2637 1639 2831 1701 iudicio
2871 1643 3011 1698 circa
3044 1646 3318 1707 Sermones

1951 1732 1958 1738 ‘
2357 1727 2416 1782 S.
2446 1728 2687 1785 Zenonis.

1738 1902 1745 1906 .
1805 1856 2159 1920 Bellarminus
2190 1858 2294 1929 (De
2323 1861 2518 1933 Script.
2545 1864 2876 1934 Eccles.,an.
2920 1868 3049 1942 260)
3079 1874 3322 1941 tenuissi-

1731 1959 1878 2032 mum
1902 1950 2118 2007 tulitede
2135 1953 2480 2010 sermonibus
2501 1956 2558 2012 S.
2587 1957 2822 2014 Zenonis
2841 1960 3122 2034 judicium,
3155 1980 3317 2034 aper-

1732 2029 1782 2094 te
1809 2051 1929 2094 cum
1950 2041 2095 2098 dicat
2121 2039 2401 2102 sermones
2442 2047 2494 2102 in
2535 2049 2667 2105 illud
2716 2051 2936 2109 Attende
2982 2053 3071 2108 tibi
3097 2029 3118 2122 ,ν
3166 2029 3218 2123 et
3263 2057 3316 2114 in

1734 2130 2077 2202 Evangelium
2104 2133 2282 2203 Luem,
2306 2147 2362 2192 et
2387 2138 2456 2193 de
2480 2125 2709 2209 jejunio,
2744 2152 2798 2197 et
2828 2143 2897 2199 de
2936 2146 3126 2216 livore,
3155 2143 3203 2204 et
3233 2151 3316 2204 in-

1731 2221 1870 2275 vidia
1895 2222 1954 2277 S.
1987 2224 2168 2280 Basilii
2190 2241 2331 2283 esse.
2368 2229 2659 2288 Sermones
2681 2235 2809 2288 item
2849 2235 3180 2294 de‘Psalmis
3203 2279 3218 2302 .
3268 2240 3315 2298 si

1731 2329 1836 2371 non
1863 2330 2072 2382 omnes,
2098 2318 2285 2388 majori
2313 2329 2492 2376 tamen
2520 2338 2584 2378 es
2616 2335 2772 2394 parte
2792 2328 2931 2397 apud
2961 2330 3018 2385 ὃ.
3052 2329 3312 2389 Hilarium

1731 2407 1978 2474 reperiri.
2027 2408 2088 2465 In
2143 2410 2266 2490 aliis
2323 2411 2603 2498 Zenonem
2647 2418 2881 2499 brevem.
2923 2432 2977 2482 et
3024 2413 3314 2481 obscurum

1729 2498 1932 2568 Optime
1957 2509 2104 2556 notat
2131 2518 2147 2568 ;
2179 2511 2236 2558 et
2260 2493 2662 2576 iit-quibusdam
2692 2493 3063 2586 etiam—eadem
3118 2502 3330 2586 saepis?
3371 2576 3378 2581 _

1729 2593 1865 2648 sime
1886 2591 2239 2665 repetentem.
2269 2591 2412 2654 Nihil
2439 2599 2508 2657 de
2546 2584 2890 2661 correctione
2940 2584 3211 2662 annorum
3241 2584 3314 2665 Vin'

1730 2699 1981 2741 sermone
1999 2686 2068 2742 de
2112 2685 2454 2746 Continentis
2497 2676 2678 2759 notat,
2733 2705 2919 2765 utpote
2967 2698 3057 2768 qui
3103 2702 3316 2770 sapien-

1731 2777 1964 2834 tissimae
1986 2777 2530 2861 Baronii-n‘otatlones
2557 2787 2905 2854 espenderat,
2933 2788 3086 2858 cujus
3109 2789 3311 2861 judicio

1729 2867 1923 2924 defert.
1958 2859 2338 2944 nihiliquoque
2366 2873 2435 2929 de
2449 2889 2646 2932 errore
2667 2877 2801 2934 Arii.
2830 2879 3012 2948 Neque
3041 2859 3174 2938 Sisti
3207 2882 3311 2940 Se-

1731 2963 1912 3016 nensis
1938 2974 2160 3018 secutus
2185 2966 2414 3032 morem,
2447 2967 2607 3026 infert
2635 2985 2701 3025 ex
2743 2971 2814 3027 iis
2844 2988 2966 3044 qua:
3006 2974 3060 3029 in
3117 2975 3304 3032 iisdem

1729 3057 2070 3113 sermonibus
2091 3058 2490 3127 animadvertit,
2523 3061 2581 3118 D.
2610 3061 2821 3140 Zenoni
2852 3054 3042 3122 omnes
3062 3080 3182 3122 esse
3215 3083 3312 3138 pe-

53 3153 261 3211 librode
277 3153 688 3209 Dellnitionibus
716 3142 1032 3208 orthodoxa:
1066 3153 1212 3216 fidei,
1242 3167 1361 3223 cap.
1392 3157 1445 3210 5.
1477 3152 1624 3207 Hanc
1650 3147 1694 3209 C
1728 3147 1870 3202 nitus
1917 3147 2245 3220 eripiendus.
2274 3152 2511 3221 lngenue‘
2539 3154 2735 3210 fatetur
2755 3149 2905 3226 quod
2941 3154 3095 3213 suum
3145 3159 3316 3215 faces-

52 3255 217 3304 autem
249 3247 497 3304 eamdem
527 3260 737 3304 esseac
760 3247 870 3302 Arii
895 3233 1168 3301 "lueresim
1219 3262 1284 3301 ex
1335 3247 1629 3303 Athanasio
1728 3248 1812 3293 sat
1840 3240 2076 3323 animum
2099 3257 2300 3327 nempe
2324 3243 2392 3326 de
2418 3244 2773 3328 Sermonibus
2821 3249 2876 3311 S.
2910 3248 3164 3318 Zenonis,
3197 3252 3313 3307 nul-

51 3349 206 3408 pratet,
235 3341 326 3412 qui
361 3339 445 3395 his
472 3339 650 3394 verbis
678 3339 792 3394 Arii
823 3340 1144 3394 sententiam
1174 3337 1466 3425 referttDe
1493 3339 1632 3410 Syn.
1689 3330 1833 3425 Flam
1858 3333 2004 3402 apud
2029 3341 2239 3390 veteres
2279 3344 2466 3425 extare
2519 3339 2868 3395 mentionem.
2925 3339 2994 3394 At
3039 3343 3155 3410 ipse
3205 3357 3311 3398 non

54 3434 98 3480 in
129 3429 252 3485 Dec.
293 3441 476 3486 contra
527 3431 760 3484 hwresim
811 3430 1078 3500 Arionem)
1109 3446 1128 3484 :
1157 3423 1276 3485 Non
1325 3423 1485 3499 fuisse
1531 3428 1624 3484 Fi-

56 3524 167 3575 lium
191 3532 463 3590 antequam
493 3507 783 3594 gigneretur
822 3522 1042 3589 indeque
1072 3522 1381 3593 ratiocinari
1423 3522 1624 3585 uellent,

55 3631 156 3666 enni
185 3631 246 3678 ne
271 3623 392 3668 ante
437 3616 609 3668 carnis
643 3613 847 3685 quidem
900 3625 1138 3676 naturam
1181 3596 1427 3670 aluisse.
1475 3612 1626 3680 Quod

51 3693 179 3759 idem
207 3716 294 3762 est
346 3719 409 3760 ac
442 3705 572 3760 illud
601 3692 916 3775 quod'spud
939 3702 1584 3776 S.‘Zenonem-alegimus
1609 3724 1623 3762 ς

56 3794 324 3868 Faisseque
350 3786 553 3865 tempus
571 3796 777 3864 quando
805 3812 906 3850 non
928 3797 1047 3861 fuit.
1079 3795 1263 3865 Neque
1310 3795 1460 3860 dicas
1488 3795 1625 3850 hanc

52 3887 235 3960 llerylli
261 3887 538 3951 haeresim,
566 3901 686 3957 qu:e
711 3887 802 3951 vis
818 3893 1004 3942 exorta
1032 3880 1212 3941 statim
1245 3875 1471 3952 interiit,
1525 3889 1626 3957 mi-

1728 3423 1863 3489 vidit
1890 3428 2011 3493 Qua
2041 3440 2223 3496 supra
2253 3424 2403 3500 (Casu
2427 3426 2485 3500 2)
2506 3429 2790 3485 retulimus
2817 3471 2831 3495 ,
2855 3427 2858 3431 ’
2882 3431 3077 3500 quibus
3122 3443 3310 3504 aperte

1725 3517 2071 3587 cognoscitur
2094 3517 2402 3575 nonfuisse
2425 3519 2696 3576 veteribus
2726 3521 2942 3592 ignotos
2979 3523 3037 3579 S.
3081 3523 3312 3580 Zenonis

1726 3623 2027 3665 sermones.
2053 3610 2207 3680 Quod
2231 3620 2412 3667 autem
2441 3609 2738 3677 Eusebius
2769 3623 2823 3669 et
2868 3615 3225 3688 Hieronymus
3243 3617 3311 3675 de

1724 3699 1834 3755 illis
1864 3696 1982 3758 “non
2010 3700 2376 3766 meminerint,
2397 3701 2664 3770 noti‘lnde
2694 3701 2971 3775 colligitur
2996 3721 3089 3761 eos
3121 3701 3182 3762 D.
3210 3708 3310 3763 Ze-

1727 3793 1854 3848 noni
1881 3793 2192 3851 tribuen'dOs
2219 3794 2685 3867 nonessez'quia,
2727 3807 2784 3853 et
2825 3795 3208 3872 Hieronymus.
3255 3813 3309 3858 et

1723 3885 2024 3942 Eusuebius
2041 3928 2054 3953 ,
2075 3896 2135 3942 ut
2159 3886 2300 3943 idem
2329 3881 3051 3950 Bellarminus.observatde
3077 3892 3306 3949 Athena-

51 3985 178 4054 nime
200 3981 523 4044 innotuisse,
551 3991 673 4035 cum
705 3977 824 4048 ipse
871 3967 1118 4050 Beryllus
1164 3980 1232 4041 ab
1284 3979 1518 4050 Origene
1550 3979 1616 4034 ad
1649 3988 1651 3990 ·
1720 3972 2644 4049 gora,aliosanctorespraetcriere.
2670 3981 2820 4048 Quod
2850 3990 3018 4036 autem
3043 3984 3102 4041 S.
3126 3980 3310 4040 Hiero-

49 4075 357 4130 catholicam
377 4071 704 4128 sententiam
736 4071 981 4128 redactus
1007 4072 1080 4126 sit
1109 4071 1161 4127 in
1187 4058 1405 4142 Synnth
1431 4084 1622 4128 contra

49 4183 160 4221 cum
188 4167 370 4221 habita
398 4165 453 4220 in
483 4163 701 4220 Arabia.
735 4161 864 4218 Nam
897 4162 954 4219 S.
986 4163 1133 4219 Zeno
1160 4162 1245 4218 vel
1268 4163 1423 4235 Syria
1442 4163 1624 4220 oriun-

48 4259 154 4324 dus,
188 4260 272 4314 vel
306 4257 373 4313 ad
413 4271 534 4314 eam
557 4255 853 4326 appulsus.
887 4257 939 4310 in
971 4270 1158 4325 eaque
1190 4255 1492 4325 praedicans
1513 4247 1625 4328 ι’(υῑ

49 4352 264 4406 habetur
292 4365 360 4406 es
389 4350 558 4404 veteri
604 4363 705 4404 ms.
736 4347 890 4415 initio
910 4363 1132 4418 operum
1181 4348 1241 4405 S.
1292 4347 1526 4405 Zenonis
1571 4349 1620 4404 in

49 4445 175 4498 dicta
221 4443 467 4500 editione
516 4438 802 4497 Parisiens‘i
827 4441 967 4512 typis
1000 4440 1294 4504 mandato:
1327 4439 1446 4496 Non
1495 4457 1623 4510 queo

1723 4087 1907 4142 nquius
1935 4069 2072 4135 hunc
2095 4072 2400 4142 scriptore»:
2427 4073 2672 4140 omiserit,
2706 4086 2809 4129 non
2845 4091 2969 4130 "esse
3001 4072 3007 4141 ί
3023 4076 3150 4130 adeo
3209 4080 3309 4132 nti-

1723 4176 1858 4228 rum,
1885 4177 1998 4216 cunt
2023 4162 2150 4217 satis
2189 4173 2385 4218 constet
2432 4163 2842 4235 Cdtalogum‘iS.
2894 4165 3196 4239 Hieronymi
3240 4185 3307 4225 ea:

1675 4271 1681 4280 '
1725 4254 1937 4310 historia
1963 4251 2171 4309 Eusebii
2199 4271 2310 4309 esse
2335 4256 2675 4327 desumptum,
2707 4259 2878 4327 quoad
2899 4259 3015 4314 illos
3039 4261 3307 4332 scriptores

1723 4346 1810 4416 qui
1834 4343 2112 4409 Eusebium
2143 4357 2530 4416 praeesserunt.
2564 4348 2640 4402 Ita
2673 4348 3051 4406 Bellarminus.
3107 4349 3184 4407 De
3233 4351 3309 4407 in-

1724 4437 1927 4494 dustria
1950 4436 2089 4494 forte
2112 4437 2170 4495 S'.
2200 4437 2477 4494 Zenonem
2502 4435 2773 4496 Eusebius
2800 4440 3167 4512 praeteriit,'ne
3195 4441 3310 4498 Arii

49 4547 176 4588 tanta
198 4537 357 4609 hujus
386 4517 640 4603 S.°~opera
660 4549 892 4614 narrare,
933 4546 1046 4602 qua:
1086 4532 1338 4588 veniendo
1385 4537 1421 4586 a‘
1467 4531 1624 4603 Syria
1650 4519 1700 4579 Ι)
1727 4531 1940 4587 errores
1957 4539 2112 4588 tanto
2125 4537 2256 4587 ante
2277 4531 2636 4602 reprehensos
2666 4532 2719 4588 in
2749 4533 3014 4620 Operibus
3060 4528 3322 4610 eiusdem

51 4621 193 4697 usque
221 4630 275 4681 in
307 4625 523 4680 Italiam
550 4617 827 4680 mirabiliaé
853 4640 940 4695 per
995 4624 1165 4696 ipsum
1193 4621 1334 4678 Deus
1378 4624 1620 4687 ostendit,

49 4701 274 4777 Orientis
304 4731 409 4777 res
439 4729 747 4791 compertas
802 4718 1008 4774 habuit.
1061 4717 1117 4772 In
1167 4717 1463 4774 Occidente
1502 4731 1628 4774 vero

52 4817 176 4869 hanc
206 4814 463 4869 haeresim
511 4811 676 4868 fuisse
729 4812 1034 4883 vulgatam,
1061 4826 1126 4866 ex
1154 4825 1226 4867 eo
1252 4819 1469 4866 constat
1487 4810 1628 4880 quod

51 4908 328 4978 Dionysius
358 4905 654 4976 papshqui
685 4919 828 4959 anno
874 4901 1074 4959 Christi
1103 4901 1233 4969 261,
1265 4902 1407 4958 Petri
1431 4901 1627 4958 Cathe-

49 5004 186 5058 dram
217 5004 464 5076 regebat,
490 5001 616 5057 dum
647 5002 703 5058 S.
732 4984 880 5061 Zeno
909 4989 1081 5056 adhuc
1109 4999 1333 5064 viveret,
1371 4999 1423 5053 in
1465 5012 1625 5054 causa

54 5095 277 5166 Dionysii
305 5093 680 5168 Alexandrini,
705 5093 796 5163 qui
825 5092 1070 5146 Romano
1094 5087 1342 5146 Pontifici
1397 5089 1625 5155 delatus,

52 5188 185 5253 quasi
233 5171 559 5243 divisionem
597 5186 650 5241 in
695 5185 890 5240 divinis
923 5185 1172 5240 Pcrsonis
1205 5183 1489 5240 videretur
1528 5183 1628 5238 ad-

52 5284 287 5339 mittere;
319 5295 428 5334 non
458 5279 620 5333 modo
648 5278 956 5348 Dionysium
977 5276 1404 5332 Alexandrinum
1426 5290 1453 5328 a
1478 5273 1628 5329 falsis

53 5369 509 5425 criminationibus
532 5379 817 5438 purgatum
856 5366 1128 5431 absolvit,
1161 5377 1214 5420 et
1260 5364 1624 5420 Sabellianam

55 5459 288 5515 heresim
319 5459 596 5514 damnavit
615 5462 804 5512 coacto
834 5455 1017 5510 Romae
1043 5456 1296 5521 concilio,
1327 5455 1421 5509 sed
1461 5454 1624 5509 editis

53 5550 444 5605 eummentariis
468 5546 796 5602 contrariam
826 5545 986 5601 etiam
1017 5546 1128 5600 Arii
1155 5546 1478 5601 sententiam
1509 5553 1626 5600 tan-

58 5649 105 5690 to
130 5649 248 5694 ante
270 5639 468 5694 Arium
484 5637 779 5693 confutavit
807 5647 940 5691 teste
966 5635 1257 5692 Athanasio
1281 5636 1372 5706 (de
1395 5637 1626 5691 Senten-

59 5731 117 5782 tia
146 5729 384 5803 Dionysii
411 5741 595 5788 contra
623 5728 872 5800 Asianos)
899 5746 911 5784 :
939 5727 1125 5785 Porro-
1148 5745 1209 5784 ea:
1239 5727 1474 5800 Dionysii
1505 5723 1623 5784 ‘Ro.
1643 5763 1659 5779 .

1729 4621 2016 4680 indicaret.
2043 4623 2114 4681 S.’
2137 4624 2500 4696 Hieronymus
2526 4641 2740 4697 quoque
2773 4667 2787 4693 ,
2837 4636 2892 4682 et
2945 4627 3312 4684 Be'llarmihus'

1731 4731 1876 4773 anno
1901 4718 2028 4786 260,
2059 4734 2166 4789 quo
2200 4720 2257 4775 S.
2281 4719 2451 4790 Zeno.
2485 4718 2796 4791 Martyrium
2835 4719 3044 4778 subisse
3084 4720 3302 4792 dicitur,

1732 4810 1862 4865 nihil
1895 4820 2056 4881 agunt
2082 4811 2149 4866 de
2169 4798 2560 4889 Aurelio‘soeib
2609 4819 2665 4867 et
2689 4810 3134 4867 contubernalis.
3163 4809 3306 4866 Pon-

1729 4903 1807 4969 tii,
1837 4903 1906 4958 de
1932 4917 2037 4972 quo
2063 4901 2306 4957 Oudiuus
2330 4896 2382 4956 iu
2412 4903 2788 4972 supplemento
2829 4902 2899 4957 de
2927 4900 3302 4970 'Scriptoribus

1730 4995 2139 5051 Ecclesiasticis.
2193 4995 2377 5064 Itaque
2430 5009 2527 5050 nec
2559 4994 2754 5049 mirum
2778 4993 3180 5049 esse'debet-a
3237 4993 3300 5048 Dt

1729 5087 2058 5156 Hieronymo
2099 5095 2152 5141 et
2173 5086 2403 5141 Eusebio
2430 5085 2485 5141 S.
2517 5085 2785 5143 Zenonem
2820 5086 3138 5141 amissurus
3153 5082 3314 5143 Illud

1727 5187 1904 5239 autem
1923 5176 2065 5247 quod
2091 5173 2448 5232 Bellarminus‘
2467 5165 2737 5243 observat,
2755 5214 2758 5216 η
2779 5178 3058 5233 sermones
3090 5177 3304 5244 scilicet

1729 5270 1985 5341 quosdam
2016 5270 2074 5324 S.
2105 5268 2428 5332 Zenonisita
2459 5269 2651 5325 breves
2687 5267 2877 5336 fuisse,
2915 5278 2973 5323 ut
3019 5283 3305 5326 sermones

1728 5364 1831 5420 dici
1861 5377 1965 5419 non
1989 5359 2298 5416 mereantur
2322 5361 2462 5415 ultro
2481 5360 2745 5417 fateamur
2777 5363 2997 5417 necesse
3019 5371 3125 5418 est.
3153 5365 3221 5417 At
3247 5365 3304 5422 hi

1728 5451 2002 5510 serrnones
2033 5454 2307 5508 breviores
2337 5451 2680 5522 ‘prmfationis
2730 5454 2885 5508 titulo
2940 5453 3305 5512 inscribuntur

1730 5547 1781 5600 in
1806 5533 2034 5601 hocms.
2070 5542 2403 5606 Pistoriensi.
2467 5551 2526 5598 ut
2573 5554 3048 5609 sermoner‘sexto,
3100 5547 3193 5617 qui
3247 5547 3304 5603 in

1721 5635 1892 5706 praelii
1916 5635 2217 5688 commissis
2248 5643 2328 5686 est
2356 5632 2573 5702 quintus
2611 5634 2694 5688 de;
2729 5634 2954 5697 Pascha,
3005 5635 3106 5695 hoc
3123 5635 3301 5716 :titulo

1715 5711 2092 5805 inscribitur!
2128 5723 2316 5794 lucipit
2366 5724 2648 5806 prtcfatioz'
2679 5725 2744 5781 Et
2792 5739 3045 5783 sermone
3079 5711 3307 5806 'd‘ecitn‘o
