3822 6220
438 170 535 229 ΒΗ

1491 169 1579 230 ns
1618 155 2053 233 s’ssnostsus
2089 165 2330 232 SANCTI
2367 171 2673 235 ZENONIS.
3576 190 3658 245 stt

378 312 383 316 ν
432 294 607 353 sexm,
640 278 726 355 qui
756 284 807 337 in
837 281 998 350 prmio
1027 281 1329 335 commissis
1356 291 1439 337 est
1478 292 1660 339 sextus
1686 284 1754 338 de
1776 282 2002 337 Pascha.
2036 285 2087 344 Α
2116 281 2289 337 littera
2323 284 2383 351 Ζ,
2412 286 2580 340 verbo
2612 287 2667 341 S.
2702 287 2866 354 Zeno,
2896 286 2959 341 ad
2980 286 3203 341 verbum
3247 290 3415 345 refert
3436 292 3658 360 judicium

437 373 630 445 Incipit
704 372 950 443 Prwfatio
996 371 1286 425 Paschalis.
1337 371 1409 427 Et
1456 374 1711 444 vigesimo
1755 360 1907 428 sexlo
1959 372 2014 426 in

427 475 602 545 prmio
626 472 928 530 manumissis
949 473 1181 543 septimo
1202 473 1269 529 de
1289 472 1517 529 Pascha.
1538 474 1732 544 Incipit
1753 476 2010 547 prccfatio.

436 566 501 619 Et
526 565 937 635 quadragesimo
966 574 1160 635 quarto
1199 566 1250 619 in
1278 566 1447 635 prmio
1471 567 1777 623 commissis
1798 576 2012 629 octavo,

435 656 679 727 Prwfatio
708 655 999 711 Paschalis.
1034 658 1167 713 Cum
1215 668 1343 713 vero
1404 674 1470 713 ex
1512 660 1729 729 antiqua
1775 657 2013 728 Liturgia

432 748 699 807 Gallicana
732 747 871 818 apud
901 748 1143 805 Martene
1187 748 1359 821 (Tom.
1397 758 1448 816 v,
1482 768 1601 821 pag.
1630 749 1698 805 86
1726 750 1850 804 edit.
1903 747 2012 802 Pa.

435 842 551 906 ris.,
582 841 679 893 An.
708 828 891 909 i717)
916 850 1145 908 constet,
1179 844 1356 897 solere
1395 853 1517 897 ante
1572 842 1832 897 lectiones
1885 842 2016 896 Pro-

430 932 731 1001 phetarum,
760 940 815 986 et
843 930 1223 1001 Apostolorum
1248 933 1359 1003 legi
1394 932 1766 1003 praelationem
1804 932 1878 987 ad
1916 949 2015 988 eo-

434 1023 755 1080 ltortandam
780 1024 1020 1093 plebem,
1050 1034 1106 1079 ut
1128 1023 1305 1079 debila
1337 1024 1597 1095 religione
1626 1025 1796 1081 sacris
1847 1027 2012 1080 inter‘

426 1125 606 1182 esset;
662 1116 758 1171 has
804 1116 1026 1173 forsitan
1067 1116 1411 1189 praefationes
1441 1117 1494 1171 in
1522 1132 1643 1172 eum
1667 1119 1748 1174 vel
1783 1118 2010 1173 similem

426 1226 577 1266 usum
603 1210 927 1280 composuit,
959 1211 1038 1265 vel
1064 1210 1289 1265 dictavit
1311 1210 1369 1265 S.
1402 1210 1550 1265 Zeno
1576 1252 1589 1275 ,
1628 1210 1789 1281 idque
1834 1211 2012 1266 verisi-

345 1360 348 1362 γ
424 1302 550 1380 mile
569 1316 691 1356 esse
713 1301 889 1371 colligi
909 1316 972 1358 ex
996 1315 1062 1357 eo
1078 1310 1272 1371 potest,
1288 1301 1409 1371 quia
1439 1303 1492 1355 in
1504 1301 1589 1359 his
1616 1303 1789 1373 parvis
1802 1318 2012 1358 sermo.

426 1394 580 1449 nibus
614 1393 680 1450 de
708 1393 978 1466 Mysteriis
1002 1396 1179 1465 agitur
1228 1410 1353 1464 quae
1397 1409 1465 1451 eo
1511 1384 1600 1451 die
1646 1396 2008 1451 celebrantur.

426 1489 581 1555 Nam,
610 1498 664 1544 et
686 1490 737 1543 in
760 1490 972 1545 excusis
998 1490 1214 1560 quidam
1248 1485 1527 1545 sermones
1574 1490 1765 1546 breves
1813 1491 2005 1546 inscri-

423 1580 623 1636 buntur
657 1598 670 1634 :
706 1580 950 1634 Invitatis
981 1581 1158 1652 fontis,
1189 1581 1271 1635 vel
1292 1580 1538 1635 lnvitatio
1558 1581 1627 1634 ad
1646 1583 1857 1651 fontem,
1890 1582 2010 1652 qui—

2120 368 2253 428 Sixti
2283 376 2539 434 Senensis
2562 398 2575 431 :
2601 380 2670 433 de
2696 392 2793 434 suo
2816 380 2930 433 hrrc
2952 379 3131 435 addit:
3156 378 3408 435 Ceterum
3426 398 3660 442 cumtomo

2117 467 2337 520 secundo
2360 464 2685 524 Bibliotheca:
2715 470 2821 526 SS.
2849 472 2965 526 PP.
2994 474 3234 527 editionis
3270 465 3505 528 ’seéumltc
3527 488 3665 533 extent
3760 464 3761 535 l

2116 556 2292 609 eodem
2314 557 2463 612 titulo
2486 559 2547 614 S.
2562 558 2781 616 Zenonis
2804 561 3357 635 Veronemt'sepiswpi,
3378 575 3423 619 et
3438 572 3658 639 martyris,

2116 655 2163 698 et
2187 647 2414 702 doctoris
2430 651 2604 705 eximii
2625 653 2687 706 de
2713 654 2945 720 pluribus
2971 656 3255 727 Scriptum:
3281 659 3429 722 locis,
3458 670 3503 713 et
3522 666 3659 715 rerum

2114 734 2421 792 Divinarum
2470 746 2803 812 argumentis.
2883 746 3092 801 Verona
3138 764 3341 819 quoque
3377 749 3503 803 editi
3538 754 3661 822 fam
3760 744 3761 795 θ

2113 848 2250 885 anno
2280 833 2440 897 l588,
2465 837 2657 903 quibus
2677 839 2856 908 potius
2881 842 3152 895 allii-mare
3172 841 3389 897 videtur
3414 857 3659 899 sermones

2114 938 2233 978 esse
2268 924 2324 981 S.
2366 925 2631 994 Zenonis,
2658 944 2820 999 quam
2871 947 3084 1001 negare.
3127 933 3202 989 De
3228 934 3551 990 Bellarmino
3569 940 3656 1006 jam

2113 1015 2343 1071 vidimus
2400 1018 2552 1090 (Cap.
2580 1019 2642 1091 8)
2665 1022 2799 1091 quid
2822 1024 2877 1077 in
2902 1023 3011 1077 illis
3030 1027 3380 1081 sermonibus
3406 1032 3659 1097 reprehen-

2113 1108 2225 1173 dat,
2251 1118 2309 1163 et
2346 1124 2468 1164 cum
2497 1110 2561 1165 ad
2592 1111 2807 1167 Baronii
2832 1128 3119 1170 censuram
3144 1104 3404 1173 lecta-ein
3434 1119 3655 1186 remittat,

2114 1215 2211 1269 pro
2242 1199 2299 1255 8.
2336 1198 2555 1256 Zenom‘:
2576 1204 2777 1257 sentire
2819 1204 3048 1259 videtur.
3083 1205 3320 1274 Mirmus,
3354 1208 3404 1261 in
3430 1209 3657 1263 .Anctario

2109 1290 2177 1347 de
2207 1292 2568 1362 Soriptoribus
2596 1293 3012 1364 Ecclesiastiois,
3053 1312 3172 1366 cap.
3214 1298 3308 1360 25,
3350 1299 3464 1355 laure
3492 1302 3656 1355 habet:

2113 1382 2174 1437 S.
2225 1382 2363 1437 Zeno
2424 1383 2719 1440 Veronensis
2764 1386 3029 1455 θρὶκοριιε
3058 1388 3149 1440 sub
3178 1387 3422 1443 Gallieno
3460 1388 3659 1459 Impera-

2112 1485 2220 1530 tore
2248 1476 2554 1548 Marlyrium
2592 1480 2745 1549 fecit;
2772 1481 2976 1551 ejusque
3000 1482 3229 1534 meminit
3267 1481 3544 1553 Gregorius
3562 1482 3655 1535 Ha-

2111 1586 2262 1640 gnus,
2296 1572 2385 1625 lib.
2429 1587 2484 1626 In
2505 1613 2519 1637 ,
2542 1582 2665 1640 cap.
2698 1572 2763 1627 i9
2788 1611 2811 1639 ,Α
2836 1574 2898 1627 in
2936 1573 3187 1644 Dialogis.
3215 1574 3325 1628 Sub
3358 1577 3660 1647 ejusnomine

426 1673 525 1726 bus
552 1671 982 1751 Catechumenos
1012 1672 1357 1741 bnptizandos
1386 1673 1694 1741 allaquitur.
1736 1674 1839 1728 Alii
1871 1690 2003 1744 quo-

2114 1662 2234 1715 editi
2256 1674 2372 1715 sunt
2388 1678 2645 1718 sermones
2660 1666 2797 1718 uarii
2812 1665 3027 1731 primum
3060 1664 3280 1719 Venetiis
3306 1665 3463 1734 1508,
3486 1679 3527 1720 et
3548 1678 3659 1738 post-

425 1782 530 1835 que
557 1767 751 1835 incepti
780 1780 1060 1820 sermones
1086 1780 1205 1818 esse
1239 1775 1482 1833 possunt,
1502 1768 1637 1835 alios
1658 1780 1762 1819 non
1780 1766 2011 1835 scripse-

353 1876 355 1880 ‘
424 1860 493 1913 rit
525 1862 582 1913 ι).
613 1858 782 1923 Zeno,
805 1856 897 1912 sed
933 1857 1056 1911 dum
1085 1859 1245 1911 verba
1274 1858 1496 1923 faceret,
1551 1872 1645 1912 eos
1697 1859 2011 1927 exceperint

424 1945 591 2019 ipsius
623 1949 905 2020 discipuli,
959 1962 1131 2019 neque
1161 1958 1345 2020 postea
1397 1948 1753 2015 absolveriut,
1812 1950 2011 2018 imper-

424 2042 700 2112 fectusque
750 2042 1082 2112 reliquerint.
1138 2042 1475 2110 Quapropter
1525 2040 1683 2111 aliqui
1733 2055 2011 2094 sermones

423 2134 611 2189 eadem
641 2134 859 2200 habent,
893 2148 1012 2203 qure
1038 2132 1149 2195 alii,
1184 2132 1327 2203 quia,
1362 2144 1417 2185 ut
1449 2140 1596 2201 puto,
1625 2132 1804 2202 plures
1832 2143 2006 2196 erant,

420 2226 513 2296 qui
541 2240 818 2282 sermones
866 2226 1199 2293 exciperent,
1227 2233 1280 2280 et
1306 2238 1525 2278 sensum
1567 2223 1868 2279 retinentes
1920 2224 2008 2277 alii

419 2319 596 2375 verbis
634 2319 755 2373 aliis
789 2324 1148 2388 exponerent.

1053 2446 1281 2535 cura?
1313 2447 1420 2504 IX.-

476 2563 705 2634 Philippi
738 2562 905 2616 Labbe
940 2562 1003 2616 de
1026 2560 1085 2617 S.
1109 2560 1313 2616 Zenone
1343 2561 1629 2617 dissertatio
1651 2561 1970 2631 expenditur.

488 2675 764 2746 Philippus
788 2674 969 2730 Labbe
995 2673 1061 2729 de
1097 2672 1154 2729 5.
1185 2673 1399 2727 Zenone
1425 2685 1589 2742 agens
1629 2672 1805 2727 aliena
1846 2686 2009 2743 opera

419 2775 473 2823 et
496 2782 690 2837 parum
720 2767 934 2822 sincera
980 2767 1032 2819 in
1080 2765 1179 2827 hac
1216 2764 1594 2819 conrinnanda
1637 2765 2012 2819 dissertatione

418 2874 547 2915 usus
569 2867 671 2915 est.
701 2858 832 2926 Quae
853 2857 998 2913 enim
1022 2866 1215 2912 contra
1236 2857 1289 2912 S.
1327 2856 1561 2911 Zenonis
1583 2871 1864 2911 sermones
1881 2871 2012 2929 con-

414 2951 555 3021 gerit
586 2964 689 3005 non
719 2949 898 3004 omnia
922 2963 1047 3005 cum
1080 2949 1264 3006 relatis
1308 2950 1633 3004 conveniunt
1672 2948 2005 3003 auctoribus.

2113 1770 2173 1806 ea
2212 1754 2521 1808 emendatius
2571 1756 2708 1811 1586
2759 1754 2987 1811 Verane.
3018 1755 3221 1811 Horum
3269 1774 3370 1812 non
3413 1775 3659 1827 paucae:

2112 1846 2329 1911 Basilio,
2366 1846 2589 1914 Hilario,
2622 1858 2682 1901 et.
2697 1850 2813 1902 aliis
2846 1849 3204 1916 posterioribus
3227 1851 3526 1904 Auctoribus
3546 1860 3670 1909 tmte.

2081 1928 2327 2007 'scriptos
2355 1955 2461 1993 esse
2489 1950 2666 1994 notant
2698 1941 2877 1995 Sixtus
2904 1942 3163 2009 Senensis,
3196 1942 3458 2009 Halanus,
3492 1942 3659 2009 Bellar-

2112 2022 2279 2083 minus
2301 2040 2345 2082 et
2366 2030 2475 2082 alii.
2505 2029 2699 2085 Practer
2721 2032 2834 2095 hos,
2863 2043 2909 2086 et
2933 2032 3187 2087 Baronius
3216 2034 3270 2087 in
3290 2035 3426 2088 notis
3451 2034 3523 2101 ad
3544 2032 3660 2087 Har-

2112 2122 2424 2189 tgroIOgium
2453 2122 2650 2175 consuli
2678 2126 2881 2192 poterit.
2911 2124 3026 2180 Non
3065 2140 3254 2180 omnes
3281 2127 3441 2196 igitur
3482 2141 3657 2181 sermo-

2113 2228 2209 2267 nes
2241 2213 2300 2266 D.
2326 2213 2532 2267 Zenoni
2559 2217 2801 2285 praeripit
2825 2217 3055 2281 Mirmus,
3087 2218 3181 2273 sed
3232 2233 3334 2274 eos
3366 2227 3560 2274 tanaim
3587 2218 3657 2287 qui

2112 2305 2253 2373 apud
2280 2306 2414 2359 alios
2457 2310 2817 2376 reperiuntur,
2860 2308 3155 2378 prtesertim
3193 2326 3314 2366 cum
3342 2310 3661 2380 adstipulatur

2117 2396 2366 2463 Baronio,
2392 2400 2484 2468 Aqui
2512 2401 2741 2469 demptis
2767 2402 3103 2471 quibusdam,
3134 2404 3463 2473 reliquorum
3484 2420 3658 2459 sermn-

2118 2507 2244 2545 num
2283 2490 2343 2547 8.
2384 2482 2661 2547 Zenonem
2704 2493 2903 2549 fatetur
2948 2503 3243 2550 auctorem.
3277 2495 3502 2549 Fallitur
3523 2494 3657 2549 etiam

2114 2581 2361 2637 Labbeus
2402 2584 2454 2637 in
2497 2598 2719 2638 numero
2761 2599 3093 2651 sermonum,
3126 2602 3268 2655 quos
3291 2588 3566 2655 nonaginta
3589 2602 3657 2639 re-

2116 2669 2321 2731 censet.
2358 2676 2491 2731 Sunt
2516 2686 2695 2731 autem
2726 2688 2956 2746 quatuor
2978 2688 3033 2733 et
3056 2689 3298 2733 centum.
3341 2678 3469 2747 Qua:
3503 2688 3657 2732 contra

2117 2768 2271 2823 :ili‘ert
2294 2769 2361 2823 de
2390 2771 2728 2824 ser-monibus
2762 2770 2817 2828 S.
2854 2771 3032 2826 Basilii
3080 2784 3133 2827 et
3157 2772 3370 2837 Hilarii,
3396 2773 3572 2828 dehis
3586 2786 3657 2825 su-

2115 2874 2210 2929 pra
2228 2859 2245 2929 (
2262 2860 2387 2927 Cap.
2405 2861 2457 2926 5,
2474 2877 2585 2931 cap.
2602 2861 2655 2927 6,
2676 2873 2791 2929 Cap.
2809 2861 2887 2933 7).
2900 2861 3030 2916 item
3046 2862 3113 2917 de
3129 2862 3582 2934 stylidiversitate.
3600 2862 3659 2915 De

2114 2954 2455 3009 sermonibus
2480 2961 2667 3008 contra
2696 2955 2926 3009 Arianos
2946 2956 3083 3012 nihil
3104 2956 3414 3012 addendum
3441 2956 3537 3021 his,
3562 2971 3658 3026 qua

417 3044 575 3099 Falso
604 3043 767 3099 tribui
806 3044 861 3099 S.
899 3041 1102 3099 Zenoni
1133 3057 1413 3099 sermones
1442 3042 1509 3098 de
1540 3043 1737 3112 quibus
1765 3043 2003 3112 agimus,
2033 3027 2078 3089 C
2114 3056 2275 3121 supra
2304 3044 2555 3097 diximus.
2596 3042 2762 3099 Suam
2788 3054 2964 3101 tamen
2992 3047 3312 3103 sententiam
3344 3049 3413 3103 de
3433 3048 3659 3103 ser-numi-

410 3139 645 3207 primum
685 3138 900 3200 asserit,
929 3150 1146 3207 exireque
1182 3136 1460 3207 astipulari
1500 3138 1788 3207 sententiae
1825 3136 2006 3204 plures

416 3237 587 3298 putat,
616 3238 817 3298 eosque
838 3237 1103 3287 recenset.
1129 3226 1213 3282 Ita
1234 3228 1475 3295 sentiunt,
1504 3228 1703 3296 inquit,
1731 3244 1793 3281 ea:
1813 3225 2004 3281 Catho-

417 3318 527 3373 lici.»
559 3320 864 3373 Auctoribus
898 3320 1077 3377 Situm:
1109 3320 1382 3383 Senensis,
1415 3317 1687 3385 Baronius,
1722 3318 2000 3383 Nolanus,

417 3411 751 3473 Passerinus.
796 3411 1157 3478 Bellarminus,
1192 3412 1419 3477 Μίνωας,
1447 3428 1717 3481 eorumque
1743 3413 1878 3465 simii
1900 3412 2002 3467 Co-

411 3522 522 3571 cus,
577 3504 781 3564 Rivetus
805 3544 821 3570 ,
871 3506 1163 3575 similesque
1191 3514 1453 3559 novatores
1486 3505 1693 3570 .critici;
1741 3515 1796 3558 ut
1836 3504 2004 3573 oleum

412 3608 716 3667 aperantque
760 3597 901 3667 apud
941 3596 1154 3651 idoneos
1198 3594 1409 3649 Judices
1451 3596 1733 3665 perdidisse
1771 3596 2005 3657 uideatur

412 3688 645 3760 Rapltael
689 3686 907 3759 Bagatta
946 3698 993 3742 et
1038 3687 1273 3757 Baptista
1321 3688 1583 3753 Perettus,
1630 3689 1719 3757 qui
1756 3689 2002 3741 adversus

414 3783 550 3837 Sixti
573 3784 814 3839 Senensis
846 3783 1193 3849 (laetissimam
1224 3793 1511 3845 censuram,
1544 3798 1630 3833 eos
1664 3781 1842 3834 saltem
1893 3795 2001 3833 om-

412 3892 498 3929 nes
517 3917 530 3938 .
554 3874 748 3930 Zenoni
783 3873 1058 3930 Veronensi
1076 3874 1313 3941 episwpo
1335 3872 1425 3925 sub
1451 3870 1683 3926 Gallieno
1702 3873 2001 3941 martyrium

332 4007 341 4014 .
412 3983 561 4036 passo
588 3968 847 4021 uindicare
876 3967 1163 4021 voluerunt.
1190 3964 1257 4020 At
1291 3964 1490 4019 fallitur
1528 3965 1652 4019 dum
1690 3978 1784 4033 pro
1822 3979 1880 4018 se
1908 3963 1999 4017 ad-

412 4058 878 4129 ducitgaronium,
919 4066 975 4109 ut
1008 4058 1121 4123 ipse
1152 4054 1524 4110 Tillemontius
1550 4054 1797 4109 observat
1818 4053 1995 4124 ('l‘am.

414 4164 483 4215 tv,
513 4158 621 4205 not.
653 4148 707 4213 6,
729 4150 792 4205 de
814 4146 1556 4218 persecut.Valer.)Baronius
1583 4158 1811 4216 namque
1829 4162 1996 4215 quos-

410 4241 533 4294 dam
558 4250 769 4309 ,tuntum
796 4252 1074 4293 sermones
1102 4254 1169 4291 ex
1203 4237 1286 4303 iis,
1318 4252 1544 4305 quorum
1577 4241 1777 4291 Aueior
1797 4235 2001 4290 dicitur

407 4330 468 4390 3.
502 4331 670 4396 Zeno,
698 4331 874 4386 eidem
904 4329 1291 4385 adscribendos
1316 4341 1511 4397 ttt‘gttl;
1543 4329 1777 4399 reliquos
1806 4329 1868 4381 υ.
1899 4328 2000 4384 Ze-

2113 3134 2213 3188 bus
2252 3136 2310 3189 S.
2352 3135 2582 3190 Zenonis
2615 3152 2717 3191 non
2750 3124 2959 3193 videtur
3000 3140 3185 3195 tulisse
3224 3138 3659 3197 [sabbeuszinitio

2102 3228 2258 3282 enim
2289 3228 2579 3287 Baronium
2627 3232 3013 3287 consulendum
3057 3243 3276 3300 monet;
3302 3236 3430 3287 tum
3460 3232 3658 3289 dominis

2110 3320 2291 3375 Mariae
2314 3320 2574 3389 judicium
2609 3322 2772 3376 refert
2805 3323 2855 3377 in
2893 3325 3272 3393 expurgatorio
3304 3325 3506 3389 indice,
3532 3325 3656 3392 cujus

2113 3413 2232 3467 haec
2263 3415 2425 3469 verba
2455 3423 2585 3469 sunt
2615 3432 2626 3466 :
2662 3414 2890 3470 Joannes
2918 3431 3032 3469 vero
3062 3415 3233 3469 Maria
3253 3418 3305 3469 in
3337 3414 3657 3489 eapurgatoiio

2110 3505 2283 3560 indice
2324 3507 2456 3559 nihil
2484 3494 2682 3561 videtur
2711 3508 2837 3561 uelle
2871 3507 3153 3578 afﬁrmare.
3188 3506 3464 3576 therunt,
3494 3510 3655 3578 inquit,

2110 3599 2191 3654 Itis
2231 3614 2324 3667 pro
2362 3598 2641 3651 assertione
2677 3608 2970 3652 sermonum
3010 3600 3071 3655 S.
3116 3595 3340 3654 Zenonis
3379 3600 3656 3655 obstantibus

2110 3706 2212 3743 non
2244 3691 2440 3760 magnis
2469 3690 2795 3761 oonjccturis,
2830 3692 3105 3754 nonnullos
3134 3707 3235 3745 non
3266 3708 3376 3746 esse
3398 3693 3529 3745 illius
3546 3691 3657 3746 esis-

2107 3782 2253 3835 timat
2284 3781 2563 3846 Baronius,
2597 3785 2878 3851 prasertint
2918 3783 3099 3850 quibus
3122 3782 3315 3835 Ariona
3344 3783 3657 3837 hausissen-

2101 3873 2327 3943 '{utatur.
2371 3868 2563 3926 Multa‘s
2611 3873 2837 3927 rationes
2869 3883 2917 3927 et
2947 3858 3166 3945 optimas
3191 3858 3505 3944 conjecturas
3530 3873 3589 3924 ad
3616 3870 3658 3945 id

2107 3964 2427 4035 probandum
2466 3980 2517 4018 se
2539 3963 2726 4018 habere
2754 3965 3038 4033 proﬁletnr.
3086 3964 3209 4019 Mihi
3238 3976 3418 4021 tamen
3460 3947 3655 4019 Baronio

2106 4056 2356 4111 assentiri
2398 4056 2606 4110 videtur
2642 4056 2880 4111 Joannes
2919 4056 3117 4121 Maria,
3155 4063 3279 4111 eum
3321 4065 3500 4128 aperte
3536 4055 3655 4109 dicat

2104 4150 2445 4217 cimjecturas
2497 4156 2687 4203 contra
2736 4163 3020 4203 sermones
3050 4148 3114 4205 S.
3144 4149 3388 4205 Zenonis
3426 4166 3523 4206 non
3558 4164 3655 4203 esse

2110 4242 2285 4308 magni
2311 4239 2583 4309 ponderis.
2624 4238 2668 4291 H
2677 4240 2722 4293 is
2748 4255 2842 4309 pro
2865 4241 3151 4294 assertione
3170 4256 3468 4295 sermonum
3487 4237 3653 4295 8.1:-

2106 4334 2256 4387 nonis
2285 4333 2608 4387 'obslantibus
2656 4348 2757 4385 non
2802 4332 3001 4403 magnis
3042 4332 3368 4403 conjecturis.
3412 4332 3555 4401 Quod
3578 4330 3655 4385 de.

400 4426 567 4481 nonis
593 4425 839 4496 proprios
869 4424 1141 4494 agnoscit,
1194 4430 1247 4477 et
1286 4421 1639 4491 quorumdam
1670 4421 1783 4476 loco
1803 4421 1861 4477 in
1888 4424 2001 4476 An-
2027 4413 2083 4472 D
2107 4441 2251 4487 mum
2304 4424 2367 4478 ad
2428 4424 2699 4479 Perettum
2732 4433 2784 4478 et
2829 4423 3102 4495 Bagnttnm
3140 4415 3373 4494 spectat,
3402 4436 3653 4494 utrumque

410 4518 624 4572 nalibus
648 4518 828 4581 habet,
858 4524 919 4570 ut
940 4529 1100 4583 supra
1128 4522 1366 4569 actutum
1397 4522 1499 4568 est.
1533 4510 1683 4584 (Cap.
1709 4512 1785 4583 5).
1808 4513 2000 4582 Neque

408 4611 683 4681 Bagaltam
715 4619 771 4665 et
818 4609 1091 4663 Perettum
1126 4608 1305 4661 oleum
1352 4612 1407 4659 et
1437 4618 1655 4672 operam
1703 4603 1999 4673 perdidisse

407 4706 687 4775 putat,qui
716 4717 811 4757 eos
839 4700 949 4754 suis
974 4699 1025 4752 in
1058 4693 1675 4764 annotationibus(Prid
1706 4693 1993 4766 IdApril.)

406 4796 472 4851 ad
502 4793 937 4866 Martyrologium
974 4790 1274 4845 Romanum
1308 4787 1670 4842 commendat.
1701 4785 1865 4839 Plura
1895 4803 1991 4838 au-

409 4902 509 4946 tem
539 4890 713 4947 eodem
754 4894 1052 4957 argumento
1100 4884 1299 4937 erudite
1335 4890 1510 4935 notata
1541 4879 1692 4937 [tabes
1726 4881 1779 4931 in
1807 4879 1995 4947 prmia-

411 4986 545 5039 tione
587 4983 825 5055 Operam,
848 4980 911 5036 S.
966 4977 1189 5033 Zenonis
1235 4976 1374 5044 (hrec
1409 4974 1648 5044 'Bagattte
1686 4980 1755 5027 et
1792 4970 1993 5025 Peretti

408 5076 532 5148 est),
572 5092 686 5147 qua:
711 5079 864 5148 jussu
909 5083 955 5126 et
983 5069 1250 5141 diligentia
1281 5066 1645 5130 lllustrissimi,
1668 5074 1713 5119 et
1743 5063 1997 5119 Reuereno

407 5170 605 5223 dissimi
624 5167 894 5241 Augustini
925 5164 1118 5220 Valerii
1145 5161 1426 5217 cardinalis
1446 5159 1747 5227 amplissimi
1768 5157 1994 5229 episcopi

419 5261 719 5317 Veronensis
752 5275 912 5329 nuper
945 5266 1060 5311 sum
1090 5255 1253 5309 edita.
1285 5253 1569 5307 Probamus
1606 5250 1808 5319 quidem
1853 5266 1912 5303 ea
1937 5259 1993 5301 ut

407 5356 567 5410 multo
588 5354 758 5409 studio
785 5352 981 5423 egregie
1012 5358 1245 5404 curnt-um
1273 5363 1423 5415 opus.
1457 5345 1601 5399 Licet
1634 5344 1687 5397 in
1712 5342 1990 5410 aliquibus,

406 5458 460 5501 ut
491 5447 731 5509 diximus,
766 5446 821 5497 in
857 5443 936 5497 Itis
970 5456 1083 5511 quae
1120 5439 1187 5493 ad
1216 5440 1474 5493 veritatem
1507 5434 1851 5503 quorumdam
1882 5449 1995 5487 ser-

406 5554 612 5593 monum
638 5547 902 5607 spectant,
945 5550 1049 5587 non
1084 5548 1224 5597 eque
1243 5532 1404 5585 eidem
1430 5528 1785 5583 assentiamur.
1817 5526 1993 5580 Mola—

389 5645 528 5687 'num
544 5648 647 5687 non
663 5627 1143 5692 vidi.Posseviuus,
1160 5621 1477 5679 lomotertio
1500 5624 1800 5689 Apparatus
1822 5619 1990 5685 sacri,

2105 4532 2293 4572 omnes
2320 4528 2597 4571 sermones
2620 4517 2839 4571 nomine
2863 4518 2920 4571 S.
2952 4515 3184 4572 Zenonis
3206 4519 3488 4589 inscriptos
3506 4515 3651 4573 eidem

2107 4611 2359 4663 tribuisse
2386 4610 2597 4665 videtur
2633 4609 2904 4665 affirmare
2942 4610 3210 4667 Labheus.
3239 4610 3323 4668 ~Ut
3362 4614 3522 4668 oleum
3550 4626 3650 4678 ape-

2066 4760 2069 4763 η
2102 4716 2312 4770 rumque
2340 4701 2477 4770 apud
2524 4700 2732 4755 idoneos
2752 4702 2955 4772 judices
2974 4703 3275 4772 perdidisse
3312 4706 3535 4761 rideatur
3562 4702 3650 4758 Ra-

2102 4792 2254 4859 phael
2277 4792 2492 4862 Bagatta
2511 4834 2525 4857 ,
2555 4803 2600 4847 et
2625 4793 2854 4862 Baptista
2886 4795 3136 4865 Perettus,
3166 4798 3255 4867 qui
3273 4799 3343 4852 ad
3352 4815 3515 4854 uersus
3535 4796 3651 4873 Sitti

2109 4885 2351 4938 Senensis
2381 4886 2721 4940 doctissimum
2745 4898 3007 4944 censuram
3031 4907 3133 4955 eos,
3155 4893 3338 4949 saltem
3365 4910 3546 4955 omnes,
3572 4890 3651 4945 Ζε-

2106 4979 2229 5030 noni
2264 4976 2539 5032 Veronensi
2560 4980 2794 5049 episcopo
2824 4982 2914 5042 sub
2944 4982 3179 5040 Gallieno
3201 4989 3499 5059 martyrium
3520 4999 3649 5055 passo

2105 5069 2366 5122 uindicare
2394 5071 2676 5125 voluerunt.
2718 5072 2783 5128 Ut
2813 5086 3022 5132 constet
3057 5079 3182 5149 quid
3216 5080 3432 5150 Bagam
3465 5090 3516 5135 et
3563 5079 3649 5134 Pe-

2108 5168 2281 5215 rettus
2308 5160 2445 5216 circa
2488 5164 2703 5219 eosdem
2749 5178 3025 5223 sermones
3072 5170 3344 5229 afﬁrmare
3388 5172 3647 5231 voluerint.

2100 5265 2287 5305 eorum
2325 5251 2487 5305 verba
2524 5268 2589 5308 ex
2629 5256 3453 5333 praefationesuperiusallegata
3472 5262 3652 5318 exscri-

2100 5340 2313 5397 hemus.
2346 5342 2496 5408 Quod
2532 5356 2696 5399 autem
2734 5355 2832 5402 tres
2856 5349 2968 5404 sive
2992 5363 3212 5419 quatuor
3241 5369 3493 5408 sermones
3515 5353 3567 5406 in
3585 5352 3649 5405 lu's

2102 5439 2445 5504 reperiantur,
2474 5455 2599 5505 quos
2622 5440 2682 5495 S.
2706 5440 2899 5497 Ζειποηί
2921 5443 3082 5513 aliqui
3117 5456 3299 5515 putant
3330 5446 3539 5502 adscribi
3564 5461 3649 5499 non

2103 5543 2285 5595 posse;
2312 5542 2507 5597 nempe,
2539 5531 2624 5598 qui
2646 5532 2934 5587 inscribitur
2962 5536 3022 5588 de
3043 5548 3319 5607 praecepto,
3340 5538 3541 5592 Attende
3554 5536 3650 5594 tibi:
3733 5520 3737 5527 Α

2102 5620 2287 5675 Sermo
2311 5621 2373 5676 de
2399 5620 2674 5693 Evangelia
2695 5627 2963 5681 secundum
2988 5626 3185 5682 Luem
3207 5631 3273 5684 de
3299 5631 3483 5700 triplici
3503 5640 3647 5683 tenta-
