3822 6220
78 228 164 287 uti:

1120 235 1208 293 DE
1248 232 1672 295 SERMOXIBUS
1710 235 1951 293 SANlZ'l‘l
1994 236 2305 303 ZENONTS.

3228 214 3328 309 ait

74 348 248 401 tionum
279 350 464 416 specie.
502 348 684 405 Sermo
714 351 776 405 de
802 349 959 405 livore
984 359 1029 404 et
1073 352 1285 413 inridla,
1320 355 1545 405 etsermo
1574 354 1633 405 de
1664 353 1711 411 Α
1740 352 1873 404 rima
1915 354 2113 421 Aprilis
2154 354 2221 407 de
2255 353 2507 426 Martyrio
2535 354 2592 411 S.
2638 355 2874 413 Zen‘onls
2906 370 3071 426 agens
3125 344 3333 427 p'tlitio-

71 439 270 509 jejunio,
300 444 391 508 qui
426 442 558 496 inter
598 442 660 498 S.
691 441 874 497 Rutilii
909 442 1145 497 homilius
1176 459 1339 516 grtece
1365 444 1540 514 scripti
1561 460 1641 496 re-

74 530 337 596 periuntur,
368 534 597 601 quamvis
631 536 930 605 argumenta
957 542 1059 587 non
1092 535 1279 595 desint,
1319 534 1501 603 quibus
1524 544 1644 607 pro-

73 620 175 675 bore
203 621 391 693 liceret,
422 644 506 680 eos
536 644 733 697 quoque
765 644 1021 683 sermones
1048 629 1116 682 ad
1148 629 1205 683 S.
1240 628 1497 683 Zenonem
1527 640 1644 684 nos-

75 725 189 768 trum
219 722 491 787 pertinere,
531 738 647 775 cum
677 724 828 775 etiam
861 723 1112 791 plurimos
1142 735 1342 778 summa
1396 725 1567 777 studio
1597 732 1644 778 et

73 808 363 875 gravissimis
385 811 649 865 laboribus
670 813 722 866 in
751 812 953 867 ercia
976 814 1134 868 multo
1153 825 1270 869 ante
1300 816 1361 870 S.
1393 814 1642 870 Basiliam

77 900 385 965 prmdicando
426 907 495 955 ad
540 904 797 960 Christum
840 919 1173 976 conuerteret,
1212 920 1377 964 tamen
1410 926 1466 963 ea
1511 910 1561 963 in
1591 926 1645 964 re

73 994 352 1048 contentiosi
383 1012 491 1050 esse
521 999 779 1053 nolumus.
825 1001 905 1054 Ad
934 1001 989 1054 id
1017 1018 1133 1057 vero
1162 1005 1299 1073 quod
1330 1005 1522 1059 Auctor
1548 1002 1644 1059 Bt"-

77 1082 321 1140 bliotbeca:
353 1088 561 1143 Sancta:
592 1091 804 1157 scribit,
840 1109 1022 1162 nempe
1063 1107 1255 1167 septem
1290 1100 1549 1153 sermones
1592 1099 1645 1152 in

76 1176 317 1245 Psalmos,
354 1196 480 1246 quos
508 1186 839 1251 enumeravit,
874 1198 980 1241 esse
1005 1188 1284 1260 descriptos
1311 1205 1374 1244 ea:
1399 1189 1459 1244 S.
1494 1187 1649 1245 Hila-

76 1273 130 1325 rii
171 1277 548 1331 commentariis
567 1318 583 1343 ,
642 1280 859 1334 dicimus
899 1280 1049 1335 illum
1076 1284 1245 1351 quoad
1270 1287 1537 1338 num'er‘dm
1565 1303 1648 1339 er-

74 1382 213 1421 rasse.
239 1366 513 1424 Sermones
530 1371 661 1424 enim
684 1372 735 1425 in
748 1371 1015 1428 Psalmum
1036 1390 1222 1441 LXXIX,
1247 1387 1291 1431 et
1314 1377 1364 1430 in
1378 1376 1648 1431 Psahnum

75 1474 118 1523 c,
146 1460 607 1531 injcontmentariis
636 1462 698 1519 S.
733 1463 921 1518 Hilarii
956 1476 1059 1521 non
1083 1470 1425 1543 reperiuntur.
1466 1467 1651 1537 Quoad

74 1551 278 1622 reliquos
307 1554 556 1624 quinque,
597 1571 713 1609 cum
740 1558 840 1611 duo
867 1574 1124 1615 sermones
1149 1560 1212 1614 de
1240 1559 1454 1615 Psalmo
1481 1577 1647 1629 cxxs,

74 1644 117 1695 in
139 1643 211 1697 bis
232 1647 549 1701 sermonibus
566 1647 824 1720 iegantur.
850 1652 1106 1707 secundus
1128 1666 1245 1706 vero
1272 1655 1351 1709 sit,
1366 1655 1515 1709 certis
1538 1657 1649 1725 qui-

1743 443 1884 495 diam
1930 447 2093 499 canit.
2162 445 2244 499 Ea:
2276 463 2373 518 quo
2404 459 2593 514 autem,
2630 459 2684 502 ut
2716 450 3029 519 accepimus,
3065 467 3165 503 non
3196 452 3332 504 acci-

1745 537 1816 603 pit
1855 536 2152 593 Veronensis
2178 540 2402 595 Ecclesia
2433 542 2562 595 duos
2595 542 2844 609 Zenones,
2882 561 2912 597 a
2958 546 3120 614 priori
3161 554 3336 599 nostra

1744 631 1989 691 sententia
2028 630 2165 683 haud
2217 633 2360 685 inviti
2428 635 2729 688 recedimus.
2796 634 2908 692 Hoc
2955 635 3338 692 animadt’ertit

1746 719 2139 787 Tillcmontius,
2179 737 2284 777 non
2329 732 2503 778 tamen
2533 726 2906 781 animadvertit
2930 725 3206 799 Ughellns,
3234 742 3334 782 nec

1747 811 2168 882 Papebroehius,
2203 816 2289 884 qui
2338 814 2627 871 Baroninm
2673 820 2839 875 citant
2889 837 2983 891 pro
3034 822 3335 877 assertione

1748 902 1974 958 duorum
2022 904 2318 959 Zenomtm.
2349 904 2471 961 Sola
2504 919 2731 980 namque
2757 910 2822 967 ’S.
2872 912 3139 968 Ambrosii
3171 912 3334 969 allata

1736 986 1973 1064 epistola
2006 995 2139 1049 duos
2172 996 2456 1053 admittere
2498 998 2756 1067 Zenones,
2789 1004 2873 1057 vel
2911 1005 3146 1073 priorem
3197 1014 3351 1061 tem-'

1750 1103 1881 1158 pore
1910 1086 2164 1154 Gallieni,
2199 1089 2264 1144 de
2301 1090 2477 1145 medio
2506 1092 2714 1160 tollere,
2741 1098 2808 1149 ut
2848 1096 3105 1168 Dupinius
3152 1109 3203 1153 et
3244 1098 3349 1155 alii

1751 1191 1939 1235 Contra
1971 1179 2252 1235 historiam
2289 1192 2343 1237 et
2392 1182 2730 1239 traditionem
2775 1186 3097 1244 Veronensis
3152 1190 3338 1245 Eccle-

1751 1272 1844 1325 sia:
1876 1271 2239 1335 contendunt,
2288 1272 2515 1327 arduum
2562 1285 2690 1331 sane
2731 1287 2832 1331 est.
2867 1277 3126 1335 Bai-anius
3166 1283 3331 1349 enim,

1752 1365 1842 1434 qui
1869 1364 1928 1420 δ.
1962 1350 2231 1421 A’mbrosii
2280 1367 2562 1436 epistolam
2605 1351 2831 1439 viderat,
2860 1371 3077 1443 ejusque
3108 1377 3340 1429 auctori-

1753 1458 1861 1513 ta‘te
1900 1459 2047 1514 litem
2076 1461 2325 1530 componi
2355 1461 2422 1516 de
2453 1463 2794 1518 sermonibus
2824 1464 2877 1519 S.
2910 1464 3143 1521 Zenonis
3181 1475 3339 1536 posse

1754 1561 1985 1621 putarat,
2014 1568 2137 1606 eum
2183 1553 2383 1609 audivit
2427 1554 2791 1610 Vcroneusem
2836 1557 3134 1613 Ecclesium
3169 1565 3345 1614 unum

1754 1654 1961 1699 tantum
2008 1644 2248 1715 recipere
2274 1646 2573 1712 Zenonem,
2603 1648 2670 1703 ab
2697 1652 2949 1717 Opinione
2986 1651 3215 1705 duarum
3242 1651 3345 1708 Ze-

74 1736 267 1790 busdam
288 1740 571 1827 vocabulis,
600 1750 646 1795 et
664 1742 845 1796 iisdem
861 1746 967 1814 fere
985 1746 1245 1799 sententiis
1262 1746 1442 1801 similis
1460 1748 1640 1817 priori,

1771 1749 1952 1792 tonum
1986 1738 2229 1793 recessit.
2261 1739 2435 1794 Verba
2465 1753 2643 1795 autem
2671 1742 2725 1796 S.
2758 1743 3050 1810 Ambrosii,
3082 1743 3195 1799 hinc
3219 1749 3344 1800 sum

72 1831 148 1895 qui
169 1831 365 1900 quidem
386 1833 533 1900 prior
562 1834 615 1887 in
642 1836 1018 1890 commentariis
1049 1836 1110 1892 S.
1153 1837 1343 1892 Hilarii
1369 1855 1469 1893 non
1494 1856 1643 1907 repe-

74 1922 205 1986 ritur,
233 1939 345 1977 eum
378 1917 858 2004 etiam,'secundum
890 1928 1099 1997 scilicet,
1140 1929 1359 1984 dicimus
1400 1949 1430 1984 a
1463 1932 1523 1986 S.
1548 1931 1647 1987 Ze-

73 2031 187 2068 none
210 2032 345 2071 more
370 2034 465 2071 suo
493 2018 653 2089 fuisse
675 2020 849 2089 aliqua
877 2021 1073 2074 ratione
1102 2024 1392 2091 repetitum,
1419 2033 1463 2076 et
1492 2040 1646 2094 prop-

75 2117 193 2162 terea
212 2109 280 2161 ad
305 2110 454 2163 illum
485 2112 770 2180 pertinere;
800 2112 890 2165 sed
912 2114 963 2166 in
991 2115 1364 2167 commentariis
1396 2116 1455 2169 S.
1490 2104 1647 2170 Hila-

73 2203 127 2253 rii
164 2203 221 2255 ab
249 2203 421 2272 aliquo
455 2205 615 2275 fuisse
643 2205 889 2259 insertum
910 2246 925 2273 ,
969 2208 1395 2277 quemadmodum
1423 2210 1647 2264 uidemus

73 2296 189 2349 inter
218 2296 389 2365 Opera
426 2296 766 2368 Hieronymi,
791 2299 1061 2370 Augustini
1086 2341 1099 2363 ,
1135 2310 1181 2352 et
1220 2300 1507 2369 aliquorum
1535 2302 1639 2357 SS.

74 2388 179 2443 PP.
214 2393 479 2445 conciones
514 2401 563 2444 et
590 2391 785 2446 libellos
813 2408 913 2445 non
959 2394 1259 2463 ignobilium
1284 2404 1551 2447 auctorum
1574 2397 1649 2447 ir-

74 2484 293 2551 repsisse.
328 2484 406 2538 An
435 2500 554 2556 vero
572 2486 753 2552 reliqui
779 2494 999 2555 quatuor
1023 2488 1202 2541 eadem
1231 2490 1430 2542 ratione
1458 2490 1649 2559 fuerint

72 2576 315 2631 iniisdem
350 2580 735 2632 commentariis
768 2579 967 2645 inserti,
1002 2580 1223 2634 aliorum
1267 2582 1331 2634 sit
1366 2582 1644 2652 judicium.

76 2670 123 2725 Si
152 2687 278 2742 ergo
306 2673 531 2732 alituum
558 2671 761 2740 judicio
786 2680 932 2735 stare
960 2688 1064 2728 non
1096 2683 1358 2739 retntunt,
1391 2685 1445 2729 et
1469 2681 1535 2729 de
1564 2676 1676 2729 bis.

76 2765 133 2820 de
159 2767 349 2836 quibus
376 2767 653 2821 dubitatur
686 2768 1029 2823 sermonibus
1061 2770 1251 2823 nolunt
1277 2783 1397 2824 esse
1427 2778 1653 2824 conten-

78 2859 184 2912 tiosi
218 2878 227 2910 :
259 2873 365 2913 non
416 2874 479 2913 ea
519 2858 678 2927 igitur
719 2859 963 2930 Bagattre
999 2870 1053 2916 et
1088 2861 1297 2916 'Peretti
1333 2876 1485 2916 mens
1533 2873 1609 2916 ρει
1634 2903 1649 2929 ,

78 2961 125 3004 ιιι
156 2953 375 3021 probent
405 2954 598 3008 omnes
627 2966 909 3008 sermones
946 2952 1003 3008 S.
1033 2952 1237 3008 Zenoni
1266 2968 1386 3008 esse
1409 2952 1655 3009 tribuen-

80 3043 186 3098 dos.

690 3137 917 3194 CAPUT
958 3137 1024 3194 X.

388 3254 397 3313 ’.
484 3255 564 3311 De
597 3255 823 3327 Dupinio
863 3252 1264 3320 et"Combe/isio.

151 3373 383 3444 Dupinus
410 3389 563 3428 more
589 3388 687 3428 suo
716 3384 918 3429 temere
939 3371 1225 3427 admodum
1249 3370 1317 3425 de
1348 3370 1409 3426 D.
1441 3369 1658 3425 Zenone

86 3464 129 3518 in
162 3467 256 3523 hac
284 3482 597 3523 sermonum
640 3464 1256 3535 controversia‘judicat.
1287 3463 1355 3518 At
1393 3462 1521 3517 nihil
1567 3464 1660 3516 lia-

84 3559 163 3614 bet
209 3560 347 3629 quod
376 3561 442 3615 ab
471 3559 597 3614 aliis
621 3575 726 3613 non
751 3567 1043 3613 mutuetur.
1072 3556 1205 3612 Nam
1238 3556 1380 3626 quod
1409 3555 1548 3609 circa
1576 3569 1661 3608 er-

85 3667 224 3707 rores
250 3652 363 3707 Arii
380 3668 633 3708 sermone
656 3653 843 3721 quinto
869 3651 936 3706 de
960 3650 1242 3704 nativitate
1269 3664 1297 3701 a
1321 3647 1551 3702 Baionio
1572 3662 1661 3701 ac-

86 3745 233 3812 cepit,
276 3747 385 3815 jam
427 3760 590 3815 supra
635 3746 809 3814 capite
860 3741 1405 3813 septimo'evidenter
1442 3748 1661 3809 apparet

88 3836 240 3903 ipsius
284 3838 497 3892 Baronii
526 3835 857 3901 testimonio,
898 3835 1060 3890 etiam
1103 3846 1224 3887 ante
1262 3832 1318 3887 S.
1362 3831 1657 3896 Zenonem,

86 3942 246 4001 coque,
289 3931 456 4009 magis
486 3937 613 3983 ante
654 3927 859 3993 Arium,
902 3929 1116 3981 errores
1148 3926 1313 3994 ipsius
1343 3923 1455 3978 Arii
1498 3922 1662 3978 fuisse

88 4018 372 4074 damnatos.
403 4007 697 4075 Sermones
725 4018 814 4088 qui
856 4016 997 4086 apud
1029 4007 1125 4070 SS.
1179 4014 1433 4068 Basilium
1476 4020 1530 4067 et
1574 4012 1663 4066 lli-

87 4112 264 4168 larium
292 4112 656 4183 reperiuntur,
685 4119 742 4165 ut
766 4112 877 4180 ipse
903 4109 1163 4179 aninius
1182 4091 1247 4164 ei
1264 4107 1417 4163 Sixto
1437 4106 1661 4163 Senensi

87 4214 135 4259 et
161 4206 480 4261 Bellarmiuo
509 4215 680 4269 notat,
713 4204 937 4274 reliquis
973 4204 1311 4259 sermonibus
1344 4201 1398 4258 S.
1432 4201 1664 4256 Zenonis

87 4298 211 4353 nihil
237 4297 428 4353 obesse
452 4297 685 4351 diximus
708 4296 880 4366 capite
904 4297 1081 4350 tertio.
1118 4295 1368 4349 Errorem
1401 4309 1662 4348 annorum

88 4389 135 4443 in
157 4406 405 4445 sermone
432 4392 501 4465 de
525 4390 855 4445 continentia
886 4404 1005 4443 cum
1036 4388 1268 4465 Baronio
1288 4388 1661 4460 corrigendum

88 4483 390 4551 agnovimus
402 4464 577 4553 capite
593 4490 802 4552 quarto.
828 4481 902 4535 Ita
927 4480 995 4536 do
1011 4464 1337 4535 Combeﬁsio
1352 4480 1660 4546 dicendum,
1693 4507 1745 4566 D

89 4588 200 4628 cum
240 4584 297 4629 et
337 4576 449 4644 ipse
492 4575 627 4629 nihil
658 4574 869 4637 afferat,
897 4574 965 4629 de
1010 4589 1114 4644 quo
1145 4589 1305 4643 supra
1350 4583 1664 4645 actum-non

87 4664 168 4720 sit.
197 4666 494 4722 Videndum
527 4672 769 4722 remanet
798 4682 865 4720 an
895 4666 1031 4720 alter
1060 4665 1116 4722 S.
1147 4665 1295 4721 Zeno
1320 4682 1443 4721 vere
1473 4667 1666 4720 extite-

90 4759 171 4823 rit,
203 4759 354 4829 cujus
376 4772 513 4829 Opus
544 4759 856 4824 Sermones,
884 4757 950 4813 de
977 4759 1172 4829 quibus
1193 4757 1559 4813 controversia
1587 4766 1671 4813 est

92 4865 204 4907 esse
232 4847 460 4923 possint.
688 4844 693 4853 ’
1522 4862 1531 4867 “

692 4938 922 4998 CAPUT
964 4943 1056 4998 XI.

335 5066 477 5122 Unus
498 5074 575 5121 est
603 5065 666 5122 S.
693 5065 834 5121 Zeno
868 5065 1085 5121 Veronae
1110 5063 1419 5138 EpiscOpus.

160 5181 301 5237 Duos
334 5181 502 5236 fuisse
532 5166 788 5235 Zenones
823 5189 882 5234 et
920 5181 1033 5248 ipse
1060 5180 1323 5235 Baronius
1347 5178 1596 5244 credidit,
1623 5186 1693 5233 ut.

96 5272 269 5328 videre
293 5284 379 5329 est
408 5274 460 5329 in
490 5272 929 5327 adnomionibus
976 5270 1040 5325 ad
1074 5270 1511 5339 Martyrologium
1565 5270 1675 5324 Bo-

100 5381 307 5422 manum
337 5370 489 5423 tertia
534 5366 679 5430 Maii,
722 5365 811 5419 ubi
852 5380 1017 5434 agens
1063 5365 1130 5419 de
1160 5366 1217 5420 S.
1251 5364 1511 5419 Juvenale
1542 5363 1676 5415 Nar—

100 5462 278 5515 niense
325 5460 608 5530 Episcopo,
648 5457 1015 5511 Veronensem
1061 5456 1353 5511 Ecclesium
1398 5449 1459 5509 in‘
1495 5456 1679 5510 exem-

101 5554 235 5622 plum
262 5554 493 5620 adducit,
521 5568 646 5623 quae
677 5551 816 5607 duos
839 5550 1092 5607 Zenones
1116 5550 1395 5627 habuerit,
1430 5557 1487 5603 ut
1525 5556 1577 5602 et
1622 5550 1679 5603 in

102 5644 370 5703 Narniensi
392 5644 660 5702 Cathedra
691 5643 827 5698 duos
856 5641 1143 5697 Juvenales
1175 5641 1378 5697 sedisse
1405 5641 1681 5712 probabile

106 5739 302 5795 reddat.
333 5739 387 5796 in
417 5739 559 5795 notis
591 5747 768 5793 autem
815 5733 1055 5804 ejusdem
1092 5732 1451 5807 Martyrologii
1482 5732 1683 5787 duode-

1751 1826 1889 1901 (Lib.
1920 1846 1991 1894 vn,
2021 1848 2135 1900 cap.
2167 1830 2259 1901 ω)
2291 1850 2302 1883 :
2334 1830 2413 1885 Tu
2436 1842 2603 1885 autem
2629 1834 2714 1904 (ad
2746 1835 3344 1908 SiagriUth'efrisbopnm

1750 1921 2117 1978 Vemnensem
2150 1923 2360 1994 scribit)
2406 1926 2514 1978 sine
2542 1927 2763 1997 alicujus
2805 1930 2983 1997 fratris
3008 1929 3219 1983 consilio
3252 1922 3351 1984 hoc

1738 2016 2000 2087 judicium
2028 2017 2118 2070 tibi
2144 2018 2284 2071 solus
2301 2020 2644 2089 judicandum
2686 2022 2905 2091 putaris,
2949 2023 3005 2076 in
3036 2032 3141 2091 quo
3177 2031 3345 2077 tamen

1746 2118 1865 2161 ante
1882 2110 2141 2182 judicium
2170 2113 2529 2179 praajudicium
2561 2113 2765 2182 feceris,
2801 2126 2855 2168 ut
2878 2115 3351 2185 puellam‘Zenonis

1751 2200 1811 2255 S.
1849 2200 2113 2256 Memoria:
2134 2204 2336 2274 judicio
2388 2204 2679 2272 probatam,
2730 2209 2941 2277 ejusque
2981 2208 3348 2277 sanctiﬁcatum

1751 2294 2117 2361 benedictione,
2148 2306 2259 2364 post
2287 2306 2359 2349 tot
2387 2314 2547 2350 annos
2576 2299 2685 2351 sine
2724 2307 2930 2353 auctore
2954 2301 3343 2366 criminationis,‘

1749 2387 1861 2457 sine
1888 2398 2203 2455 accusatore,
2236 2390 2345 2443 sine
2374 2392 2661 2460 professore
2686 2392 2958 2446 delationis
2984 2395 3035 2446 in
3065 2394 3347 2464 periculum

1751 2488 1921 2533 reatus
1952 2480 2300 2549 deducendam
2352 2481 2680 2537 arbitrarere.
2730 2482 2881 2537 Niltii
2938 2472 3079 2539 aliud
3123 2486 3191 2540 de
3229 2485 3347 2541 'Ze-

1754 2559 1894 2628 no’ne
1926 2574 2171 2628 subditur
2198 2576 2247 2628 in
2273 2557 2381 2629 tota
2407 2576 2507 2629 hac
2524 2576 2791 2645 Epistola,
2820 2593 2999 2647 neque
3026 2578 3343 2648 insequenti

1754 2664 1818 2718 ad
1859 2666 2105 2719 eumdem
2143 2666 2409 2737 Siagrinm
2443 2668 2810 2723 Veronenscm
2847 2671 3186 2740 4episc0pum.
3221 2672 3351 2738 Qui-

1752 2756 1854 2812 bus
1886 2757 1937 2810 in
1966 2758 2163 2821 verbis,
2198 2769 2252 2812 ut
2280 2768 2455 2827 patet,
2485 2760 2541 2814 S.
2578 2761 2890 2816 Ambrosius
2920 2762 3189 2817 Zenonem
3238 2765 3359 2834 στῆ-⁷

1755 2858 1976 2919 scopum
2008 2840 2112 2905 non
2136 2850 2287 2915 dicit,
2315 2858 2372 2926 ut
2400 2851 2779 2908 Tillemontius
2819 2852 3071 2918 afﬁrmat,
3104 2857 3347 2925 quamvis

1757 2956 1823 2995 ex
1856 2941 2099 3009 probata,
2150 2954 2213 2997 ac
2252 2942 2633 2999 benedictione
2668 2946 3004 3001 sanctiﬁcata
3050 2947 3245 3002 Indicia
3288 2948 3355 3020 (si

1757 3033 2065 3088 benedictio
2132 3050 2230 3104 pro
2312 3036 2539 3090 solemni
2602 3038 3021 3093 consecratione
3092 3039 3356 3111 intelliga-

1679 3118 1723 3182 C
1762 3138 1846 3180 tur
1880 3171 1893 3193 ,
1941 3129 2083 3196 quod
2140 3128 2365 3183 aliorum
2426 3129 2633 3197 judicio
2695 3131 2982 3200 relinquo)
3030 3131 3350 3201 Episcopum

1761 3219 1926 3275 fuisse
1957 3220 2231 3275 Zenonem
2259 3221 2527 3290 conjicere
2551 3223 2726 3278 liceat.
2752 3226 2816 3277 At
2843 3224 2974 3279 illud
3011 3233 3215 3280 certum
3248 3234 3351 3292 est,

1761 3330 1789 3366 a
1820 3313 1876 3369 S.
1908 3316 2196 3370 Ambrosio
2220 3318 2360 3372 hunc
2387 3316 2681 3384 Zenonem,
2707 3333 2804 3373 nec
2837 3319 3196 3374 Veronensetn
3226 3319 3352 3383 diei,

1763 3423 1938 3478 neque
1966 3409 2158 3479 Siagrii
2188 3410 2550 3475 decessorem.
2596 3412 2780 3482 itaque
2811 3429 2874 3467 ex
2908 3413 3096 3467 iisdem
3126 3412 3179 3467 S.
3230 3416 3356 3466 Am-

1763 3502 1929 3558 brosii
1960 3504 2137 3559 verbis
2168 3520 2321 3559 error
2350 3504 2663 3559 manifestus
2690 3515 2914 3574 apparet
2936 3506 3143 3576 Ugltelli
3177 3504 3348 3576 (Tant.

1764 3610 1793 3647 v
1828 3594 1952 3649 Ital.
1982 3596 2130 3649 Sacr.
2172 3585 2239 3648 de
2264 3594 2432 3665 Epist.
2470 3595 2699 3666 Veron),
2727 3597 3075 3667 Papebroclrii
3102 3595 3189 3668 (1η
3212 3596 3353 3653 Actis

1766 3688 1873 3744 SS.
1900 3690 2091 3757 Aprilis
2112 3689 2268 3742 duod.
2303 3691 2404 3753 die,
2433 3701 2549 3758 cap.
2574 3691 2623 3753 1,
2650 3687 2797 3759 mi),
2831 3690 3048 3753 Labbei,
3080 3692 3361 3765 C0tn'bcﬁ-_

1764 3784 1852 3849 sii,
1885 3783 1978 3853 qui
2005 3782 2277 3854 ‘Siagrium
2308 3798 2679 3839 sitecessorem
2707 3783 2943 3839 Zenonis
2986 3794 3189 3854 ponunt
3226 3796 3353 3840 auc~

1765 3879 1980 3933 toritate
2005 3878 2065 3943 S.
2100 3877 2368 3931 Ambrosii
2406 3878 2546 3933 male
2574 3889 2847 3948 percepta,
2883 3889 2938 3931 ut
2968 3879 3019 3931 in
3048 3879 3230 3933 verbis
3260 3880 3349 3932 su-

1766 3983 1860 4041 pra
1888 3970 2069 4025 relatis
2097 3977 2325 4026 constat.
2364 3970 2491 4025 Nam
2525 3978 2589 4025 ex
2618 3972 2804 4027 eadem
2842 3971 3107 4040 ‘Epistola,
3133 3973 3183 4046 si
3220 3972 3354 4027 bene

1768 4064 2099 4132 inspiciatur,
2125 4067 2449 4129 contrarium
2486 4066 2662 4134 potius
2689 4066 2899 4119 videtur
2923 4065 3350 4135 intelligendum.

1768 4158 1918 4213 Tunc
1963 4159 2104 4214 enim
2138 4159 2227 4212 ille
2268 4158 2431 4226 Zeno,
2462 4175 2619 4228 quem
2651 4158 2709 4215 S.
2745 4158 3059 4213 Ambrosius
3096 4163 3358 4223 nominat,

1767 4248 2098 4305 Veronensis
2130 4251 2423 4326 Episcopus
2454 4252 2623 4319 putari
2658 4260 2860 4320 posset,
2895 4250 2939 4304 si
2970 4249 3166 4303 indicia
3207 4250 3355 4320 virgo

1770 4358 1797 4395 a
1827 4342 2042 4397 Zenone
2066 4343 2303 4411 probata,
2336 4351 2390 4397 et
2409 4342 2790 4402 benedictione
2813 4342 3141 4396 sanctiﬁcata
3172 4341 3358 4394 fuisset

1772 4435 2100 4491 Veronensis
2128 4435 2368 4505 ejusdem
2397 4434 2634 4491 Zenonis
2665 4436 2895 4490 subdita.
2951 4433 3199 4489 lndiciam
3232 4449 3359 4489 vero

1774 4543 1878 4582 non
1910 4527 2074 4582 fuisse
2096 4526 2464 4583 Veronensem
2484 4527 2843 4600 apertissimis
2864 4526 3189 4595 coujeetu‘ris
3210 4525 3359 4579 evin-

1772 4622 1911 4677 citur
1939 4638 1999 4677 ex
2033 4621 2221 4676 eadem
2250 4621 2475 4692 epistola
2503 4622 2563 4675 D.
2597 4620 2886 4677 AmbrOsii.
2917 4617 3102 4674 Primo
3132 4633 3361 4686 namque

1774 4717 1832 4771 S.
1863 4716 2178 4771 Ambrosius
2204 4716 2470 4785 Siagrium
2496 4719 2685 4787 arguit,
2720 4714 2862 4785 quod
2892 4715 3006 4768 sine
3038 4712 3359 4784 praecedenti

1774 4810 2121 4879 inquisitione
2145 4810 2403 4865 'ndiciam
2431 4810 2691 4880 virginem
2709 4808 3025 4879 inspectiOni
3044 4806 3360 4874 ’subjeceri‘.

1775 4902 1855 4956 Tn
1882 4913 2049 4955 autem
2075 4903 2181 4956 sine
2203 4903 2413 4957 alterius
2441 4903 2618 4972 fratris
2646 4902 2855 4955 consilio
2884 4902 2976 4954 boc
2996 4900 3243 4972 iudicium
3271 4897 3362 4950 tibi

1775 4994 1917 5050 solus
1932 4995 2277 5066 judicandum
2307 5001 2521 5064 putaris.
2566 4984 2625 5050 Si
2656 4980 2982 5050 Veronensis
3011 4993 3193 5046 luisset
3219 4990 3365 5043 ludi-

1779 5086 2131 5153 cia,consilio
2159 5086 2380 5141 minime
2406 5087 2743 5156 indiguisset,
2774 5090 2892 5142 eum
2925 5084 3026 5139 sibi
3070 5094 3189 5137 nota
3222 5078 3369 5137 foret

1783 5186 2049 5246 tamquam
2076 5176 2291 5230 subdita
2324 5194 2336 5230 :
2370 5177 2413 5231 si
2446 5192 2576 5249 ergo
2608 5178 2678 5231 ita
2710 5181 2831 5232 enin
2875 5172 3367 5246 reprehendit,‘hoc

1784 5272 1906 5327 facit
1934 5286 1998 5326 eo
2030 5270 2173 5340 quod
2212 5268 2413 5325 Indicia
2443 5286 2547 5337 non
2596 5274 2713 5325 erat
2742 5268 2950 5325 subdita
2980 5270 3230 5339 episcopo
3250 5256 3367 5321 Ve-

1784 5363 2001 5419 ronensi
2025 5380 2037 5425 ;
2060 5362 2202 5431 quod
2230 5362 2398 5431 magis
2422 5370 2635 5417 constat
2660 5378 2727 5416 ex
2759 5362 2860 5415 illis
2889 5362 3064 5416 verbis
3091 5376 3109 5415 :
3134 5356 3250 5414 Tibi
3272 5361 3367 5415 soli

1774 5454 2113 5525 judicandam
2145 5454 2363 5523 putaris.
2398 5451 2516 5508 Non
2547 5453 2691 5507 enim
2717 5453 2825 5507 hoc
2850 5452 3023 5521 potest
3044 5451 3274 5522 intelligi
3302 5451 3372 5520 de

1784 5545 2110 5601 asciscendis
2146 5542 2256 5601 sibi
2307 5546 2359 5599 in
2389 5532 2596 5616 judicio
2614 5540 3005 5601 iSaee‘rddtlbu‘s
3048 5531 3375 5600 Veronensi-

1784 5639 1905 5705 bus,
1949 5639 2038 5709 qui
2080 5637 2355 5708 judicandi
2396 5645 2718 5714 potestatem
2766 5653 2871 5693 non
2917 5638 3201 5704 habebant,
3255 5653 3376 5707 qua:

1786 5744 1953 5802 penes
1981 5728 2245 5801 Siagrium
2290 5738 2399 5785 tota
2440 5736 2555 5786 erat
2578 5727 2632 5785 in
2672 5726 2890 5786 dioecesi
2932 5727 3246 5796 Veronensi,
3279 5727 3374 5785 scd
