3822 6220
420 257 527 317 615

1500 255 1587 310 DE
1627 233 2067 312 SEBMONIBUS
2103 255 2346 314 sanun
2387 257 2696 318 ZENONIS.

3580 261 3684 317 6l6

415 377 482 432 de
504 378 622 431 aliis
647 337 930 448 episcopis.
973 372 1101 428 Nam
1150 371 1396 439 pluribus
1419 370 1469 424 iu
1504 372 1633 425 locis
1663 371 1808 441 degit
1855 370 1996 426 ludi-
2023 377 2076 437 Α
2102 373 2314 431 Iudicia:
2341 391 2537 432 mores.
2571 377 2624 432 Si
2649 376 2801 432 'vero
2826 375 3022 432 Indicia
3054 373 3384 446 Veronensis
3406 360 3510 430 non
3544 387 3684 443 erat,

412 473 518 534 cia,
561 480 618 526 ut
656 469 875 525 inferius
913 466 1227 520 videbimus.
1264 463 1320 519 Si
1365 474 1542 517 autem
1592 464 1693 518 sibi
1725 464 1991 520 subditam

405 565 700 633 judicasset
743 559 1002 628 Siagrius,
1032 572 1190 627 quem
1229 556 1393 610 alium
1423 555 1475 610 in
1498 556 1793 625 judicandu
1823 559 1990 613 colle-

407 675 526 729 gam
556 658 603 711 ei
645 656 828 708 fuisset
853 667 988 721 opus
1014 650 1308 706 adhibere?
1331 650 1468 705 Num
1501 650 1568 706 de
1596 651 1859 721 imperitia
1897 666 1993 706 no-

408 760 518 803 tare
563 747 822 816 Siagrium
856 742 1172 798 Ambrosius
1198 743 1387 807 voluit,
1429 743 1579 812 quasi
1609 756 1884 797 assessore
1913 743 1994 796 iu-

400 839 640 911 digeret?
687 837 1038 892 Doctissimus
1088 834 1184 889 fuit
1213 834 1478 905 Siagrius,
1512 844 1570 890 ut
1599 833 1854 905 Ughellus
1885 842 1993 902 tes-

401 943 560 988 tatur.
618 927 910 984 Dicendum
983 935 1068 982 est
1146 930 1328 996 itaque
1380 927 1522 998 quod
1577 928 1704 983 licet
1762 926 1990 981 Veronae

397 1025 746 1083 commissum
771 1031 1019 1091 stuprum
1057 1019 1349 1083 diceretur,
1395 1029 1572 1076 tamen
1600 1020 1768 1091 virgo,
1801 1028 1860 1074 ut
1889 1035 1988 1089 pu-

398 1121 607 1176 tabatur
628 1125 890 1186 stuprata,
920 1114 1251 1170 Veronensis
1278 1130 1383 1170 non
1406 1123 1544 1180 erat,
1573 1125 1627 1168 et
1653 1128 1714 1168 ea
1736 1114 1802 1168 de
1827 1127 1986 1168 causa

398 1214 561 1284 ipsius
597 1210 912 1278 episc0pum
966 1221 1087 1262 esse
1134 1205 1568 1271 consulendum,
1600 1214 1657 1259 ut
1696 1205 1762 1260 de
1789 1203 1988 1259 Indicia
2033 1233 2045 1254 θ

393 1307 616 1377 ejusque
641 1301 880 1357 moribus
901 1299 1194 1355 haberetur
1216 1299 1427 1354 n0titia.
1453 1297 1530 1352 Ex
1553 1312 1657 1366 quo
1672 1296 1835 1351 etiam
1856 1309 2000 1360 con:

389 1397 590 1467 jicitur,
640 1409 813 1463 neque
842 1391 1295 1447 Mediolanensem
1337 1387 1504 1443 fuisse
1557 1386 1834 1454 Indicium,
1862 1399 1984 1440 cum

392 1489 508 1559 ipse
529 1488 587 1544 S.
619 1486 934 1543 Ambrosius
958 1487 1024 1539 ab
1052 1484 1171 1538 aliis
1212 1482 1456 1537 notitiam
1491 1480 1661 1537 de~ea
1689 1478 1994 1548 quaesierit-

397 1579 694 1636 Prwscrtim
723 1593 837 1633 cum
865 1579 959 1632 hoc
972 1577 1230 1651 judicium
1257 1585 1489 1629 nostrum
1509 1589 1624 1651 cum
1650 1572 1892 1644 fratribus
1939 1581 1986 1625 et

397 1671 843 1728 consacerdotibus
894 1648 1081 1725 nostris
1110 1668 1473 1740 participatum
1513 1648 1836 1738 processerit.
1867 1662 1985 1733 Epi-

2098 480 2272 536 neque
2299 467 2391 537 qui
2420 483 2538 522 eam
2571 468 2942 524 benedictione
2983 468 3091 523 Deo
3129 474 3439 523 Sacraverat
3474 466 3628 523 Zeno
3654 484 3683 519 a

2095 555 2154 609 S.
2178 557 2464 612 Ambrosio
2483 559 2730 613 laudatus
2747 557 3072 634 Veronensis
3092 556 3358 628 putandus
3379 568 3456 611 εει
3478 574 3490 608 :
3522 557 3687 628 eique

2096 647 2152 703 S.
2206 649 2436 706 Zenonis
2478 652 2725 723 Episcopi
2769 653 3094 709 Veronensis
3141 665 3420 707 sermones
3469 650 3685 706 adscri-

2094 740 2256 796 bendi
2286 758 2392 796 non
2417 753 2561 798 sunt.

2165 831 2339 899 Quare
2361 833 2683 890 Godcfridus
2709 836 2762 891 in
2792 837 2909 891 Vita
2942 837 2999 893 S.’
3023 835 3312 903 Ambrosii,
3345 835 3532 901 lib.ts,
3557 850 3677 906 cap.

2093 925 2147 991 8,
2195 929 2330 979 hanc
2362 909 2613 981 Indiciam
2645 929 2786 982 nulla
2818 931 3023 984 ratione
3074 906 3336 984 adductus
3365 929 3447 983 vel
3486 941 3684 987 anato-

2091 1018 2249 1072 ritate
2268 1018 2644 1103 ’Verouensem
2676 1022 2831 1076 dixit.
2875 1022 3094 1078 Cautius
3121 1021 3500 1078 Tillemontius
3547 1024 3679 1093 egit,

2090 1111 2183 1181 qui
2209 1125 2326 1166 eam
2371 1112 2738 1169 Veronensem
2780 1130 3021 1171 asserere
3049 1133 3152 1172 non
3183 1124 3277 1191 est,
3313 1130 3491 1170 ausus.
3548 1114 3685 1170 Car-

2091 1203 2459 1273 thaginensem
2492 1205 2630 1262 forte
2658 1210 2833 1277 potius
2861 1209 3142 1265 dicendam
3172 1221 3320 1280 puto.
3373 1209 3502 1264 Nam
3555 1226 3682 1264 cum

2088 1295 2358 1353 Ambrosii
2402 1301 2710 1366 testimonio
2760 1319 2876 1357 eam
2922 1305 3108 1360 Romae
3158 1307 3303 1361 domi
3354 1322 3464 1361 sua:
3509 1307 3686 1363 fuisse

2087 1395 2316 1455 constet,
2368 1401 2422 1444 et
2467 1392 2720 1449 Paulinus
2775 1397 3048 1452 Ambrosii
3100 1397 3232 1453 Vitae
3276 1400 3506 1468 scriptor
3545 1401 3684 1455 alias

2086 1480 2218 1535 duas
2260 1482 2494 1552 virgines
2535 1487 2693 1540 simul
2736 1505 2856 1543 cum
2889 1505 3075 1545 sorore
3120 1491 3357 1561 ejusdem
3405 1493 3682 1550 Ambrosii

2087 1572 2445 1643 virginitatem
2474 1578 2880 1647 coluissedicat,
2907 1597 3040 1647 quas
3067 1583 3208 1637 inter
3227 1583 3480 1639 Indiciam
3505 1584 3683 1641 fuisse

2085 1665 2287 1731 Optime
2316 1669 2528 1736 COnjicit
2556 1669 2817 1725 Baronius
2847 1673 2897 1725 in
2925 1673 3042 1727 Vita
3070 1677 3358 1730 Ambrosii.
3389 1677 3521 1731 Alite
3561 1679 3686 1732 item

397 1781 592 1837 scopos
617 1774 793 1820 autem
821 1764 986 1818 fuisse
1011 1775 1172 1826 eos,a
1203 1760 1396 1831 quibus
1420 1757 1700 1812 consilium
1721 1754 1991 1825 exquisie-
2021 1758 2068 1818 B
2106 1753 2337 1826 Virgines
2358 1773 2411 1811 se
2431 1759 2509 1812 illi
2528 1761 2835 1830 junxerunt,
2875 1766 3005 1817 inter
3030 1782 3152 1833 quas
3180 1768 3280 1834 fuit
3308 1766 3533 1822 Indicia.
3569 1769 3682 1823 lia-

402 1861 494 1924 t‘it,
520 1860 745 1928 ipsemet
767 1854 900 1912 dicit
940 1856 992 1908 in
1019 1853 1123 1907 fine
1144 1850 1408 1921 epistolae.
1432 1848 1531 1902 Die
1551 1847 1799 1918 ipso,rqui
1820 1846 1986 1900 dictus

400 1961 509 2006 erat
539 1949 833 2022 cognitioni,
860 1947 1218 2001 subtraxerunt
1246 1943 1680 2011 scepismporum
1699 1937 1984 1993 conventui.

398 2041 553 2108 Quod
597 2017 800 2095 autem;
827 2036 1006 2094 subdit
1061 2035 1128 2090 de
1169 2033 1540 2090 benedictione
1579 2042 1634 2088 et
1674 2030 1988 2108 probatione

399 2132 652 2196 Zenonis,
690 2132 735 2186 si
783 2129 1011 2207 Veronae
1059 2127 1278 2198 probata
1317 2131 1380 2180 'et
1421 2124 1750 2179 sanctiﬁcata
1798 2122 1989 2178 fuisset

401 2225 619 2290 Indicia,
650 2234 799 2280 certe
833 2224 935 2280 hoc
973 2209 1080 2277 non
1109 2220 1410 2276 reticuisset
1439 2216 1785 2282 Ambrosius;
1817 2231 1989 2286 quare

401 2317 614 2373 videtur
640 2317 778 2371 hanc
798 2315 1005 2386 Siagrio
1027 2313 1324 2384 prazbuisse
1348 2319 1630 2377 externam
1651 2303 1894 2366 notitiam
1919 2307 1984 2363 ad

399 2409 628 2478 culpata:
652 2407 887 2477 Virginis
913 2405 1303 2461 defensionem.
1331 2402 1444 2458 Hoc
1466 2417 1594 2457 vero
1627 2410 1830 2456 tantum
1857 2398 1989 2455 dicit

401 2503 653 2558 lndiciam
682 2501 912 2558 Veronae
951 2498 1118 2554 fuisse
1167 2508 1408 2566 tempore
1437 2484 1670 2565 sdspecti
1700 2504 1903 2564 partus,
1935 2502 1990 2548 et

397 2597 600 2668 opinati
623 2596 815 2666 stupri.
850 2593 952 2647 Hic
981 2609 1096 2647 vero
1135 2608 1251 2646 cum
1280 2590 1444 2645 editus
1474 2599 1672 2658 partus,
1704 2599 1752 2642 et
1780 2585 1988 2657 exposi-

399 2700 511 2755 tus,
548 2688 624 2742 uel
654 2696 860 2742 necatus
896 2685 1040 2757 (dum
1081 2684 1285 2738 incidire
1322 2682 1486 2753 magis
1510 2696 1662 2750 quam
1703 2676 1990 2748 probationi

396 2763 701 2851 consulitur)
729 2778 1002 2851 dissipatus
1031 2778 1098 2858 sint
1125 2772 1214 2848 per
1241 2791 1390 2830 aures
1430 2774 1804 2840 universorum,
1829 2782 1989 2826 stran-

398 2874 572 2947 gulata
596 2883 668 2926 est
698 2871 901 2925 libertas
927 2869 1317 2925 calumniarum.
1350 2867 1412 2924 Si
1439 2866 1633 2938 peperit
1674 2881 1852 2936 nempe
1889 2863 1989 2918 Ve-

361 2951 369 2961 “
397 2980 540 3019 rana:
566 2963 685 3034 fuit.
721 2954 990 3016 Visebatur
1021 2964 1375 3032 frequentera
1423 2957 1698 3029 uirginibus
1726 2968 1773 3011 et
1807 2955 1987 3010 mulie-

396 3057 561 3122 ribus,
588 3057 642 3110 in
674 3057 863 3110 honore
893 3070 1094 3125 semper
1119 3063 1249 3108 erat.
1285 3051 1553 3106 Visebatur
1579 3067 1610 3104 a
1647 3049 1990 3106 saterdotibus

2093 1864 2208 1903 rum
2243 1866 2368 1912 vero
2398 1848 2644 1914 alteram.
2673 1855 2798 1908 dum
2831 1856 3083 1911 Paulinus
3112 1859 3396 1921 scriberet.
3445 1860 3681 1915 Cartha-

2090 1941 2211 2011 gine
2236 1941 2534 1998 confectam
2568 1954 2723 2001 rotate
2751 1947 2946 2017 degere
2992 1949 3216 2017 ipsemet
3248 1960 3472 2004 testatur
3501 1971 3516 2006 :
3562 1968 3685 2006 eam

2089 2033 2565 2103 Carthaginenseru
2617 2046 2805 2105 putare
2824 2026 3058 2092 ‘minime
3101 2039 3320 2108 quidem
3366 2057 3395 2094 a
3451 2043 3689 2098 veritate

2089 2126 2322 2181 alienum
2351 2128 2519 2181 videri
2542 2138 2740 2203 potest.
2774 2129 2896 2187 Haec
2926 2141 3052 2184 sunt
3076 2131 3283 2186 Paulini
3309 2133 3490 2187 verba.
3525 2133 3690 2188 Post-

2089 2237 2149 2276 ea
2187 2239 2302 2276 vero
2344 2239 2456 2276 cum
2483 2224 2802 2290 adolevisset,
2836 2235 2890 2279 et
2929 2236 3055 2280 esset
3080 2226 3443 2299 (Ambrosius)
3473 2230 3528 2283 in
3563 2232 3691 2286 urbe

2090 2313 2274 2369 Roma.
2300 2317 2602 2380 constitutus
2651 2333 2766 2370 cum
2805 2327 2963 2371 matre
3002 2319 3180 2381 biduo,
3227 2329 3281 2374 et
3324 2336 3520 2388 sorore,
3573 2339 3694 2392 quc

2099 2403 2451 2477 Virginitatem
2472 2412 2587 2481 jam
2625 2409 2790 2477 fuerat
2834 2413 3064 2480 professa
3093 2410 3275 2465 comite
3300 2412 3403 2464 alia
3421 2410 3688 2486 ‘Virgine,

2091 2500 2238 2569 cujus
2274 2496 2498 2570 Virginis
2535 2515 2685 2569 μονοι-
2710 2499 2962 2565 Candida,
3003 2509 3057 2556 et
3081 2501 3196 2568 ipsa
3223 2503 3445 2570 ejusdem
3474 2509 3690 2574 profeso

2089 2592 2271 2668 sionis,
2291 2584 2415 2660 ’qua:
2445 2608 2579 2651 nunc
2603 2582 2909 2664 Cant/rapina
2929 2594 3063 2665 degit
3081 2597 3196 2666 jam
3224 2595 3581 2652 anus.Faleor
3605 2607 3692 2653 ta-

2091 2696 2212 2735 men
2241 2696 2306 2736 ex
2337 2682 2514 2737 verbis
2556 2683 2752 2750 allatis,
2807 2699 2910 2739 non
2954 2685 3085 2740 satis
3134 2669 3384 2742 constare
3428 2703 3494 2742 au
3540 2691 3692 2746 Can-

2090 2776 2237 2842 dida,
2281 2776 2364 2831 vel
2394 2777 2508 2846 ejus
2555 2790 2730 2845 soror,
2762 2777 3080 2849 Carthagine
3107 2778 3273 2835 fuisse
3314 2782 3527 2836 dicatur
3569 2800 3581 2835 :
3631 2794 3697 2839 at

2091 2885 2211 2924 cum
2239 2884 2451 2926 sorores
2472 2885 2564 2926 eas
2592 2871 2754 2926 fuisse
2783 2871 3013 2927 afﬁrmet
3038 2872 3311 2939 Paulinus,
3335 2889 3689 2930 communem

2092 2960 2370 3015 amborum
2403 2962 2626 3030 patriam
2677 2972 2861 3031 putare
2910 2965 3073 3020 tutius
3117 2950 3346 3020 videtur.
3379 2965 3570 3035 Neque
3613 2969 3691 3023 ab

2095 3053 2192 3107 hac
2214 3069 2297 3108 me
2329 3061 2568 3108 removet
2592 3054 2863 3124 opinione,
2892 3055 3033 3125 quod
3063 3056 3260 3110 Iudicia
3293 3072 3534 3112 sororem
3571 3076 3695 3112 ma-

398 3158 606 3220 prapter
629 3148 888 3220 pudicitia:
916 3147 1265 3213 reverentiam,
1315 3155 1363 3200 et
1403 3131 1664 3217 gravitatis
1703 3143 1982 3216 speculum.
2013 3134 2058 3198 C
2093 3146 2344 3199 trimonio
2365 3146 2601 3214 junctam
2638 3145 2881 3200 Veronte~
2906 3146 3173 3212 habuerit,
3216 3163 3339 3202 cum
3377 3159 3428 3202 et
3461 3151 3688 3229 tertiam

400 3238 668 3306 Quomodo
689 3254 808 3308 ergo
834 3237 997 3306 potuit
1019 3237 1246 3294 occulere
1271 3236 1484 3300 crimen,
1507 3233 1642 3304 quod
1662 3225 1714 3288 s'e
1726 3233 1803 3297 vel
1820 3234 1990 3305 specie

395 3333 476 3386 sui
506 3331 780 3402 proderet?
809 3329 1076 3398 Quomodo
1105 3329 1226 3383 texit
1246 3325 1486 3382 uterum?
1513 3325 1785 3392 Quomodo
1812 3335 1989 3396 partu-

304 3480 311 3487 .
373 3429 728 3482 ~riens~uocem
757 3425 1038 3497 repressit?
1070 3424 1177 3480 Sed
1199 3414 1637 3493 hocnon-patitur
1661 3423 1826 3476 dolor.
1851 3422 1984 3476 Cum

391 3513 525 3575 vero
553 3519 712 3574 altius
737 3512 936 3588 repetit
964 3505 1470 3590 deqeonversatione
1497 3514 1730 3596 Indicize,
1753 3530 1858 3571 non
1887 3514 1987 3571 Ve-

378 3607 930 3694 ;onet‘isesadhibet
978 3617 1143 3665 testes
1197 3607 1538 3674 Ambrosius,
1597 3608 1691 3663 sed
1741 3622 1982 3665 sororem

394 3717 570 3768 suam,
605 3701 804 3758 ibidem
833 3700 1130 3759 afﬁrmans
1156 3698 1415 3755 lndiciam
1460 3699 1645 3754 Roma:
1688 3699 1979 3755 habitasse.

401 3793 667 3849 Habitasse
691 3809 804 3848 eam
833 3790 1012 3846 Roma
1036 3791 1089 3844 in
1115 3789 1268 3844 domo
1297 3799 1472 3845 nostra
1498 3789 1642 3845 nobis
1666 3791 1978 3857 absentibus,

394 3886 527 3947 nulli
552 3901 664 3940 eam
688 3901 742 3938 se
768 3884 998 3938 virorum
1018 3882 1366 3954 familiaritati
1386 3882 1603 3937 dedisse.
1635 3882 1807 3937 Aliam
1829 3864 2003 3937 adhi-‘

397 3976 487 4032 hct
529 3984 744 4042 testem,
794 3990 955 4046 quam
1000 3973 1164 4044 ﬁliam
1199 3981 1377 4038 vocat,
1410 3972 1547 4029 forte
1575 3974 1696 4043 quia
1715 3973 1980 4031 Mediola-

396 4067 578 4122 nensis
622 4075 758 4132 erat,
793 4065 1020 4136 ideoque
1040 4065 1163 4133 ,sibi
1186 4065 1415 4121 subdita.
1466 4065 1742 4122 Paternum
1781 4081 1980 4134 quoque

394 4159 555 4228 ﬁliam
597 4167 824 4213 nostram
854 4159 1176 4228 interrogaui.
1229 4159 1324 4213 Diu
1366 4167 1544 4236 autem
1587 4160 1770 4214 Romae
1813 4159 1978 4215 fuisse

396 4248 688 4320 putandum
731 4259 838 4318 est,
876 4237 1037 4317 'parvi
1084 4249 1226 4304 enim
1273 4251 1529 4319 temporis
1547 4266 1707 4305 mora
1755 4249 1819 4303 ad
1852 4251 1977 4304 vita:

394 4354 574 4397 mores
603 4338 987 4394 discernendos
1017 4340 1149 4394 satis
1193 4353 1313 4393 esse
1342 4355 1448 4394 non
1479 4348 1708 4408 poterat.
1744 4341 1808 4394 Et
1838 4339 1976 4395 hanc

391 4432 579 4495 Romm
608 4444 813 4486 moram
837 4441 960 4484 ante
988 4427 1371 4498 Episcopatum
1402 4429 1461 4484 S.
1488 4429 1754 4502 Ambrosii
1781 4429 1974 4486 fecisse

2089 3231 2336 3314 sororem.
2373 3236 2571 3292 habere
2595 3239 2846 3318 potuerit,
2892 3231 2948 3293 et
2984 3240 3128 3321 inter
3155 3230 3372 3295 exteros
3399 3255 3504 3302 non
3555 3257 3692 3298 raro

2089 3330 2435 3384 matrimonia
2459 3329 2785 3399 iungantur:
2825 3331 3159 3401 neque‘illud
3186 3332 3327 3402 quod
3362 3333 3689 3390 Ambrosius

2089 3420 2254 3484 addit,
2291 3421 2503 3475 scilicet
2523 3421 2774 3475 indiciam
2801 3422 2983 3476 Romae
3013 3423 3128 3493 ipso
3153 3423 3374 3480 absente
3395 3424 3540 3479 domi
3566 3436 3688 3480 sua:

2088 3511 2270 3567 fuisse.
2311 3510 2579 3566 liabitasse
2598 3528 2709 3566 eam
2740 3512 2918 3567 Romae
2946 3515 3001 3568 in
3029 3515 3182 3568 danto
3207 3525 3383 3569 nostra
3412 3513 3560 3569 nobis
3588 3515 3690 3569 ab—

2086 3604 2329 3659 sentibus.
2362 3605 2669 3660 Absentiam
2699 3620 2926 3675 namque
2957 3621 3110 3661 suam
3141 3607 3409 3664 indicasse
3448 3608 3688 3664 Ambro-

2084 3695 2221 3753 sium
2263 3714 2325 3754 ea
2369 3699 2576 3753 ratione
2607 3698 2895 3768 putandum
2941 3708 3043 3765 est,
3088 3715 3155 3753 ne
3184 3698 3428 3755 videatur
3469 3698 3686 3757 Indicia

2083 3799 2302 3862 propter
2332 3790 2597 3845 Ambrosii
2646 3790 2981 3860 praesentium
3028 3791 3303 3854 virtutem,
3344 3791 3685 3846 castitatem-

2081 3898 2185 3953 que
2213 3882 2489 3938 coluisse:
2537 3899 2642 3937 non
2688 3898 2816 3938 vero
2842 3878 3171 3938 credendum
3198 3893 3282 3937 est
3323 3883 3450 3938 dum
3490 3883 3684 3942 adhuc

2079 3973 2393 4031 adolescens
2424 3975 2604 4030 Romtn
2646 3975 2744 4028 fuit
2776 3974 3094 4030 Ambrosius
3127 3975 3176 4028 in
3225 3975 3348 4046 ejus
3387 3973 3573 4042 domo,
3603 3992 3682 4034 eo

2079 4068 2238 4123 etiam
2271 4050 2536 4139 praesente
2579 4083 2684 4123 non
2732 4067 3041 4122 habitasse:
3088 4083 3210 4122 cum
3259 4069 3468 4124 Paulini
3515 4070 3681 4124 testi-

2078 4149 2258 4215 monio
2278 4169 2491 4219 constet
2518 4159 2650 4214 alias
2691 4159 2924 4228 virgines
2966 4173 3034 4215 eo
3081 4171 3329 4230 tempore
3373 4176 3492 4215 cum
3527 4161 3677 4215 Mar-

2076 4250 2268 4306 celliua
2300 4252 2568 4307 Ambrosii
2597 4267 2782 4306 sorore
2806 4250 2991 4306 fuisse.

2147 4345 2391 4402 Graviori
2439 4343 2596 4402 etiam
2627 4362 2811 4402 errore
2846 4346 3096 4402 labuntur
3128 4348 3384 4416 Dupiuius
3409 4361 3457 4403 ct
3488 4349 3637 4404 Tille
3659 4383 3672 4394 -

2079 4437 2329 4508 montius,
2377 4438 2468 4508 qui
2516 4441 2723 4508 penitus
2767 4439 3056 4495 divinando
3098 4439 3372 4498 Zenonem
3414 4452 3673 4512 tempore

385 4518 672 4593 conjicitur
717 4537 783 4576 ex
819 4536 885 4576 eo
908 4519 1049 4591 quod
1077 4519 1191 4588 ipse
1224 4519 1363 4574 dicat
1408 4519 1552 4573 nobis
1580 4519 1887 4574 absentibus.
1918 4520 1972 4577 Si

2098 4526 2304 4583 iallieni
2337 4530 2578 4585 extitisse
2605 4540 2820 4601 negant.
2853 4531 2909 4586 Id
2932 4548 3161 4602 namque
3181 4544 3388 4591 certum
3414 4508 3671 4592 redditur

383 4615 526 4670 enim
553 4613 639 4668 sui
668 4611 1025 4682 Episcopatus
1047 4616 1290 4678 tempore
1319 4609 1506 4664 Roma:
1534 4608 1722 4665 fuisset
1750 4609 1970 4675 Indicia,

380 4713 711 4785 superﬂuum
753 4711 1026 4766 videretur
1075 4710 1246 4779 ipsum
1299 4722 1448 4762 suam
1480 4709 1630 4762 hanc
1673 4697 1995 4763 absentiam-

381 4805 668 4864 iudicasse.
702 4801 774 4860 Ut
799 4817 929 4858 vero
955 4809 1120 4856 totam
1168 4800 1380 4854 Iudicia:
1408 4799 1568 4853 vitam
1613 4799 1837 4855 haberet
1891 4801 1973 4854 in-

386 4886 730 4970 spectam,ah
746 4897 867 4965 ejus
895 4895 1106 4950 nutrice
1137 4893 1500 4948 testimoiiium
1532 4894 1742 4962 quaerit.
1774 4892 1961 4945 Nutri-~

377 5006 482 5045 cem
511 4984 711 5060 quoque"
749 4986 923 5041 libera:
963 4983 1270 5039 conditionis
1304 4984 1746 5055 interrogavimus,
1794 4983 1875 5036 cui
1920 4993 1965 5037 et

374 5091 534 5136 status
561 5081 702 5135 haud
742 5093 1000 5149 quaquam
1043 5076 1278 5148 degeneri
1322 5075 1525 5129 servitio
1546 5075 1795 5129 obnoxius
1817 5075 1978 5144 liber-g

315 5193 317 5195 ί
376 5183 529 5228 tatem
555 5188 671 5226 vera
724 5169 921 5243 fatendi
941 5160 1109 5235 daret,
1143 5178 1190 5222 et
1215 5167 1364 5237 ﬁdes,
1397 5176 1692 5238 atqueaatas
1729 5166 1796 5221 ad
1835 5168 1966 5221 ueri-

330 5273 526 5319 »tatem
559 5255 995 5329 adstipularetur,
1042 5269 1098 5316 et
1149 5261 1380 5333 ofﬁcium
1415 5261 1626 5314 nutricis
1674 5259 1744 5313 ad
1791 5260 1966 5331 cegni-

372 5339 787 5423 tionemiseereti.
821 5352 956 5409 Cum
1000 5353 1196 5423 itaque,
1217 5351 1275 5408 S.
1309 5353 1622 5426 Ambrosius
1657 5367 1760 5408 non
1795 5350 1963 5406 Vero-

373 5426 879 5510 nensibustestibus
895 5444 1039 5512 vitae,
1068 5453 1124 5498 et
1145 5443 1569 5507 conversationis
1592 5427 1811 5498 Iudicia:
1839 5457 1959 5512 pro-

373 5540 466 5598 bet
486 5537 867 5604 innocentiam,
889 5535 1075 5608 utique
1099 5519 1384 5592 dicendum
1412 5547 1515 5602 est,
1536 5551 1656 5591 eam
1687 5535 1959 5592 Veronen-

319 5665 321 5667 -
372 5649 487 5688 sem
517 5646 622 5686 non
652 5631 834 5684 fuisse.
879 5631 1162 5700 Pcrperam
1192 5631 1339 5685 enim
1383 5639 1596 5685 exteros
1654 5639 1818 5685 testes
1876 5630 1956 5682 in-

377 5715 617 5784 duxisset
663 5719 994 5790 Atubrosius,
1051 5719 1260 5793 quibus
1289 5720 1400 5775 uoti
1431 5734 1549 5776 esse
1580 5734 1683 5777 non
1711 5729 1957 5791 poterant

2078 4633 2144 4702 ex
2165 4618 2460 4674 Veronensi
2506 4621 2726 4678 historia
2751 4634 2802 4678 et
2830 4625 3118 4682 tradilione
3145 4645 3250 4682 non
3271 4629 3446 4694 modo,
3465 4629 3568 4684 sed
3592 4644 3668 4685 ex

2077 4710 2244 4789 veteri
2277 4727 2377 4766 ms.
2410 4713 2549 4781 quod
2577 4713 2742 4769 refert
2773 4717 3112 4774 Ma‘billonius
3139 4721 3252 4776 suis
3277 4722 3333 4778 in
3362 4724 3660 4796 AnaleCtis,

2077 4802 2128 4855 in
2160 4818 2266 4873 quo
2297 4802 2355 4858 S.
2384 4804 2529 4860 Zeno
2557 4807 2838 4878 episcopus
2866 4806 3190 4871 Veronensis
3221 4821 3434 4888 ponitur
3459 4838 3664 4879 octavo

2066 4892 2206 4960 loco,
2237 4894 2377 4962 quod
2409 4905 2462 4950 et
2487 4912 2677 4953 omnes
2711 4900 2997 4958 affirmant.
3041 4906 3277 4966 Octavus
3319 4893 3491 4968 autem
3535 4919 3662 4986 cpi-

2066 4999 2260 5079 scopus
2289 4986 2613 5044 Veronensis
2640 4995 2963 5062 temporibus
2983 4997 3038 5052 S.
3061 5003 3329 5061 Ambrosii
3353 4998 3522 5079 aptari
3554 5015 3661 5069 mi—

2069 5077 2211 5130 nime
2238 5086 2441 5147 potest;
2468 5079 2719 5152 Ughellus
2744 5086 2904 5152 enim,
2939 5091 3027 5158 qui
3068 5097 3358 5153 secundum
3381 5077 3655 5162 ienoriem

2070 5167 2208 5223 inter
2238 5168 2574 5230 Ver0ueuses
2609 5174 2889 5248 episcopos
2921 5193 3183 5248 numerat,
3211 5182 3419 5246 decimo
3456 5207 3661 5254 octavo

2071 5260 2188 5315 loco
2214 5261 2364 5316 illum
2412 5264 2572 5328 locat,
2606 5267 2752 5322 nulla
2783 5277 2961 5327 tamen
3001 5279 3323 5336 auctoritate
3356 5267 3652 5356 subnixus,

2068 5350 2170 5405 nisi
2199 5352 2490 5420 Ambrosii,
2522 5372 2588 5416 ex
2625 5374 2728 5428 qua
2771 5360 2876 5416 hoc
2916 5363 3174 5423 afﬂrmari
3201 5372 3324 5427 “non
3361 5389 3520 5445 posse
3546 5350 3646 5434 de;

2067 5447 2508 5514 monstravimus;
2542 5459 2593 5504 et
2623 5449 2857 5520 Baronii,
2886 5458 2974 5525 qui
3023 5473 3052 5512 a
3092 5452 3186 5516 sua
3241 5465 3501 5522 sententia
3545 5473 3653 5527 de-

2066 5536 2239 5590 scivit.
2266 5538 2475 5595 Erravit
2503 5556 2730 5612 namque
2758 5544 3179 5619 Papebrochius,
3219 5557 3310 5625 qui
3340 5563 3652 5618 successio-

2065 5643 2183 5684 nem
2214 5629 2461 5685 undet'im
2491 5635 2785 5700 primorum
2835 5631 3214 5710 episcoporum
3249 5646 3648 5712 Veronensium

2063 5719 2318 5779 incertam
2343 5725 2688 5798 existimavit,
2720 5743 2841 5785 cum
2865 5747 2929 5786 ea
2954 5749 3017 5789 ex
3045 5750 3149 5803 ius.
3172 5738 3457 5799 Mabiilouii
3479 5756 3650 5805 certa
