3822 6220
157 203 248 259 617

1221 210 1309 266 DE
1349 210 1710 267 MAll'l'YRIO
1748 211 1988 269 SANC'I'I
2028 212 2331 271 ZLNONIS.

3349 223 3454 280 618

151 337 427 411 probetur.
481 341 630 399 Unus
663 344 841 413 itaque
888 353 971 397 est
1004 342 1060 398 S.
1099 343 1269 408 Zeno,
1311 353 1534 400 octavus
1573 347 1738 401 Vero-
1767 357 1821 416 Α
1846 347 3449 427 adductusDupiniusfueritrationibusostendemus)(l’ide

150 436 323 489 nensis
370 435 685 507 episcopus,
716 436 805 508 qui
846 434 987 492 circa
1033 434 1265 492 Gallieni
1318 446 1559 508 tempora
1603 438 1746 494 illam

149 527 367 599 regebat
396 526 720 586 Ecclesiam.

755 641 987 700 CAPUT
1030 641 1146 698 ΧΠ.

146 776 286 833 Nulli
313 778 413 834 alii
452 792 734 859 sermons,
758 779 824 834 de
848 752 1033 849 quibus
1063 779 1256 852 agitur,
1279 795 1435 851 quam
1464 778 1746 843 S.,Zenoni

650 894 653 895 ν
702 881 822 949 sunt
842 872 1187 942 adscribendi.

205 983 347 1040 Cum
390 987 574 1060 itaque
604 984 703 1045 t’ot'
727 989 963 1057 saeculis,
1017 998 1075 1046 ut
1103 1003 1267 1062 supra
1300 986 1741 1047 demonstratum

142 1083 218 1130 est
246 1075 396 1148 (cap.
426 1076 507 1149 2),
534 1078 783 1137 laudatos
824 1096 1111 1138 sermones
1138 1070 1199 1139 Ξ
1241 1081 1481 1137 Zenonis
1525 1081 1745 1148 nomine

138 1165 461 1237 inscriptos,
493 1166 667 1225 eidem
706 1171 770 1225 D.
808 1172 1028 1242 prmsuli
1069 1168 1278 1241 Exteri,
1318 1181 1372 1229 et
1404 1173 1743 1229 Veronenses

139 1258 552 1330 adscripserint,
581 1278 688 1318 non
721 1264 877 1325 video
904 1280 1003 1321 cur
1022 1266 1133 1321 sint
1172 1266 1296 1321 aliis
1323 1266 1741 1332 recentioribus,

139 1367 369 1423 quorum
424 1354 748 1425 ignorantur
790 1360 1010 1416 nomina
1041 1360 1333 1426 tribuendi,
1379 1360 1613 1431 demptis
1660 1363 1743 1415 his

138 1459 265 1515 quos
292 1458 469 1516 supra
499 1449 871 1505 recensuimus
899 1468 912 1503 :
949 1450 1087 1524 (cap.
1121 1450 1177 1521 3)
1210 1452 1553 1523 potissimum
1590 1467 1741 1518 vero,

135 1553 251 1593 cum
292 1528 390 1605 ea,
435 1543 920 1613 quaetemporibus
963 1543 1027 1597 ι).
1060 1543 1299 1600 Zenonis
1345 1544 1570 1600 minime
1614 1559 1746 1600 con—
1789 1550 1798 1554 '

135 1646 327 1699 gruere
358 1632 705 1701 videbantur,
738 1635 947 1709 sublata
970 1636 1205 1705 fuerint,
1228 1651 1403 1707 neque
1424 1636 1747 1710 stylidiver-

1848 443 1904 496 in
1933 444 2037 510 ﬁne
2061 445 2345 498 natationes
2371 445 2424 498 in
2450 442 3208 513 Dupinium);Tillentontium
3238 457 3450 520 Quoque

1849 533 2018 589 miror
2044 535 2287 606 aliosque
2329 537 2670 605 potissimum
2703 536 3075 595 heterodoxos
3097 540 3155 595 S.
3184 538 3453 612 Chryse:-

1847 635 1994 697 tomo
2026 626 2276 683 homilias
2305 627 2615 694 detrahere,
2648 638 2708 684 ut
2737 628 2860 685 huic
2886 630 3080 686 Joanni
3113 631 3447 699 adscribant,

1845 732 2005 787 quem
2048 720 2149 789 ipsi
2190 718 2323 775 levis
2352 720 2603 777 tinctura:
2636 720 2915 778 hominem
2954 722 3210 779 fatentur.
3259 724 3317 781 S.
3351 726 3449 781 Ze-

1842 812 1971 865 noni
2001 822 2183 868 antem
2228 828 2287 869 se
2323 806 2432 869 tam
2463 816 2745 886 prmbeant
2774 814 3049 881 infensos,
3083 828 3142 873 ut
3176 835 3238 873 ea
3270 821 3445 874 solum

1843 903 2086 961 referant
2134 898 2252 977 quae
2290 909 2356 963 ad
2386 924 2518 966 suos
2550 911 2625 965 illi
2648 926 2929 968 sermones
2959 913 3328 970 detrahendus
3372 915 3451 971 fa-

1844 1014 1970 1055 cere
1993 1000 2300 1056 videantur.
2330 1002 2461 1058 Tam
2485 1020 2612 1059 vero
2632 1006 2803 1091 multa
2820 1018 3169 1077 praetereant,
3205 1020 3261 1063 ut
3288 991 3464 1079 supra.

1846 1093 2080 1148 vidimus
2118 1093 2187 1148 de
2230 1095 2461 1164 Dupinio
2490 1107 2545 1151 et
2587 1097 2935 1155 Tillemontio
2966 1110 3284 1166 tractantes,
3331 1118 3449 1170 qna,-

1845 1185 2022 1256 ipsum
2055 1184 2114 1241 S.
2161 1185 2435 1241 Zenonem
2468 1186 2659 1257 horum
2687 1205 3001 1245 sermonum
3045 1203 3325 1248 auctorem
3356 1194 3453 1249 dc-

1844 1287 2172 1333 monstrant.
2204 1277 2287 1333 Ab
2315 1277 2382 1333 iis
2412 1278 2593 1349 itaque
2618 1287 2893 1351 tamquam
2920 1283 2987 1337 ab
3016 1284 3219 1354 iniquis
3255 1285 3455 1355 judici-

1846 1372 1948 1428 bus
1990 1373 2257 1442 malisque
2292 1387 2474 1428 rerum
2519 1373 2942 1429 aestimatoribus
2980 1391 3292 1444 caveamus,
3360 1377 3453 1447 qui

1847 1468 2178 1522 sententiam
2206 1481 2359 1521 suam
2400 1467 2487 1523 vel
2515 1482 2624 1523 non
2652 1469 2895 1539 inspecta
2949 1471 3032 1525 vel
3062 1473 3332 1527 occultata
3363 1489 3455 1529 ve—

1847 1561 2008 1615 ritate
2051 1569 2254 1616 temere
2301 1561 2605 1630 proferunt,
2655 1568 2912 1631 tantaque
2959 1561 3174 1629 ﬁducia,
3209 1567 3375 1635 quasi
3423 1582 3456 1621 e

1851 1652 2066 1723 tripode
2088 1653 2312 1709 oracula
2359 1662 2415 1709 et
2441 1668 2703 1724 responsa
2731 1654 2991 1710 divinitus
3011 1654 3225 1712 darent.
3250 1657 3459 1716 Patiori
3525 1665 3532 1673 '

134 1726 260 1820 illas
284 1726 497 1820 οβειειο
527 1727 677 1801 (ϐαρ.
706 1731 763 1797 4.
787 1731 821 1786 5
854 1742 901 1785 ει
929 1728 1006 1803 7ο)
1038 1731 1132 1787 "is
1157 1746 1287 1803 ergo
1308 1733 1653 1820 seVirronibus
1683 1732 1740 1790 S-
1759 1736 1824 1797 .B
1850 1746 2030 1816 itaque
2059 1745 2444 1816 veritatisjure
2472 1761 2664 1801 eorum
2696 1747 3073 1803 cavillationes
3098 1748 3455 1820 negligamus.

138 1814 380 1875 Zenonis
424 1834 622 1876 nomen
664 1821 1095 1893 inscribendum,
1148 1823 1487 1896 eosdemque
1528 1818 1625 1896 pro
1673 1826 1738 1880 D.

137 1909 374 1967 Zenonis
420 1913 671 1996 genuino
701 1928 856 1987 partu
897 1917 1177 1975 habendos
1222 1934 1345 1976 esse
1379 1916 1502 1993 quis
1543 1910 1744 1993 neget?

135 2002 295 2060 Miror
324 2006 587 2076 equidem
614 2016 721 2064 tam
740 2009 898 2067 facile
918 2028 949 2066 a
972 2012 1208 2083 Dupinio
1227 2000 1744 2086 Joannem‘Nesteu-

84 2130 87 2131 ν
135 2104 261 2163 tam,
302 2112 407 2153 seu
441 2097 811 2170 Jejunatorem
842 2102 1011 2159 fuisse
1037 2105 1337 2176 scriptores
1384 2107 1528 2162 inter
1557 2107 1744 2163 Eccle-

134 2187 385 2247 siasticos
428 2195 784 2265 recensitum,
822 2194 1035 2268 ipsique
1060 2188 1249 2268 aliqua
1270 2198 1531 2255 attributa
1575 2213 1742 2270 opera

136 2285 409 2343 veteribus
467 2303 695 2357 prorsus
752 2290 1026 2361 incognita
1091 2290 1278 2365 (quam
1342 2292 1554 2350 levibus
1606 2307 1742 2350 vero

1847 1838 1966 1906 Quo
1990 1852 2223 1910 namque
2254 1845 2410 1907 pacto
2431 1836 2569 1893 ﬁdes
2594 1838 2700 1915 illis
2730 1836 2980 1893 habenda
3006 1848 3111 1907 est,
3143 1840 3235 1910 qui
3257 1851 3456 1911 negant

1842 1930 2070 1985 subdole
2110 1932 2421 1993 veritatem,
2466 1944 2697 2001 eamque
2752 1930 3225 2000 impudentissime
3265 1949 3456 2005 asper-

1844 2022 2081 2077 nantur?
2127 2021 2324 2089 Missos
2355 2021 2538 2093 itaque
2576 2022 2840 2078 faciamus
2871 2018 2988 2092 eos,
3021 2024 3112 2094 qui
3142 2026 3299 2082 nobis
3327 2041 3460 2082 con-

1843 2114 2007 2169 traria
2056 2123 2370 2191 senserunt,
2420 2124 2475 2171 et
2524 2114 2582 2171 S.
2641 2116 2920 2173 Zenonem
2963 2130 3242 2176 auctorem
3288 2120 3456 2177 fuisse

1845 2222 2183 2276 sermonum,
2205 2207 2274 2265 de
2298 2206 2497 2279 quibus
2526 2208 2758 2280 egimus,
2803 2209 3095 2268 fateamur.

160 2424 3449 2454 mm

1615 2505 1858 2570 LIBER
1899 2507 1983 2570 Π.
2079 2515 2084 2522 '

805 2640 966 2730 DE
1039 2604 1670 2732 MARTYRIO
1744 2640 2171 2728 SANCTI
2223 2641 2770 2758 ZENONIS,

872 2782 873 2785 “
1274 2839 1280 2847 ,
1393 2782 1703 2842 EPISCOPI
1743 2780 2199 2850 VERONENSIS,

683 2903 912 2966 CAPUT
949 2903 1245 2967 PRIMUM.
1368 2946 1375 2953 .

277 3024 548 3082 Probatur
575 3025 641 3083 S.
661 3023 886 3079 Zenonis
914 3020 1229 3093 Martyrium
1255 3036 1319 3075 ea:
1346 3017 1600 3075 veteribus

454 3115 759 3174 Veronensis
784 3113 1034 3170 Ecclesia:
1061 3110 1425 3167 monumentis.

204 3211 669 3277 ExstatVeronae,
702 3209 755 3265 in
777 3207 1111 3264 monasterio
1125 3205 1463 3271 S.Zenonis,
1488 3204 1542 3259 in
1564 3199 1738 3259 veteri
1761 3214 1815 3280 AC

139 3323 239 3364 ms.
272 3306 550 3379 rythmica
580 3291 831 3378 quaedam
872 3302 943 3359 de
970 3295 1193 3357 civitate
1224 3296 1525 3355 Veronensi
1553 3310 1742 3351 narra-

141 3400 233 3466 tio,
264 3400 428 3472 cujus
452 3407 805 3469 partem-tam
833 3395 1087 3467 praeviam
1118 3392 1375 3465 operibus
1414 3391 1471 3447 S.
1505 3388 1743 3446 Zenonis

140 3492 368 3549 Veronae
396 3495 452 3547 iu
493 3491 670 3547 lucem
704 3489 901 3557 editis,
941 3503 1103 3559 quam
1158 3484 1215 3541 in
1260 3484 1592 3541 bibliotheca
1634 3481 1738 3539 PP.

136 3585 318 3643 videre
363 3585 596 3657 quisque
620 3582 836 3655 putest,
868 3591 923 3638 et
944 3581 997 3636 in
1022 3596 1084 3635 ea
1115 3578 1173 3638 S.
1200 3577 1350 3635 Zeno
1384 3576 1641 3649 martyris
1670 3575 1742 3631 ti-

138 3680 574 3737 tulndecoratur.
592 3676 817 3732 Octavus
845 3673 1035 3729 Pastor
1055 3670 1334 3744 Confessor
1356 3669 1519 3732 Zeno,
1539 3668 1742 3740 Martyr

144 3772 387 3844 inclytus.
406 3769 557 3827 Hane
578 3766 950 3825 narrationem
973 3764 1313 3819 clarissimus
1335 3764 1417 3817 vir
1436 3760 1742 3818 Ludovicus

138 3866 412 3920 Antonius
426 3861 685 3919 Muratori
705 3874 807 3916 suo
828 3859 883 3914 in
900 3857 1255 3914 celeberrimo
1275 3854 1452 3926 Opere
1472 3855 1541 3909 de
1558 3853 1743 3923 Scrip-

141 3959 352 4013 toribus
401 3970 583 4011 rerum
625 3950 810 4026 (Tom.
855 3967 925 4019 ιι,
963 3948 1121 4027 11.2)
1155 3948 1322 4004 Itali-.e
1370 3945 1740 4014 elucubratam

137 4058 287 4122 putat
330 4062 480 4105 anno
508 4046 638 4114 790,
693 4046 1069 4116 integramque
1120 4039 1292 4096 refert
1327 4054 1397 4095 ex
1434 4036 1742 4093 Mahillonio

136 4141 306 4212 (Tom.
336 4144 433 4195 vita
452 4137 711 4203 Analect.,
734 4133 1077 4200 edit.Paris.,
1099 4148 1185 4190 an.
1220 4125 1620 4200 l675,p.575),
1650 4128 1743 4196 qui

135 4235 279 4290 illam
313 4249 384 4291 ex
414 4228 709 4288 Laubiensi
753 4225 1092 4299 autographa
1132 4224 1421 4294 exscripsit
1450 4263 1465 4289 ,
1513 4234 1743 4290 eamque

133 4326 258 4381 dicit
286 4342 317 4379 a
348 4322 609 4379 Ratberio
630 4316 934 4376 Veronensi
954 4318 1233 4389 episcopo,
1270 4315 1343 4371 ibi
1374 4314 1549 4371 fuisse
1573 4327 1742 4385 appoo
1795 4345 1800 4351 ε

133 4420 319 4481 sitam,
349 4415 665 4486 imperante
692 4410 901 4481 Pipino,
916 4408 1092 4465 Caroli
1111 4394 1296 4480 Magni
1320 4406 1461 4462 Filio
1489 4420 1653 4471 anno,
1684 4413 1744 4459 ut

132 4509 463 4588 Muratorius
505 4516 696 4579 putat,
740 4505 869 4561 970.
893 4503 1175 4574 Philippus
1203 4516 1421 4574 quoque
1459 4498 1743 4560 Ferrarius

1856 2914 2038 2971 genere
2059 2897 2306 2969 Martyrii
2343 2896 2406 2952 S.
2453 2894 2596 2951 Zeno
2643 2896 2939 2951 occubuerit
2962 2888 3232 2968 ignoratur
3261 2939 3277 2968 ,
3308 2902 3461 2965 illuni

1847 3000 2022 3045 tamen
2058 2989 2365 3061 ‘Martyrem
2406 3004 2514 3043 esse
2554 2988 2785 3042 dubitari
2832 3005 2933 3043 non
2983 2991 3164 3057 debet;
3195 3008 3310 3047 cum
3348 3011 3464 3048 eum

1847 3082 1909 3137 S.
1960 3076 2241 3153 Gregorius
2292 3078 2449 3151 Papa
2499 3080 2628 3134 libro
2661 3081 3050 3151 tertio,‘capite
3087 3082 3286 3140 decimo
3326 3102 3463 3142 nono

1846 3174 2212 3249 Dialogorum,
2240 3173 2527 3244 Martyrem
2557 3184 2734 3241 vocet;
2762 3184 2810 3227 et
2858 3173 3096 3230 Ecclesia
3153 3176 3465 3237 Veronensis

1844 3268 1994 3324 illum
2015 3282 2216 3338 semper
2245 3267 2322 3320 uti
2355 3264 2409 3319 Μ
2417 3275 2646 3337 artyrem
2667 3267 2909 3322 coluerit.
2934 3266 3164 3336 Accedit,
3190 3272 3330 3342 quod
3356 3289 3468 3327 ma-

1833 3366 1929 3437 jus
1955 3371 2074 3427 est,
2106 3360 2392 3415 auctoritas
2443 3350 2818 3429 Martyrologii
2866 3358 3128 3429 Romani,
3172 3371 3230 3416 ut
3287 3365 3461 3432 plures

1836 3454 2119 3523 scriptores
2159 3452 2459 3507 omittamus
2501 3449 2565 3504 de
2604 3449 2673 3505 S.
2700 3447 2910 3506 Zenone
2939 3462 3170 3523 martyre
3198 3455 3348 3509 verba
3378 3461 3463 3526 fa-

1842 3548 2052 3615 cientes,
2077 3546 2342 3625 inquibus
2374 3543 2580 3598 Paulus
2596 3541 2886 3609 Diaconus,
2903 3544 3030 3598 libro
3055 3561 3181 3600 xvm
3209 3548 3271 3601 de
3294 3547 3460 3609 (ἔρυξε

1847 3638 2206 3695 Romanorum
2264 3639 2321 3693 in
2373 3635 2651 3692 Mauritio.
2680 3635 2995 3707 .Marlyrem
3027 3654 3244 3709 quoque
3292 3640 3463 3698 fuisse

1822 3716 1908 3789 VS.
1950 3733 2225 3787 Zenonem
2267 3745 2331 3785 ex
2363 3728 2693 3811 lectionibus
2716 3770 2732 3796 ,
2765 3743 2887 3798 quae
2928 3731 2981 3785 in
3006 3730 3254 3800 ejusdem
3282 3733 3462 3791 officio

1845 3824 2143 3896 antiquitus
2180 3822 2518 3893 legebantur,
2556 3819 2807 3877 Perottus
2851 3832 2906 3876 et
2948 3821 3173 3891 Bagatta
3198 3833 3467 3883 testantur

1844 3918 1900 3973 in
1932 3914 2261 3987 compendio
2286 3913 2427 3970 Vitae
2474 3912 2534 3971 S.
2565 3911 2837 3979 Zenonis,
2862 3912 3008 3985 quod
3037 3913 3093 3968 in
3125 3914 3457 3974 bibliotheca

1845 4012 1951 4067 PP.
1982 4011 2049 4066 ad
2080 4026 2249 4083 opera
2272 4007 2521 4078 ejusdem
2551 4005 2786 4062 habetur
2814 4006 3124 4078 appositum
3154 4025 3168 4062 :
3206 4008 3457 4081 idemque

1844 4104 2131 4163 confirmat
2159 4102 2365 4173 Joseph
2409 4100 2650 4157 Dondori
2700 4098 2923 4157 Ordinis
2960 4099 3404 4176 Cappucinorum
3433 4151 3447 4174 ,

1846 4197 2024 4271 (Picta
2037 4198 2091 4251 di
2111 4195 2335 4261 Pistoia,
2352 4192 2474 4260 με,
2499 4191 2621 4247 Vita
2638 4194 2692 4245 di
2708 4192 2771 4251 S.
2789 4191 2932 4247 Zeno
2936 4196 3059 4265 )qui
3072 4210 3167 4250 eas
3190 4195 3457 4255 lectiones

1843 4292 1982 4347 vidit
2012 4301 2118 4346 tam
2161 4289 2217 4344 in
2263 4288 2583 4349 lectionario
2613 4285 2881 4343 Ecclesia:
2910 4275 3258 4343 Pistoriensis
3285 4289 3456 4360 (quod

1846 4374 1954 4454 iam
1987 4381 2148 4454 periit
2175 4381 2197 4454 )
2224 4395 2388 4451 quam
2417 4377 2767 4435 Veronensis.
2802 4377 2975 4448 Hujus
2998 4377 3115 4436 Viri
3155 4379 3479 4452 diligentia),

1847 4478 2015 4532 multa
2044 4459 2246 4531 nostra:
2266 4473 2517 4528 Civitatis
2538 4471 2760 4541 antiqua
2790 4481 3142 4527 monumenta
3165 4474 3450 4542 debemus,

133 4562 694 4658 geniorum,
726 4598 782 4653 in
812 4612 911 4652 suo
940 4562 1199 4667 Catalogo
1222 4562 1547 4651 ISanctorum
1576 4590 1642 4646 ιιι

1947 4584 1970 4625 a
1998 4567 2187 4625 solerti
2218 4581 2347 4622 cura
2374 4565 2602 4647 quaesita
2628 4562 2828 4634 publici
2846 4562 2988 4633 juris
3018 4565 3162 4619 fecit.
3189 4563 3456 4623 Observat

130 4694 457 4751 duodecima
482 4691 687 4763 Aprilis
716 4705 784 4746 ex
812 4688 996 4745 officio
1023 4688 1251 4762 antiquo
1275 4685 1335 4742 S.
1362 4683 1596 4743 Zenonis
1618 4697 1742 4753 par—

135 4796 240 4841 tem
270 4783 473 4858 Hymni
504 4781 713 4849 refert,
742 4782 794 4837 in
825 4794 931 4852 quo
958 4780 1125 4837 etiam
1158 4777 1217 4835 S.
1250 4776 1398 4835 Zeno
1426 4776 1632 4856 Martyr
1659 4773 1744 4830 di-

132 4882 294 4938 citur.

386 4972 567 5036 Martyr
590 4969 787 5036 Ex_celsi
809 4968 920 5032 fuit,
950 4973 1003 5019 et
1024 4967 1257 5036 sacerdos

391 5031 583 5097 Gentes
607 5033 830 5097 ell’renas
846 5031 1114 5097 penetrans
1136 5031 1368 5097 marinas.

387 5096 507 5148 Inde
529 5095 777 5148 Veronam
799 5092 936 5145 Déus
970 5095 1099 5144 hunc
1120 5094 1178 5143 ad
1202 5092 1377 5143 urbem

398 5200 399 5205 η
574 5159 778 5209 Mittere
798 5164 955 5208 curat.

390 5222 496 5283 Qua
516 5222 628 5273 Deo
648 5220 852 5271 multum
871 5216 1104 5283 populum
1127 5216 1341 5283 lucratus

389 5281 594 5336 liBtruit
615 5284 798 5341 verbis,
824 5281 1049 5332 solidavit
1072 5281 1210 5329 actis.

388 5348 487 5398 Pro
506 5348 619 5397 Deo
640 5344 840 5394 tandem
864 5343 1099 5407 patiendo
1120 5347 1331 5392 mortem

576 5408 712 5458 Vivit
734 5408 786 5455 in
807 5418 985 5455 aevum.

204 5519 426 5589 Integer
451 5523 633 5573 exstat
663 5514 811 5568 inter
838 5516 1003 5581 Opera
1030 5509 1096 5565 D.
1127 5506 1365 5564 Zenonis
1395 5502 1621 5594 Veronae
1644 5503 1748 5559 im-

137 5628 328 5687 pressa
384 5609 537 5682 cujus
586 5606 800 5663 initium
826 5604 1085 5676 praesulis
1133 5599 1339 5658 Sancti.
1372 5598 1502 5655 Haec
1528 5608 1747 5670 quoque

137 5705 427 5771 Ferrarius
459 5702 526 5762 ad
565 5701 736 5759 vitam
776 5698 837 5755 S.
896 5696 1136 5755 Zenonis
1163 5695 1410 5754 adnotat.
1472 5691 1588 5749 Etsi
1642 5708 1745 5764 quo

585 5802 866 5883 Panos.
924 5795 1036 5862 XI.
1116 5833 1123 5897 ς

1848 4662 2013 4720 etiam
2056 4660 2289 4717 eximius
2333 4657 2425 4713 hic
2473 4659 2680 4713 Auctor
2709 4653 2809 4709 tria
2854 4653 3013 4709 Festa
3041 4654 3110 4710 de
3145 4654 3203 4711 S.
3234 4656 3457 4715 Zenone

1844 4757 2082 4815 Veronae
2099 4753 2384 4827 celebrari.
2428 4750 2743 4807 Solemnius
2764 4747 2983 4803 Festum
3006 4747 3377 4805 Ordinationis
3400 4767 3458 4808 γι

1845 4850 1923 4908 Id.
1958 4846 2275 4906 Decembris
2295 4885 2313 4914 ,
2359 4859 2467 4915 quo
2498 4842 2705 4897 nullam
2735 4841 2804 4896 de
2830 4828 3087 4911 Martyrio
3120 4841 3178 4897 S.
3220 4840 3457 4899 Zenonis

1848 4922 2080 4999 Verona:
2107 4939 2439 4994 mentionem
2465 4930 2750 4989 fieridicit.
2776 4930 3017 5011 Martyrii
3042 4930 3179 5000 prid.
3196 4930 3275 4986 ld.
3295 4934 3460 5010 Apri-7

1850 5034 1936 5090 lis.
1970 5028 2368 5093 Translationis
2400 5028 2469 5083 l2
2494 5024 2616 5081 Kal.
2647 5023 2813 5080 Junii.
2859 5021 3014 5090 Quod
3042 5020 3264 5078 Festum
3296 5025 3459 5082 unice

1850 5125 2158 5181 celebratur
2190 5140 2203 5177 :
2234 5120 2459 5177 Festum
2528 5133 2660 5176 vero
2708 5114 3078 5187 Ordinationis
3115 5123 3171 5170 et
3212 5108 3459 5189 martyrii

1849 5219 2067 5275 Pistorii
2118 5232 2335 5289 quoque
2388 5214 2605 5272 colitur.
2660 5209 2889 5266 Constat
2932 5208 3115 5280 itaque
3161 5211 3460 5282 antiquitus

1849 5314 2079 5371 Veronae
2107 5311 2167 5369 S.
2197 5311 2475 5367 Zenonem
2506 5306 2748 5361 habitum
2778 5296 2950 5359 fuisse
2980 5313 3295 5376 martyrem.
3328 5304 3461 5362 Per-
3502 5337 3509 5344 -

1848 5417 2119 5479 petuaque
2146 5417 2307 5476 atque
2332 5400 2584 5458 continua
2630 5397 2926 5453 traditione
2968 5396 3074 5451 hoc
3102 5387 3264 5453 titulo
3292 5399 3456 5455 deco-

1850 5510 2027 5555 ratum
2055 5504 2288 5554 testatur
2313 5490 2647 5559 etiamcard.
2678 5488 2921 5544 Valerius
2960 5488 3249 5557 episcomts
3289 5490 3460 5546 Vero-

1844 5593 2040 5649 nensis
2101 5593 2153 5645 in
2200 5588 2439 5658 Epistola
2506 5580 2895 5650 nuncunatoria
2936 5574 3175 5646 Operum
3230 5579 3288 5635 S.
3352 5579 3457 5637 Ze-

1852 5689 2013 5746 nonis
2040 5686 2107 5741 ad
2139 5683 2351 5741 Sixtum
2377 5676 2446 5733 V.
2486 5676 2547 5732 P.
2581 5674 2653 5730 Μ.
2687 5673 2760 5730 Ea
2794 5686 2924 5728 vero
2944 5687 3073 5743 quae
3101 5682 3289 5729 contra
3321 5671 3463 5733 hanc

2774 5766 2857 5830 20
2957 5808 2963 5820 .
